3822 6226
522 368 625 421 ΗΞ

945 361 1139 417 BEDAS
1182 356 1625 414 VENERABILIS
1662 356 1810 412 OPP.
1856 356 2029 411 PARS
2070 355 2129 409 ll.
2171 351 2364 410 SECT.
2404 351 2446 406 l.
2487 376 2554 390 α-
2595 343 2975 403 EXEGETlCA
3020 341 3334 400 GENUIN.\.
3644 345 3723 401 Gil

521 477 881 533 celsitudinem
936 470 1273 527 humanitatis
1302 471 1438 537 ejus,
1473 469 1667 536 pariter
1695 479 1749 522 et
1789 466 2080 521 divinitatis
2110 467 2159 526 Λ
2183 463 2331 526 ritus,
2363 458 2592 513 dividens
2631 457 2840 527 singulis
2886 460 3038 525 prout
3078 453 3185 506 vult
3226 450 3278 522 (ι
3321 449 3442 505 Cor.
3473 458 3588 519 xu).
3616 454 3725 519 Quia

521 571 890 630 aeternitatem,
923 562 1195 618 manifesta
1225 575 1352 615 voce
1387 560 1719 627 pronuntiat.

591 659 783 714 Clamat
803 662 932 712 enim
954 656 1158 709 dicens:
1199 652 1248 705 Η
1253 655 1298 705 ic
1325 660 1427 705 erat
1446 690 1459 715 ,
1495 666 1640 713 quem
1663 649 1770 702 dixi
1797 646 1955 706 vobis,
1996 658 2083 712 qus

524 763 631 824 post
652 768 727 803 me
746 758 979 804 uenturus
1002 754 1094 811 est,
1134 754 1251 797 ante
1281 760 1358 795 me
1380 744 1541 809 {actus
1562 752 1669 803 est,
1693 739 1813 805 quia
1837 736 1976 805 prior
2005 748 2084 784 nte

523 850 646 895 erat.
680 841 734 893 ln
758 855 822 893 eo
854 851 1095 904 namque,
1120 834 1369 903 quoda't:
1402 832 1499 893 Qui
1514 839 1622 897 post
1641 844 1715 879 me
1730 824 1965 879 uenturus
1984 831 2078 888 est,

524 937 758 991 ordinem
782 935 1020 988 humanm
1041 927 1467 997 dispensationis,
1496 925 1611 991 quia
1629 931 1745 990 post
1762 936 1881 974 eum
1903 927 2079 982 natus,

524 1036 642 1097 post
665 1043 783 1081 eum
809 1026 966 1080 etiam
994 1022 1389 1090 praadicaturus,
1417 1015 1808 1083 baptizaturus,
1831 1013 1977 1082 signa
2009 1009 2085 1062 fa-

525 1130 721 1182 cturus,
748 1124 799 1170 et
830 1121 1050 1167 mortem
1073 1117 1191 1165 erat
1217 1121 1483 1177 passurus,
1506 1106 1755 1158 insinuat.
1787 1101 1842 1155 in
1869 1116 1933 1155 eo
1958 1112 2084 1153 vero

526 1207 661 1276 quod
702 1205 1003 1274 subiungit:
1036 1203 1164 1255 Ante
1213 1216 1291 1251 me
1344 1197 1507 1261 {actus
1562 1206 1654 1258 est,
1707 1191 2082 1246 sublimitatem

526 1296 760 1368 ejusdem
793 1292 1150 1353 humanitatis,
1180 1303 1294 1357 quae
1324 1287 1529 1340 exteris
1558 1282 1803 1337 omnibus
1828 1277 2086 1334 creaturis

527 1367 640 1441 erat
689 1387 876 1440 merito
921 1378 1274 1451 pratlerenda,
1304 1376 1563 1444 designat.
1596 1370 1747 1437 Quod
1791 1368 1932 1424 enim
1966 1367 2082 1419 ait:

526 1481 655 1532 Ante
684 1493 783 1541 me,
815 1490 917 1529 non
948 1473 1009 1525 ad
1040 1470 1272 1525 ordinem
1305 1466 1577 1534 temporis,
1625 1462 1716 1516 sed
1766 1461 1829 1513 ad
1884 1459 2085 1513 distan-

528 1571 649 1625 tiam
680 1567 901 1633 pertinet
930 1561 1215 1634 dignitatis,
1251 1561 1391 1628 juxta
1432 1556 1576 1626 quod
1600 1555 1665 1609 de
1695 1552 1891 1621 .loseph
1940 1550 2080 1615 liliis,

529 1661 872 1715 benedicente
933 1655 1131 1718 Jacob,
1193 1652 1445 1719 scriptum
1514 1657 1593 1702 est
1641 1663 1655 1699 :
1725 1644 2087 1710 Constituitque

528 1748 777 1815 Ephraim
805 1755 921 1799 ante
949 1743 1181 1797 Mariane
1210 1739 1357 1810 (Gen.
1390 1737 1602 1805 vatn),
1632 1734 1717 1789 ubi
1748 1744 1891 1787 recte
1922 1732 2087 1799 potuit

530 1840 704 1891 dicere
722 1836 986 1890 Manasses
1013 1851 1023 1884 :
1052 1832 1149 1897 Qui
1171 1840 1280 1895 post
1306 1845 1378 1879 me
1401 1828 1528 1881 venit
1546 1870 1559 1894 ,
1583 1832 1699 1879 ante
1719 1840 1795 1875 me
1815 1824 1975 1891 factus
1994 1829 2084 1886 est,

532 1927 583 1979 id
619 1934 719 1989 est,
750 1926 836 1991 qui
871 1931 987 1992 post
1019 1936 1102 1974 me
1133 1930 1283 1972 natus
1311 1928 1415 1980 est,
1463 1912 1692 1984 potentia
1724 1926 1809 1966 me
1838 1919 2088 1979 regnante

528 2018 718 2081 cessit;
750 2014 928 2090 [Forte
954 2011 1101 2081 regni
1130 2006 1434 2077 antecessitl
1458 2002 1900 2075 quemadmodum
1923 2000 2086 2055 Joan-

532 2126 624 2165 nes
640 2111 703 2164 de
720 2107 941 2163 Domino
965 2124 978 2159 :
1005 2104 1103 2169 Qui
1123 2112 1233 2175 post
1260 2117 1359 2169 me,
1387 2099 1574 2167 inquit,
1596 2105 1832 2149 venturus
1854 2104 1949 2159 est,
1972 2101 2089 2146 ante

530 2217 607 2254 me
628 2202 786 2269 factus
808 2208 897 2264 est,
925 2197 974 2251 id
993 2206 1094 2260 εει,
1115 2195 1202 2264 qui
1231 2201 1346 2263 post
1370 2206 1452 2246 me
1473 2190 1535 2243 ad
1560 2186 1946 2256 przcdieandum
1965 2200 2091 2239 ven-

532 2300 679 2344 turus
721 2300 819 2354 eat,
870 2287 1100 2356 culmine
1129 2301 1214 2340 me
1244 2284 1389 2353 regni
1419 2290 1473 2337 et
1511 2278 1794 2335 sacerdotii
1842 2276 2092 2346 perennis

531 2381 815 2439 antecellit.
837 2380 1009 2447 Quare
1030 2384 1203 2431 autem
1229 2375 1272 2429 is
1294 2376 1379 2445 qui
1406 2382 1522 2441 post
1542 2386 1661 2426 eum
1678 2380 1929 2425 venturus
1952 2374 2087 2431 erat,

532 2491 651 2529 eum
682 2474 929 2542 dignitate
959 2469 1313 2533 antecelleret,
1346 2466 1572 2536 aperuit,
1620 2480 1743 2518 eum
1774 2462 2045 2531 subjunxit
2074 2478 2085 2512 ί

535 2564 665 2630 Quia
714 2566 850 2634 prior
888 2579 965 2616 me
1003 2571 1127 2628 erat,
1178 2560 1229 2614 id
1271 2569 1378 2623 est,
1411 2568 1703 2612 coazternus
1728 2564 1853 2610 ante
1898 2552 2090 2607 sarcula

536 2657 673 2710 Deus
704 2664 835 2718 erat,
862 2663 1134 2722 propterea
1158 2666 1241 2705 tne
1260 2690 1276 2716 ,
1304 2651 1425 2703 licet
1449 2648 1706 2718 posterior
1731 2652 1901 2708 natus,
1928 2642 2089 2712 gloria

535 2748 821 2817 tuajestrtis
849 2745 1005 2799 etiam
1062 2742 1115 2796 in
1162 2749 1430 2808 assumpta
1486 2733 1813 2790 humanitate
1866 2733 2089 2801 praeibit.

534 2836 784 2903 Exposito
812 2843 984 2889 autem
1014 2830 1347 2900 evangelium
1395 2825 1734 2896 pra‘cursoris
1778 2822 1986 2878 Domini
2018 2833 2091 2877 te.

533 2925 801 2989 stimouio,
846 2923 984 2993 quod
1013 2922 1079 2977 de
1108 2922 1199 2974 illo
1238 2918 1581 2987 perhibuerit,
1616 2916 1755 2971 redit
1780 2916 1956 2969 statim
1983 2928 2093 2969 suae

534 3030 739 3083 quoque
764 3012 1038 3067 assertioni
1072 3052 1087 3074 ,
1118 3009 1256 3080 quod
1302 3017 1559 3078 cceperat,
1612 3006 1687 3062 illi
1734 3005 2093 3061 testimonium

535 3106 693 3169 dare;
729 3118 847 3159 nam
876 3100 1149 3170 sequitur:

604 3194 670 3249 Et
700 3196 762 3248 de
788 3192 1093 3261 plenitudine
1121 3194 1231 3263 ejus
1260 3206 1349 3243 nos
1375 3206 1543 3244 omnes
1570 3189 1851 3259 accepimus
1872 3187 2089 3258 gratiam

533 3304 625 3358 pro
654 3288 835 3357 gratia.
858 3284 1108 3355 Superius
1131 3298 1353 3352 namque
1378 3281 1505 3337 dixit
1532 3301 1543 3335 :
1568 3281 1703 3349 Quia
1732 3279 1952 3337 Verbum
1971 3297 2090 3335 caro

535 3381 723 3447 hilum
752 3388 846 3443 est,
874 3388 922 3431 et
965 3377 1204 3430 habitauit
1232 3377 1282 3429 in
1332 3376 1492 3441 nobis,
1542 3384 1586 3430 et
1616 3377 1829 3429 vidimus
1867 3375 2090 3444 gloriam

536 3476 666 3544 ejus,
691 3474 903 3542 gloriam
928 3473 1075 3543 quasi
1102 3470 1357 3540 Unigeniti
1383 3488 1413 3523 a
1438 3468 1610 3536 Patre,
1633 3470 1837 3541 plenum
1852 3457 2024 3539 gratia
2047 3477 2093 3521 et

535 3566 755 3631 veritate.
781 3563 931 3630 Quod
955 3577 1073 3615 cum
1098 3574 1392 3631 praecursor
1417 3575 1623 3630 quoque
1649 3560 1763 3628 ejus
1792 3557 2091 3615 testimonio

534 3655 916 3717 confirmasset,
941 3652 1121 3707 dicens
1151 3670 1165 3706 :
1196 3651 1297 3705 Hic
1324 3661 1448 3717 erat,
1489 3668 1634 3721 quem
1672 3652 1780 3705 dixi
1807 3652 1964 3717 vobis,
2006 3652 2092 3720 qui

537 3756 645 3815 post
688 3760 763 3797 me
799 3756 1030 3798 venturus
1058 3750 1149 3807 est,
1182 3750 1298 3794 ante
1323 3758 1404 3795 me
1447 3742 1611 3809 factus
1654 3750 1759 3805 est,
1807 3743 1925 3810 quia
1956 3743 2095 3811 prior

536 3853 613 3889 me
637 3844 763 3899 erat,
791 3849 971 3887 rursus
1014 3834 1141 3901 ipse,
1176 3834 1313 3899 quod
1359 3840 1592 3900 coeperat
1638 3834 1966 3901 exsequitur,
2016 3833 2095 3887 di-

532 3940 700 3979 cens:
735 3922 800 3976 Et
844 3924 905 3975 de
942 3921 1249 3992 plenitudine
1283 3926 1392 3992 ejus
1436 3937 1524 3973 nos
1570 3938 1742 3975 omnes
1784 3924 2087 3992 accepimus,

532 4019 748 4088 gratiam
802 4032 895 4085 pro
949 4015 1131 4085 gratia.
1192 4013 1381 4068 Plenus
1435 4015 1626 4081 quippe
1676 4022 1792 4067 erat
1837 3998 2091 4071 Dominus

531 4110 728 4176 Spiritu
756 4114 957 4171 sancto,
990 4108 1171 4174 plenus
1202 4106 1368 4174 gratia
1416 4116 1466 4158 et
1508 4106 1749 4175 veritate,
1778 4108 1922 4173 quia,
1959 4108 2095 4162 sicut

534 4196 818 4266 Apostolus
860 4195 952 4263 ait,
986 4193 1051 4248 In
1072 4196 1179 4263 ipso
1202 4194 1393 4247 habitat
1442 4199 1601 4250 omnis
1626 4197 1885 4267 plenitudo
1911 4198 2095 4251 divini-

536 4286 651 4339 tuis
700 4286 1027 4352 corporaliter
1074 4284 1289 4354 (Coloss.
1341 4283 1422 4353 ιι).
1474 4286 1547 4340 De
1592 4288 1742 4355 cujus
1772 4289 2094 4357 plenitudine

538 4394 628 4428 nns
649 4390 831 4430 omnes
848 4376 994 4443 juxta
1015 4377 1224 4429 modum
1246 4387 1435 4429 nostra:
1457 4378 1756 4444 capacitatis
1773 4381 2086 4449 accepimus,

2182 564 2307 618 ergo
2345 547 2409 601 de
2438 547 2758 614 plenitudine
2784 544 3089 598 Cenditoris
3144 539 3309 595 nostri
3340 554 3445 592 non
3476 540 3721 608 quiddam.

2180 638 2272 692 sed
2303 635 2553 706 quidquid
2594 635 2716 690 boni
2748 634 3025 698 habemus,
3079 629 3403 699 accepimus,
3450 631 3723 686 curandum

2182 743 2516 796 summopere
2543 736 2625 781 est
2655 742 2722 782 ne
2751 726 3012 797 quispiam
3044 725 3110 778 de
3150 739 3243 779 sua
3272 737 3331 776 se
3358 722 3496 776 bona
3544 722 3727 776 actione

2182 821 2260 873 vel
2288 818 2604 887 cogitatione
2646 818 2884 871 incautus
2913 816 3154 878 extollat,
3189 827 3255 868 ne
3299 812 3341 865 si
3380 812 3618 879 ingratus
3646 812 3728 865 lar-

2181 912 2335 981 gitori
2384 911 2725 975 remanserit,
2762 910 2945 977 perdat
2975 911 3171 963 bonum
3202 904 3349 975 quod,
3369 904 3591 973 accepit.
3620 903 3727 959 Cum

2182 1017 2356 1060 autem
2394 1005 2614 1059 dixisset
2644 1002 2963 1070 evangelista
2996 1014 3090 1053 nos
3118 1013 3303 1053 omnes
3332 996 3399 1051 de
3431 995 3730 1065 plenitudine

2182 1096 2379 1149 Christi
2426 1093 2708 1161 accepisse,
2740 1091 3018 1145 confestim
3071 1089 3363 1158 subjunxit,
3396 1100 3449 1141 et
3474 1088 3588 1140 ait:
3622 1085 3731 1140 Gre.

2186 1186 2307 1237 tiam
2329 1200 2420 1251 pro
2445 1184 2631 1252 gratia.
2657 1181 2930 1235 Geminam
2954 1194 3080 1247 ergo
3111 1194 3207 1231 nos
3236 1177 3458 1247 gratiam
3490 1178 3730 1245 accepisse

2188 1284 2433 1338 testatur,
2489 1287 2642 1326 unam
2690 1271 2934 1327 videlicet
2981 1269 3034 1323 in
3066 1271 3337 1337 prtesenti,
3381 1270 3601 1323 alteram
3629 1284 3731 1323 vero

2188 1366 2240 1420 in
2279 1364 2472 1419 futuro.
2504 1364 2558 1417 In
2591 1361 2832 1431 praesenti
2873 1360 3086 1430 quidem
3135 1359 3312 1424 ﬁdem,
3344 1374 3462 1429 qua
3494 1375 3588 1429 per
3623 1361 3732 1414 dile-

2186 1458 2417 1511 ctionem
2447 1462 2691 1524 operatur
2721 1453 2862 1524 (Gal.
2909 1452 2992 1522 v);
3045 1451 3098 1513 in
3154 1450 3329 1504 futuro
3375 1460 3553 1505 autem
3598 1453 3729 1505 vitam

2189 1559 2458 1605 mternam.
2494 1548 2648 1602 Fides
2676 1546 2897 1617 quippe,
2945 1560 3060 1615 quas
3112 1559 3204 1614 per
3242 1541 3582 1599 dilectionem
3631 1562 3732 1614 epe-

2189 1652 2355 1704 ratur,
2382 1639 2540 1706 gratia
2576 1638 2666 1691 Dei
2692 1644 2795 1702 est,
2813 1636 2931 1703 quia
2961 1645 3019 1689 ut
3050 1635 3351 1699 credamus,
3376 1643 3432 1687 ut
3460 1634 3727 1702 diligamus,

2194 1742 2245 1785 ut
2280 1744 2560 1798 operemur
2589 1729 2740 1793 bona,
2774 1742 2891 1797 quae
2922 1725 3186 1794 novimus,
3242 1740 3347 1779 non
3403 1724 3531 1779 ullis
3563 1740 3731 1793 praue-

2124 1801 2168 1860 B
2196 1823 2439 1877 dentibus
2465 1820 2664 1875 meritis
2699 1820 2911 1884 nostris,
2944 1815 3036 1871 scd
3077 1816 3189 1883 ipso
3218 1815 3478 1885 largiente
3523 1816 3733 1884 percepi-

2188 1928 2303 1968 mus
2331 1914 2419 1982 qui
2447 1911 2573 1965 dicit
2602 1929 2612 1963 :
2643 1908 2762 1963 Non
2791 1924 2875 1962 vos
2900 1923 2979 1959 me
3010 1905 3248 1977 elegistis,
3271 1906 3359 1959 sed
3386 1920 3482 1975 ego
3511 1905 3730 1975 elegiam,

2189 2015 2233 2059 et
2277 2006 2419 2073 posui
2458 2020 2561 2069 vos,
2586 2011 2639 2055 ut
2669 2003 2815 2063 eatis,
2837 2010 2883 2053 et
2914 2001 3133 2069 fructum
3162 1997 3410 2065 offeratis,
3454 2007 3498 2050 ct
3531 2007 3583 2049 ut
3604 1998 3731 2050 iitum

2189 2106 2389 2167 propter
2439 2096 2610 2165 ﬁdem,
2662 2094 2973 2147 dilectionem
3014 2101 3059 2146 et
3101 2106 3255 2161 opera
3299 2089 3427 2142 bona
3474 2088 3732 2156 percipiatis

2192 2186 2493 2258 (Joan.xv).
2520 2185 2740 2241 Alterna
2772 2185 2939 2255 gratia
2965 2192 3071 2246 est,
3103 2182 3225 2250 quia
3258 2197 3321 2235 ne
3351 2197 3379 2233 a
3416 2181 3556 2233 bono
3584 2179 3731 2232 desie-

2191 2293 2307 2335 mus
2332 2278 2537 2338 itinere,
2561 2277 2676 2343 ipso
2701 2275 2834 2327 duce
2864 2288 3073 2341 semper
3092 2286 3225 2338 opus
3258 2271 3536 2333 habemus,
3567 2269 3643 2323 cui
3669 2270 3731 2321 di-

2190 2369 2323 2421 citur
2353 2384 2363 2417 :
2401 2365 2569 2419 Deduc
2593 2381 2688 2428 me,
2724 2363 2967 2431 Domine,
2999 2364 3051 2415 in
3078 2362 3161 2415 uia
3206 2371 3309 2426 tua,
3340 2370 3386 2413 et
3415 2359 3670 2413 ambulabo
3692 2365 3728 2410 in

2189 2458 2392 2509 veritate
2416 2453 2686 2523 tua(Psal.
2715 2457 2934 2521 Lxxxv).
2962 2452 3258 2506 Notandum
3281 2460 3360 2505 est
3381 2452 3521 2518 quod
3546 2450 3726 2519 quidam

2193 2546 2308 2600 libri
2334 2547 2527 2599 habent
2552 2560 2566 2598 :
2596 2543 2701 2597 Nos
2724 2560 2891 2598 omnes
2912 2543 3195 2611 accepimus
3210 2543 3272 2594 de
3292 2543 3599 2610 plenitudine
3620 2544 3729 2606 eius.

2192 2650 2236 2692 et
2269 2639 2485 2705 gratiam
2531 2652 2623 2705 pro
2669 2636 2853 2707 gratia.
2903 2633 3113 2704 Aliquid
3144 2632 3315 2703 primo
3344 2632 3408 2687 de
3440 2633 3731 2701 plenitudine

2192 2731 2304 2800 ejus
2335 2729 2655 2798 accepimus,
2685 2736 2740 2807 et
2767 2735 2950 2797 postea
2975 2728 3200 2797 gratiam
3234 2742 3329 2797 pro
3360 2728 3550 2797 gratia,
3578 2728 3623 2781 id
3648 2736 3728 2786 est,

2191 2827 2258 2882 de
2286 2823 2606 2894 plenitudine
2634 2821 2751 2892 ejus
2779 2822 3080 2892 accepimus
3108 2820 3479 2875 remissionem
3515 2828 3729 2887 peccato-

2193 2934 2331 2985 rum,
2363 2926 2415 2972 et
2442 2916 2687 2986 gratiam,
2734 2912 2785 2968 id
2830 2922 2935 2978 est,
2961 2912 3121 2967 vitam
3149 2919 3403 2965 aeternam
3460 2926 3556 2978 pro
3590 2910 3728 2978 grati]

2197 3010 2347 3075 ﬁdei,
2375 3024 2490 3080 qute
2532 3024 2623 3079 per
2652 3006 2986 3062 dilectionem
3016 3014 3289 3074 operatur.
3331 3004 3457 3071 Quae
3488 3006 3655 3059 omnia
3681 3020 3729 3057 ex

2198 3117 2303 3157 uno
2334 3101 2478 3157 fonte
2506 3097 2847 3168 plenitudinis
2874 3095 3070 3150 Christi
3100 3094 3253 3149 nobis
3278 3097 3556 3165 provenire
3583 3094 3729 3149 certis-

2196 3193 2384 3249 simum
2425 3200 2525 3247 est.
2554 3188 2687 3256 Quid
2720 3203 2845 3257 ergo
2871 3186 3176 3255 accepimus
3206 3186 3272 3240 de
3317 3186 3629 3253 plenitudine
3656 3186 3729 3238 bo-

2194 3283 2373 3339 nitatis
2401 3281 2576 3336 illius?
2607 3280 2694 3344 Ut,
2727 3278 2964 3336 scilicet.
2998 3276 3364 3332 remissionem
3406 3284 3729 3343 peccatorum,

2193 3386 2249 3431 ut
2272 3376 2621 3445 justillcemur
2651 3372 2702 3428 in
2734 3374 2854 3428 lide.
2884 3371 3101 3439 Insuper
3136 3367 3297 3439 quid?
3328 3367 3392 3420 Et
3422 3370 3629 3437 gratiam
3653 3383 3727 3436 pro

2193 3470 2374 3540 gratia,
2426 3466 2477 3521 id
2507 3475 2604 3533 est,
2649 3480 2742 3535 pro
2781 3464 2982 3534 gratia,
3018 3463 3068 3516 in
3126 3477 3226 3531 qua
3258 3475 3320 3514 ex
3377 3460 3477 3513 ﬁde
3512 3458 3728 3522 vivimus,

2193 3561 2452 3629 recepturi
2483 3572 2665 3612 sumus
2711 3557 2900 3618 aliam.
2945 3554 3068 3628 quid
3117 3552 3328 3606 tamen?
3386 3551 3482 3604 nisi
3515 3552 3725 3619 gratiam,

2193 3653 2294 3707 hoc
2322 3660 2419 3716 est,
2451 3652 2610 3703 vitam
2641 3657 2913 3702 aeternam.
2945 3643 3192 3715 Sequitur
3218 3662 3230 3697 :

2267 3742 2400 3810 Quia
2449 3741 2529 3794 lex
2556 3756 2645 3808 per
2677 3740 2889 3808 Moysen
2923 3736 3043 3789 data
3072 3745 3163 3797 est,
3196 3735 3360 3803 gratia
3388 3743 3432 3787 et
3460 3736 3630 3787 ueritas
3660 3747 3727 3798 per

2192 3834 2370 3889 Jesum
2413 3831 2668 3887 Christum
2710 3810 2847 3900 {acta
2892 3838 2983 3882 est.
3020 3826 3124 3881 Lex
3168 3826 3377 3894 quidem
3432 3840 3521 3892 per
3550 3824 3726 3893 Moysen

2196 3927 2319 3980 data
2350 3932 2451 3991 est,
2510 3925 2559 3978 in
2591 3938 2693 3991 qua
2724 3923 2849 3989 quid
2882 3921 3165 3989 agendum,
3199 3919 3323 3986 quid
3368 3918 3628 3971 vitandum
3661 3916 3729 3977 sit,

2194 4015 2398 4072 caelesti
2428 4016 2548 4084 jure
2590 4013 2922 4077 decernitur;
2956 4010 3050 4067 sed
3081 4012 3218 4080 quod
3242 4009 3329 4063 illa
3365 4010 3627 4076 prmcepit,
3650 4021 3727 4061 nou

2194 4106 2297 4159 nisi
2341 4104 2508 4175 gratia
2556 4102 2753 4156 Christi
2796 4102 3113 4171 completur.
3163 4100 3255 4153 llla
3308 4100 3569 4169 siquidem
3612 4114 3727 4151 nion-

2203 4208 2374 4251 strare
2402 4203 2698 4265 peccatum,
2725 4192 2984 4261 juStitiam
3015 4192 3229 4256 docere,
3264 4201 3318 4245 et
3349 4202 3727 4261 transgressores

2195 4288 2273 4343 sui
2327 4300 2445 4341 reus
2487 4285 2785 4348 ostendere,
2842 4283 3053 4339 valebat
3097 4300 3110 4335 :
3162 4298 3318 4350 porro
3362 4282 3530 4352 gratia
3566 4278 3726 4334 Chrisu

2196 4377 2387 4433 diffusa
2422 4392 2515 4446 per
2545 4376 2791 4446 spiritum
2842 4374 3116 4429 cltaritatis
3150 4374 3201 4426 in
3233 4373 3486 4426 cordibus
3532 4371 3725 4425 ﬁdelium

534 4470 652 4537 quia
682 4468 946 4533 unicuique
969 4474 1191 4520 nostrum
1218 4466 1335 4519 data
1361 4478 1429 4518 est
1454 4469 1614 4535 gratia
1640 4470 2088 4523 stcundummcn-
2122 4497 2172 4558 Ι)
2201 4472 2324 4527 facit
2373 4480 2426 4524 ut
2479 4471 2618 4538 quod
2646 4469 2735 4524 lex
2786 4469 3044 4538 praecepit
3084 4468 3383 4535 impleatur.
3443 4468 3587 4522 Unde
3626 4462 3725 4519 illud

532 4577 699 4613 suram
725 4558 1009 4611 donationis
1033 4556 1215 4610 Christi
1243 4558 1453 4626 (Epltes.
1487 4556 1583 4627 tv).
1618 4560 1691 4614 De
1723 4562 1836 4614 solo
1866 4578 2091 4631 namque

536 4652 819 4705 Mediatore
868 4648 957 4702 Dei
1009 4657 1063 4701 et
1101 4650 1388 4714 hominum,
1443 4650 1655 4706 homine
1701 4651 1830 4706 Jesu
1884 4652 2094 4707 Christo

534 4744 787 4797 veraciter
823 4740 923 4795 dici
957 4740 1122 4806 putuit
1152 4756 1162 4791 :
1208 4738 1271 4791 Et
1303 4741 1570 4807 requiescet
1599 4757 1746 4811 super
1773 4758 1886 4795 eum
1920 4742 2095 4812 Spiri-

534 4846 614 4887 tus
645 4833 847 4884 Domini
867 4868 883 4897 ,
915 4831 1125 4896 spiritus
1161 4830 1421 4897 sapientia
1464 4841 1509 4883 et
1552 4833 1855 4897 intellectus,
1887 4835 2096 4902 spiritus

533 4923 729 4976 consilii
770 4932 816 4977 et
866 4920 1197 4989 fortitudinis,
1248 4923 1452 4988 spiritus
1483 4924 1702 4976 scientia
1726 4934 1769 4975 et
1799 4924 2016 4992 pietatis,
2048 4934 2096 4978 et

534 5013 737 5084 replebit
767 5029 874 5066 eum
903 5012 1113 5080 spiritus
1135 5013 1329 5065 timoris
1360 5012 1563 5064 Domini
1592 5011 1727 5083 (lsa.
1758 5014 1855 5083 xl).
1901 5015 2096 5069 Omnes

535 5120 660 5157 vero
712 5105 879 5157 sancti
928 5119 1031 5156 non
1081 5103 1450 5170 plenitudinem
1514 5103 1741 5170 Spiritus
1797 5107 1952 5171 ejus,
2002 5104 2095 5160 sed

535 5195 595 5248 de
616 5193 929 5263 plenitudine
949 5196 1079 5263 ejus,
1100 5203 1341 5262 quantum
1366 5193 1452 5246 ille
1473 5194 1653 5258 donat,
1671 5196 1947 5265 accipiunt,
1974 5198 2097 5265 quia

534 5284 624 5336 alii
672 5300 761 5353 per
796 5283 1042 5351 Spiritum
1079 5284 1232 5335 datur
1279 5299 1443 5337 sermo
1492 5285 1771 5353 sapientia,
1811 5288 1899 5339 alii
1934 5301 2096 5341 sermo

534 5373 789 5440 scientia,
816 5375 1089 5427 secundum
1129 5376 1352 5426 eumdem
1410 5376 1674 5441 Spiritum,
1707 5362 1854 5431 alteri
1890 5379 2017 5445 fides
2045 5379 2096 5431 in

534 5467 706 5518 eodem
736 5464 961 5531 Spiritu,
1001 5466 1089 5519 alii
1118 5468 1282 5535 gratia
1327 5467 1601 5519 sanitatum
1636 5469 1687 5521 in
1725 5486 1824 5523 uno
1873 5472 2094 5540 Spiritu,

535 5558 621 5608 alii
648 5557 869 5626 Operatio
900 5560 1151 5621 virtutum,
1187 5558 1273 5610 alii
1299 5560 1580 5626 prophetia,
1614 5560 1703 5611 alii
1732 5561 1963 5616 discretio
1993 5565 2094 5629 spi-

536 5649 737 5711 rituum,
764 5650 851 5700 atii
879 5665 1061 5720 genera
1082 5648 1390 5720 linguarum,
1418 5652 1509 5703 alii
1530 5652 1876 5723 interpretatio
1901 5673 2093 5710 sermo-

536 5752 671 5791 num.
701 5738 824 5794 Hice
845 5751 1011 5795 autem
1044 5742 1211 5796 omnia
1238 5754 1470 5813 operatur
1499 5762 1621 5800 unus
1644 5758 1792 5817 atque
1818 5750 1945 5803 idem
1973 5748 2095 5819 Spi-

2196 4564 2332 4633 quod
2364 4560 2616 4630 seriptum
2648 4573 2749 4626 est,
2785 4552 2906 4614 Non
2931 4562 3251 4627 concupisces
3294 4558 3492 4628 (Exod.
3530 4558 3630 4625 xx),
3657 4572 3725 4625 per

2200 4658 2413 4725 Moysen
2442 4656 2549 4720 lex,
2581 4655 2703 4721 quia
2739 4653 2985 4721 juhctur;
3015 4654 3107 4707 sed
3143 4669 3234 4721 per
3264 4654 3537 4708 Christum
3562 4654 3611 4705 ﬁt
3631 4665 3723 4719 gra-

2199 4748 2289 4811 tia,
2333 4745 2543 4814 quando
2593 4744 2731 4813 quod
2760 4742 2972 4811 jubetur
3025 4744 3290 4811 impletur.
3351 4743 3550 4797 Veritas
3586 4750 3722 4794 autem

2196 4838 2331 4903 facta
2373 4845 2444 4889 est
2491 4850 2579 4905 per
2615 4833 2889 4900 Christum,
2937 4835 3057 4904 quia
3102 4838 3342 4889 umbram
3394 4835 3610 4890 habebat
3655 4834 3719 4886 lex

2200 4926 2491 4979 futurorum
2525 4927 2782 4980 honorum
2819 4924 2981 4997 (Heb.
3031 4928 3112 4994 x),
3146 4943 3249 4981 non
3281 4926 3450 4995 ipsam
3481 4927 3724 4996 imaginem

2198 5034 2404 5085 rerum;
2458 5028 2521 5087 et
2559 5020 2699 5073 sicut
2737 5020 2859 5074 alibi
2904 5019 3033 5074 dicit
3090 5021 3375 5090 Apostolus
3420 5039 3433 5073 :
3487 5023 3653 5074 Omnia
3685 5021 3723 5070 in

2197 5112 2361 5180 ﬁgura
2382 5111 2736 5181 contingebant
2764 5111 2868 5164 illis
2912 5109 2960 5180 (l
3012 5109 3129 5164 Cor.
3168 5111 3245 5179 x).
3289 5112 3393 5166 Sed
3433 5125 3529 5181 pro
3572 5111 3721 5165 umbra

2199 5203 2363 5257 luct‘m
2414 5204 2678 5271 veritatis,
2738 5218 2832 5271 pro
2883 5202 3045 5272 ﬁgura
3091 5203 3220 5272 legis
3263 5206 3429 5272 ipsam
3479 5206 3722 5275 imag'nenl

2200 5306 2397 5355 rerum,
2433 5308 2552 5361 qua:
2580 5292 2956 5361 ﬁgurabantur,
2990 5293 3235 5350 exhibuit
3267 5296 3531 5360 Cbrisms,
3554 5293 3727 5363 quando

2198 5384 2319 5436 data
2354 5383 2585 5449 Spiritus
2638 5387 2805 5453 gratia
2853 5385 3060 5454 aperuit
3088 5387 3360 5458 discipulis
3388 5388 3501 5441 suis
3528 5400 3725 5443 sensum.

2200 5488 2254 5529 ut
2284 5478 2635 5546 intelligerent
2662 5481 2958 5550 Scripturas
2983 5481 3134 5552 (Luc.
3167 5483 3335 5549 xxiv).
3371 5479 3480 5535 Lex
3502 5496 3585 5551 per
3610 5476 3725 5541 Ηοεθ·

2198 5585 2282 5623 seu
2343 5572 2465 5625 data
2528 5582 2624 5637 est,
2687 5589 2805 5628 cum
2874 5576 3098 5645 populus
3142 5574 3449 5643 aspersione
3499 5570 3727 5641 sanguinis

2198 5662 2315 5731 agni
2348 5662 2587 5719 munda-ri
2641 5678 2938 5735 prteceptus
2966 5675 3067 5723 est.
3128 5666 3303 5720 Gratia
3328 5677 3377 5721 et
3418 5669 3725 5732 ueritas,qu1

2202 5756 2252 5807 in
2296 5756 2413 5812 luce
2458 5756 2798 5826 ﬁgurabatur,
2850 5775 2937 5825 per
2976 5757 3149 5815 Iesum
3180 5757 3437 5814 Christum
3486 5765 3612 5831 facta
3656 5764 3721 5815 at.
