3822 6226
152 379 246 440 ωδ

1094 369 1156 425 ιΝ
1199 371 1255 426 S.
1299 363 1577 427 JOANNiS
1624 357 2072 418 EVANGELIUM
2116 359 2501 418 EXPOSlTlO.

3289 355 3395 418 646

153 513 261 553 cum
315 496 428 564 ipse
484 507 676 562 passus
729 493 780 545 in
836 500 1014 551 cruce,
1071 485 1198 539 lavit
1251 499 1348 538 nos
1395 498 1424 536 a
1479 479 1784 550 peccatisA
1815 490 1930 528 mus
1985 475 2038 529 in
2105 473 2362 541 vestibus,
2438 471 2585 564 haud
2631 472 2893 540 putandus
2949 478 3034 527 est
3070 469 3246 564 (Deus.
3299 473 3394 543 qui

153 591 337 649 nostris
384 591 437 644 in
470 589 730 658 sanguine
759 599 874 640 suo.
923 583 1032 637 Lex
1060 598 1150 654 per
1193 579 1407 650 Moysen
1454 579 1577 630 data
1619 581 1714 638 est,

153 682 260 751 quia
293 680 548 750 populum
594 676 875 748 praeceptis
901 674 1222 729 salutaribus
1251 671 1500 738 instituit,
1529 669 1574 724 si
1607 666 1720 720 haec

156 785 404 842 servaret,
460 785 659 828 terram
711 767 1139 838 repromissionis
1183 767 1526 827 intraturum;
1572 770 1626 814 et
1665 759 1715 812 in

155 886 206 923 ea
255 879 504 938 perpetuo
531 868 825 929 victurum;
881 863 962 917 sin
996 861 1145 926 alias,
1181 867 1492 929 prosternen
1513 854 1620 906 lum
1651 849 1718 902 ab

157 965 292 1018 hoste
314 961 576 1027 pratdixit.
605 957 789 1011 Gratia
817 966 864 1009 et
891 955 1073 1009 veritas
1109 969 1196 1022 per
1229 953 1409 1004 Jesum
1457 943 1716 999 Christum

161 1061 284 1125 facta
313 1060 415 1115 est,
442 1051 566 1118 quia
592 1050 716 1104 dato
746 1047 976 1117 Spiritus
1001 1045 1082 1099 sui
1114 1045 1273 1105 dono,
1323 1037 1374 1094 et
1404 1039 1575 1105 legem
1604 1032 1715 1102 spi-

157 1145 362 1198 ritaliter
410 1140 634 1208 intelligi
685 1155 747 1194 ac
786 1137 989 1194 servari
1037 1150 1194 1206 posse
1223 1129 1486 1188 donavit:
1521 1137 1578 1183 et
1622 1140 1716 1181 eos

153 1234 227 1303 qui
269 1238 478 1286 servant
525 1231 577 1283 in
620 1243 800 1283 veram
859 1227 1092 1283 cmlestis
1140 1223 1262 1276 vita:
1314 1216 1713 1278 beatitudinem,

150 1337 288 1394 quam
323 1332 459 1376 terra
495 1320 865 1390 promissionis
921 1316 1187 1388 signabat,
1232 1311 1542 1368 introducit.
1585 1311 1716 1375 Quae

155 1419 215 1470 sit
237 1425 403 1469 autem
433 1428 642 1468 summa
671 1412 859 1484 gratia:
887 1422 940 1466 et
966 1408 1227 1473 veritatis,
1255 1421 1373 1477 quae
1417 1420 1510 1474 per
1535 1403 1714 1458 Iesum

148 1506 399 1562 Christum
457 1504 600 1560 facta
661 1513 762 1568 est,
824 1499 1149 1571 evangelista
1216 1499 1492 1556 subdendo
1543 1497 1714 1552 mani-

150 1601 312 1654 restat.

213 1692 360 1745 Deum
390 1705 538 1743 nemo
570 1689 695 1744 uidit
714 1702 971 1758 unquam:
993 1685 1281 1758 unigenitus
1311 1682 1505 1748 Filius,
1536 1681 1621 1752 qui
1640 1690 1714 1734 est

144 1801 192 1836 in
231 1785 336 1836 sinu
377 1781 581 1845 Patris,
633 1783 743 1849 ipse
788 1782 1064 1834 enarravit.
1107 1778 1258 1832 Nulla
1302 1777 1496 1832 etenim
1546 1777 1711 1844 grat'a

145 1876 297 1944 major
323 1875 627 1928 hominibus
667 1874 800 1937 dari,
835 1873 976 1928 nulla
1031 1872 1229 1926 veritas
1259 1872 1417 1925 altior
1447 1880 1624 1940 potest
1651 1870 1718 1924 ab
1754 1832 1795 1890 Β

145 1964 426 2018 hominibus
441 1964 721 2032 cognosci,
738 1979 893 2033 quam
911 1978 970 2018 ea
988 1964 1055 2019 de
1078 1978 1178 2033 qua
1197 1962 1499 2032 unigenitus
1517 1962 1610 2017 Dei
1630 1963 1688 2016 Fi
1704 1995 1718 2002 -

146 2057 236 2110 lius
253 2056 357 2109 suis
382 2055 633 2109 ﬁdelibus
655 2068 878 2109 narrans
905 2054 1110 2121 :Beati,
1131 2053 1533 2123 inquit,mundo
1546 2055 1717 2119 corde,

143 2148 356 2214 quoniam
378 2144 479 2213 ipsi
505 2143 670 2197 Deum
695 2144 934 2198 videbunt
961 2144 1171 2216 (Matth.
1205 2146 1280 2213 v),
1314 2153 1369 2199 et
1395 2145 1460 2198 de
1485 2159 1585 2214 qua
1618 2143 1721 2198 Pa-

144 2237 200 2290 tri
218 2237 515 2304 supplicans
537 2236 610 2290 ait
631 2253 644 2289 :
663 2235 872 2291 Hazeest
897 2248 1064 2290 autem
1085 2238 1185 2290 vita
1199 2247 1407 2302 interna,
1425 2246 1479 2290 ut
1503 2253 1719 2308 coquos-

144 2340 244 2381 cant
265 2338 310 2383 te
324 2345 496 2382 verum
519 2338 567 2382 et
591 2346 746 2383 unum
766 2326 952 2395 Deum,
971 2339 1172 2400 etquem
1196 2332 1378 2384 misisti
1394 2329 1428 2384 J
1434 2347 1572 2385 esum
1586 2332 1723 2385 Chri-

145 2433 263 2474 stum
295 2421 476 2491 (Joan.
510 2422 667 2488 xvii).
689 2423 818 2489 Quze
847 2423 1096 2477 nimirum
1117 2424 1423 2479 beatissima
1453 2424 1725 2493 perceptio

150 2517 314 2580 gratia:
350 2523 404 2568 et
453 2515 718 2580 veritatis,
763 2517 1012 2584 quoniam
1065 2518 1115 2570 in
1166 2517 1321 2585 hujus
1371 2519 1552 2572 saeculi
1612 2519 1720 2572 vita

156 2605 254 2658 ﬁeri
283 2618 384 2658 non
414 2613 614 2672 potest,
648 2618 791 2660 reete
812 2606 1002 2660 dicitur
1041 2624 1052 2658 :
1092 2605 1254 2660 Deum
1287 2622 1435 2659 nemo
1479 2607 1601 2659 vidit
1626 2623 1722 2660 un-

148 2711 301 2763 quam,
334 2697 382 2752 id
414 2708 522 2762 est,
586 2714 744 2753 nemo
801 2699 1132 2770 corruptibili
1186 2700 1360 2754 adhuc
1406 2709 1460 2756 et
1509 2701 1718 2756 mortali

148 2802 287 2841 carne
328 2789 715 2855 circumdatus,
745 2789 1256 2857 incircumscriptam
1285 2791 1579 2847 divinitatis
1622 2807 1720 2862 po-

152 2886 242 2930 test
273 2877 437 2932 lucem
489 2879 707 2934 intueri.
762 2879 912 2935 Unde
953 2881 1286 2935 manifestius
1327 2880 1453 2936 dicit
1495 2884 1722 2951 Aposto—

148 2972 216 3024 lus
261 2971 465 3038 :Quem
492 2989 640 3027 nemo
675 2975 800 3026 vidit
857 2976 1142 3038 hominum,
1199 2991 1291 3029 nec
1337 2975 1512 3030 videre
1561 2988 1721 3048 potest

150 3061 190 3128 (Ι
216 3059 440 3131 Tim.v1).
472 3063 641 3118 Nemo
668 3065 811 3119 enim
841 3065 1117 3119 hominum
1150 3066 1306 3131 Deus,
1333 3082 1490 3121 nemo
1508 3078 1588 3123 est
1607 3071 1706 3122 lm-

1827 568 2181 620 humanorum
2210 564 2382 620 forma
2428 563 2791 618 membrorum
2839 563 3239 634 compaginatus
3289 579 3394 621 non

1818 666 1916 720 est,
1949 659 2026 712 sic
2052 657 2240 712 sedere
2267 654 2712 726 quemadmodum
2737 663 2784 708 et
2808 669 2905 709 nos
2930 671 2944 720 ;
2986 655 3078 709 sed
3101 654 3224 726 quia
3251 655 3399 709 sinus

1831 758 2010 802 noster
2039 750 2181 803 intus
2215 756 2317 813 est,
2354 762 2500 801 more
2542 756 2727 801 nostro
2760 746 2979 817 loquens
3007 747 3300 817 Scriptura,
3345 750 3398 803 in

1817 838 1937 890 sint!
1984 837 2154 892 Patris
2180 851 2300 892 esse
2329 835 2479 900 dicit,
2533 852 2690 906 quem
2731 836 2781 890 iu
2825 846 3034 891 secreto
3064 837 3256 904 Patris,
3295 849 3395 907 quo

1819 930 2081 986 humanus
2105 930 2329 983 intuitus
2358 930 2669 999 pertingere
2706 944 2812 985 non
2853 930 3011 995 valet,
3046 944 3258 998 semper
3286 946 3391 985 ma.

1818 1029 2030 1076 nantem
2063 1021 2172 1075 vult
2196 1021 2439 1089 intelligi.
2487 1021 2600 1077 Non
2631 1031 2754 1076 tunc
2783 1030 2958 1078 autem
2982 1022 3152 1078 solum
3183 1036 3400 1078 enarra-

1821 1113 1899 1166 bit
1925 1113 2224 1184 nnigenitus
2255 1113 2422 1170 Filius
2450 1115 2638 1176 Deum.
2665 1115 2717 1169 id
2747 1125 2850 1182 est,
2885 1125 3083 1171 sancta:
3115 1115 3399 1171 individua;

1817 1207 2114 1273 Trinitatis,
2162 1221 2281 1276 quae
2309 1215 2392 1262 est
2421 1222 2555 1262 unus
2584 1208 2746 1272 Deus,
2796 1209 3016 1276 gloriam
3044 1209 3401 1265 manilestabit

1821 1298 2146 1359 hominibus,
2191 1313 2311 1352 cum
2369 1307 2490 1366 post
2543 1299 2846 1356 universale
2906 1299 3164 1370 judicium
3211 1315 3402 1356 omnes

1821 1391 2016 1458 pariter
2047 1390 2245 1445 electos
2273 1391 2339 1445 ad
2381 1391 2644 1446 visionem
2696 1392 2955 1446 claritatis
2991 1391 3106 1461 ejus
3149 1391 3396 1457 inducet;

1818 1469 1911 1536 sed
1944 1492 1996 1536 et
2022 1483 2261 1554 quotidie
2289 1493 2491 1550 narrat,
2519 1500 2638 1540 cum
2682 1485 2909 1555 singulis
2949 1487 3241 1557 quibusque
3268 1485 3399 1541 lide-

1819 1572 1947 1625 lium
1981 1571 2340 1639 perfecturum
2373 1590 2497 1629 mox
2528 1590 2556 1628 a
2586 1577 2765 1630 carnis
2817 1579 3157 1648 corruptione
3208 1577 3400 1631 solutis

1819 1662 2044 1732 implere
2079 1667 2323 1735 coeperit,
2365 1667 2504 1735 quod
2537 1667 2796 1736 promisit.
2835 1669 2935 1735 Qui
2961 1669 3127 1740 diligit
3149 1685 3249 1732 me,
3275 1669 3398 1722 dili-

1817 1763 1962 1824 getur
1984 1774 2015 1809 a
2048 1755 2202 1811 Patre
2229 1772 2359 1822 meo,
2392 1766 2437 1810 et
2459 1774 2551 1828 ego
2578 1759 2792 1828 diligam
2823 1769 3030 1825 eum;et
3063 1759 3400 1828 manifestabo

1823 1849 2068 1919 meipsum
2102 1850 2178 1903 illi
2223 1848 2403 1919 (Joan.
2438 1851 2566 1920 nr).
2615 1851 2896 1919 Meipsum,
2933 1851 3124 1917 inquit,
3182 1852 3403 1906 manife-

1825 1939 1981 1992 stabo
2005 1940 2350 1994 dilectoribus
2372 1940 2523 2006 meis,
2553 1951 2606 1994 ut
2635 1957 2791 2011 quem
2820 1943 2872 2011 in
2917 1958 3010 1995 sua
3039 1954 3401 2012 cognoverunt

1827 2031 2131 2098 mortalem,
2173 2031 2223 2085 in
2257 2047 2373 2086 mea
2421 2031 2531 2101 jam
2563 2049 2647 2088 me
2676 2044 2862 2088 natura
2912 2035 3049 2090 Patri
3089 2049 3140 2090 et
3175 2036 3395 2106 Spiritui

1825 2134 2011 2176 sancto
2034 2122 2214 2178 videre
2242 2126 2445 2192 possint
2471 2128 2749 2194 mqnalem.

1903 2211 2011 2265 Hoc
2039 2222 2114 2267 est
2142 2215 2481 2268 testimonium
2525 2214 2768 2282 Joannis,
2821 2226 2874 2271 et
2924 2229 3135 2272 cmtera.
3191 2220 3263 2275 Ex
3313 2220 3397 2274 liis

1827 2306 2000 2359 verbis
2054 2306 2276 2361 Joannis
2331 2308 2605 2378 humilitas
2660 2310 3085 2379 commendatur,
3143 2315 3232 2382 qui
3276 2329 3398 2369 cum

1826 2407 1986 2452 tantm
2015 2397 2225 2454 virtutis
2275 2411 2441 2467 esset,
2501 2412 2557 2457 ut
2621 2405 2866 2460 Christus
2911 2408 3055 2462 credi
3113 2413 3397 2476 potuisset,

1825 2490 1984 2558 elegit
2013 2490 2185 2546 solide
2241 2492 2538 2550 subsistere
2569 2495 2620 2550 in
2655 2511 2736 2564 se,
2770 2514 2835 2553 ne
2879 2499 3113 2553 humana
3144 2503 3397 2570 Opinione

1826 2596 2104 2652 raperetur
2130 2585 2360 2640 inaniter
2386 2602 2548 2656 supra
2579 2604 2660 2645 se.

1897 2677 2035 2730 Nam
2065 2681 2326 2749 confessus
2372 2692 2464 2743 est.
2498 2691 2665 2736 etnon
2714 2688 2943 2754 negavit;
2995 2689 3253 2757 confessus
3300 2700 3398 2756 est,

1829 2765 1962 2831 Quia
1989 2784 2088 2820 non
2115 2785 2226 2822 sunt
2255 2785 2346 2837 ego
2377 2770 2629 2825 Christus.
2662 2775 2763 2827 Sed
2814 2777 2936 2843 quia
2969 2777 3101 2831 dixit
3131 2795 3228 2833 non
3265 2797 3399 2843 sum,

1827 2861 2039 2927 negavit
2067 2860 2206 2929 quod
2247 2870 2389 2925 erat,
2426 2871 2483 2915 ut
2515 2865 2794 2918 veritatem
2826 2865 3069 2934 loquens,
3094 2869 3211 2936 ejus
3235 2886 3404 2926 mem-

1826 2952 1977 3003 brum
2025 2951 2194 3018 lieret,
2232 2954 2382 3020 cujus
2412 2968 2606 3008 nomen
2640 2956 2740 3009 sibi
2795 2953 3057 3013 fallaciter
3110 2975 3214 3014 non
3245 2977 3401 3017 usur-

1829 3051 1995 3109 paret.
2028 3042 2158 3096 Cum
2189 3057 2318 3112 ergo
2348 3059 2452 3097 non
2487 3045 2598 3098 vult
2631 3056 2818 3114 aperte
2850 3063 3043 3102 nomen
3073 3049 3292 3118 Christi,
3320 3052 3396 3106 la-

148 3171 285 3207 manu
309 3156 479 3210 adhuc
511 3157 692 3210 habitu
730 3167 1068 3227 aggravatus,
1095 3158 1324 3212 humana
1352 3162 1718 3215 conversatio-
1746 3183 1791 3243 ρ
1827 3145 1946 3243 cm?
1974 3144 2072 3243 (ξεί,
2104 3137 2402 3243 π’θῖξξδτυω
2436 3136 2654 3202 ωπίδίίν
2687 3140 2807 3243 quia
2856 3141 2980 3195 dum
3029 3143 3394 3202 Ῑ¹³¹ῙΓ¹¹¹Ῐ¹²¹¹⁸¹¹¹

149 3259 204 3297 ne
230 3246 474 3300 caducus.
510 3246 648 3301 Hinc
679 3257 760 3301 est
787 3250 930 3301 enim
965 3249 1105 3316 quod
1134 3250 1368 3321 Moyses,
1399 3251 1489 3318 qui
1516 3251 1707 3315 Deum,

149 3353 284 3402 tinem
317 3337 365 3390 in
419 3339 612 3406 angelo
643 3338 878 3403 videbat,
916 3341 964 3393 in
996 3340 1108 3408 ipsa
1141 3340 1256 3410 ejus
1305 3351 1489 3395 natura
1532 3343 1716 3399 videre

149 3426 458 3491 desiderans,
495 3431 688 3484 orabat
722 3449 733 3483 :
768 3432 831 3486 Si
883 3434 1050 3486 inveni
1087 3436 1303 3504 gratiam
1351 3438 1404 3490 in
1445 3448 1714 3505 conspectu

149 3528 242 3582 tuo,
267 3522 465 3574 ostende
493 3523 621 3574 mihi
645 3523 862 3592 gloriam
917 3536 1055 3577 tuam
1090 3524 1281 3594 (Exod.
1312 3528 1530 3596 xxxrn).
1556 3530 1720 3583 Audi—

150 3610 212 3662 vit
239 3629 251 3662 :
282 3611 395 3664 Non
421 3614 615 3682 poteris
637 3614 809 3666 videre
831 3615 1010 3684 faciem
1033 3631 1226 3682 meam;
1249 3633 1348 3670 non
1370 3621 1502 3672 enim
1526 3620 1714 3675 videbit
1744 3638 1748 3640 ·

150 3718 216 3754 me
252 3703 412 3768 homo,
468 3713 516 3757 et
557 3705 687 3758 viret
731 3703 940 3776 (Ibid.).
992 3706 1105 3773 Qua
1160 3719 1336 3763 autem
1382 3710 1589 3766 ratione
1650 3711 1716 3766 ad

149 3792 381 3847 visionem
413 3795 871 3850 incommutabilis
893 3805 948 3851 et
977 3799 1162 3862 aeterni
1191 3797 1409 3854 luminis
1443 3803 1716 3869 perveniri

152 3882 346 3952 debeat,
397 3886 730 3956 evangelista
779 3897 1169 3958 consequenter
1195 3893 1458 3958 exposuit,
1491 3894 1714 3948 dicens:

152 3975 429 4048 Unigenitus
454 3978 655 4048 Filius,
679 3982 765 4049 qui
788 3990 861 4034 est
885 3982 935 4033 in
955 3984 1069 4034 sinu
1091 3975 1289 4051 Patris,
1313 3984 1422 4054 ipse
1443 3989 1714 4053 enarravit,

150 4070 222 4123 cui
263 4071 428 4125 simile
469 4081 552 4125 est
587 4070 731 4140 quod
764 4070 877 4140 ipse
931 4071 1187 4126 Dominus
1235 4073 1349 4126 ait:
1387 4072 1556 4127 Nemo
1584 4059 1717 4128 venit

152 4165 206 4215 ad
231 4162 427 4216 Patrem
475 4164 577 4218 nisi
632 4179 721 4230 per
768 4179 846 4217 me
883 4161 1065 4232 (Joan.
1101 4164 1235 4236 xw),
1269 4174 1323 4219 et
1354 4163 1501 4220 alibi.
1551 4165 1716 4222 Nemo

151 4255 267 4308 norit
305 4251 520 4320 Filium,
575 4254 679 4307 ni?
723 4253 898 4319 Pater,
955 4270 1114 4324 neque
1146 4254 1355 4311 Patrem
1400 4258 1515 4325 quis
1559 4259 1714 4326 novit,

152 4344 235 4394 nisi
262 4345 444 4407 Filius,
482 4353 531 4398 et
573 4360 648 4397 cui
687 4344 895 4397 coluerit
924 4341 1097 4398 Filius
1125 4346 1345 4402 revelare
1374 4346 1584 4416 (Matth.
1615 4349 1715 4418 st).

154 4429 298 4498 Ipsius
327 4435 519 4505 quippe
545 4435 712 4488 ductu
760 4435 825 4488 ad
849 4419 1084 4490 "Patrem
1116 4421 1323 4502 venire,
1357 4439 1525 4507 ipsius
1549 4443 1716 4510 magi-

1823 3225 2023 3278 studuit
2057 3221 2330 3281 humiliter
2360 3242 2673 3295 agnoscere,
2709 3230 2854 3285 illius
2877 3234 3254 3290 celsitudinem
3288 3255 3398 3292 me-

1820 3319 1926 3371 ruit
1958 3321 2221 3373 veraciter
2268 3321 2532 3375 obtinere.
2573 3322 2834 3386 Quisnam
2885 3327 2972 3392 sit,
3007 3308 3260 3385 continuo
3308 3348 3403 3388 cx-

1819 3408 2016 3475 primit,
2051 3409 2174 3462 dum
2206 3409 2476 3480 subjungit
2506 3434 2519 3471 :

1896 3498 2008 3569 Ego
2034 3516 2134 3554 vox
2161 3505 2434 3560 clamantis
2464 3511 2516 3560 in
2546 3509 2765 3565 deserto.
2796 3509 2960 3567 Scitis
2990 3514 3107 3580 quia
3152 3514 3402 3583 unigeni-

1820 3598 1905 3644 tus
1937 3590 2104 3647 Filius
2133 3593 2368 3650 Verbum
2396 3599 2564 3654 Patris
2589 3612 2829 3669 vocatur,
2860 3603 3063 3658 Joanne
3087 3614 3396 3672 attestante,

1817 3682 1939 3749 quia
1970 3683 2043 3735 ait
2072 3701 2084 3736 :
2120 3682 2185 3738 In
2213 3687 2464 3757 principio
2491 3701 2600 3746 erat
2636 3691 2878 3760 Verbum,
2929 3681 2975 3748 et
3014 3693 3234 3750 Verbum
3279 3709 3392 3751 erat

1819 3772 1957 3844 apud
1989 3772 2174 3839 Deum,
2207 3785 2253 3830 et
2291 3776 2434 3832 Deus
2479 3790 2588 3836 erat
2649 3781 2889 3838 Verbum.
2937 3786 3013 3839 Ex
3056 3789 3167 3855 ipsa
3215 3798 3387 3844 vostra

1822 3861 2095 3922 locutione
2147 3871 2506 3938 cognoscitis,
2568 3875 2689 3943 quia
2745 3875 2894 3944 prius
2938 3892 3039 3930 vox
3098 3889 3284 3942 sonat,
3337 3891 3398 3936 ut

1823 3957 2039 4011 verbum
2096 3961 2433 4027 postmodum
2469 3966 2638 4032 possit
2665 3965 2871 4034 audiri,
2903 3968 3134 4024 Joannes
3165 3985 3292 4041 ergo
3323 3987 3412 4026 vo-

1821 4062 1936 4102 cem
1959 4063 2019 4104 se
2044 4065 2164 4106 esse
2189 4054 2404 4123 asserit,
2421 4056 2545 4124 quia
2565 4056 2784 4112 verbum
2809 4061 3080 4129 praecedit.
3097 4062 3396 4118 Adventum

1821 4138 1999 4209 itaque
2044 4143 2370 4200 dominicum
2427 4162 2787 4216 prmcurrens,
2841 4167 2944 4204 vox
3000 4152 3220 4221 dicitur,
3275 4156 3397 4224 quia

1823 4245 1919 4298 per
1967 4233 2081 4301 ejus
2129 4235 2485 4290 ministerium
2541 4237 2715 4293 Patris
2760 4239 2992 4294 Verbum
3040 4242 3108 4297 ab
3148 4246 3401 4301 omnibus

1822 4322 2053 4378 auditur.
2093 4325 2192 4391 Qui
2223 4327 2386 4380 etiam
2414 4328 2464 4382 in
2508 4327 2727 4384 deserto
2767 4331 2985 4398 clamat,
3032 4335 3154 4402 quia
3201 4337 3400 4391 dereli-

1822 4424 1924 4468 ctae
1952 4429 2014 4470 ac
2059 4415 2325 4473 destituta:
2353 4418 2554 4475 .ludmze
2603 4422 2855 4476 solatium
2901 4425 3257 4494 redemptoris
3304 4444 3401 4481 an-

156 4527 298 4579 sterio
332 4528 537 4582 Patrem
564 4540 620 4581 et
653 4527 843 4581 Filium
871 4543 969 4584 nec
994 4544 1097 4584 non
1124 4529 1451 4600 etSpiritum
1477 4507 1715 4588 sanctum
1750 4530 1800 4592 Β
1827 4507 2054 4600 η¹¹¹¹¹ί³ί⁶
2112 4509 2248 4577 Quid
2303 4520 2480 4564 autem
2538 4514 2754 4574 omne"
2809 4515 3043 4570 insumat
3101 4532 3222 4571 cum
3275 4522 3399 4576 sub'

157 4635 292 4672 unum
323 4620 482 4675 Deum
529 4635 596 4675 ac
643 4621 921 4676 Dominum
946 4637 1105 4679 nosse
1128 4622 1405 4690 debemus,
1460 4627 1581 4696 quia
1632 4627 1717 4681 ni-

157 4711 322 4764 mirum
351 4712 460 4781 ipse
502 4713 668 4767 homo
697 4712 864 4768 factus
896 4727 991 4782 pro
1025 4715 1201 4781 nobis,
1251 4716 1301 4769 in
1337 4717 1565 4772 hominis
1615 4719 1720 4773 lia-

158 4798 251 4853 bitu
279 4804 492 4872 loquens
525 4804 704 4868 nobis,
733 4804 855 4874 quid
882 4806 951 4880 de
993 4816 1192 4861 sancta:
1222 4807 1492 4864 Trinitatis
1521 4810 1719 4866 unitate

159 4901 286 4944 recte
321 4893 685 4960 sentiendum,
718 4895 942 4963 qualiter
972 4895 1039 4950 ad
1070 4895 1185 4967 ejus
1215 4901 1718 4970 contemplationem

161 4980 377 5036 lidelibus
425 4984 851 5054 properandum,
912 4988 1106 5057 quibus
1135 4992 1339 5046 actibus
1369 4993 1435 5046 ad
1465 4995 1601 5048 hanc
1653 4996 1722 5050 sit

163 5071 574 5137 perveniendum,
608 5074 750 5127 clara
783 5075 900 5128 luce
943 5077 1198 5132 revelavit
1231 5096 1243 5132 :
1278 5079 1390 5147 ipse
1418 5096 1722 5138 sacramen-

163 5159 220 5213 tis
244 5176 345 5216 δυσ)
372 5163 756 5218 lucarnationis
799 5181 898 5220 nos
943 5168 1212 5236 imbuens,
1262 5173 1345 5226 sui
1377 5189 1474 5227 nos
1503 5175 1723 5244 Spiritus

162 5255 543 5310 etiarismatibus
572 5258 935 5324 sanctificans,
982 5271 1040 5316 ut
1063 5265 1129 5316 ad
1162 5265 1298 5320 hanc
1331 5269 1512 5323 venire
1541 5269 1721 5324 valea-

165 5357 267 5396 nius
286 5345 506 5414 adjuvat.
543 5347 690 5414 Ipse,
723 5360 939 5418 peracto
967 5350 1020 5406 in
1046 5351 1278 5409 hominis
1301 5353 1473 5412 forma
1521 5358 1720 5426 judicio

167 5438 452 5504 novissimo,
504 5439 569 5494 ad
615 5441 875 5497 visionem
927 5459 1023 5498 nos
1054 5445 1248 5501 divinae
1300 5447 1588 5518 Majestatis
1629 5467 1721 5506 su-

168 5524 374 5582 blimiter
400 5531 726 5599 introducet,
755 5543 913 5604 atque
952 5551 1145 5592 arcana
1191 5538 1343 5594 nobis
1375 5542 1521 5612 regni
1553 5543 1718 5597 cmic-

169 5619 254 5672 stis
278 5621 578 5680 mirabiliter
622 5626 913 5681 enarrabit.
946 5627 1088 5684 Sane
1111 5631 1252 5698 quod
1283 5632 1356 5685 ait
1389 5649 1401 5684 :
1438 5633 1542 5698 Qui
1563 5645 1636 5688 est
1666 5635 1718 5689 in

171 5709 272 5762 sinu
295 5710 473 5780 Patris,
500 5716 551 5769 in
599 5726 812 5772 secreto
842 5719 1012 5776 Patris
1043 5722 1446 5790 proverbialiter
1499 5735 1581 5780 est
1629 5740 1719 5781 co-

176 5801 410 5868 gitandus.
443 5806 496 5862 ln
527 5809 931 5868 similitudinem
979 5816 1119 5872 enim
1150 5817 1324 5884 sinus,
1356 5832 1512 5884 quem
1547 5817 1716 5873 habe-

1815 4599 2030 4671 jungit:

1893 4696 2115 4767 Dirigite
2141 4698 2278 4752 viam
2310 4698 2541 4765 Domini,
2589 4700 2718 4753 sicut
2767 4703 2897 4756 dixit
2937 4701 3100 4759 Isaias
3129 4707 3394 4778 propheta.

1823 4789 1918 4844 Via
1973 4791 2184 4845 Domini
2222 4793 2288 4845 ad
2344 4807 2437 4846 cor
2482 4792 2746 4863 dirigitur,
2795 4810 2918 4848 cum
2965 4796 3030 4850 ad
3077 4810 3396 4868 praeceptum

1824 4885 1927 4937 vita
1961 4895 2312 4956 prteparatur.
2349 4886 2500 4942 Unde
2528 4889 2784 4957 scriptum
2817 4898 2898 4942 est
2928 4907 2940 4941 ι
2989 4889 3046 4945 Si
3076 4891 3188 4960 quis
3225 4894 3395 4965 diligit

1822 4994 1922 5045 me,
1953 4997 2233 5034 sermonem
2284 4997 2452 5036 meum
2480 4982 2731 5045 servabit;
2774 4991 2818 5035 et
2851 4981 3008 5036 Pater
3035 4999 3175 5037 meus
3217 4986 3394 5057 diliget

1825 5089 1959 5140 eum,
1990 5083 2039 5127 et
2082 5074 2150 5126 ad
2193 5089 2305 5126 eum
2353 5075 2628 5140 veniemus,
2661 5083 2707 5128 et
2753 5075 3066 5127 mansionem
3095 5077 3239 5144 apud
3282 5093 3394 5132 eum

1821 5165 2090 5235 faciemus.
2143 5164 2398 5236 Quisquis
2447 5181 2574 5235 ergo
2616 5167 2668 5220 in
2712 5166 2956 5234 superbia
3001 5179 3235 5223 mentem
3289 5171 3393 5224 ele-

1825 5269 1937 5323 vat,
1969 5258 2211 5328 quisquis
2243 5259 2480 5314 avaritim
2514 5259 2731 5313 aestibus
2778 5257 3016 5326 anhelat,
3058 5260 3297 5331 quisquis
3341 5273 3403 5315 se

1824 5353 2051 5408 luxuriae
2081 5354 2543 5423 inquinationibus
2574 5351 2785 5423 polluit,
2822 5353 3001 5408 cordis
3044 5353 3238 5408 ostium
3267 5365 3396 5408 eon-

1825 5451 1904 5497 tra
1957 5447 2230 5498 veritatem
2282 5445 2503 5508 claudit,
2547 5460 2614 5498 ne
2655 5443 2720 5497 ad
2784 5458 2842 5499 se
2889 5443 3147 5500 Dominus
3189 5449 3399 5512 veniat,

1822 5537 2050 5591 claustra
2098 5535 2261 5590 animi
2291 5534 2429 5591 seris
2477 5534 2728 5589 vitiorum
2774 5534 3012 5590 damnat.
3051 5534 3158 5591 Sed
3197 5535 3395 5606 adhuc,

1823 5628 1912 5698 qui
1946 5628 2096 5683 missi
2130 5635 2256 5682 sunt
2281 5635 2685 5696 percontantur.

1896 5719 2032 5786 Quid
2059 5735 2180 5789 ergo
2221 5718 2470 5790 baptizas,
2500 5719 2546 5772 si
2575 5727 2631 5773 tu
2663 5735 2764 5773 non
2795 5734 2845 5773 es
2872 5714 3045 5783 Elius,
3071 5733 3227 5787 neque
3253 5716 3402 5771 Citrio

1823 5822 1950 5880 stus,
1993 5828 2148 5882 neque
2170 5811 2469 5884 propheta?
2497 5811 2649 5880 Quod
2682 5814 2804 5883 quia
2847 5827 2952 5868 non
2983 5810 3161 5870 studio
3204 5825 3404 5882 cogno-
