3822 6226
141 361 234 417 619

1024 354 1088 402 IN
1131 352 1185 407 S.
1227 349 1511 407 JOANNIS
1553 344 2002 405 EVANGELIUM
2045 343 2427 401 EXPOSI'I‘ID.

3242 350 3346 400 8"0

143 488 256 542 uite,
279 488 362 543 qui
396 472 517 528 ideo
547 468 798 542 prarcc'Iit
821 466 1094 536 dignitate,
1118 463 1238 534 quia
1261 463 1402 533 prior
1430 476 1516 518 me
1556 467 1675 516 erat
1707 465 1746 518 Α
1850 458 1957 514 Sed
1985 459 2070 526 qui
2093 458 2228 510 misit
2254 473 2329 509 me
2361 455 2613 524 baptizare
2641 457 2692 509 in
2723 473 2871 524 aqua,
2905 459 2988 512 ille
3019 461 3140 512 mil"
3167 464 3293 516 ἀίει-ί(
3329 483 3344 517 ε

142 569 393 620 dignitate.

219 584 393 619 nlllle.

189 584 266 709 gEt
308 671 396 724 ego
440 652 722 706 nesciebam
762 665 897 710 eunt,
947 647 1136 716 inquit.
1164 647 1381 706 Certum
1427 655 1510 700 est
1561 643 1682 714 quia

143 745 324 800 sciebat
357 743 635 796 Dominum
683 740 933 800 Joannes.
981 740 1065 792 cui
1097 737 1452 792 testimonium
1506 735 1684 804 perhi-

143 837 253 888 bere
280 833 467 885 missus
500 838 599 893 est,
650 845 806 898 quem
851 828 1084 899 judicem
1112 826 1350 881 omnium
1401 833 1682 879 venturum

142 910 460 995 praedicabat,
489 921 670 974 dicens
696 937 707 972 :
741 920 901 988 Cujus
929 920 1266 974 ventilabrum
1292 920 1345 970 in
1368 932 1521 969 manu
1565 930 1681 976 suo,

141 1026 181 1068 et
204 1011 547 1080 permundabit
575 1027 746 1063 aream
771 1027 917 1064 suam
967 1011 1115 1078 (Luc.
1145 1009 1244 1078 In).
1295 1013 1333 1061 Λ
1383 1024 1487 1077 quo
1515 1007 1682 1073 Spiri-

143 1117 234 1159 tum
261 1111 495 1156 sanctum
525 1102 640 1155 dari
672 1102 870 1156 debere
917 1103 1210 1156 testabatur
1239 1117 1252 1153 :
1307 1097 1427 1166 Ipse
1465 1115 1550 1152 vos
1600 1100 1685 1151 ba-

141 1194 344 1264 ptisabit,
388 1193 658 1261 inquiens,
690 1191 891 1260 Spiritu
922 1201 1096 1246 sancto
1128 1188 1340 1261 (Matth.
1377 1189 1474 1257 ut),
1505 1205 1534 1242 a
1577 1205 1683 1256 quo

139 1289 344 1356 seipsum
375 1285 518 1340 ablui
564 1285 925 1351 desiderabat,
960 1286 1144 1339 dicens
1185 1302 1198 1336 :
1236 1283 1342 1355 Ego
1370 1283 1526 1336 debeo
1568 1300 1597 1335 a
1638 1293 1684 1334 te

138 1379 378 1447 baptizari,
410 1385 457 1430 et
503 1387 557 1430 tu
582 1379 721 1432 venis
757 1379 824 1430 ad
855 1394 929 1431 me
955 1375 1181 1446 (Ibid.)'!
1227 1374 1505 1439 Quomodo
1553 1387 1684 1441 ergo

139 1471 283 1525 dicit:
321 1467 381 1522 Et
411 1486 502 1540 ego
532 1468 813 1522 nesciebam
843 1483 980 1529 eum,
1012 1465 1112 1520 nisi
1138 1464 1259 1534 quia
1286 1479 1408 1517 eum
1442 1479 1596 1534 quem
1630 1473 1684 1516 et

136 1569 242 1614 ante
284 1569 537 1625 noverat,
597 1558 885 1628 perfectius
927 1557 1069 1626 jam,
1116 1572 1234 1611 cum
1297 1555 1680 1624 baptizaretur,

135 1650 356 1719 agnovit;
404 1664 564 1718 quem
595 1649 778 1703 mundi
810 1649 1139 1704 Salvatmem
1169 1658 1223 1703 et
1253 1647 1491 1716 judicem
1521 1661 1685 1701 nove-

135 1753 227 1810 rat,
253 1741 402 1811 hujus
433 1743 728 1813 potentiam
773 1741 1068 1811 majestatis
1098 1741 1258 1795 altius
1306 1739 1503 1808 Spiritu
1549 1754 1683 1793 san-

134 1843 212 1884 eto
237 1847 388 1896 super
412 1848 532 1885 eum
563 1831 926 1887 descendente
976 1829 1260 1900 cognovit?
1313 1830 1491 1897 Neque
1540 1827 1680 1882 enim
1716 1802 1761 1860 Β

134 1922 453 1976 dubitandum
486 1930 573 1976 est
603 1923 730 1990 quin
763 1923 949 1976 beatus
979 1922 1236 1984 Joannes,
1267 1936 1390 1974 cum
1426 1917 1681 1988 Spiritum

137 2021 358 2066 sanctum
389 2012 515 2065 licet
562 2010 831 2079 corporali
863 2011 1042 2079 specie
1079 2009 1305 2072 videret,
1337 2023 1456 2061 cum
1502 2022 1683 2062 vocem

138 2102 293 2159 Patris
321 2105 436 2158 licet
467 2104 825 2172 corporaliter
851 2111 1130 2158 sonantem
1163 2103 1441 2157 metuisset
1468 2101 1677 2164 audire,

137 2195 333 2266 multum
363 2208 426 2248 ex
461 2194 564 2247 hoc
589 2194 701 2247 visu
731 2201 786 2246 et
811 2193 990 2247 auditu
1024 2191 1332 2262 profecerit.
1364 2192 1586 2245 multum
1617 2191 1682 2244 de

134 2281 303 2336 divina:
333 2283 544 2349 pietatis
575 2283 916 2347 excellentia,
949 2282 1200 2336 revelatis
1243 2281 1411 2334 oculis
1458 2280 1678 2344 mentis,
1731 2342 1735 2343 ί

139 2373 351 2426 scientiae
397 2374 633 2427 caelestis
673 2375 958 2442 acciperet,
1003 2373 1137 2426 adeo
1178 2381 1234 2426 ut
1281 2371 1683 2441 comparatione

139 2463 501 2532 intelligentiae,
547 2479 651 2534 qua
698 2471 821 2517 tunc
868 2462 1122 2517 illustrari
1153 2465 1338 2532 cmpit,
1370 2470 1590 2516 eatenus
1623 2462 1686 2514 il-

140 2554 251 2620 lum,
281 2568 507 2623 quantus
540 2565 702 2620 esset,
733 2554 1052 2608 omnimodis
1083 2554 1182 2606 sibi
1217 2554 1491 2606 videretur
1535 2554 1685 2621 igno-

141 2659 284 2697 rasse.
314 2646 409 2711 Qui
444 2644 907 2710 testimonium,in
939 2645 1079 2712 quod
1112 2643 1302 2696 missus
1330 2653 1435 2708 est,
1465 2643 1688 2696 Domino

139 2730 391 2800 diligenter
422 2735 738 2800 perlubens,
770 2731 1047 2802 adjungit:

199 2820 292 2875 Sed
319 2830 369 2874 ut
399 2824 751 2891 ntanifestetur
779 2824 832 2876 in
861 2821 1046 2887 Israel,
1075 2832 1336 2893 propterea
1365 2823 1474 2877 veni
1503 2838 1594 2892 ego
1634 2824 1689 2877 in

138 2927 254 2979 aqua
281 2911 560 2979 baptizans.
594 2912 747 2978 Quod
779 2921 862 2967 est
907 2924 1090 2980 aperte
1131 2915 1310 2968 dicere
1342 2929 1355 2967 :
1402 2913 1517 2967 Non
1568 2914 1688 2969 ideo

142 3002 244 3055 veni
271 3002 321 3055 in
349 3017 482 3071 aqua
519 3003 817 3070 baptizans,
871 3005 993 3073 quia
1025 3011 1238 3070 peccata
1292 3005 1474 3056 mundi
1508 3003 1686 3070 bapti-

138 3092 286 3145 sando
316 3094 501 3146 tollere
553 3094 778 3160 possim,
833 3093 928 3147 sed
976 3101 1034 3147 ut
1081 3109 1202 3147 eum
1254 3093 1576 3162 baptizando
1625 3110 1687 3150 ac

142 3180 449 3246 pradicando
474 3180 868 3235 manifestarem
895 3181 1088 3249 pepulo
1121 3181 1297 3245 Israel,
1330 3184 1441 3250 qui,
1472 3182 1522 3235 in
1555 3182 1686 3252 Spi-

141 3269 230 3321 ritu
254 3278 431 3323 saucto
470 3269 766 3335 baptizans,
793 3268 858 3322 ad
909 3268 1138 3322 tollenda
1187 3280 1402 3336 peccata
1439 3287 1544 3325 non
1593 3287 1678 3326 so-

140 3357 235 3412 lum
264 3358 438 3423 Israel,
468 3360 560 3413 sed
592 3369 648 3413 et
677 3359 835 3413 totius
864 3359 1065 3422 mundi,
1108 3360 1151 3412 si
1177 3359 1224 3412 ei
1256 3361 1478 3414 credere
1502 3362 1686 3417 volue-

142 3449 258 3515 rint,
306 3450 528 3505 idoneus
555 3460 657 3505 est.
705 3450 987 3518 Propterea
1043 3451 1160 3502 veni
1200 3465 1297 3520 ego
1340 3451 1390 3504 in
1425 3454 1687 3519 poeniten-

144 3540 256 3592 tiam
282 3540 573 3608 baptizans,
608 3541 766 3593 utsic
809 3540 1121 3608 baptizando
1152 3540 1225 3593 illi
1273 3542 1407 3594 viam
1445 3556 1685 3610 pararem

143 3631 221 3700 qui
250 3630 537 3700 baptizaret
567 3631 620 3684 in
649 3633 1017 3686 remissionem
1051 3643 1412 3700 peccatorum.

204 3721 268 3776 Et
319 3725 659 3777 testimonium
710 3725 961 3791 perhibuit
1010 3722 1250 3788 Joannes,
1295 3728 1509 3780 dicens:
1558 3726 1688 3790 Quia

140 3820 231 3872 ridi
248 3819 488 3890 Spiritum
508 3821 899 3873 descendentem
923 3819 1069 3887 quasi
1093 3819 1373 3872 coiumbam
1388 3820 1450 3872 de
1466 3821 1611 3885 caelo,
1639 3831 1687 3873 et

141 3913 469 3980 mansitsuper
491 3928 626 3964 eum.
662 3911 802 3966 Bene
833 3912 884 3964 in
918 3909 1179 3964 columbae
1207 3912 1385 3982 specie
1411 3913 1689 3967 descendit

143 4016 284 4069 super
311 4001 587 4056 Dominum
621 4002 872 4069 Spiritus,
902 4009 958 4054 ut
987 3999 1194 4055 discant
1222 4001 1403 4056 ﬁdeles
1435 4016 1538 4055 non
1587 4002 1686 4054 ali-

145 4104 216 4150 ter
243 4108 297 4149 δε
319 4095 550 4148 membra
574 4095 691 4161 ejus
718 4094 852 4156 ﬁeri.
870 4107 972 4146 non
997 4093 1150 4146 aliter
1174 4093 1287 4162 ejus
1312 4092 1508 4160 Spiritu
1535 4109 1689 4160 posse

143 4186 337 4251 repleri,
358 4185 452 4238 nisi
473 4182 743 4254 simplices
759 4183 972 4249 fuerint,
992 4184 1088 4237 nisi
1104 4198 1281 4258 veram
1301 4198 1420 4237 cum
1442 4185 1689 4238 fratribus

147 4275 409 4328 habuerint
444 4290 654 4344 pacem,
696 4290 855 4345 qnam
887 4273 1189 4342 signiﬁcant
1213 4274 1390 4327 oscula
1418 4275 1690 4328 columba-

145 4381 268 4418 rum.
290 4365 487 4420 Habent
516 4378 695 4420 autem
721 4366 905 4420 oscula
928 4376 978 4418 et
1006 4365 1173 4427 corvi,
1194 4363 1285 4417 sed
1315 4364 1689 4434 laniant,quod

1785 547 1953 618 Super
1981 564 2124 616 quem
2152 548 2331 602 videris
2357 547 2607 617 Spiritum
2637 548 3034 612 descendentem,
3068 561 3113 603 et
3137 567 3335 604 mane...

1784 649 1880 692 tem
1910 655 2063 709 super
2101 655 2236 701 eum,
2283 640 2362 690 hic
2389 648 2483 702 est,
2532 638 2616 705 qui
2648 637 2864 705 baptizat
2898 642 2948 693 in
2983 641 3182 706 Spiritu
3223 659 3343 694 smi-

1784 742 1884 783 (to.
1933 730 2163 797 Baptizat
2211 731 2463 782 Dominus
2499 730 2550 782 in
2580 727 2781 796 Spiritu
2812 741 3144 802 sancto,-per
3177 734 3349 801 Spiri-

1787 829 1868 874 tns
1909 823 2075 888 sancti
2120 823 2346 889 gratiam
2381 831 2600 890 peccata
2647 821 2983 876 dimittendo.
3036 825 3159 879 Sive
3201 827 3343 880 enim

1785 911 1897 978 ipse
1928 927 2060 979 aqua
2093 910 2300 980 aliquos
2344 911 2722 976 discipulorum
2762 926 2976 964 suorum
3010 913 3204 978 primus
3251 920 3341 968 ba-

1787 1000 2094 1066 pthaverit,
2149 1015 2246 1066 per
2292 1013 2426 1066 quos
2470 997 2537 1051 ad
2586 1006 2811 1053 caeteros
2861 999 3047 1054 ﬁdeles
3097 1001 3346 1070 baptismi

1786 1092 1931 1145 rivus
1978 1091 2280 1159 proﬁceret,
2314 1089 2529 1145 eosdem
2560 1089 2721 1145 etiam
2766 1092 2964 1158 Spiritu
3008 1093 3303 1160 ltaptimliat
3333 1134 3348 1160 ,

1789 1189 2004 1249 peccata
2035 1181 2138 1234 illis
2170 1180 2480 1246 relaxando,
2512 1191 2565 1235 et
2596 1181 2823 1250 Spiritus
2868 1183 3037 1236 sancti
3066 1184 3203 1236 dona
3245 1187 3346 1236 mi-

1787 1269 2087 1324 uistrando.
2113 1270 2240 1324 Sive
2269 1270 2452 1324 ﬁdeles
2474 1269 2612 1338 ejus,
2646 1270 2889 1322 invocato
2918 1273 3134 1326 nomine
3159 1274 3348 1344 ipsius,

1789 1375 1924 1427 aqua
1955 1359 2225 1427 buptizent
2252 1360 2476 1420 electos,
2529 1368 2583 1411 et
2629 1357 2914 1414 chrismate
2944 1371 3130 1414 sancto
3157 1377 3353 1429 pernu-

1788 1461 1932 1519 gant,
1963 1451 2180 1505 eosdem
2222 1450 2569 1517 nihilominus
2625 1449 2740 1517 ipse
2788 1450 2992 1518 Spiritu
3021 1462 3208 1508 sancto
3260 1456 3352 1508 ba-

1791 1541 2121 1609 ptizat,quia
2157 1555 2312 1594 nemo
2345 1549 2536 1608 praeter
2583 1539 2753 1608 ipsum
2803 1552 3141 1608 peccatorum
3185 1559 3355 1599 nexus

1786 1632 2019 1696 solvere,
2051 1641 2106 1686 et
2150 1633 2377 1700 Spiritus
2408 1633 2576 1688 sancti
2606 1634 2746 1687 valet
2775 1634 2912 1688 dona
2946 1635 3198 1690 tribucre.
3247 1635 3354 1692 Sed

1789 1722 2088 1793 diligentius
2121 1724 2431 1778 intuendum
2462 1736 2563 1789 est,
2593 1725 2712 1795 quia
2743 1740 2862 1778 cum
2909 1726 3156 1793 dixisset,
3191 1743 3354 1795 sujer

1789 1833 1946 1886 quem
1994 1817 2189 1871 videris
2241 1817 2498 1887 Spiritum
2548 1818 2984 1882 descendenteu,
3017 1819 3244 1886 addidit,
3297 1832 3355 1875 et

1789 1919 2091 1962 manentem
2131 1921 2290 1972 super
2353 1924 2497 1962 eum.
2555 1908 2618 1962 Et
2657 1908 2712 1963 in
2767 1919 2980 1964 sanctos
3036 1913 3178 1966 enim
3235 1914 3352 1982 ejus

1787 1998 2020 2066 Spiritus
2067 1996 2376 2063 descendit;
2433 2013 2619 2052 verum
2674 2000 2794 2068 quia
2841 2002 3075 2070 quandiu
3126 2013 3251 2057 sunt
3298 2004 3349 2056 in

1787 2101 2038 2154 corpore,
2093 2098 2309 2157 peccato
2350 2103 2532 2144 carere
2583 2100 2871 2160 nequeunt,
2926 2091 3014 2160 qui
3056 2094 3350 2148 caelestium

1787 2177 2230 2245 contemplationi
2289 2192 2500 2246 semper
2560 2182 2774 2234 oculum
2832 2184 3025 2236 mentis
3079 2185 3356 2240 intecdere

1787 2281 1891 2321 non
1923 2267 2210 2329 sufﬁciunt,
2242 2268 2336 2323 sed
2367 2269 2560 2337 saepius
2607 2269 2748 2325 hunc
2775 2272 2840 2326 ad
2891 2283 3114 2329 terrena!
3161 2294 3345 2332 curam

1787 2360 2208 2414 conversationis
2258 2362 2554 2430 inﬂectunt,
2617 2363 2670 2417 in
2717 2379 2899 2418 eorum
2956 2369 3135 2435 procul
3186 2370 3352 2425 dubio

1788 2450 2039 2504 cordibus
2069 2451 2300 2519 Splritus
2350 2452 2632 2521 aliquando
2666 2456 2833 2521 venit,
2865 2457 3148 2527 aliquando
3175 2477 3348 2518 ,receo

1790 2541 1884 2594 dit.
1920 2540 2069 2596 Unde
2098 2542 2292 2596 dictum
2340 2553 2422 2597 est
2468 2561 2480 2595 :
2519 2542 2746 2612 Spiritus
2798 2544 2881 2597 ubi
2915 2547 3018 2599 vult
3060 2552 3258 2616 spirat,
3305 2561 3358 2606 et

1789 2643 1956 2682 vocent
1986 2631 2094 2698 ejus
2121 2633 2292 2696 audis,
2324 2635 2413 2685 sed
2439 2636 2600 2686 nescis
2657 2633 2792 2687 unde
2820 2636 3007 2702 veniat,
3052 2649 3098 2690 et
3140 2657 3238 2707 quo
3270 2657 3358 2695 ra-

1791 2722 1876 2775 dat
1909 2719 2087 2794 (Joan.
2136 2723 2241 2791 nt).
2279 2723 2432 2778 Venit
2477 2724 2666 2791 quippe
2712 2724 2778 2778 ad
2810 2737 3040 2789 sanctos.
3085 2741 3140 2784 et
3167 2731 3235 2785 ab
3277 2736 3357 2788 eis

1794 2811 1937 2865 vadit
1963 2812 2195 2880 Spiritus
2219 2825 2456 2878 sanctus,
2486 2823 2539 2866 ut
2568 2829 2723 2882 quem
2756 2828 2969 2881 semper
3000 2817 3197 2873 habere
3243 2822 3355 2874 idu-

1793 2907 1877 2961 nei
1918 2922 2020 2962 non
2061 2917 2206 2972 sunt,
2249 2909 2365 2976 ejus
2414 2923 2506 2976 per
2554 2917 2793 2977 tempora
2841 2909 3115 2965 redeuntis
3167 2915 3355 2968 crebra

1796 2998 1914 3054 luce
1941 2999 2267 3054 reﬁciantur.
2301 2999 2355 3054 ln
2386 3003 2499 3054 solo
2527 3009 2702 3054 autem
2728 3000 3020 3058 mediatore
3048 3004 3136 3058 Dei
3167 3012 3220 3057 et
3263 3006 3358 3060 ItO-

1796 3093 2021 3155 minum,
2053 3094 2264 3145 homine
2289 3091 2414 3146 .Iesu
2447 3091 2678 3155 Christo,
2708 3091 2935 3160 Spiritus
2972 3106 3227 3162 perpetuo
3260 3113 3359 3150 ve-

1792 3184 1986 3236 raciter
2016 3193 2211 3250 manet,
2246 3186 2297 3236 in
2324 3199 2428 3251 quo
2455 3197 2552 3237 nec
2581 3183 2812 3238 sordida:
2863 3186 3200 3254 cogitationis
3244 3204 3356 3242 ma-

1789 3274 1984 3337 culam,
2015 3289 2167 3342 quam
2201 3274 2483 3342 refugeret,
2515 3274 2678 3327 ullam
2704 3274 2922 3328 invenit.
2961 3277 3154 3331 Mansit
3176 3289 3355 3332 autem

1793 3370 1934 3416 totus
1962 3363 2024 3422 in,
2056 3363 2167 3424 illo,
2200 3377 2302 3415 non
2361 3378 2425 3416 ex
2469 3377 2534 3417 eo
2578 3363 2752 3416 solum
2787 3375 3023 3432 tempore
3071 3383 3175 3433 quo
3217 3367 3360 3424 hunc

1789 3451 2021 3505 Joannes
2049 3466 2208 3520 super
2236 3468 2354 3506 eum
2383 3453 2515 3506 vidit
2543 3453 2978 3521 descendentem,
3008 3455 3100 3510 sed
3132 3473 3196 3511 ex
3247 3475 3354 3526 quo

1790 3541 1950 3593 homo
1981 3541 2092 3593 ﬁeri
2125 3541 2402 3609 incipiens,
2434 3542 2549 3610 ejus
2595 3541 2897 3597 ministerio
2923 3554 2976 3597 et
3015 3558 3180 3612 opere
3220 3561 3354 3600 con-

1791 3641 1977 3698 ceptus
2028 3638 2123 3684 est.
2161 3629 2363 3685 Idcirco
2393 3643 2568 3686 autem
2617 3648 2779 3700 super
2807 3648 2950 3699 eum,
2984 3634 3034 3687 in
3077 3650 3182 3704 quo
3211 3652 3358 3691 sem-

1793 3735 1882 3787 per
1904 3719 2172 3784 manebat,
2199 3720 2522 3787 baptizatum
2539 3720 2866 3776 descendere
2884 3724 3202 3788 ostenditur,
3230 3738 3284 3779 ut
3305 3738 3360 3783 et

1791 3806 2023 3871 Baptista
2057 3807 2169 3874 ipse
2208 3807 2402 3860 celsius
2427 3809 2536 3874 jam
2567 3823 2725 3876 quem
2760 3810 3070 3876 prazdicaret
3100 3829 3358 3883 agnosce-

1792 3903 1894 3957 ret,
1920 3902 1972 3945 et
1999 3893 2340 3946 credentibus
2369 3895 2587 3946 daretur
2619 3893 2893 3960 indicium,
2926 3912 3253 3967 nequaquam
3278 3917 3358 3963 se.

1792 3989 1890 4040 nisi
1918 3989 2208 4054 baptizatos
2229 4000 2387 4053 aqua,
2415 3985 2640 4054 Spiritus
2659 3987 2898 4054 ejusdem
2921 4004 3076 4058 posse
3101 3993 3358 4061 baptisma

1792 4081 2006 4132 mereri.
2055 4079 2409 4144 Quaerendum
2461 4086 2546 4133 est
2592 4078 2792 4132 interea
2825 4083 3094 4148 quomodo
3128 4083 3362 4150 speciale

1794 4169 1981 4222 Filium
2015 4167 2108 4220 Dei
2155 4168 2475 4236 agnoscendi
2530 4166 2739 4237 signum
2799 4169 2972 4234 fuerit,
3008 4172 3146 4240 quod
3199 4187 3359 4239 super

1792 4276 1911 4312 eum
1944 4258 2283 4312 descenderit
2329 4268 2381 4311 et
2434 4257 2688 4312 manserit
2731 4258 2980 4325 Spiritus,
3033 4275 3150 4312 cum
3196 4261 3354 4314 etiam

1791 4351 2066 4417 discipulis
2097 4350 2209 4416 ipse
2257 4349 2527 4416 promittat
2556 4363 2702 4412 eum,
2745 4348 2931 4402 dicens
2965 4367 2977 4402 :
3013 4348 3120 4420 Ego
3167 4357 3354 4421 rogabo

142 4453 364 4507 ωιωηω
391 4453 605 4508 omnino
637 4468 742 4507 ηοη
776 4453 919 4515 παρη,
949 4452 1308 4521 signiﬁcantes
1351 4466 1444 4505 eos
1475 4457 1561 4519 qm
1606 4453 1682 4504 ιο.
1722 4481 1772 4541 D
1803 4440 2023 4503 PaIrem,
2074 4451 2118 4492 et
2149 4439 2309 4491 alium
2342 4437 2662 4541 Paracletum
2691 4438 2827 4492 dabit
2869 4439 3025 4502 vobis,
3072 4448 3126 4491 ut
3161 4454 3361 4495 maneat

146 4558 357 4609 linuntur
403 4561 578 4614 pacem
624 4562 746 4601 cum
797 4545 1047 4614 proximo
1085 4559 1216 4609 suo,
1248 4545 1382 4597 mala
1429 4555 1604 4597 autem
1637 4545 1689 4598 in

145 4634 369 4689 cordibus
395 4651 573 4690 eorum
607 4636 784 4707 (Psat.
835 4639 1029 4705 sxvn).
1072 4635 1342 4689 Columbae
1372 4645 1549 4688 autem
1599 4651 1693 4686 na-

146 4734 272 4792 tura,
299 4742 412 4795 quae
436 4727 635 4782 laniatu
669 4728 928 4783 innocens
955 4739 1059 4792 est,
1094 4725 1198 4780 illis
1249 4727 1522 4794 aptissime
1562 4740 1694 4780 con-

145 4818 288 4883 gruit,
317 4819 400 4888 qui
429 4835 611 4888 pacem
645 4829 940 4888 sequuntur
965 4833 1086 4872 cum
1133 4817 1380 4871 omnibus
1410 4828 1462 4870 et
1492 4817 1694 4869 sancti-

149 4899 385 4974 moniam,
413 4910 628 4965 solliciti
678 4923 897 4964 servare
947 4911 1200 4963 unitatem
1230 4907 1459 4976 Spiritus
1491 4908 1541 4959 in
1576 4908 1692 4959 vin-

146 5007 255 5060 culo
283 5009 657 5080 pacis(Ephes.
711 5010 808 5079 tv).
855 5009 1024 5078 Atque
1072 5006 1191 5061 ideo
1233 5005 1466 5072 Spiritus
1509 5007 1558 5057 in
1603 5020 1696 5057 co-

147 5099 308 5153 lumba
336 5101 722 5166 descendendo,
748 5117 850 5155 non
875 5116 1024 5154 suam
1049 5098 1416 5152 tantummodo
1463 5098 1542 5147 vel
1577 5094 1693 5164 ejus

148 5204 296 5259 super
315 5207 459 5260 quem
491 5193 768 5248 descendit
790 5193 1149 5246 innocentiam
1182 5189 1694 5258 sitttplicitaletnqttc

150 5281 392 5352 de~ignat,
434 5284 526 5340 sed
574 5300 760 5338 eorum
795 5297 944 5352 aeque
987 5282 1072 5352 qui
1120 5282 1362 5333 sentiunt
1409 5281 1473 5334 de
1505 5282 1594 5335 illo
1641 5285 1692 5335 in

154 5372 386 5438 bonitate,
431 5384 483 5430 et
530 5377 582 5429 in
631 5375 974 5441 simplicitate
1028 5373 1208 5427 cordis
1238 5380 1489 5440 qumrunt
1543 5372 1690 5426 illum

152 5461 291 5532 (Sep.
323 5467 380 5534 ι).

220 5553 281 5606 Et
310 5573 412 5624 ego,
439 5563 627 5628 inquit,
663 5560 937 5613 nesciebam
972 5576 1107 5613 eum.
1149 5557 1406 5617 Subamli,
1438 5565 1541 5609 tam
1567 5559 1692 5612 sub-

159 5646 330 5708 tiliter.
381 5665 524 5717 quam
575 5654 628 5704 in
661 5651 860 5720 Spiritu
912 5651 963 5704 in
1019 5665 1140 5704 eum
1187 5649 1546 5703 descendente
1597 5665 1689 5702 co-

157 5751 316 5802 gnovL

412 5835 674 5894 Persen.
723 5835 887 5896 XCII

1797 4533 2046 4583 vobiscum
2077 4532 2127 4582 in
2159 4541 2428 4594 internum,
2478 4528 2731 4598 Spiritum
2757 4530 2979 4582 veritatis
3005 4530 3186 4597 (Joan.
3228 4538 3358 4599 xw).

1799 4623 1861 4674 [ﬁt
1893 4623 2046 4690 paulu
2074 4630 2192 4689 post
2243 4639 2254 4673 :
2288 4619 2421 4685 Quia
2465 4625 2608 4688 apud
2642 4636 2726 4673 vos
2757 4622 2999 4685 manebit,
3046 4632 3092 4675 et
3131 4625 3183 4675 in
3227 4626 3366 4681 vobis

1793 4714 1886 4766 erit
1919 4711 2126 4782 (Ibid).
2161 4712 2215 4766 Si
2246 4712 2386 4766 enim
2416 4712 2553 4779 apud
2585 4724 2770 4765 servos
2809 4711 2902 4765 Dei
2931 4712 3129 4767 electos
3159 4727 3358 4781 manet,

1795 4814 1848 4858 ct
1873 4804 1923 4858 in
1977 4803 2080 4873 illis
2126 4804 2226 4858 erit
2282 4803 2530 4874 Spiritus,
2580 4803 2704 4872 quid
2756 4804 2931 4872 magni
2978 4814 3060 4859 est
3105 4805 3214 4860 ﬁlio
3244 4807 3361 4874 Dei,

1793 4896 1931 4964 quod
1965 4895 2015 4947 in
2049 4895 2163 4963 ipso
2194 4909 2412 4950 manere
2455 4896 2684 4962 Spiritus
2719 4896 3026 4948 astruaturl
3057 4895 3352 4951 Notandum

1792 5000 1921 5054 ergo
1953 4986 2092 5054 quod
2132 5001 2344 5054 semper
2373 4986 2425 5040 in
2451 4985 2677 5041 Domino
2709 4987 2963 5042 manserit
2989 4989 3216 5056 Spiritus
3241 5005 3357 5045 san-

1793 5087 1941 5142 ctus;
1976 5078 2026 5130 in
2058 5079 2254 5132 sanctis
2286 5089 2458 5133 autem
2493 5078 2813 5142 hominibus,
2850 5081 3082 5149 quandiu
3136 5085 3360 5137 mortale

1793 5188 1992 5240 corpus
2034 5174 2406 5242 gestaverint,
2460 5171 2651 5240 partim
2703 5183 2916 5225 maneat
2975 5175 3024 5225 in
3081 5186 3355 5239 :rternnm,

1796 5264 1984 5330 partim
2037 5263 2302 5316 rediturus
2349 5262 2584 5316 recedat.
2633 5261 2805 5316 Manet
2832 5262 3024 5330 quippe
3063 5264 3199 5330 apud
3243 5281 3359 5333 eos,

1795 5365 1850 5406 ut
1883 5354 2034 5408 bonis
2063 5354 2312 5408 insistant
2338 5355 2566 5418 actibus,
2599 5353 2958 5407 voluntariam
2991 5365 3356 5420 paupertatem

1793 5447 2036 5515 diligant,
2067 5446 2525 5505 mansuetudinem
2557 5455 2867 5514 sequantur,
2903 5459 2995 5512 pro
3036 5451 3361 5499 aeternorum

1793 5535 2060 5589 desiderio
2093 5538 2323 5604 lugeant,
2355 5539 2594 5590 esuriant
2621 5546 2676 5589 et
2724 5535 2902 5589 sitiant
2945 5534 3230 5602 justitiam,
3262 5537 3364 5589 mi-

1794 5628 2165 5693 sericordiam,
2215 5628 2523 5681 munditiam
2572 5628 2772 5689 cordis.
2824 5636 2878 5679 et
2929 5627 3363 5694 tranquillitatem

1797 5716 1936 5787 pacis
1968 5720 2390 5788 amplectantur;
2425 5721 2516 5774 scil
2545 5729 2598 5775 et
2630 5735 2722 5789 pro
2751 5720 3124 5773 observatione
3148 5718 3363 5786 leSiIli'J!

2848 5835 2918 5895 21
