3822 6226
518 359 611 413 651

517 473 931 545 persecutionem
979 473 1082 539 pati
1130 489 1231 527 non
1276 485 1556 528 vereantur
1600 496 1610 528 :

515 564 863 631 orationibus,
906 562 1140 630 jejuniis,
1188 565 1499 633 cmtcrisque
1543 566 1771 634 Spiritus
1803 567 2059 621 fructibus

516 656 757 723 insistere
787 650 1108 706 desiderent.
1145 651 1364 706 Recedit
1391 663 1568 707 autem
1613 653 1677 708 ad
1708 664 1944 724 tempus,
1994 671 2057 711 ne

516 759 725 813 semper
753 743 990 797 infirmos
1013 743 1259 806 curandi,
1290 751 1343 797 et
1372 742 1640 797 daemones
1672 745 1937 814 ejiciendi,
1971 748 2055 801 vel

514 835 668 890 etiam
703 832 1047 904 prophetandi
1092 831 1295 898 possint
1341 831 1538 887 habere
1583 833 1852 887 virtutem.
1883 834 2058 888 Manet

510 938 750 995 semper,
779 932 832 977 ut
863 922 1171 976 mirabiliter
1200 921 1298 992 ipsi
1322 923 1514 977 vivant.
1540 923 1691 978 Venit
1729 924 1790 977 ad
1812 934 2015 994 tempus
2038 968 2052 992 ,

509 1017 757 1072 utetiam
803 1016 918 1069 aliis
961 1029 1055 1083 per
1104 1014 1477 1070 miraculorum
1509 1017 1679 1085 signa,
1722 1018 1903 1084 quales
1948 1019 2056 1073 sint

511 1108 675 1175 intus,
703 1105 1001 1175 eﬂ’nlgeant.

584 1194 645 1263 Et
672 1209 781 1262 ego,
805 1191 859 1246 in
880 1192 993 1259 init,
1026 1192 1146 1256 vidi,
1184 1202 1229 1245 et
1275 1192 1613 1246 testimonium
1642 1193 1891 1263 perhibui,
1933 1194 2049 1261 quia

508 1283 587 1336 hic
612 1291 681 1337 est
710 1281 873 1335 Filius
906 1281 1019 1335 Dei.
1050 1280 1213 1349 Supra
1243 1270 1446 1336 dixerat
1478 1299 1489 1334 :
1525 1282 1649 1336 Post
1677 1298 1754 1336 me
1782 1285 1911 1337 venit
1950 1286 2045 1348 uir,

503 1373 586 1442 qui
614 1381 729 1424 ante
759 1386 837 1422 me
883 1374 1045 1439 factus
1075 1381 1182 1434 est;
1213 1388 1351 1433 nunc
1381 1371 1737 1425 testimonium
1784 1374 2044 1440 perhibet,

506 1463 624 1530 quia
652 1462 738 1516 hic
764 1468 843 1514 est
877 1459 1041 1513 Filius
1069 1459 1183 1524 Dei,
1212 1461 1480 1529 utriusque
1506 1472 1705 1516 natura:
1746 1463 2042 1526 veritatem,

500 1562 552 1608 et
595 1554 836 1607 humanae
878 1551 1121 1606 videlicet
1163 1564 1215 1606 et
1265 1553 1477 1619 divinae,
1505 1555 1557 1607 in
1611 1569 1712 1608 una
1757 1556 2045 1623 eademque

500 1640 692 1696 Christi
722 1656 944 1710 persona
981 1641 1256 1697 manifeste
1281 1642 1582 1711 designans.
1618 1644 1909 1698 Erubescat
1932 1644 2043 1697 Ma-

501 1731 740 1785 nicba‘us
768 1729 990 1785 audiens
1037 1748 1052 1785 :
1104 1730 1251 1784 Venit
1282 1733 1373 1785 vir.
1408 1732 1741 1787 Conticescat
1786 1733 2041 1789 Photinus

934 355 1134 413 DEDIE
1178 357 1614 417 VENERABILIS
1651 362 1796 418 OPP.
1840 362 2013 418 PAllS
2058 364 2118 417 ll.
2162 362 2353 417 SECT.
2398 364 2436 416 Ι.
2481 391 2546 407 -
2579 364 2958 431 EXEGETICA
2996 365 3312 425 GENUINA.
3604 377 3678 432 652

1664 476 2013 546 eleemosynis
2037 521 2049 544 ,
2088 483 2129 536 Α
2158 478 2351 545 jestate
2382 460 2688 545 ‘descendit,
2719 490 2775 533 ut
2822 491 3033 550 possent
3078 482 3322 553 discipuli
3372 491 3676 557 contemplari

2168 568 2347 629 faciem
2400 568 2554 624 illius.
2607 570 2875 624 Convertit
2918 586 2998 637 se,
3040 580 3094 624 ut
3120 586 3185 625 ex
3232 572 3348 643 lege
3377 587 3406 625 a
3436 572 3669 641 discipulis

2162 665 2519 711 cernerentur.
2544 656 2839 712 Conversus
2868 668 3063 712 autem.
3090 669 3141 713 et
3163 659 3347 715 videns
3374 674 3467 715 eos
3488 676 3669 728 sequen-

2164 754 2241 798 tes
2265 759 2341 811 se,

2232 832 2371 905 Dixit
2399 850 2416 891 :
2448 833 2581 901 Quid
2610 835 2865 903 queritis?
2890 834 3006 891 Non
3030 840 3176 906 quasi
3205 840 3449 909 ignorans
3478 842 3670 896 interro-

2156 933 2263 993 gat,
2288 924 2379 978 sed
2414 924 2697 994 interrogat
2724 932 2779 977 ut
2806 927 3102 982 mercedem
3134 928 3357 984 habeant
3386 931 3672 994 responden-

2159 1022 2255 1066 tes.
2292 1012 2423 1076 Quid
2447 1012 2707 1080 queritis?
2731 1011 2844 1064 Non
2879 1014 3034 1081 dixit,
3075 1015 3237 1082 Quem
3267 1016 3530 1083 quaeritis?
3553 1033 3608 1071 ne
3629 1036 3672 1074 se

2154 1101 2421 1155 videretur
2461 1103 2767 1166 ostendere,
2796 1101 2888 1154 sed
2920 1101 3060 1168 Quid
3097 1104 3359 1173 queritis?
3391 1106 3512 1160 Item
3542 1107 3671 1160 inti-r-

2153 1197 2324 1258 rogat,
2355 1199 2409 1242 ut
2438 1190 2510 1243 illi
2542 1205 2818 1257 personam
2844 1190 3161 1258 significent.
3180 1193 3333 1259 Quid
3353 1196 3599 1264 qutert'tis?

2222 1281 2321 1347 Qui
2344 1282 2582 1337 dixerunt
2603 1284 2684 1340 ei:
2709 1283 2888 1337 Rabiri.
2917 1284 3029 1351 Ipsa
3048 1284 3330 1351 appellatio
3352 1288 3668 1354 responsionis

2150 1374 2395 1426 indicium
2424 1381 2507 1427 est
2536 1374 2678 1428 fidei.
2707 1369 3093 1440 Quando'enim
3131 1374 3314 1427 dicunt
3348 1374 3523 1439 (tuabi,
3553 1380 3665 1445 quod

2147 1463 2451 1532 intelligitur
2493 1466 2751 1536 magister,
2782 1475 2836 1519 et
2862 1473 3153 1534 sequuntur
3179 1479 3320 1527 eum,
3356 1464 3533 1535 utique
3577 1484 3667 1521 ma-

2146 1556 2365 1620 gistrum
2397 1563 2704 1622 sequuntur,
2737 1564 2790 1608 et
2813 1556 3025 1609 dicunt:

2219 1641 2313 1695 Ubi
2359 1644 2589 1697 habitas?
2640 1644 2771 1697 Dicit
2798 1646 2871 1698 eis
2900 1661 2919 1700 :
2954 1644 3152 1710 Venite,
3193 1656 3238 1699 et
3289 1645 3465 1700 uidete.
3500 1646 3665 1702 Volunt

2144 1730 2499 1785 habitaculum
2543 1747 2699 1787 nosse
2725 1733 2871 1799 Jesu,
2898 1734 3077 1788 volunt
3108 1734 3205 1788 sibi
3237 1735 3439 1801 ostendi
3487 1735 3663 1804 qualem

500 1823 717 1878 audiens
750 1840 763 1875 :
796 1821 896 1876 Hie
923 1832 993 1877 est
1027 1820 1196 1878 Filius
1245 1824 1359 1878 Dei.
1391 1826 1614 1879 Audiant
1658 1828 1944 1890 mansueti,
1992 1837 2037 1881 et
2070 1822 2113 1881 Β
2147 1823 2529 1880 habitationem
2562 1825 2749 1879 habeat
2772 1826 3033 1894 Salvator,
3060 1836 3115 1880 ut
3139 1842 3257 1881 cum
3291 1828 3377 1884 itte
3402 1830 3665 1884 ostenderit

495 1913 745 1978 (celentur,
775 1914 897 1982 quia
917 1913 1057 1967 venit
1084 1912 1162 1967 vir
1184 1923 1299 1981 post
1321 1913 1576 1969 Joannem
1601 1913 1786 1968 fortior
1809 1916 2035 1979 Joanne,

485 2004 588 2071 qui
619 2002 844 2070 baptizat
875 2001 1070 2071 Spiritu
1118 2012 1319 2067 sancto,
1376 2012 1428 2057 et
1467 2005 1584 2070 quia
1636 2004 1719 2057 hic
1748 2014 1827 2059 est
1873 2004 2040 2059 Filius

492 2094 605 2148 Dei.
634 2094 764 2160 Quia
810 2095 946 2148 enim
973 2108 1067 2162 per
1111 2093 1407 2161 superbiam
1459 2094 1773 2149 recessimus
1813 2108 1842 2147 a
1884 2095 1993 2149 Deo
2018 2136 2035 2159 ,

498 2184 659 2239 Filius
691 2200 781 2253 per
809 2183 1216 2239 misericordiam
1249 2183 1413 2238 factus
1456 2193 1536 2238 est
1567 2184 1724 2239 homo
1752 2195 1857 2251 ,‘ut
1898 2184 2034 2239 idem

489 2276 605 2344 ipse
643 2284 696 2329 et
726 2290 816 2343 per
844 2274 1166 2328 divinitatem
1198 2272 1370 2337 Patri,
1418 2283 1471 2328 et
1516 2288 1609 2342 per
1638 2274 2029 2328 humanitatem

487 2374 797 2433 congrueret
822 2360 1005 2428 nohis;
1037 2377 1098 2417 ac
1131 2377 1225 2430 per
1253 2362 1631 2435 humanitatem
1664 2374 1858 2416 nostra:
1884 2364 2034 2416 simi-

491 2456 618 2521 lem,
649 2470 743 2523 pro
790 2456 941 2509 nobis
967 2468 1090 2507 cum
1123 2454 1279 2509 hoste
1304 2453 1607 2522 c0nfligere,
1666 2468 1758 2522 per
1784 2453 2032 2507 divinita-

488 2555 594 2598 tem
625 2544 762 2598 Patri
792 2546 1306 2612 consubstantialem,
1337 2544 1401 2599 ad
1450 2545 1727 2615 imaginem
1770 2559 1865 2599 nos
1913 2544 2028 2607 Dei,

485 2648 537 2691 et
569 2635 985 2701 similitudinem,
1019 2650 1172 2704 quam
1222 2634 1491 2703 peccando
1518 2636 1813 2699 amisimus,
1847 2645 2033 2703 posset

485 2727 641 2795 digne
668 2726 887 2781 recitare
908 2770 921 2793 ,
957 2742 1050 2794 per
1096 2734 1292 2781 nostra:
1321 2735 1539 2780 mortem
1570 2724 1875 2794 fragilitatis
1929 2742 2027 2779 oe-

484 2824 711 2870 strueret
743 2830 860 2870 eum
891 2815 979 2883 qui
1011 2814 1236 2869 habebat
1263 2815 1449 2869 mortis
1498 2816 1800 2883 imperium,
1848 2823 1900 2867 et
1930 2829 2023 2883 per

483 2904 855 2972 impassibilem
873 2919 979 2959 suae
1004 2902 1291 2958 divinitatis
1313 2903 1621 2973 potentiam,
1656 2904 2025 2959 reconciliaret

484 3008 580 3048 nos
604 2994 707 3047 Deo
738 2993 897 3047 Patri.

552 3082 763 3155 Stabant
790 3080 1041 3147 Joannes,
1071 3092 1116 3135 et
1142 3099 1206 3136 ex
1232 3083 1496 3152 discipulis
1527 3086 1637 3155 ejus
1666 3085 1787 3140 duo.
1838 3084 2023 3139 Stabat

2142 1914 2193 1967 in
2241 1912 2429 1980 quibus
2480 1913 2727 1968 Christus
2771 1915 2989 1981 habitet,
3023 1917 3152 1971 tales
3197 1930 3255 1971 se
3310 1916 3599 1982 exhibeant,
3626 1922 3665 1973 in

2140 2005 2328 2073 quibus
2351 2004 2514 2071 possit
2544 2004 2793 2058 Dominus
2820 2006 3087 2071 habitare;
3116 2018 3164 2060 et
3186 2006 3315 2061 dixit
3344 2008 3421 2061 eis
3450 2024 3462 2059 :
3503 2007 3662 2071 Venite,

2139 2104 2187 2146 et
2213 2094 2390 2146 uidete.
2416 2093 2583 2147 Vultis
2608 2094 2790 2149 videre
2812 2094 3164 2150 habitaculum
3189 2097 3408 2151 meum?
3434 2095 3665 2152 Sermone

2140 2185 2389 2251 explicari
2421 2200 2522 2239 non
2553 2195 2745 2253 potest,
2783 2200 2943 2254 opere
2970 2186 3379 2241 demonstratur.
3420 2187 3601 2253 Venite,
3627 2203 3664 2241 et

2140 2276 2322 2328 videte.
2352 2275 2439 2329 Isti
2490 2262 2698 2343 quidem
2748 2276 3049 2330 testimonio
3095 2277 3222 2346 legis
3274 2288 3539 2343 venerant,
3560 2280 3661 2346 quia

2135 2364 2309 2416 statim
2342 2364 2391 2416 in
2423 2364 2536 2431 ipso
2566 2365 2778 2419 nomine
2809 2366 3147 2427 confitentur.
3176 2375 3229 2419 et
3274 2366 3458 2420 dicunt
3503 2366 3660 2427 ltubbi,

2141 2457 2280 2525 quod
2308 2456 2685 2525 interpretatur
2707 2457 2960 2526 magister.
2983 2454 3136 2511 Jesns
3157 2465 3330 2511 antem
3354 2458 3655 2527 respondens

2135 2546 2234 2611 eis,
2268 2546 2399 2598 dixit
2432 2564 2443 2597 :
2482 2546 2585 2599 Vos
2630 2556 2824 2607 autem,
2858 2547 2945 2613 qui
2992 2545 3230 2614 discipuli
3280 2550 3409 2601 estis
3449 2550 3659 2608 Joannis,

2136 2636 2224 2705 qui
2251 2651 2311 2689 ex
2349 2638 2463 2704 ipso
2508 2638 2716 2689 nomine
2765 2636 3150 2690 confessionem
3199 2646 3425 2690 vestram
3470 2639 3659 2693 demon-

2133 2725 2335 2793 stratis,
2368 2737 2418 2778 et
2446 2726 2618 2779 dicitis
2653 2726 2838 2790 ﬂabbi,
2866 2727 3024 2779 uenite
3066 2735 3112 2779 et
3144 2728 3302 2781 videte
3354 2729 3436 2782 ubi
3477 2746 3659 2784 maneo.

2204 2812 2497 2878 Venerunt,
2544 2823 2590 2867 et
2639 2816 2869 2868 viderunt
2909 2815 2990 2868 ubi
3036 2826 3291 2883 maneret,
3319 2827 3368 2872 et
3394 2821 3527 2889 apud
3569 2834 3663 2875 cum

2136 2914 2427 2956 manserunt
2480 2904 2562 2957 die
2617 2903 2726 2958 illo.
2759 2900 2888 2969 Quia
2936 2905 3236 2974 credebant,
3284 2908 3464 2962 nonin
3519 2920 3659 2963 novte

2129 3004 2456 3060 manserunt,
2488 2994 2580 3047 sed
2613 2994 2661 3047 in
2692 2994 2794 3048 die.
2823 2994 2929 3048 Nox
2965 2996 3051 3049 illa
3105 2998 3345 3051 tenebras
3376 3014 3475 3052 non
3507 3000 3650 3053 liabe-

2131 3082 2235 3149 bat,
2270 3084 2354 3137 ubi
2398 3093 2512 3137 erat
2544 3083 2669 3137 fides
2720 3086 2826 3138 veri
2863 3084 3094 3149 luminis,
3123 3094 3176 3138 et
3201 3084 3337 3155 apud
3366 3100 3487 3141 eum
3530 3103 3654 3141 man-

477 3148 737 3239 Joannes:
756 3174 877 3243 quia
908 3173 1159 3229 credebat
1187 3174 1241 3228 in
1274 3148 1516 3241 Domino,
1544 3148 1610 3228 vet
1637 3176 1743 3230 duo
1775 3176 1841 3230 de
1862 3177 2021 3230 dLsci-
2053 3149 2096 3210 (ἶ
2131 3180 2311 3225 serunt
2340 3170 2424 3225 die
2456 3171 2563 3225 iilo.

479 3268 611 3333 palis
639 3266 772 3335 ejus.
804 3266 993 3321 Statim
1025 3267 1163 3321 enim
1197 3268 1562 3331 crediderunt,
1597 3278 1650 3321 et
1696 3269 1863 3324 secuti
1914 3283 2025 3320 am-

477 3355 761 3409 bulantem.
822 3352 1083 3409 Debemus
1150 3354 1354 3423 singula
1413 3355 1803 3422 Scripturarum
1863 3357 2017 3410 verba

477 3455 718 3508 tractare,
750 3458 911 3513 quare
936 3443 1164 3499 Joannes
1192 3453 1356 3510 stans,
1391 3453 1444 3498 et
1470 3445 1722 3501 Dominus
1746 3446 2017 3499 ambulans

476 3535 683 3588 dicitur.

546 3625 610 3676 Et
640 3626 886 3695 aspiciens
909 3625 937 3677 .l
947 3641 1087 3680 esum
1116 3625 1471 3689 ambulantem,
1498 3626 1618 3678 dicit
1642 3640 1659 3677 :
1690 3624 1816 3677 Ecce
1842 3626 2014 3695 Agnus

478 3716 591 3771 Dei.
640 3720 818 3783 Agnus
874 3716 1262 3780 immaculatns,
1307 3729 1471 3785 agnus
1500 3716 1792 3780 anniculus,
1842 3715 2015 3783 Agnus

471 3806 556 3871 qui
581 3802 709 3857 tollit
758 3813 963 3873 peccata
995 3806 1192 3870 mundi,
1224 3807 1403 3873 Agnus
1432 3808 1517 3873 qui
1549 3808 2011 3859 exterminatorent

472 3892 684 3962 Egypti
731 3893 971 3962 populum
1021 3892 1177 3947 Israel
1226 3904 1497 3961 percutere
1544 3910 1645 3947 non
1697 3894 1838 3948 sinit.
1883 3894 2013 3947 Ecce

468 4002 628 4055 agnus
655 3984 781 4050 Dei;
807 3994 857 4038 et
895 3984 1167 4039 audierunt
1197 4000 1314 4038 eum
1351 3984 1626 4052 discipuli;
1658 4000 1818 4053 quare
1849 3986 2009 4036 voluit

468 4080 662 4141 dicere,
700 4093 826 4130 ecce.
874 4076 1090 4142 Quando
1118 4076 1305 4128 dicitur
1343 4090 1474 4139 ecce,
1505 4074 1889 4143 quodammodo
1920 4074 2004 4127 ille

466 4170 552 4237 qui
583 4168 876 4221 ostenditur
903 4167 1065 4234 digito
1115 4167 1532 4219 demonstratur.
1578 4165 1707 4219 Dicit
1738 4165 1802 4217 ad
1851 4165 2012 4217 disci-

467 4263 615 4329 pulos
666 4273 787 4312 suos
832 4276 845 4310 :
897 4257 1031 4323 Quid
1081 4273 1155 4311 me
1192 4258 1497 4325 sequimini?
1552 4257 1674 4321 quid
1726 4271 1807 4309 me
1864 4266 2013 4323 puta—

466 4351 533 4403 tis
590 4350 892 4419 magistrum
944 4348 1174 4401 habere?
1223 4346 1352 4399 Ecce
1382 4348 1551 4415 Agnus
1584 4344 1874 4409 Dei;illum
1920 4361 2008 4399 se-

465 4446 726 4517 quimini:
776 4444 919 4496 illum
974 4449 1163 4508 Oportet
1202 4454 1577 4517 cresceretme
1617 4449 1780 4491 autent
1826 4440 2001 4491 minui.

2200 3260 2345 3314 Hora
2390 3273 2555 3316 autent
2582 3273 2687 3315 erat
2714 3264 2861 3331 quasi
2903 3263 3116 3316 decima.
3147 3262 3219 3318 EI
3257 3263 3372 3335 lege
3400 3267 3654 3320 veniebant

2126 3352 2192 3405 ad
2227 3354 2581 3420 Evangelium,
2614 3353 2678 3407 ad
2710 3353 2863 3407 ﬁdem
2905 3351 3099 3407 Christi
3129 3352 3366 3410 mittebat
3396 3356 3515 3412 illos
3543 3358 3655 3423 legis

2131 3441 2433 3511 Dccalogus.

2199 3535 2320 3587 Erat
2368 3544 2535 3587 autem
2578 3535 2803 3587 Andreas
2830 3535 2988 3603 frater
3016 3532 3237 3587 Simonis
3270 3532 3430 3600 Petri,
3461 3550 3585 3588 unus
3606 3551 3657 3587 es

2127 3628 2341 3693 duobus,
2360 3628 2441 3694 qui
2465 3627 2729 3678 audierant
2761 3642 2790 3677 a
2819 3625 3036 3690 Joanne,
3064 3637 3109 3679 et
3129 3628 3283 3678 secuti
3312 3628 3512 3693 fuerant
3538 3645 3652 3680 eum.

2124 3718 2177 3770 lu
2204 3718 2303 3770 fide
2334 3731 2437 3770 non
2469 3726 2548 3768 cst
2570 3715 2721 3769 ordo.
2749 3715 2827 3769 Ub
2852 3729 3058 3783 cunque
3082 3712 3250 3768 ﬁdelis
3273 3725 3354 3770 est
3380 3717 3567 3780 anima,
3594 3717 3653 3770 ibi

2122 3819 2377 3857 annorum
2435 3803 2713 3856 multitudo
2766 3817 2867 3855 non
2934 3802 3205 3871 quaeritur,
3266 3818 3362 3857 nec
3418 3806 3651 3871 paucitas.

2120 3896 2355 3949 Andreas
2408 3895 2581 3947 mittor
2637 3904 2746 3947 erat
2807 3894 3022 3949 Simone
3075 3895 3249 3960 Petro,
3281 3908 3333 3949 et
3365 3907 3533 3951 tamen
3563 3912 3649 3951 non

2118 3989 2365 4052 quaeritur
2402 3984 2568 4038 inlatis
2615 3985 2789 4048 modo,
2820 3986 2909 4038 sed
2966 3986 3102 4038 fidei.
3132 3985 3312 4038 Jesum
3362 3990 3555 4054 primus
3586 3989 3652 4040 in-

2117 4074 2277 4126 venit.
2330 4075 2451 4125 lirat
2495 4082 2667 4126 autem
2715 4072 2952 4126 Andreas
3007 4072 3168 4126 frater
3217 4074 3448 4127 Simonis
3504 4075 3648 4136 Petri,

2119 4179 2252 4217 unus
2283 4179 2345 4216 ex
2388 4163 2608 4215 duobus.
2656 4160 2763 4214 Nisi
2798 4162 2930 4214 forte
2961 4170 3012 4215 et
3042 4162 3151 4215 hinc
3178 4163 3401 4232 dignitas
3442 4175 3525 4219 est
3559 4169 3646 4217 An-

2118 4255 2279 4316 drem,
2319 4252 2433 4319 quia
2464 4250 2599 4303 Petri
2632 4251 2923 4318 appellatur
2953 4249 3132 4315 frater,
3162 4268 3321 4321 super
3355 4268 3511 4323 quam
3552 4264 3651 4308 erat

2118 4352 2294 4413 postea
2328 4341 2586 4394 fundanda
2621 4340 2871 4393 Ecclesia.

2187 4435 2285 4500 Qui
2313 4434 2573 4486 audierant
2602 4449 2633 4485 a
2658 4429 2872 4495 Joanne,
2898 4440 2941 4484 et
2968 4432 3120 4485 secuti
3137 4436 3332 4499 fuerant
3362 4451 3494 4486 eum.
3516 4432 3647 4485 Inse-

466 4501 627 4593 iiiemo
643 4536 955 4605 prudentum
977 4546 1093 4585 eum
1118 4530 1205 4598 qui
1230 4512 1821 4597 tninnitursequitur,et
1848 4530 2004 4584 relin-
2036 4501 2082 4558 θ
2114 4527 2182 4577 nit
2228 4526 2306 4575 hic
2333 4527 2548 4592 primum
2593 4527 2795 4592 fratrem
2832 4538 2996 4575 suum.
3026 4523 3070 4576 0
3106 4537 3226 4575 vera
3258 4525 3443 4591 pietas!
3475 4524 3648 4578 Statim

462 4631 575 4699 quit
603 4641 721 4681 eum
754 4625 837 4693 qui
868 4621 1072 4676 crescit.

532 4719 595 4771 Et
626 4718 891 4770 audierunt
912 4730 1022 4767 eunt
1050 4714 1148 4765 duo
1174 4713 1411 4779 discipuli
1442 4710 1742 4781 loquentem.
1778 4713 2005 4779 Magistri

462 4811 735 4878 imperium
787 4818 906 4861 sunt
954 4806 1140 4862 secuti.
1193 4806 1566 4859 Testimonium
1617 4806 1830 4858 Joannis
1876 4805 2005 4858 fides

460 4910 540 4954 est
568 4897 962 4965 discipulorum.

526 4989 588 5041 Et
638 4991 793 5041 secuti
842 4998 955 5039 sunt
986 4986 1177 5039 Jesum.
1215 4987 1504 5054 Sequentes
1549 4986 1747 5049 Jesum,
1778 4986 1973 5054 relique

457 5092 574 5133 runt
604 5079 855 5133 Joannem
880 5094 893 5140 ;
930 5086 1207 5145 sequentes
1237 5075 1598 5143 Evangelium,
1620 5074 1785 5141 legem
1810 5076 1998 5127 amise-

455 5183 594 5233 runt,
627 5172 713 5223 Sic
741 5179 911 5223 tamen
944 5169 1107 5223 secuti
1130 5179 1249 5223 sunt
1280 5166 1640 5236 Evattgelium,
1676 5177 1730 5219 ut
1762 5168 1997 5219 testimo-

455 5262 543 5316 nio
570 5269 839 5315 uterentur
868 5276 898 5313 θ
930 5261 1061 5327 lege.

515 5352 789 5406 Conversus
842 5360 1003 5403 autent
1041 5347 1214 5409 Iesus,
1271 5362 1315 5399 et
1372 5350 1537 5401 ridens
1588 5366 1698 5402 00a.
1756 5348 1995 5415 Discipuli

452 5442 671 5496 Joannis
717 5442 951 5495 cominus
983 5452 1034 5494 et
1064 5456 1243 5493 coram
1287 5450 1559 5492 antecessu
1590 5439 1766 5491 Jcsnm
1820 5439 1997 5492 videre

455 5551 552 5585 non
584 5543 841 5603 poterant,
874 5532 963 5585 sed
1013 5540 1211 5598 tergum
1261 5530 1398 5583 illius
1424 5530 1797 5595 sequebantur,
1834 5542 1886 5582 ut
1917 5531 1995 5581 vi-

453 5628 651 5678 derent.
682 5624 820 5691 Ergo
852 5624 921 5676 illi
956 5624 1192 5691 discipuli
1224 5624 1404 5675 faciem
1454 5622 1655 5675 Domini
1686 5622 1859 5676 vidi-re
1892 5638 1991 5674 non

452 5726 705 5781 poterant.
754 5714 1021 5788 Convegtit
1046 5731 1121 5781 se,
1155 5725 1208 5769 et
1238 5713 1619 5782 quodammodo
1648 5716 1709 5769 dc
1754 5729 1843 5768 sua
1880 5731 1989 5766 ιῖείι-

2116 4624 2172 4669 nt
2202 4614 2395 4668 invenit
2426 4613 2623 4677 Jesum,
2657 4614 2830 4665 statim
2862 4623 2916 4666 ut
2945 4613 3141 4668 invenit
3165 4614 3522 4683 margaritam,
3554 4624 3647 4668 sta.

2115 4708 2205 4759 tim
2259 4715 2308 4758 ut
2360 4706 2554 4758 invenit
2606 4707 2929 4767 thesaurum,
2982 4704 3127 4759 fratri
3168 4708 3400 4770 nuntiat,
3442 4706 3643 4759 fratrem

2110 4811 2263 4848 suum
2307 4796 2571 4850 Simonem
2629 4802 2800 4860 vocat,
2833 4794 3044 4849 fratrem
3092 4810 3193 4849 non
3245 4807 3347 4849 tam
3407 4795 3647 4864 sanguine

2111 4904 2265 4955 quant
2307 4889 2510 4954 spiritu.
2544 4889 2707 4953 Quem
2742 4887 2954 4940 fratrem
2988 4887 3213 4940 habebat
3240 4887 3579 4954 germanitate
3603 4901 3649 4940 et

2114 4980 2386 5049 sanguine,
2417 4979 2574 5033 voluit
2622 4980 2814 5033 habere
2842 4988 2895 5032 et
2942 4979 3043 5031 fide
3075 4992 3423 5047 germanum;
3456 4989 3509 5033 et
3536 4978 3647 5031 dicit

2104 5070 2198 5125 Ci:

2176 5163 2469 5215 Invenimus
2524 5162 2781 5215 Messium.
2816 5159 2980 5213 Nemo
3022 5159 3244 5223 invenit,
3276 5160 3373 5213 nisi
3403 5161 3489 5230 qui
3522 5173 3645 5227 qua~

2102 5259 2187 5309 rit.
2226 5258 2323 5311 Iste
2349 5259 2433 5324 qui
2486 5254 2747 5308 invenisse
2784 5253 2931 5317 dicit,
2963 5252 3189 5306 ostendit
3233 5254 3352 5320 quia
3392 5246 3488 5304 diu
3517 5266 3647 5321 qna:-

2101 5348 2268 5401 sierit.

2171 5440 2459 5491 Invenimus
2481 5436 2733 5495 Messium,
2755 5437 2887 5503 quod
2906 5444 2979 5488 est
3005 5435 3383 5500 interpretatum
3403 5430 3643 5484 Christus.

2103 5532 2196 5583 Diu
2228 5529 2567 5597 quaesivimus
2612 5528 2873 5579 Christum
2906 5526 2956 5577 in
2986 5527 3029 5595 Μ
3072 5540 3151 5589 se,
3188 5528 3238 5577 in
3270 5524 3514 5578 omnibus
3540 5538 3645 5590 pru-

2100 5622 2302 5687 phetis;
2334 5628 2385 5672 et
2419 5634 2572 5686 quem
2603 5617 2838 5669 invenire
2884 5616 3251 5681 cupiebatnus,
3287 5615 3393 5682 ipse
3424 5629 3519 5669 nos
3572 5614 3645 5664 lno

2102 5716 2256 5775 \Cltll,
2290 5723 2338 5766 ct
2370 5711 2565 5765 inventi
2597 5711 2913 5764 invenimus.
