3822 6226
120 415 203 470 555
991 403 1051 454 ΙΝ
1094 402 1148 455 S.
1194 400 1463 455 JUANNIS
1509 398 1947 454 EVANGICLIUM
1995 396 2374 452 EXI‘USITIO.

3205 395 3311 447 655

178 521 232 574 Et
256 517 454 570 adduxit
483 530 589 565 cum
640 513 708 563 ad
736 510 928 565 Jesum.
959 509 1072 563 Non
1103 510 1415 577 dedignatur
1461 489 1629 578 major
1662 523 1708 578 Α
1735 518 1779 562 ct
1813 508 1976 562 Petri.
2029 508 2138 561 Non
2172 519 2252 561 est
2299 508 2557 575 putandus
2610 507 2931 577 evangelista
2990 508 3204 562 fortuito
3259 521 3314 564 et

123 612 340 665 minorem
383 605 545 671 sequi,
574 601 698 670 quia
746 614 846 652 non
878 610 989 651 erat
1019 600 1150 651 ordo
1182 599 1370 664 (etatis,
1403 599 1487 650 ubi
1519 608 1634 650 erat
1673 587 1678 590 ’

122 701 327 756 meritum
359 695 488 747 fidei.

179 791 370 843 lntaitus
394 797 552 838 autem
574 799 690 837 eum
712 782 884 849 Iesus,
917 780 1043 833 dixit
1070 796 1082 833 ε
1118 778 1192 831 Tu
1215 795 1264 831 es
1290 779 1468 832 Simon
1499 777 1636 844 ﬁlius

123 884 262 946 tono;
288 890 336 932 tu
363 878 604 930 vocaberis
633 872 848 943 Cephas,
880 873 1012 940 quod
1042 872 1397 940 interpretatur
1430 868 1632 922 Petrus.

124 973 317 1029 Net-dunt
346 966 532 1035 aliquid
561 966 752 1019 Petrus
781 964 994 1030 fecerat,
1023 973 1076 1018 et
1098 962 1203 1030 jam
1236 977 1422 1015 nomen
1449 961 1639 1013 meruit

125 1075 313 1120 mutare.
341 1055 578 1124 Nunquid
624 1055 737 1122 plus
767 1053 1065 1109 crediderat
1093 1052 1335 1108 Andtea‘l
1365 1050 1497 1114 Quid
1529 1064 1640 1102 ma-

121 1157 190 1224 jns
213 1153 339 1212 fecit,
368 1159 420 1201 ut
442 1163 469 1200 a
495 1147 657 1201 fratre
685 1150 799 1215 plus
822 1145 1122 1214 acciperet?
1150 1143 1283 1210 Quid
1309 1142 1476 1212 majus
1501 1142 1636 1193 lece-

127 1243 217 1298 rat?
240 1242 470 1295 Minorem
502 1236 718 1290 fratrem
749 1245 957 1289 secutus
987 1243 1105 1299 est;
1133 1243 1184 1286 et
1210 1246 1365 1301 quem
1413 1230 1638 1285 habebat

121 1330 408 1398 discipulum,
440 1342 540 1381 non
573 1326 886 1394 dedignatus
937 1333 1018 1376 est
1064 1323 1261 1375 habere
1307 1322 1634 1390 magi5trum.

120 1426 241 1479 Turs
267 1420 430 1477 Simon
458 1418 594 1485 ﬁlius
618 1415 773 1470 Jona.
806 1415 962 1476 Jona,
997 1415 1171 1480 lingua
1222 1422 1399 1466 ttostra
1449 1412 1637 1465 dicitur

119 1513 325 1570 columba.
357 1509 431 1563 Tu
457 1523 516 1564 es
544 1521 675 1576 ergo
722 1507 858 1558 filius
887 1505 1044 1568 .luna,
1074 1515 1125 1557 tu
1154 1517 1211 1558 es
1242 1504 1386 1557 filius
1409 1503 1637 1570 Spiritus

122 1604 276 1656 sancti.
301 1601 451 1654 Filius
481 1612 610 1664 ergo
637 1597 669 1650 d
693 1597 831 1649 citur
856 1597 911 1662 S,
933 1596 1103 1662 iritus,
1137 1597 1256 1665 quia
1288 1594 1632 1648 humilitatem

120 1693 174 1748 de
199 1692 370 1762 Spiritu
398 1695 578 1742 sancto
609 1696 906 1754 acceperat.

175 1779 228 1832 In
267 1779 523 1832 crastinum
575 1777 729 1829 voluit
759 1777 895 1829 exire
941 1777 991 1827 in
1037 1773 1328 1839 Galila’am,
1361 1785 1407 1828 et
1437 1775 1634 1828 invenit

1737 597 1933 666 absque
1955 597 2155 651 ratione
2185 597 2404 666 mystica
2437 611 2628 650 nomen
2661 597 2887 653 civitatis
2914 600 2980 655 de
3025 615 3125 669 qua
3166 612 3310 655 esset

1739 670 2025 757 Philippus,
2058 699 2108 742 et
2155 691 2290 756 quod
2322 690 2505 743 eadem
2542 690 2766 745 Andreae
2821 708 3030 763 quoque
3080 705 3133 749 et
3165 695 3308 750 Petri

1740 789 1899 842 esset,
1959 778 2187 831 voluisse
2231 789 2544 844 monstrare,
2578 779 2670 833 sed
2706 795 2800 848 per
2829 797 3018 836 nomen
3056 784 3307 851 civitatis,

1739 869 1934 936 typice,
1968 868 2136 934 qualis
2170 879 2290 921 tunc
2317 868 2427 937 jam
2468 871 2644 923 animo
2676 870 2972 940 Philippus,
3005 874 3173 942 qualis
3193 873 3314 928 offi-

1738 959 1820 1013 cio
1866 970 2009 1013 esset
2063 959 2288 1024 futurus,
2340 962 2525 1029 quales
2561 962 2718 1016 etiam
2766 960 2954 1017 Petrus
2992 963 3312 1020 etAudreas

1737 1052 2020 1106 ostendere
2049 1066 2284 1106 curasse.
2313 1052 2589 1106 Bethsaida
2637 1054 2834 1124 quippe
2864 1053 3058 1109 Domus
3115 1066 3312 1110 venato-

1736 1159 1848 1195 rum
1880 1142 2181 1208 dicitur;et
2209 1152 2488 1198 venatores
2539 1145 2721 1213 utique
2775 1156 2946 1212 erant,
2999 1147 3086 1216 qui
3131 1148 3315 1203 audie-

1741 1233 1868 1286 bant
1897 1246 1925 1284 a
1953 1232 2176 1286 Domino
2211 1251 2220 1285 :
2253 1231 2430 1286 Venite
2461 1244 2574 1301 post
2605 1250 2704 1298 me,
2757 1244 2802 1287 et
2853 1237 3042 1303 faciam
3090 1255 3175 1292 vos
3201 1239 3314 1308 ﬁeri

1737 1324 2011 1392 piscatores
2041 1323 2308 1377 hominum
2338 1323 2550 1390 (Matth.
2595 1325 2689 1395 tv).
2737 1325 2964 1380 Venator
3000 1337 3050 1382 et
3081 1327 3189 1392 illc,
3224 1329 3314 1396 qui

1737 1424 2021 1481 antequam
2080 1413 2145 1468 ad
2202 1413 2594 1482 praedicationis
2640 1416 2869 1470 offlcium
2924 1419 3313 1473 ordinaretur:

1743 1504 1987 1568 Domino,
2009 1512 2262 1572 quantum
2289 1505 2564 1571 capiendis
2592 1505 2657 1558 ad
2690 1507 2851 1558 vitam
2877 1508 3150 1563 animabus
3172 1517 3316 1565 esset

1740 1594 1994 1656 intentus,
2028 1610 2145 1650 mox
2171 1606 2360 1664 sponte
2387 1597 2723 1663 przedicando
2752 1600 3098 1656 monstravit.

1807 1683 2007 1738 Invenit
2033 1686 2165 1739 enim
2199 1685 2516 1750 Nat/tanuel,
2566 1696 2613 1740 et
2659 1687 2779 1740 dicit
2807 1688 2855 1743 ei
2874 1703 2895 1743 :
2921 1689 3080 1755 Quem
3107 1691 3315 1760 scripsit

1742 1772 1908 1827 Moses
1936 1774 1988 1827 in
2017 1775 2142 1845 lege,
2173 1785 2222 1830 et
2268 1777 2543 1842 pmpheta’,
2582 1779 2884 1843 invenimus,
2914 1778 3094 1835 Jestsns
3139 1780 3310 1849 ﬁlius

118 1869 390 1940 Philippum,
421 1876 466 1919 et
493 1866 617 1919 dicit
641 1868 686 1919 ei
715 1882 730 1920 :
756 1865 976 1934 Sequere
1003 1881 1100 1918 me.
1129 1864 1244 1919 .lam
1277 1874 1420 1933 patet
1446 1881 1507 1919 ex
1547 1879 1634 1918 su-
1666 1854 1711 1913 Β
1737 1863 1945 1935 Joseph,
1980 1882 2011 1917 a
2042 1865 2320 1920 Nazareth.
2354 1866 2617 1933 Quantum
2642 1878 2754 1922 rete
2784 1868 2928 1936 fidei,
2959 1887 3115 1941 quam
3145 1888 3310 1944 capa-

117 1959 370 2027 perioribus
413 1958 551 2011 ttnde
598 1957 830 2010 voluerit
865 1955 1022 2010 Jesus
1072 1956 1219 2010 exire
1256 1956 1308 2009 in
1341 1955 1632 2016 Galilmam,

117 2048 322 2103 videlicet
357 2061 382 2100 a
434 2046 637 2109 Judrea,
691 2048 780 2100 ubi
841 2056 954 2101 erat
1003 2048 1235 2100 Joannes
1267 2047 1561 2115 baptizans,
1585 2057 1639 2102 et

119 2138 431 2191 testimonium
478 2135 556 2189 illi
607 2134 893 2202 perhibetis
929 2134 1069 2204 quod
1123 2143 1265 2189 esset
1312 2150 1476 2204 agnus
1522 2135 1635 2200 Dei,

120 2226 228 2279 duos
252 2239 311 2278 ex
343 2225 610 2297 discipulis
634 2225 744 2278 suis
774 2224 838 2276 ad
868 2238 988 2277 eum
1017 2223 1342 2291 sequendum
1389 2237 1639 2292 provoca-

121 2317 182 2369 vit
206 2333 216 2367 :
241 2330 267 2370 e
292 2316 468 2383 quibus
500 2330 635 2368 unus
661 2314 897 2367 Andreas
922 2313 988 2368 ad
1039 2314 1182 2366 illum
1235 2315 1396 2367 etiam
1421 2311 1636 2366 fiatrem

120 2425 242 2463 suum
263 2407 457 2464 Petrum
484 2408 730 2461 adduxit.
769 2407 916 2460 Patet
953 2406 1104 2475 justa
1151 2419 1366 2460 sensum
1425 2406 1635 2472 spirita-

121 2500 222 2565 lem,
247 2511 294 2554 et
318 2499 493 2555 crebra
539 2498 878 2566 expositione
917 2506 1106 2551 vestra:
1161 2495 1477 2550 fraternitati
1527 2495 1636 2564 jam

119 2589 340 2657 cognitum
367 2601 446 2643 εει
467 2588 557 2658 qui
588 2589 660 2641 sit
688 2588 778 2657 qui
839 2587 1124 2640 Dominum
1155 2586 1419 2654 sequitur.
1452 2585 1639 2653 Sequi-

119 2691 184 2734 tur
205 2694 405 2749 namque
435 2679 741 2745 Dominum,
772 2679 862 2747 qui
889 2679 1143 2733 imitatur.
1176 2675 1428 2745 Sequitur
1459 2677 1638 2730 Domi-

121 2785 237 2834 num,
278 2771 381 2841 qui,
437 2781 694 2838 quantum
753 2769 1016 2836 fragilitas
1065 2768 1293 2821 humana
1326 2767 1544 2836 patitur,
1575 2781 1635 2820 ea

119 2878 211 2930 qua
254 2863 297 2917 in
341 2863 548 2917 homine
598 2862 939 2927 monstravit,
994 2860 1132 2913 filius
1186 2858 1277 2913 Dei
1310 2858 1634 2912 humilitatis

120 2953 316 3022 exempla
337 2969 436 3007 non
460 2952 682 3007 deserit.
714 2952 816 3018 Qui
845 2953 1021 3005 socius
1066 2951 1368 3018 passionum
1405 2952 1638 3004 existen-

118 3041 190 3108 do,
212 3056 266 3097 ac
283 3042 594 3097 consortium
629 3040 1037 3094 resurrectionis
1077 3040 1192 3108 ejus
1221 3049 1276 3093 et
1308 3039 1636 3094 ascensionis

121 3135 371 3202 pertingere
387 3132 600 3187 sedulus
620 3140 861 3200 exaptat.
880 3130 986 3185 Sed
1011 3147 1114 3184 non
1137 3131 1249 3184 sine
1270 3131 1399 3183 certi
1433 3130 1636 3185 ratione

1739 1955 1890 2008 cibus
1919 1956 2126 2008 devota:
2155 1956 2547 2023 praedicationis
2573 1959 2799 2013 vinculis
2823 1960 3080 2015 intextum
3100 1963 3316 2018 invento

1740 2045 1887 2099 fratri
1917 2045 2228 2112 circumdat,
2259 2062 2415 2115 quem
2456 2048 2519 2102 ad
2564 2059 2816 2103 a-ternam
2865 2051 3010 2120 cupit
3066 2051 3318 2120 providus

1740 2143 1954 2202 captare
1981 2135 2239 2190 salutent!
2275 2136 2424 2189 lllutu
2457 2137 2582 2190 dicit
2644 2139 2918 2192 inventum
2956 2155 3111 2209 quem
3142 2142 3316 2198 Moses

1739 2231 1792 2275 et
1815 2223 2079 2289 protiltetze
2103 2233 2379 2278 venturum
2411 2227 2520 2278 suis
2540 2226 2754 2295 scriptis
2780 2229 3145 2299 signaverunt,
3168 2243 3222 2286 ut
3238 2248 3304 2289 eo

1740 2313 1947 2367 cunctis
1995 2313 2339 2380 sequentibus
2391 2315 2714 2384 intelligatur
2752 2319 2890 2386 quod
2926 2321 3037 2388 ipse
3068 2321 3138 2375 sit
3162 2324 3314 2391 cujus

1741 2405 1987 2458 adventui
2022 2407 2370 2473 prmeouando
2402 2408 2648 2462 universa
2683 2419 2922 2465 veterum
2969 2414 3166 2482 scripta
3197 2430 3315 2469 ser-

1741 2494 1950 2546 vierint.
1981 2494 2160 2548 Jesum
2189 2507 2476 2564 nuncupat,
2529 2499 2669 2566 quod
2725 2515 2919 2556 nomen
2949 2500 3146 2557 Christi
3177 2504 3316 2559 futu-

1742 2600 1855 2638 rum
1875 2585 2252 2656 pr0phetarum
2278 2589 2490 2643 eracula
2512 2591 2882 2646 concinebant.
2905 2593 3094 2647 Filium
3119 2597 3314 2664 Ioseph

1739 2678 1992 2746 appellat,
2023 2693 2125 2733 non
2151 2690 2206 2734 ut
2232 2681 2375 2736 hunc
2404 2697 2468 2736 ex
2497 2681 2872 2752 conjunctione
2904 2687 3065 2740 maris
3085 2696 3137 2742 et
3167 2685 3317 2742 ferui-

1741 2782 1821 2821 nte
1850 2778 2029 2822 uatum
2061 2782 2352 2836 asseverat,
2385 2787 2542 2841 quem
2582 2775 2648 2828 de
2709 2775 2920 2846 Virgine
2966 2780 3312 2845 nasciturum.

1740 2860 1792 2912 iu
1843 2863 2116 2928 pmphetis
2148 2863 2428 2926 didicerat,
2476 2865 2568 2920 sed
2613 2875 2669 2919 ut
2712 2868 2778 2921 de
2829 2870 2990 2924 domo
3024 2885 3087 2926 ac
3115 2871 3315 2927 familia

1741 2951 1925 3017 David,
1958 2955 2098 3009 unde
2123 2953 2320 3021 Josepb
2345 2965 2519 3010 ortum
2553 2968 2801 3024 noverat,
2856 2963 3149 3016 secundum
3180 2965 3315 3016 vati-

1741 3043 1884 3098 cinia
1913 3043 2289 3114 prophetarum
2323 3062 2442 3103 eum
2477 3051 2687 3104 venisse
2718 3051 2956 3107 doceret.
2980 3054 3157 3122 Neque
3174 3056 3316 3111 enim

1742 3135 2065 3201 mirandum,
2110 3137 2153 3190 si
2208 3137 2483 3208 Philippus
2533 3155 2654 3195 eum
2707 3142 2870 3197 lilium
2912 3144 3108 3214 loseph
3143 3157 3313 3208 vocet,

117 3191 317 3292 ξυγεωῖἱί
363 3224 612 3286 refertur,
672 3191 815 3290 quod
875 3221 1110 3274 dicturus
1163 3221 1404 3286 Philippo
1455 3220 1630 3288 JeSUS,
1663 3191 1709 3253 Ο
1743 3242 1863 3280 cum
1893 3239 1948 3282 et
1997 3228 2109 3295 ipsa
2153 3191 2552 3298 genitris‘illius
2581 3233 2894 3288 intemerata
2926 3191 3137 3306 semper
3167 3239 3314 3305 virgo

121 3314 300 3381 Sequere
326 3329 415 3376 me,
439 3313 592 3366 voluit
642 3313 780 3365 exire
826 3312 876 3364 in
926 3310 1211 3364 Calilwam.
1245 3309 1457 3365 Gahlara
1488 3327 1630 3364 nam-

121 3421 200 3471 que
222 3407 576 3476 transmigratio
617 3406 776 3473 facta,
831 3402 911 3456 vel
961 3401 1195 3455 revelatio
1239 3403 1632 3468 interpretatur.

120 3493 161 3547 In
181 3511 234 3548 eo
259 3496 433 3564 quippe
460 3495 598 3563 quod
647 3493 1023 3563 transmigratio
1079 3492 1217 3560 facta
1259 3491 1472 3557 dicitur,
1509 3507 1630 3560 pro-

119 3585 273 3640 fectum
301 3587 516 3639 fidelium
549 3585 810 3654 designat,
871 3599 975 3652 quo
1005 3584 1081 3638 vel
1115 3585 1180 3638 de.
1211 3585 1350 3638 vitiis
1375 3585 1438 3636 ad
1471 3585 1634 3637 virtu-

120 3691 205 3731 tum
250 3678 597 3732 celsitudinem
644 3678 1039 3743 transmigrare,
1079 3676 1158 3730 vel
1189 3676 1240 3729 in
1273 3676 1400 3744 ipsis
1429 3676 1632 3729 virtuti-

116 3769 194 3823 bus
216 3773 348 3838 paulo
369 3773 637 3836 prolicere,
667 3786 728 3824 ac
748 3771 812 3824 de
863 3771 1156 3824 minoribus
1180 3771 1243 3824 ad
1286 3770 1483 3839 majora
1512 3784 1632 3838 quo-

118 3861 219 3914 tidie
263 3861 422 3915 subire
475 3862 820 3924 c0ntendunt,
862 3876 1134 3929 quousque
1167 3861 1230 3914 de
1262 3862 1358 3914 hac
1388 3862 1631 3914 convalle

120 3949 418 4020 lacrymarutn
447 3951 507 4003 ad
531 3966 708 4005 arcem
739 3952 931 4004 laetitias
961 3951 1214 4014 caelestis,
1240 3949 1461 4002 Dotnino
1484 3952 1633 4004 auxi-

118 4041 264 4104 liante,
295 4048 606 4110 perveniant.
659 4045 713 4097 In
761 4059 825 4098 eo
871 4054 1045 4097 autem
1102 4045 1238 4108 quod
1279 4044 1629 4097 revelationem

118 4142 256 4194 sonat,
277 4132 425 4200 ipsam
456 4134 574 4186 vita:
597 4144 807 4187 aeternae
839 4135 1239 4200 beatitudinem,
1290 4149 1384 4201 pro
1426 4150 1524 4200 qua
1579 4135 1627 4186 itt

122 4227 325 4288 praesenti
359 4228 516 4280 Sancti
547 4228 802 4293 laborant,
836 4227 1082 4280 insinuat.
1140 4226 1301 4295 Cujus
1356 4238 1630 4296 utramque

121 4314 553 4384 interpretationem
601 4322 825 4372 nominis
879 4320 1155 4372 Psalmista
1211 4335 1317 4372 uno
1371 4321 1631 4373 versiculo

121 4412 486 4478 comprehendit,
519 4414 604 4466 ubi
632 4415 705 4465 ait
733 4431 744 4465 :
779 4414 1115 4466 Ambulabunt
1142 4414 1203 4466 de
1240 4416 1420 4465 virtute
1449 4413 1497 4464 iu
1527 4413 1627 4464 vir-

1741 3319 1924 3384 Maria,
1957 3334 2076 3388 qua:
2108 3321 2273 3374 virum
2309 3336 2412 3376 non
2437 3333 2676 3389 noverat,
2711 3326 3147 3381 consuetudinem
3171 3330 3312 3398 vulgi

1737 3422 1965 3475 sequens
1993 3409 2071 3462 sic
2102 3410 2272 3463 locuta
2299 3411 2504 3478 legatur
2538 3428 2549 3463 :
2589 3411 2714 3478 Fili,
2769 3414 2892 3483 quid
2948 3416 3113 3483 fecisti
3167 3419 3312 3472 nobis

1735 3498 1845 3550 sic?
1891 3497 2021 3550 Ecce
2078 3509 2220 3566 pater
2283 3509 2397 3552 tuus
2424 3510 2470 3553 et
2513 3517 2605 3571 ego
2628 3503 2852 3557 dolentes
2892 3504 3236 3573 quwrebamus
3266 3519 3314 3561 te

1740 3589 1890 3656 (Luc.
1924 3590 2005 3659 ιι).
2040 3590 2192 3643 Addit
2233 3600 2287 3644 et
2322 3594 2567 3660 patriam,
2624 3595 2666 3646 Α
2706 3592 2989 3659 Nazaretlt,
3038 3609 3094 3651 ut
3138 3600 3310 3666 ipsum

1739 3696 1856 3735 esse
1885 3683 2123 3750 s‘gnaret
2152 3682 2217 3735 de
2240 3697 2343 3748 quo
2374 3683 2612 3752 legerant
2638 3683 2690 3738 in
2718 3685 3025 3754 prophetis:
3058 3687 3312 3752 Quoniam

1738 3771 2022 3824 Nazarazus
2073 3773 2329 3824 vocabitur
2375 3771 2588 3843 (Matth.
2620 3773 2705 3843 tt).
2735 3774 2845 3828 Non
2877 3790 3004 3846 ergo
3035 3781 3228 3833 ntirum
3265 3783 3310 3835 si

1737 3878 1857 3915 mox
1881 3863 1945 3914 ad
1973 3877 2290 3916 consensum
2320 3867 2568 3920 credendi
2594 3882 2654 3921 ac
2681 3870 2927 3926 veniendi
2952 3872 3016 3925 ad
3034 3873 3302 3929 Christum

1735 3955 1964 4020 captavit
2024 3954 2299 4023 Philippus
2346 3955 2659 4023 Nathanael,
2716 3961 2799 4013 cui
2858 3970 3032 4018 tantos
3077 3965 3306 4035 undique

1735 4043 1968 4095 veritatis
1989 4057 2167 4097 casses
2198 4045 2495 4110 prastandit.

1809 4133 2178 4204 Quemscripsit
2203 4134 2404 4206 Moyses
2427 4138 2475 4190 in
2499 4137 2625 4207 lege,
2651 4148 2695 4192 et
2720 4143 3002 4209 prophetae,
3025 4144 3303 4202 invenimus

1731 4221 1906 4277 Jesum
1937 4224 2101 4292 [ilium
2135 4225 2346 4294 Josep/t,
2378 4245 2408 4280 a
2445 4228 2720 4286 Nazaret/t.
2765 4231 2944 4301 Neque
2971 4235 3237 4292 immerito
3277 4257 3305 4293 a

1736 4315 2037 4382 Betltsaida,
2070 4317 2119 4370 id
2147 4328 2247 4380 est,
2280 4321 2435 4372 domo
2460 4331 2770 4376 venatorum
2819 4324 3076 4380 oriundus
3105 4331 3304 4382 asseri-

1735 4417 1840 4472 tur,
1881 4408 1968 4474 qui
2001 4419 2198 4462 tantam
2231 4411 2337 4464 Deo
2367 4411 2576 4466 dilect-.12
2607 4415 2903 4469 venationis
2945 4432 3124 4472 curam
3165 4425 3306 4489 pari-

121 4504 530 4572 ιειεπιηξαειειην
553 4503 690 4558 De,“
718 4505 937 4557 Deorum
968 4506 1018 4558 ίη
1041 4503 1352 4575 εξοη(ΡεαΙ,
1379 4511 1624 4566 unm),
1661 4532 1705 4589 υ
1735 4505 1813 4547 ter
1853 4507 1905 4549 et
1957 4499 2178 4567 gratiam
2223 4500 2492 4569 accepisse
2545 4515 2894 4559 monstratur.
2952 4508 3081 4560 Nam
3125 4513 3305 4580 sequi-

124 4588 221 4644 llrc
247 4601 313 4646 est
339 4608 554 4662 namque
581 4595 712 4649 visio
733 4595 801 4649 de
843 4611 942 4663 qua
989 4595 1117 4649 dicit
1157 4597 1441 4661 Apostolus
1475 4613 1486 4647 :
1516 4595 1626 4648 Nos

123 4692 254 4734 autem
297 4687 497 4738 revelata
537 4688 663 4754 facie
711 4686 928 4756 gloriam
977 4686 1186 4740 Domini
1215 4689 1550 4755 speculantes,
1576 4690 1628 4739 in

123 4777 308 4826 eamdem
332 4778 588 4847 imaginem
613 4783 1035 4848 transformamur
1070 4796 1099 4830 a
1127 4780 1290 4848 gloria
1318 4780 1368 4831 in
1389 4775 1625 4848 gloriam,

124 4877 317 4930 tanquam
345 4884 371 4919 a
399 4869 598 4922 Domini
626 4869 824 4937 Spiritu
847 4869 932 4939 (11
957 4869 1077 4924 Cor.
1107 4869 1206 4937 tu).
1234 4871 1372 4923 Bene
1394 4884 1516 4936 ergo
1539 4885 1632 4920 vo-

124 4963 296 5008 caturos
319 4959 376 5011 ad
410 4965 726 5028 sequendum
752 4959 1068 5029 discipulum
1108 4960 1282 5026 Jesus,
1311 4961 1468 5012 voluit
1496 4961 1631 5013 exire

124 5041 165 5092 in
184 5043 432 5111 Galilaant,
463 5049 511 5101 id
533 5057 629 5114 est,
654 5050 705 5102 itt
735 5049 1248 5117 transmigrationem
1291 5049 1500 5113 factam,
1522 5049 1631 5102 sive

126 5133 471 5202 revelationem,
503 5149 577 5203 ut,
611 5140 871 5203 videlicet,
902 5141 1037 5192 sicut
1062 5141 1196 5205 ipse,
1235 5148 1365 5192 teste
1399 5140 1632 5207 Evange-

127 5220 740 5296 Iio,proficiebatsapientia
767 5242 820 5284 et
843 5241 1020 5296 accite,
1046 5241 1099 5286 et
1120 5232 1284 5301 gratia
1305 5232 1440 5300 apud
1468 5233 1628 5286 Deum

126 5320 168 5362 et
191 5313 396 5371 homines
425 5318 567 5387 (Luc.
598 5321 679 5388 tt),
711 5322 844 5375 sicut
876 5337 1062 5390 passus
1093 5333 1192 5385 est,
1225 5332 1278 5374 cl.
1308 5324 1629 5386 resurrexit,

126 5412 170 5456 et
189 5403 244 5457 ita
264 5407 452 5464 intravit
480 5413 528 5466 in
552 5415 763 5481 gloriam
788 5429 967 5477 suam;
1001 5415 1077 5467 sic
1107 5415 1265 5468 etiam
1297 5429 1424 5469 suos
1454 5430 1632 5482 sequa-

127 5504 198 5545 ces
215 5499 484 5554 ostenderet
506 5504 757 5568 prolicere
807 5503 1110 5567 virtutibus,
1147 5520 1207 5558 ac
1237 5519 1326 5570 per
1360 5505 1631 5572 passiones

131 5585 410 5640 transitorias
435 5592 496 5642 ad
526 5601 836 5647 aeternorum
870 5595 1005 5648 dona
1044 5595 1352 5663 gaudiorum
1382 5594 1628 5649 transmi-

127 5686 254 5735 grare
277 5675 467 5733 debere.
521 5730 539 5745 ‘

197 5761 297 5817 Erat
321 5778 467 5822 autem
496 5768 758 5843 Philippus
787 5789 816 5826 a
840 5773 1109 5830 Bcthsaida
1162 5777 1358 5832 civitate
1405 5778 1624 5832 Antlrca:

1734 4597 1815 4638 tur
1858 4604 1870 4639 Ξ

1803 4676 1866 4728 Et
1897 4678 2023 4731 dixit
2047 4681 2091 4732 ei
2119 4679 2414 4735 Nathanael
2447 4699 2464 4736 :
2493 4688 2533 4736 Α
2585 4684 2849 4739 Nuzareth
2901 4699 3062 4753 potest
3110 4690 3304 4758 aliquid

1732 4769 1845 4821 boni
1875 4786 1998 4822 esse.
2033 4771 2316 4840 Nazaretlt,
2372 4775 2662 4840 munditiae,
2706 4776 2819 4830 sive
2871 4777 2968 4831 llos
3017 4779 3155 4848 ejus,
3214 4793 3305 4835 aut

1732 4870 1973 4926 separata
2008 4862 2409 4930 interpretatur.
2443 4868 2698 4920 Aunuens
2723 4882 2850 4938 ergo
2881 4869 3052 4924 verbis
3079 4885 3303 4941 evange-

1733 4949 1938 5003 lizautis
1964 4951 2062 5004 sibi
2095 4952 2320 5021 Philippi
2348 4954 2637 5009 Nalhauael
2672 4977 2684 5009 :
2718 4958 2759 5010 Α
2800 4957 3084 5026 Nazaretlt,
3107 4963 3298 5030 inquit,

1732 5052 1890 5107 potest
1919 5042 2116 5109 aliquid
2161 5046 2276 5098 boni
2301 5062 2424 5100 esse.
2459 5049 2534 5102 Ac
2576 5049 2618 5101 si
2677 5061 2862 5117 aperte
2901 5052 3040 5107 dicat
3073 5073 3084 5106 :
3120 5056 3301 5111 Potest

1737 5133 1848 5185 fieri
1874 5142 1976 5185 uta
2007 5135 2216 5188 civitate
2242 5138 2372 5189 tanti
2403 5139 2632 5190 nominis
2656 5140 2850 5208 aliquid
2871 5157 3093 5197 summa!
3114 5149 3298 5214 gratia:

1734 5225 1887 5278 nobis
1917 5224 2135 5290 oriatur,
2170 5227 2251 5280 vel
2282 5228 2392 5292 ipse
2423 5228 2667 5283 videlicet
2723 5234 2900 5287 mundi
2934 5236 3173 5291 Salvator
3195 5241 3298 5293 Uu-

1735 5317 1929 5378 minus,
1958 5317 2042 5380 qui
2068 5317 2406 5384 singulariter
2429 5329 2644 5374 sanctus
2673 5331 2777 5388 est,
2814 5324 3086 5392 innocens,
3121 5332 3299 5395 impol-

1735 5405 1890 5466 lutus,
1922 5416 2229 5473 segregatus
2264 5423 2290 5459 a
2317 5411 2569 5475 peccatis,
2602 5412 2795 5480 quique
2823 5415 3050 5481 loquitur
3080 5418 3128 5471 in
3158 5419 3297 5472 Can-

1735 5498 1849 5550 ticis
1879 5501 2201 5561 Canticoutnt
2221 5516 2232 5550 :
2252 5498 2361 5567 Ego
2382 5503 2475 5568 [los
2505 5504 2689 5569 campi,
2717 5516 2760 5556 et
2793 5505 2958 5558 lilium
2984 5511 3289 5564 convallium

1732 5586 1950 5654 (Cantic.
1987 5586 2043 5656 tt)
2064 5628 2076 5649 ,
2110 5600 2160 5641 et
2190 5589 2254 5642 de
2280 5605 2382 5656 quo
2411 5592 2700 5658 propheta:
2735 5593 2904 5658 Exiet,
2937 5597 3124 5664 inquit,
3155 5600 3294 5667 virga

1733 5680 1793 5730 de
1821 5677 1992 5728 radice
2020 5677 2191 5741 .lesse,
2218 5687 2261 5729 et
2301 5680 2602 5747 Nazartrus,
2661 5684 2708 5735 id
2760 5698 2858 5748 est,
2893 5689 3007 5751 ﬂos.
3043 5690 3104 5740 de
3131 5693 3296 5743 radice

1732 5772 1838 5839 ejus
1864 5769 2094 5824 ascendet
2130 5769 2261 5840 (Isa.
2293 5773 2386 5842 XI).
2441 5773 2533 5830 Vel
2564 5785 2706 5833 certe
2737 5779 2925 5848 aliquis
2956 5782 3138 5837 doctor
3183 5784 3288 5838 exi,
