3822 6226
518 398 627 454 65S
928 392 1121 447 ΒΕοΕ
1164 387 1603 447 VENERABiLlS
1642 385 1789 441 OPP.
1834 382 2006 437 PARS
2049 379 2107 433 ll.
2151 379 2338 434 SECI‘.
2382 381 2418 434 1.
2452 412 2512 424 υ
2556 377 2937 435 EXI‘Z’SETICA
2982 379 3294 432 C’lNL‘lN‘A.
3612 378 3694 431 656

525 514 696 575 iuius,
755 512 841 576 qui
902 509 1082 561 ﬂorem
1129 507 1279 559 nobis
1331 504 1611 564 virtutum,
1661 498 2071 564 munditiamqoe
2105 498 2145 550 Λ
2178 497 2503 564 apertiorem
2538 497 2680 565 regni
2710 496 2959 559 caelestis,
3011 505 3062 546 et
3110 492 3491 561 prmdicandam
3526 495 3696 551 mundo

526 600 816 654 sanctitatis
871 598 1160 665 praedicare
1206 597 1270 647 sit
1324 594 1534 646 missus.
1586 592 1867 645 Possumus
1928 589 2065 640 hunc
2181 600 2455 654 utramque
2490 588 2641 640 unius
2664 601 2774 639 suae
2799 596 3039 639 naturam
3066 598 3330 651 personr,
3374 584 3504 650 quod
3542 599 3695 639 revera

524 692 696 742 locum
726 698 777 741 et
806 689 874 740 ita
896 686 1363 748 recteintelligere,
1384 681 1545 750 quod,
1569 681 1775 732 dicente
1801 678 2066 744 Philippo:
2178 678 2340 731 multo
2369 677 2706 735 excellentius
2736 687 2815 730 est
2844 690 3115 737 arcanum,
3162 690 3317 742 quam
3370 674 3502 739 quod
3552 691 3633 728 nos
3657 678 3696 730 in

522 782 681 845 Quem
706 780 905 845 scripsit
932 777 1133 847 Mosyes
1161 777 1211 827 in
1231 776 1336 843 tege
1356 773 1636 843 praphetw,
1661 770 1915 837 sequitur.
1941 766 2073 819 Dicit
2178 768 2373 836 peccati
2406 760 2575 820 adhuc
2604 766 2789 819 umbra
2823 767 3043 834 positos,
3067 782 3094 818 a
3122 780 3177 819 se
3208 764 3568 819 illuminandos
3588 783 3700 832 prai-

520 876 566 929 ει
590 874 879 928 Natltanael
914 891 924 924 :
2183 860 2330 912 vidit.
2368 858 2531 927 Maius
2562 865 2641 910 est
2668 858 2808 910 enim
2837 858 2974 925 quod
3005 872 3099 910 nos
3137 857 3387 911 Salvator
3415 858 3583 924 gratim
3610 872 3699 911 sua

596 963 741 1017 (aliide
766 978 841 1015 me
869 962 1036 1015 nosti?
1060 958 1331 1029 Respondit
1356 955 1522 1020 Jesus,
1558 964 1602 1007 et
1632 954 1757 1005 dixit
1781 954 1865 1005 ei:
1894 951 2071 1004 Prius-
2179 947 2494 1016 cognitionis
2543 946 2749 1010 imbuit,
2775 948 2913 1012 quod
2959 946 3079 1001 caeli
3130 946 3279 999 nobis
3319 946 3500 1013 gaudia
3529 946 3696 1013 pandit,

519 1068 668 1119 quam
697 1061 743 1104 te
774 1050 1043 1116 Philippus
1068 1058 1284 1109 vocaret,
1307 1063 1419 1117 cum
1448 1061 1575 1098 esses
1604 1044 1692 1095 sub
1725 1043 1844 1110 ﬁcu,
1868 1042 1971 1095 vidi
1999 1052 2068 1095 te.
2176 1037 2314 1105 quid
2346 1037 2719 1106 prardicatores
2750 1050 2863 1089 suae
2896 1034 3019 1089 ﬁdei
3081 1035 3134 1088 in
3182 1034 3430 1088 mundum
3466 1035 3697 1099 diSpersit,

521 1140 795 1207 Respondit
827 1137 1139 1206 Nathanael,
1164 1152 1209 1191 et
1231 1139 1297 1189 ait
1334 1153 1352 1189 :
1387 1136 1563 1198 Rabbi,
1613 1144 1664 1186 tu
1687 1151 1736 1187 es
1765 1131 1932 1185 Filius
1956 1131 2068 1184 Dei.
2175 1144 2328 1196 quam
2366 1130 2505 1191 quod
2541 1144 2635 1181 nos
2665 1126 2945 1181 salvandos
3001 1129 3232 1196 potentia
3292 1142 3402 1181 sure
3448 1126 3701 1193 maiestatis

524 1230 655 1295 Quia
679 1227 930 1294 cognovit
956 1226 1243 1281 Nathanael
1272 1224 1462 1278 vidisse
1492 1234 1539 1276 et
1572 1236 1724 1277 noSse
1764 1220 2067 1284 Dominum,
2175 1229 2295 1271 ante
2326 1218 2515 1271 sarcula
2548 1217 2840 1286 praescivit.

518 1332 637 1386 qua:
665 1318 767 1371 alio
800 1319 849 1371 in
880 1317 996 1370 loco
1020 1323 1345 1383 gererentur,
1378 1313 1428 1367 id
1468 1322 1568 1377 est,
1610 1311 1874 1380 Quomodo
1900 1319 1952 1362 el
1982 1309 2069 1361 ubi
2244 1315 2397 1366 Amen
2424 1326 2565 1363 amen
2593 1310 2707 1362 dico
2741 1310 2899 1372 vobis,
2930 1309 3155 1361 ridebilis
3186 1310 3364 1361 calum
3393 1318 3635 1378 apertum,
3662 1323 3701 1363 et

521 1416 737 1460 vocatus
760 1406 829 1459 sit
848 1419 877 1458 a
906 1403 1170 1471 Philippo,
1199 1418 1319 1457 cum
1352 1404 1465 1471 ipse
1492 1404 1559 1455 ibi
1588 1399 1935 1468 corporaliter
1965 1413 2069 1451 non
2173 1405 2373 1474 angelos
2401 1402 2498 1455 Dei
2524 1402 2844 1454 ascendentes
2884 1411 2930 1452 et
2970 1399 3328 1451 descendentes
3358 1416 3510 1469 supra
3537 1399 3701 1453 Filium

518 1504 682 1561 esset,
712 1495 902 1565 divinae
953 1494 1040 1547 hic
1070 1494 1359 1561 maiestatis
1409 1492 1655 1545 intuitum
1702 1490 2068 1554 considerans,
2175 1494 2411 1546 hominis.
2461 1492 2574 1543 .lam
2604 1491 2922 1558 completum
2965 1492 3232 1543 cernimus
3278 1490 3521 1555 promissi
3569 1490 3701 1558 hujus

518 1586 757 1652 protinus
786 1598 903 1638 eum
936 1597 1039 1636 non
1083 1584 1251 1636 solum
1302 1580 1481 1645 Rabbi,
1525 1580 1574 1634 id
1605 1590 1706 1646 eat,
1739 1581 2065 1648 magistrum,
2174 1583 2439 1637 eﬂ'ectum.
2496 1579 2747 1633 Videmus
2799 1579 2993 1633 etenim
3050 1580 3242 1632 cmlum
3298 1587 3553 1645 apertum,
3606 1581 3701 1647 quia

519 1675 611 1728 sed
643 1683 695 1728 et
718 1674 906 1726 Filium
940 1672 1052 1731 Dei.
1080 1687 1140 1725 ac
1166 1686 1340 1738 regem
1369 1670 1547 1731 Israel,
1579 1669 1627 1721 id
1651 1679 1753 1733 est,
1778 1667 2063 1731 Christum,
2180 1686 2453 1743 postquam
2487 1672 2675 1724 coelum
2724 1671 2861 1724 Deus
2912 1671 3069 1723 homo
3098 1670 3418 1739 penetravit,
3448 1671 3595 1723 etiam
3624 1686 3701 1724 no.

521 1764 795 1817 confessus
823 1774 919 1815 est.
940 1764 1000 1816 Et
1022 1764 1145 1815 libet
1172 1764 1357 1813 intueri
1385 1776 1536 1829 quam
1566 1760 1790 1827 prudens
1820 1760 2047 1813 laudanti
2109 1824 2141 1830 _
2176 1766 2257 1820 bis
2290 1768 2339 1818 in
2373 1781 2491 1818 enm
2538 1764 2875 1817 credentibus
2904 1778 3147 1830 supernae
3198 1778 3257 1830 pa
3286 1764 3377 1815 rim
3418 1762 3700 1829 patefactum

522 1856 743 1908 Domino
771 1851 1035 1909 ωιιΐθδεὶο
1064 1852 1389 1919 respondeat
1404 1851 1559 1903 servi.
1602 1850 1690 1903 Ille
1722 1851 1857 1902 hunc
1883 1864 2066 1902 verum
2108 1824 2149 1881 Β
2178 1856 2547 1926 cognoscimus
2568 1856 2890 1923 ingressum,
2917 1853 3167 1907 Videmus
3191 1853 3403 1922 angelos
3431 1853 3519 1905 Dei
3546 1867 3701 1907 ascen.

519 1950 826 2013 lsraelitam,
860 1929 1034 2010 idest,
1066 1951 1234 2000 virum
1309 1946 1396 2013 qui
1436 1946 1597 1998 Deum
1654 1944 1833 1997 videre
1866 1954 2064 2010 posset,
2180 1947 2367 1999 dentes
2398 1954 2449 1998 et
2498 1943 2881 1998 descendentes
2908 1956 3065 2009 supra
3094 1941 3286 1996 Filium
3336 1940 3573 2006 hominis,
3601 1942 3701 2008 quia

521 2053 587 2091 eo
609 2038 747 2103 quod
779 2040 952 2089 dolum
1007 2037 1222 2088 minime
1273 2034 1507 2096 haberet,
1542 2034 1785 2084 astruxit.
1818 2032 1924 2097 iste
1948 2047 2066 2085 eum
2177 2034 2548 2101 praedicatores
2598 2046 2723 2085 suos
2754 2031 2995 2085 novimus
3023 2029 3399 2085 sublimitatem
3448 2029 3703 2083 divinitatis

527 2140 631 2179 non
658 2126 965 2193 magistrum
1000 2123 1381 2187 tantummodo,
1415 2124 1500 2188 qui
1553 2122 1695 2175 utilia
1738 2123 2065 2189 praeciperet.
2175 2124 2392 2187 Christi,
2423 2123 2577 2176 simul
2618 2131 2671 2176 et
2698 2121 3041 2175 humanitatis
3083 2121 3198 2190 ejus
3225 2120 3429 2174 infirma
3471 2120 3700 2173 nuntiare.

517 2231 701 2269 verum
728 2217 883 2269 etiam
916 2214 1099 2267 Filium
1136 2215 1245 2278 Dei,
1294 2216 1377 2281 qui
1436 2212 1667 2265 ctelestia
1699 2212 1836 2265 dona
1868 2213 2064 2264 trihue-
2174 2213 2480 2267 Ascendunt
2509 2225 2664 2278 super
2694 2210 2886 2263 Filium
2915 2208 3144 2262 hominis
3175 2209 3362 2276 angeli,
3394 2223 3507 2260 cum
3538 2206 3704 2261 ducem

520 2318 618 2369 tet,
651 2318 701 2359 et
731 2320 901 2373 regem
936 2304 1118 2367 Israel,
1175 2306 1222 2357 id
1280 2314 1377 2368 est,
1414 2304 1586 2371 populi
1630 2303 1791 2355 Deum
1821 2304 2063 2363 videntis,
2174 2303 2542 2371 praedicatores
2580 2302 2699 2369 quia
2742 2300 2792 2353 in
2834 2298 3081 2367 principio
3110 2307 3215 2351 erat
3253 2296 3488 2361 Verbum,
3524 2308 3565 2350 et
3598 2296 3702 2350 Ver-

516 2396 763 2463 religiosa
794 2394 1071 2448 devotiOne
1104 2397 1314 2458 fatetur,
1350 2403 1401 2445 ut
1435 2394 1529 2447 hac
1555 2393 1882 2446 confessione
1906 2409 2060 2445 suum
2174 2398 2285 2449 bum
2316 2404 2417 2447 erat
2450 2393 2585 2459 apud
2619 2391 2799 2456 Deunt,
2837 2399 2881 2443 et
2924 2388 3058 2443 Deus
3090 2400 3194 2441 erat
3230 2387 3466 2441 Verbum.
3497 2387 3699 2441 Descen-

511 2501 723 2554 quoque
752 2488 887 2538 hunc
917 2500 1114 2551 regem,
1145 2494 1197 2537 et
1226 2500 1283 2537 se
1310 2484 1425 2552 ejus
1475 2487 1617 2550 regni
1650 2486 1865 2537 militem
1898 2485 2055 2543 sigtti-
2174 2467 2304 2538 dnnt
2347 2500 2507 2552 super
2543 2484 2728 2535 Filium
2776 2482 3003 2534 hominis
3050 2482 3239 2548 angeli,
3272 2490 3388 2534 cum
3438 2480 3699 2548 adiungunt

514 2577 654 2628 ﬂeet.
690 2576 868 2628 Potest
897 2582 1072 2627 autem
1107 2575 1220 2626 haec
1269 2574 1469 2625 Domini
1503 2576 1784 2635 sententia,
1818 2590 1914 2639 qua
1942 2574 2073 2626 dixit
2177 2576 2355 2638 iidem,
2386 2577 2507 2643 quia
2562 2573 2776 2626 Verbum
2822 2589 2937 2625 caro
2967 2575 3155 2641 factum
3203 2579 3293 2636 est,
3325 2584 3371 2625 et
3415 2572 3636 2623 habitavit
3662 2574 3699 2621 in

513 2680 570 2718 se
595 2664 907 2726 Nathanael,
939 2667 1237 2732 priusunn
1275 2673 1550 2715 vocaretur
1594 2678 1621 2715 a
1667 2664 1925 2731 Philippo,
1952 2681 2069 2717 Clit"
2175 2665 2338 2717 nobis.
2388 2665 2564 2730 Neque
2612 2666 2873 2717 immerito
2928 2662 3299 2730 prtedicatores
3349 2665 3509 2714 sancti
3551 2664 3700 2731 typice

512 2755 769 2823 essetsnb
800 2754 1326 2821 licu,vidisse,supcr
1346 2753 1601 2806 electione
1624 2754 2065 2820 spiritalislsrael,
2172 2754 2342 2821 angeli
2376 2763 2651 2814 vocantur,
2702 2754 2891 2817 quibus
2931 2760 3179 2804 consuete
3222 2751 3508 2804 derivatum
3539 2751 3600 2803 ab
3626 2766 3700 2801 ao-

515 2845 565 2898 id
614 2855 713 2906 est,
771 2846 947 2913 populi
1002 2844 1287 2898 Christiani
1345 2846 1565 2913 ιιι)ειὶεε
1627 2845 1843 2913 intelligi
1880 2862 2068 2911 :qnent
2173 2842 2302 2907 gelis
2350 2856 2539 2895 nomen
2585 2841 3020 2909 evangelistarum
3069 2840 3390 2905 conceditur,
3423 2850 3471 2893 ut
3502 2842 3624 2892 sicut
3658 2840 3698 2891 bi

521 2936 770 2989 Deminus
798 2934 1016 2987 necdum
1050 2935 1427 3001 per’apostolos
1462 2936 1576 3001 ejus
1608 2934 1671 2985 ad
1702 2934 1823 2987 lidei
1852 2936 2069 3002 gratiam
2176 2932 2363 2997 nuntii,
2397 2933 2463 2984 ita
2496 2941 2544 2984 et
2579 2931 2651 2984 illi
2681 2926 2901 2998 propter
2922 2933 3059 2985 idem
3092 2947 3311 2984 summa:
3339 2931 3699 2998 praedicationis

516 3031 780 3087 vocatum,
830 3021 920 3075 sed
950 3021 1047 3073 sub
1074 3020 1302 3086 tegmine
1334 3020 1507 3074 adhuc
1552 3022 1754 3087 peccati
1788 3021 2069 3087 prementis
2174 3021 2401 3075 ollicium
2454 3020 2580 3073 boni
2633 3021 2797 3073 nuntii
2830 3022 3291 3088 cognominentur.
3329 3022 3390 3075 Et
3437 3022 3699 3073 notandum

514 3111 768 3169 abditum,
806 3109 1219 3162 Ιιιῑξειίςοιάίιρι·
1251 3110 1427 3161 videre
1479 3109 1722 3177 dignatus
1766 3118 1864 3171 est,
1910 3106 2142 3214 Pauloc
2174 3113 2311 3181 quod
2359 3112 2609 3165 Dominus
2652 3112 2879 3178 seipsum
2932 3110 3092 3163 lilium
3152 3112 3382 3165 hominis
3436 3124 3697 3177 nuncupat,

520 3210 820 3260 attestante,
851 3201 935 3264 qui
956 3199 1029 3249 ait
1062 3215 1074 3250 :
1115 3200 1211 3260 Qui
1242 3199 1489 3251 benedixit
1520 3216 1611 3251 nas
1639 3200 1689 3251 in
1739 3199 1875 3250 omni
1925 3198 2065 3249 bene-
2098 3198 2142 3214 “
2173 3202 2455 3257 Nathamel
2500 3202 2743 3255 eumdem
2780 3202 2967 3254 Filium
3011 3202 3101 3255 Dei
3137 3204 3399 3267 prmdicat.
3431 3201 3518 3255 Cui
3550 3202 3700 3255 simile

516 3290 733 3350 dictione
753 3291 845 3353 spi:
864 3288 969 3341 itali
998 3289 1045 3339 in
1092 3286 1366 3339 caelestibus
1396 3289 1445 3339 in
1490 3287 1708 3352 Christo,
1754 3289 1880 3341 sicut
1922 3286 2068 3355 elegit
2183 3294 2422 3363 estquod
2453 3292 2588 3360 apud
2619 3292 2751 3345 alios
2791 3292 3142 3360 evangelisms
3176 3293 3285 3357 ἧψε
3330 3294 3604 3359 disciplin);
3633 3296 3697 3343 in.

517 3396 606 3431 nos
646 3380 695 3431 in
752 3381 860 3447 ipso
911 3391 1029 3430 ante
1070 3377 1244 3428 mundi
1289 3379 1710 3439 constitutionem,
1755 3388 1808 3429 ut
1850 3392 2068 3430 esseom:
2175 3394 2407 3453 [arroget
2440 3402 2451 3437 ε
2491 3386 2646 3451 Quem
2692 3385 2861 3436 dicunt
2892 3384 3051 3449 ﬁlium
3083 3385 3297 3437 homini,
3322 3385 3463 3438 εκεῖ
3494 3384 3697 3447 Rapon.

514 3471 675 3523 sancti
704 3480 748 3523 et
799 3470 1109 3522 immaculati
1153 3469 1201 3519 in
1254 3478 1525 3535 conspectu
1575 3472 1683 3539 ejus
1730 3469 1779 3521 in
1826 3469 2019 3520 charita

2187 3479 2339 3546 (itque
2384 3476 2568 3529 Petrus
2596 3493 2613 3531 .'
2646 3475 2719 3529 Tu
2748 3492 2797 3528 es
2823 3476 3050 3529 Christus
3097 3474 3261 3527 Filius
3295 3477 3383 3527 Dei
3411 3477 3499 3527 eiei
3534 3474 3696 3543 (Marc.

520 3562 731 3632 (Epltes.
754 3563 814 3630 t).
838 3562 900 3613 Et
922 3561 1131 3627 quidem
1163 3559 1243 3611 lici
1272 3559 1426 3611 arbor
1450 3558 1730 3625 aliquando
1761 3559 1811 3611 itt
1836 3560 2029 3626 Scriptt

2187 3570 2309 3636 ml).
2344 3562 2411 3620 Et
2455 3568 2664 3633 quidem
2710 3565 2863 3633 iustae
2910 3565 3322 3633 dispensationis
3367 3567 3696 3617 moderamine

520 3654 593 3705 ris
623 3652 955 3704 dulcedinem
1010 3648 1312 3701 dilectionis
1358 3662 1597 3713 superna:
1640 3650 1898 3713 insinuat;
1935 3649 2068 3702 unde
2177 3667 2351 3710 actum
2382 3668 2485 3721 est,
2519 3672 2636 3709 cum
2687 3667 2907 3723 utraque
2954 3656 3185 3722 ejusdem
3219 3654 3517 3709 Medialoris
3545 3654 3628 3707 Dei
3658 3663 3701 3705 et

521 3745 774 3809 scriptum
800 3751 878 3794 est
908 3760 917 3791 :
944 3740 1039 3804 Qui
1063 3752 1225 3793 servat
1258 3740 1656 3805 ﬁcum,comedit
1684 3744 1900 3809 fructum
1923 3742 2030 3807 ejus
2050 3755 2067 3792 :
2174 3745 2378 3799 Domini
2431 3746 2595 3797 nostri
2626 3744 2704 3796 vel
2759 3745 2824 3797 ab
2858 3746 2967 3810 ipso
3018 3744 3256 3805 Domino,
3308 3744 3387 3797 vel
3418 3742 3480 3795 ab
3512 3743 3698 3795 homine

514 3845 555 3886 et
575 3834 657 3901 qui
680 3841 844 3885 custos
867 3840 936 3884 est
966 3830 1274 3891 dominisui,
1299 3829 2064 3899 gloriﬁcabitur(Prov.xxvtt).
2172 3850 2301 3905 puro
2327 3845 2465 3888 esset
2517 3834 2981 3887 commemoranda
3026 3835 3347 3900 substantia,
3385 3834 3518 3888 Deus
3566 3835 3698 3886 homo

520 3924 620 3976 Sed
652 3922 768 3989 quia
805 3921 955 3986 primi
988 3930 1231 3987 parentes
1262 3923 1427 3972 nostri
1490 3928 1633 3971 reatu
1676 3919 2065 3986 prazvaricatio-
2172 3926 2501 3995 fragilitatem
2532 3935 2813 3994 assumpta;
2837 3940 2863 3976 ει
2888 3941 2944 3978 se
2969 3924 3333 3989 humanitatis,
3368 3917 3542 3993 'pums
3568 3925 3700 3976 ιιοηιο

524 4012 603 4062 nis
630 4007 853 4073 confusi,
908 4010 965 4060 de
1024 4008 1107 4075 ﬁci
1158 4008 1251 4059 sibi
1300 4008 1430 4075 foliis
1478 4008 1804 4058 succinctmia
1844 4010 2033 4073 fecerat;

2189 4017 2418 4069 virtutem
2465 4024 2676 4068 aeternae
2724 4016 2774 4067 in
2815 4031 2876 4067 eo
2922 4016 3212 4069 divinitatis
3265 4025 3556 4075 astrueret,
3608 4018 3698 4079 ipse

522 4100 728 4170 (Cenes.
759 4100 857 4168 ιιι),
886 4109 1058 4167 potest
1088 4098 1199 4151 haec
1221 4097 1374 4150 arbor
1396 4095 1475 4149 ﬁci
1500 4110 1601 4148 non
1630 4096 1911 4164 incongrue
1934 4096 2069 4149 male
2172 4118 2317 4155 suam
2372 4102 2737 4163 humilitatem,
2776 4101 2864 4153 ille
2905 4102 3018 4167 ejus
3070 4101 3324 4155 fateretur
3367 4103 3693 4156 altitudinem.

533 4193 795 4244 dulcorata
848 4189 1029 4257 generi
1063 4190 1291 4241 humano
1340 4186 1769 4240 consuetudinem
1819 4186 2065 4253 peccandi
2172 4191 2463 4244 Notandum
2504 4193 2695 4259 quippe
2742 4190 2877 4257 quod
2923 4191 3193 4254 Dominus,
3238 4193 3327 4258 qui
3365 4195 3567 4245 beatum
3610 4186 3694 4244 Na-

524 4283 730 4345 signare
766 4296 776 4329 :
810 4280 907 4331 sub
938 4294 1035 4347 qua
1096 4282 1292 4346 positos
1346 4278 1516 4328 adhuc
1573 4276 1769 4329 electos
1798 4290 1941 4340 suos,
1973 4277 2064 4329 sed
2172 4282 2377 4335 thanael
2434 4298 2554 4335 vere
2609 4282 2891 4335 lsraelitam
2954 4292 3237 4349 nuncupat,
3274 4284 3323 4336 in
3384 4282 3480 4335 hoc
3534 4284 3689 4341 verbo,

520 4367 1036 4422 necdumelectionis
1067 4382 1173 4419 suae
1204 4366 1425 4434 gratiam
1474 4375 1873 4433 cognoscentes,
1916 4368 2063 4433 quasi
2170 4376 2305 4443 quod
2338 4379 2406 4428 an
2441 4393 2452 4427 ε
2514 4375 2753 4428 Videam,
2797 4375 2974 4428 malum
3027 4385 3275 4439 αρεγιιηη,
3308 4385 3354 4426 ει
3400 4390 3443 4424 αη
3468 4376 3598 4443 θείω
3629 4372 3699 4423 uti

524 4465 619 4515 sub
644 4465 741 4515 licu
766 4464 1126 4525 constitutum,
1159 4476 1255 4515 nec
1283 4476 1339 4514 se
1362 4460 1466 4529 iam
1499 4462 1760 4515 videntem
1814 4462 2063 4515 Dominus
2099 4484 2145 4541 ο
2172 4465 2489 4517 ascendentes
2540 4480 2689 4530 super
2712 4498 2716 4503 η
2739 4463 2933 4516 Filium
2989 4464 3224 4524 hominis,
3262 4466 3514 4515 visioan
3564 4464 3701 4514 Jacob

524 4552 667 4605 videt
719 4548 1375 4603 Nathanael.Novitenim
1408 4550 1669 4614 Dominus,
1701 4551 1786 4617 qui
1818 4560 1931 4602 sunt
1956 4552 2063 4619 ejus
2178 4553 2523 4619 patriarchze,
2574 4554 2662 4620 qui
2730 4568 2819 4619 per
2887 4552 3303 4605 benedictionem
3370 4564 3583 4605 vocatus
3637 4560 3702 4604 est

525 4640 574 4709 (Ι
599 4642 731 4694 Tim.
762 4643 840 4707 ιι).
866 4640 1099 4705 Quorum
1131 4640 1403 4693 salvationi
1434 4641 1602 4708 ipsum
1632 4655 1838 4709 quoque
1869 4657 2061 4695 nomen
2175 4646 2355 4709 Israel,
2387 4647 2449 4698 ad
2497 4647 2802 4698 mrmoriam
2854 4646 3075 4699 reducit.
3108 4644 3153 4695 Is
3202 4658 3451 4711 namque,
3485 4658 3597 4695 cum
3628 4657 3699 4689 m-

526 4730 813 4784 h’atlianael
868 4730 1135 4796 aptissime
1189 4731 1452 4784 convenit.
1508 4730 1790 4783 Nathanael
1845 4746 2064 4798 namque
2172 4735 2283 4787 lens
2318 4737 2365 4787 in
2394 4735 2614 4802 quodam
2646 4735 2762 4789 loco
2806 4735 3156 4802 requiescere,
3189 4734 3416 4802 lapidein
3448 4734 3598 4801 capiti
3625 4746 3701 4783 Suo

519 4825 707 4876 donum
758 4822 849 4875 Dei
902 4822 1296 4890 interpretatur;
1332 4833 1383 4878 et
1436 4825 1530 4877 nisi
1560 4826 1696 4879 dono
1726 4826 1817 4879 Dei
1846 4827 2063 4893 quisque
2167 4826 2548 4893 supposuisset,
2580 4825 2713 4878 vidit
2766 4826 2813 4877 in
2844 4824 3042 4877 somnis
3072 4823 3268 4882 scalam
3301 4834 3529 4876 stantem
3569 4837 3702 4887 su;er

518 4924 753 4979 vocatus,
809 4928 1073 4982 nunquam
1137 4925 1335 4968 reatum
1386 4918 1565 4983 prima:
1613 4918 2061 4985 transgressionis,
2170 4924 2380 4978 terram,
2411 4926 2462 4967 et
2512 4928 2761 4965 cacumen
2794 4914 2933 4965 illius
2977 4922 3195 4979 tangens
3243 4914 3440 4968 calum
3469 4930 3481 4975 ;
3511 4912 3701 4979 angelos

519 5019 781 5066 nunqnam
833 5004 969 5055 male
1024 5003 1338 5057 blandientis
1387 5006 1780 5075 augescentium
1831 5008 2063 5074 quotidie
2166 5022 2233 5073 qu
2258 5022 2369 5074 ique
2423 5005 2624 5057 Domini
2670 5004 3015 5057 ascendentes
3043 5014 3094 5054 et
3134 5003 3523 5055 descendentes
3566 5016 3699 5067 super

522 5103 854 5159 peciatorum
890 5093 1187 5146 umbracula
1239 5095 1434 5159 evadit,
1489 5112 1751 5163 nunquam
1782 5098 2062 5152 salvandus
2167 5114 2302 5160 eam,
2360 5109 2411 5151 et
2464 5098 2743 5150 Dominum
2797 5096 3034 5146 innixum
3090 5096 3263 5153 scalae.
3293 5094 3556 5147 dicentem
3586 5097 3697 5143 siin:

524 5183 955 5235 veniremcrctur
985 5184 1045 5235 ad
1072 5182 1355 5238 Christum.
1411 5186 1557 5240 Unde
1587 5188 2059 5255 dicitApostolus:
2169 5191 2274 5256 Ego
2318 5207 2426 5242 sum
2482 5189 2619 5241 Deus
2668 5189 2920 5240 Abraham
2969 5188 3121 5253 patris
3172 5188 3263 5249 tui,
3293 5198 3337 5237 et
3390 5189 3527 5239 Deus
3581 5186 3702 5237 Isaac

514 5270 689 5323 Gratia
708 5274 837 5325 enim
858 5275 972 5325 estis
1002 5276 1179 5326 saluati
1206 5291 1289 5341 per
1306 5275 1490 5339 ﬁdem;
1519 5286 1564 5328 et
1591 5280 1684 5327 hoe
1707 5295 1803 5329 non
1825 5295 1884 5331 ea:
1904 5280 2058 5341 vobis,
2166 5282 2316 5352 (Gen.
2344 5281 2865 5347 xxvi).Surgensque
2892 5292 3064 5341 mane,
3092 5286 3144 5330 et
3172 5277 3348 5329 debito
3378 5292 3500 5329 cum
3536 5291 3701 5343 pavore

515 5364 702 5415 donum
756 5365 846 5416 Dei
885 5376 975 5427 est,
1003 5382 1099 5416 non
1130 5382 1191 5417 ex
1216 5366 1464 5431 aperibus,
1493 5378 1543 5417 ut
1574 5384 1632 5419 ne
1652 5369 1761 5435 quis
1787 5370 2055 5437 glorietur.
2167 5373 2347 5427 laudes
2395 5374 2501 5425 Deo
2531 5371 2777 5437 reddens,
2812 5370 2930 5422 tulit
2972 5368 3138 5436 ipsum
3184 5369 3443 5435 lapidem,
3474 5380 3527 5422 et
3558 5382 3704 5421 eremi

511 5458 757 5527 Se(initur
786 5477 797 5509 :
2166 5463 2215 5516 in
2248 5463 2472 5525 titulum,
2508 5461 2730 5514 fundens
2759 5461 2931 5513 oleum
2960 5461 3206 5524 desuper.
3254 5456 3425 5522 llujes
3474 5474 3595 5527 ergo
3622 5458 3701 5509 lori

586 5550 857 5616 Respondit
886 5548 1048 5613 Iesus,
1080 5560 1123 5602 et
1152 5550 1277 5603 dixit
1304 5552 1347 5601 ei
1377 5566 1391 5600 :
1430 5552 1557 5615 Quia
1579 5552 1683 5603 dixi
1714 5553 1829 5613 tibi,
1877 5552 1987 5603 Vidi
2012 5564 2058 5604 te
2166 5556 2418 5608 Dominus
2469 5554 2961 5622 facit;mentionem.
2988 5558 3043 5604 ct
3067 5551 3131 5603 de
3160 5563 3215 5602 se
3240 5564 3300 5603 ac
3335 5552 3453 5603 suis
3486 5549 3702 5603 ﬁdelibus

511 5635 598 5687 sub
626 5638 741 5702 ﬁcu,
769 5639 969 5701 credis;
996 5644 1157 5704 maius
1181 5641 1255 5691 his
1285 5641 1483 5692 videbis.
1531 5641 1603 5695 De
1631 5658 1731 5709 quo
1762 5642 1920 5704 dicat,
1950 5643 2060 5707 ipse
2166 5646 2437 5713 liguratum
2468 5643 2893 5697 manifestissime
2925 5650 3163 5696 testatur.

509 5726 888 5797 subsequenter
912 5729 1101 5796 aperit,
1128 5728 1350 5783 futuram
1374 5731 1708 5785 credentibus
1736 5732 2046 5799 spondendo
