3822 6226
99 284 187 340 657

698 380 918 437 CAPUT
945 380 1013 434 ll.

165 483 223 538 Et
250 483 326 535 die
354 479 496 532 tertia
527 475 716 543 nuptiaz
761 475 906 542 facta
932 479 1045 525 sunt
1086 471 1136 522 in
1165 469 1307 522 Cana
1352 464 1583 520 Galiltere
1621 478 1637 525 ;

102 588 142 631 et
168 585 263 628 erat
294 581 444 622 mater
466 564 592 619 Iesu
619 564 706 616 ibi.
748 564 856 617 Nec
887 571 1035 616 vacat
1079 558 1353 626 mysterio,
1388 553 1524 624 quod
1549 552 1638 604 die

106 665 243 721 tertio
285 672 397 731 post
441 672 523 718 ea,
556 671 672 723 quae
720 655 959 721 superior
1014 650 1283 719 Evangelii
1339 661 1517 703 sermo
1545 644 1642 696 de-

104 757 382 821 scripserat,
425 747 620 812 nuptie
671 745 820 798 factte
849 747 1165 804 referuntur,
1197 741 1288 794 sed
1322 739 1478 792 tertio
1509 744 1639 788 tem-

108 864 216 919 pore
245 843 418 898 steculi
445 841 724 893 Dominum
754 839 817 888 ad
848 835 1194 900 adoptandun
1223 831 1319 885 sibi
1345 827 1636 882 Ecclesiam

110 913 294 992 venisse
339 930 600 997 designat.
633 927 866 980 Primum
896 927 1087 992 quippe
1116 919 1293 975 sicculi
1340 929 1546 984 tempus
1575 913 1639 966 ad

111 1027 286 1093 legem,
312 1018 728 1088 patriarcharum
753 1014 1005 1080 exemplis
1029 1029 1042 1076 ;
1071 1009 1358 1064 secundum
1387 1008 1482 1059 sub
1508 1005 1640 1072 lege,

110 1115 458 1185 pmplietarum
490 1108 744 1174 scriptis;
780 1105 988 1157 tertium
1019 1101 1116 1153 sub
1141 1099 1328 1168 gratia,
1365 1093 1642 1161 przeconiis

109 1181 543 1269 evangelistarum,
585 1196 734 1265 quasi
780 1193 948 1247 tertia:
987 1191 1090 1244 diei
1133 1193 1249 1241 luce
1272 1185 1462 1238 mundo
1486 1181 1644 1234 reful-

111 1300 167 1353 sit
204 1316 216 1361 ;
247 1297 293 1349 in
322 1310 420 1362 quo
449 1291 706 1346 Dominus
736 1296 789 1340 et
816 1285 1058 1339 Salvator
1089 1288 1272 1334 noster
1311 1291 1405 1346 pro
1436 1274 1642 1328 redem-

116 1390 276 1457 ptione
303 1384 505 1453 generis
535 1378 750 1432 humani
782 1377 830 1429 in
863 1388 1022 1428 carne
1055 1382 1206 1424 natus
1243 1366 1502 1436 apparuit.
1537 1362 1640 1416 Sed

113 1480 284 1540 ethoc,
341 1474 474 1544 quod
525 1472 578 1524 in
636 1469 776 1524 Cana
827 1465 1080 1526 Galilteze,
1130 1461 1180 1513 id
1238 1467 1342 1521 est,
1397 1457 1447 1509 in
1507 1458 1644 1507 cmlo

113 1563 562 1634 transmigrationis
613 1566 947 1629 perpetrata),
998 1553 1196 1610 easdem
1248 1550 1442 1617 nuptias
1492 1545 1644 1598 facta;

113 1659 448 1726 perhibentur,
501 1653 675 1722 typice
725 1647 1000 1703 denuntiat
1041 1658 1135 1698 eos
1183 1640 1420 1694 maxime
1472 1635 1642 1704 gratia

111 1705 794 1811 amisii—idignosdexistere,
833 1738 920 1806 qui
951 1735 1065 1789 zelo
1110 1732 1312 1786 fervere
1359 1730 1456 1797 pia:
1487 1727 1644 1779 devo-
1680 1705 1722 1762 Β

111 1840 339 1894 tionis,et
381 1832 616 1886 amulari
664 1829 986 1884 charismata
1016 1823 1256 1886 meliora,
1289 1834 1349 1872 ac
1397 1821 1463 1871 de
1509 1817 1649 1868 vitiis

107 1928 161 1980 ad
193 1927 397 1978 virtutes
447 1920 687 1989 progredi
727 1919 860 1971 bona
893 1913 1184 1985 operando,
1215 1911 1281 1964 de
1310 1907 1537 1963 terrenis
1584 1905 1648 1958 ad

109 2030 286 2071 aeterna
330 2020 525 2066 norunt
572 2009 837 2076 sperando
878 2016 930 2060 et
971 2002 1200 2059 amando
1249 1999 1649 2064 transmigrare.

116 2103 464 2159 Discumbente
492 2108 668 2152 autem
701 2097 763 2151 ad
790 2094 998 2162 uttptias
1025 2091 1268 2153 Domino,
1300 2088 1478 2142 vinum
1504 2084 1653 2138 defe-

113 2196 192 2255 rit,
219 2204 270 2245 ut
295 2194 414 2243 vino
447 2190 666 2242 meliore
697 2203 787 2253 per
817 2185 987 2252 ipsum
1019 2180 1244 2234 mirabili
1273 2178 1460 2232 ordine
1488 2176 1646 2239 facto,

118 2283 520 2336 manifestaretur
549 2277 718 2343 gloria
759 2273 972 2330 latentis
993 2275 1043 2326 in
1074 2270 1287 2324 homine
1319 2269 1430 2333 Dei,
1462 2275 1515 2320 et
1539 2279 1656 2319 cre-

118 2376 325 2426 dentium
357 2375 404 2424 in
442 2386 560 2425 eum
593 2369 725 2422 iides
776 2377 926 2418 aucta
958 2363 1256 2429 prollceret.
1289 2359 1438 2425 Quod
1471 2356 1514 2409 si
1545 2371 1658 2424 my-

122 2465 314 2520 Sterium
346 2460 656 2528 quaerimus,
690 2465 978 2525 appareule
1002 2455 1050 2506 in
1080 2467 1240 2508 carne
1266 2450 1508 2511 Domino,
1536 2462 1654 2500 me-

123 2569 225 2608 raca
259 2553 339 2606 illa
387 2551 570 2620 legalis
606 2563 798 2602 sensus
846 2549 1080 2600 suavitas
1125 2544 1372 2610 paulatim
1426 2547 1660 2608 coeperat

122 2646 181 2696 ob
207 2645 456 2695 carnalem
492 2639 877 2691 Pharisaeorum
911 2633 1399 2701 interpretationem
1425 2645 1451 2683 a
1484 2629 1654 2695 prisca

125 2750 201 2787 sua
225 2735 403 2785 virtute
434 2731 706 2791 desidere;
735 2730 820 2796 qui
849 2742 966 2780 mox
992 2735 1237 2794 tanquam
1264 2725 1453 2777 littera:
1477 2721 1659 2790 legalis

127 2837 150 2877 δ
169 2824 434 2888 iperllciem
467 2820 768 2886 evangelica
799 2817 1034 2872 caelestis
1061 2817 1242 2883 gratiae
1271 2815 1457 2867 virtute
1486 2822 1656 2865 muta-

122 2916 202 2973 vit,
227 2911 350 2978 quod
373 2918 455 2964 est
484 2911 661 2961 vinum
687 2906 878 2962 fecisse
905 2907 957 2960 in
979 2920 1134 2975 aqua.
1161 2905 1263 2960 Sed
1289 2904 1462 2972 primo
1493 2903 1662 2956 videa-

128 3017 223 3053 mus
251 2997 360 3066 quid
387 3000 458 3052 sit

187 3093 340 3158 Quod,
371 3092 629 3155 deﬁciente
655 3090 792 3152 vino,
826 3090 1020 3140 dicente
1041 3095 1201 3141 matre
1228 3085 1374 3138 Jesus
1403 3085 1469 3137 ad
1505 3100 1615 3137 eum
1642 3099 1659 3136 :

134 3185 294 3236 Vinum
337 3201 433 3236 non
475 3184 678 3246 habent,
709 3180 1167 3248 respondit:Quid
1199 3179 1319 3229 mihi
1358 3185 1405 3230 et
1451 3178 1536 3228 tibi
1573 3186 1666 3241 est,

133 3277 324 3328 mulier?
352 3275 571 3327 nondum
602 3275 728 3325 renit
754 3273 878 3324 hora
907 3289 1035 3324 mea.
1069 3271 1244 3336 Neque
1273 3271 1412 3322 enim
1454 3279 1672 3320 matrem

134 3382 258 3419 suam
289 3367 647 3426 inlionoraret,
677 3363 764 3430 qui
801 3377 896 3415 nos
924 3361 1072 3428 jubet
1101 3361 1360 3413 honorare
1393 3366 1594 3425 patrem
1625 3365 1676 3409 et

138 3467 331 3508 matrem
361 3454 552 3522 (Exod.
581 3453 710 3522 xx);
739 3461 832 3508 aut
878 3452 978 3504 sibi
1026 3465 1143 3504 esse
1171 3457 1389 3503 matrem
1439 3457 1673 3514 negaret,

135 3563 190 3600 ex
229 3548 367 3614 cujus
409 3561 568 3599 carne
599 3546 831 3615 virginea
877 3558 1090 3598 carnem
1139 3543 1406 3605 suscipere.
1437 3557 1538 3594 non
1581 3542 1676 3591 de-

140 3639 306 3700 spexit,
338 3639 494 3690 etiam
547 3637 802 3704 Apostolo
847 3644 1093 3700 testante,
1126 3635 1211 3702 qui
1256 3635 1327 3686 ait
1352 3652 1362 3685 :
1391 3633 1489 3697 Qui
1519 3635 1677 3700 [actus

140 3741 197 3780 est
234 3731 274 3781 ei
317 3744 375 3781 ea:
420 3728 612 3781 semine
654 3726 817 3779 David
871 3727 1143 3779 secundum
1191 3741 1388 3776 carnem
1418 3723 1590 3789 (Rom.
1621 3724 1676 3790 t).

145 3817 394 3881 Quomodo
423 3818 561 3870 enim
593 3833 658 3869 ex
691 3820 893 3869 semlne
923 3805 1085 3869 David
1118 3815 1405 3868 secundum
1437 3827 1675 3872 carnem,

143 3908 177 3960 si
215 3924 306 3961 non
335 3924 397 3961 es
427 3921 652 3973 corpore
685 3907 859 3958 Mariis
891 3904 1180 3959 secundum
1210 3919 1448 3966 carnem,
1481 3917 1592 3971 quia
1617 3919 1680 3957 ex

147 3999 286 4048 David
313 3999 511 4052 semine
538 3997 855 4049 descendit?
886 3997 987 4050 Sed
1012 3997 1062 4049 in
1092 4011 1179 4060 eo,
1209 3995 1346 4065 quod
1375 3995 1680 4048 miraculum

146 4088 348 4142 facturus
378 4090 482 4142 ait:
512 4088 646 4153 Quid
690 4087 813 4139 mihi
848 4097 894 4139 et
935 4087 1021 4139 tibi
1047 4096 1142 4148 est,
1175 4086 1402 4138 mulier?
1429 4085 1686 4153 significat

149 4195 197 4230 se
231 4179 565 4242 divinitatem,
620 4193 777 4244 quam
834 4177 1138 4231 iiiiraCqum
1189 4183 1303 4230 erat
1352 4177 1682 4243 patrandum,

153 4283 239 4320 non
268 4271 616 4337 temporaliter
647 4269 914 4335 accepisse
944 4267 1010 4319 de
1057 4278 1244 4329 matre,
1289 4267 1379 4321 sed
1413 4283 1503 4336 per
1532 4281 1686 4320 tmer-

155 4361 340 4413 nitatem
367 4373 573 4427 semper
595 4358 841 4412 habuisse
868 4359 930 4412 de
961 4358 1131 4411 Patre.
1163 4358 1297 4423 Quid
1325 4359 1465 4419 mihi,
1495 4357 1680 4423 inquit,

152 4459 190 4497 et
216 4448 291 4500 tibi
316 4458 404 4514 est,
435 4449 655 4501 mulier?
699 4449 922 4500 nondum
952 4448 1080 4499 venit
1112 4447 1234 4499 hora
1262 4462 1392 4499 mea.
1419 4448 1516 4512 Qui
1554 4449 1687 4501 divi-

159 4541 366 4604 nitatem,
417 4553 572 4608 quam
629 4554 694 4592 ex
744 4538 896 4591 Patre
935 4551 1145 4604 semper
1197 4538 1372 4598 habui,
1429 4553 1547 4591 cum
1604 4550 1686 4590 tua

157 4641 313 4694 carne,
361 4643 420 4681 ex
460 4644 558 4696 qua
590 4643 804 4682 carnem
852 4629 1081 4694 suscepi,
1111 4643 1213 4680 non
1253 4629 1417 4682 habeo
1455 4644 1690 4683 commu-

163 4733 283 4779 nem,
313 4719 534 4770 nondum
567 4717 712 4771 venit
757 4719 884 4770 hora
918 4726 973 4770 ut
1001 4716 1334 4785 fragilitatem
1369 4728 1588 4785 sumpta;
1626 4735 1688 4773 ex

165 4816 206 4857 te
231 4806 550 4860 humanitatis
596 4808 876 4860 moriendo
903 4808 1278 4861 demonstrem.
1314 4808 1462 4862 Prius
1514 4821 1593 4864 est
1638 4821 1692 4865 ut

166 4898 418 4960 potentiam
447 4909 656 4950 aeterne
688 4897 930 4961 Deitatis,
971 4896 1190 4951 virtutes
1223 4900 1512 4965 operando,
1550 4910 1693 4968 pate-

168 4985 346 5039 faciam.
379 4988 529 5042 Venit
558 4998 734 5042 autem
769 4990 896 5043 liora
925 4998 982 5041 ut
1010 4988 1133 5056 quid
1164 4988 1262 5040 sibi
1284 4998 1337 5042 et
1363 4991 1513 5044 matri
1552 5007 1694 5045 cont-

171 5094 306 5132 mune
325 5090 457 5133 esset
477 5082 801 5143 ostenderet,
824 5097 942 5134 cum
968 5095 1106 5144 eam,
1135 5083 1420 5134 moriturus
1443 5085 1492 5136 in
1517 5099 1692 5148 cruce,

172 5177 401 5246 discipulo
471 5179 656 5248 virgini
733 5179 986 5247 virginem
1051 5177 1423 5232 commendare
1497 5181 1699 5232 curavit

177 5266 332 5332 (Joan.
358 5272 482 5338 xu).
513 5269 699 5323 Carnis
742 5282 967 5333 namque
1014 5269 1216 5321 infirma
1250 5281 1550 5336 perpessus,
1599 5284 1700 5322 ma-

180 5369 311 5420 trem,
341 5362 399 5413 de
428 5376 524 5427 qua
554 5363 666 5413 haec
696 5366 1019 5426 susceperat,
1052 5359 1133 5426 pie
1163 5359 1445 5428 cognitam,
1477 5360 1522 5412 ei
1544 5375 1699 5429 quam

180 5451 378 5503 maxime
405 5451 646 5519 diligebat
675 5448 934 5516 discipulo
977 5450 1362 5503 commendavit
1388 5468 1399 5502 :
1425 5466 1578 5519 quam
1625 5450 1702 5504 di-

182 5539 281 5590 vina
312 5538 548 5620 facturus,
578 5540 730 5607 quasi
763 5539 1079 5610 incognitam
1111 5553 1167 5593 se
1198 5553 1353 5595 nosse
1385 5541 1698 5608 dissimulat,

181 5633 283 5698 quia
312 5633 432 5685 hanc
462 5634 646 5686 divinae
692 5633 977 5686 nativitatis
1008 5642 1275 5686 auelerem
1320 5646 1420 5684 non
1473 5647 1500 5684 e
1533 5648 1587 5686 so
1618 5648 1704 5686 c0-

981 264 1045 324 ΙΝ
1083 270 1139 326 S.
1178 261 1454 322 JOANNIS
1495 249 1936 314 EVANGELlUﬂ
1980 249 2346 307 EXPOSITIO.

3198 238 3298 294 0'53

1661 373 1708 429 Δ
1738 372 1956 440 gnoscit.
1997 369 2161 438 llujus
2193 383 2319 421 vero
2348 368 2489 420 llOl‘iB
2513 364 2763 418 Dominus
2789 363 2838 418 in
2863 374 3018 416 cruce
3043 359 3298 423 pendens,

1743 475 2185 522 commemorans,
2214 459 2349 511 dixit
2397 455 2549 510 matri
2581 473 2592 506 :
2627 455 2807 515 Mater,
2837 467 2948 507 ecce
2978 451 3114 517 ﬁlius
3146 459 3302 510 tuus,-

1742 557 1885 621 quasi
1918 555 2138 608 dixisset
2166 573 2176 605 :
2205 553 2341 606 liere
2370 551 2506 619 quod
2539 565 2602 602 ex
2638 559 2686 601 le
2711 548 2909 612 sumpsi
2939 546 3090 598 modo
3124 553 3304 598 osten-

1741 657 1881 709 ditur
1907 651 2180 706 morienda
2209 649 2330 717 quid
2363 654 2462 710 est,
2497 659 2614 712 qua!
2649 651 2820 694 tamen
2854 647 3032 692 natura
3067 647 3304 705 postmo-

1742 749 1864 800 tlum
1893 742 2222 798 clarificantla
2253 748 2366 793 erat
2395 739 2444 791 in
2473 732 2876 788 resurrectionis
2902 732 3085 797 gloria.

1818 835 1954 887 Dixit
1985 843 2141 885 ma'er
2165 834 2275 894 eius
2321 828 2563 881 ministris
2589 844 2598 876 :
2631 824 2976 889 Quodcunque
3007 821 3184 872 dixerit
3223 833 3296 868 uo.

1744 929 1834 990 bis,
1866 927 2032 989 facile.
2080 923 2290 977 Sciebat
2333 919 2542 985 quidem
2576 926 2744 968 mater
2775 912 2893 981 ejus
2926 908 3304 964 humanitatem

1745 1021 1832 1074 filii
1864 1019 1962 1078 sui,
1997 1017 2120 1070 licet
2147 1017 2246 1068 hoc
2278 1015 2433 1066 modo
2462 1012 2667 1062 videtur
2702 1020 2914 1073 negare,
2949 1003 3085 1072 quid
3127 1015 3309 1066 posca-

1745 1113 1918 1172 batur;
1966 1116 2132 1160 mater
2160 1116 2331 1160 tamen
2379 1104 2552 1157 sciens
2604 1101 2849 1168 pietatem
2885 1097 2994 1158 filii,
3026 1095 3160 1164 quod
3212 1109 3309 1146 ne-

1744 1217 1867 1270 gare
1911 1199 2095 1257 nollet.
2144 1199 2282 1263 quod
2331 1197 2628 1263 petebatur,
2684 1179 2997 1245 fiducialiter
3046 1185 3310 1240 mandavit

1745 1292 2019 1352 ministris,
2052 1298 2107 1342 ut
2140 1288 2381 1342 mandata
2409 1286 2687 1350 implerent
2716 1282 2949 1351 jubentis
2981 1280 3092 1334 filii.

1820 1382 1975 1434 Erant
2006 1390 2172 1432 autem
2213 1379 2282 1432 ibi
2315 1379 2526 1447 lapidea:
2555 1377 2748 1446 hydria:
2802 1392 2890 1428 sex
2936 1374 3110 1439 posita:
3145 1389 3315 1443 secun-

1745 1470 1865 1521 dum
1896 1470 2296 1534 puriﬁcationem
2326 1467 2644 1526 Judworum,
2678 1466 2930 1532 capientes
2965 1465 3178 1528 singula!
3206 1479 3310 1515 nte-

1747 1573 1895 1615 tretas
1935 1562 2076 1614 binas
2117 1563 2190 1614 vel
2227 1570 2410 1614 ternas.
2456 1557 2665 1626 llydrire
2697 1566 2950 1610 vocantur
2991 1571 3111 1608 vasa
3153 1569 3319 1623 aqua-

1747 1668 1860 1703 rum
1891 1653 2120 1716 receptui
2155 1663 2350 1717 parata.
2385 1650 2570 1704 Grazce
2593 1650 2733 1703 enim
2765 1665 2896 1714 aqua
2926 1647 3059 1724 ὕδωρ
3092 1647 3310 1700 dicitur.

1752 1745 1896 1808 Aqua
1943 1752 2117 1796 autem
2173 1742 2460 1806 Seripturte
2514 1755 2681 1794 sacra:
2728 1739 3004 1793 scientiam
3055 1738 3318 1802 designat,

1753 1848 1868 1900 qum
1901 1847 2022 1884 suos
2058 1832 2321 1884 auditores
2352 1839 2406 1884 et
2450 1847 2477 1884 a
2511 1840 2845 1896 peccatorum
2891 1828 3045 1881 surde
3084 1829 3316 1889 abluere,

1753 1936 1799 1978 et
1834 1924 2021 1974 divinse
2069 1921 2387 1988 cognitionis
2435 1921 2570 1973 solet
2625 1920 2766 1972 fonte
2809 1930 3011 1986 potare.
3047 1918 3177 1972 Vasa
3229 1932 3320 1971 sex

1754 2013 1939 2080 quibus
1992 2011 2286 2075 tenebatur,
2343 2011 2501 2064 corda
2561 2022 2683 2065 sunt
2741 2010 2926 2063 devota
2984 2019 3323 2072 sanctorum,

1756 2121 1976 2174 quorum
2022 2104 2274 2172 perfectio
2304 2103 2426 2154 vitae.
2472 2112 2524 2155 et
2555 2103 2673 2154 fidei
2719 2102 2782 2154 ad
2833 2103 3135 2166 exemplum
3181 2111 3325 2154 recte

1757 2193 2006 2251 credendi
2034 2209 2092 2245 ac
2120 2192 2330 2246 vivendi
2362 2192 2628 2260 proposita
2662 2201 2743 2244 est
2767 2193 2948 2259 generi
2981 2179 3330 2252 bnniano'pcr

1759 2303 1846 2339 sex
1877 2286 2057 2338 smculi
2087 2285 2330 2338 habentis
2363 2292 2567 2342 aetates,
2599 2282 2646 2333 id
2694 2291 2797 2342 est,
2831 2296 2998 2346 usque
3027 2281 3089 2330 ad
3123 2289 3329 2346 tempus

1760 2379 2040 2432 dominica:
2070 2376 2476 2444 praedicationis.
2526 2373 2588 2426 Et
2616 2374 2749 2426 bene
2793 2372 2992 2437 lapidea
3028 2379 3151 2427 sunt
3182 2385 3328 2434 vasa,

1761 2471 1877 2538 quia
1917 2469 2063 2521 fortia
2115 2477 2232 2519 sunt
2270 2465 2554 2530 prmcortlia
2589 2464 2868 2528 iustorum,
2921 2471 2975 2514 ut
3022 2471 3140 2524 pnlc
3190 2461 3330 2514 illius

1767 2558 1869 2612 ﬁde
1917 2567 1968 2609 et
1996 2557 2281 2609 dilectione
2312 2556 2530 2608 Soliilata
2567 2553 2776 2617 lapidis,
2807 2567 2959 2617 quem
2987 2552 3118 2603 vidit
3152 2551 3331 2606 Daniel

1765 2650 2043 2716 pra‘cisum
2093 2648 2159 2700 de
2216 2656 2394 2699 monte
2451 2646 2563 2697 sine
2618 2643 2903 2706 manibus,
2933 2639 3234 2710 factumque
3284 2643 3334 2695 in

1763 2750 1994 2795 montem
2030 2755 2300 2809 magnum,
2335 2749 2388 2790 et
2425 2738 2671 2804 implesse
2694 2751 2902 2790 omnem
2939 2745 3134 2788 terram
3166 2733 3334 2808 (Dan.

1766 2834 1823 2895 tt)
1847 2849 1860 2894 ;
1886 2841 1936 2884 et
1966 2831 2029 2884 dc.
2061 2846 2162 2897 quo
2204 2827 2323 2882 dicit
2355 2825 2633 2880 Zacharias
2668 2845 2681 2881 :
2718 2825 2780 2880 In
2813 2825 2980 2890 lapide
3020 2842 3122 2878 una
3154 2832 3341 2891 septem

1768 2923 1900 2974 oculi
1951 2931 2089 2983 sunt,
2147 2921 2196 2972 id
2246 2928 2348 2984 est,
2403 2921 2453 2972 in
2504 2920 2718 2973 Christo
2751 2917 3066 2970 universitas
3110 2915 3343 2970 scicntire.

1689 3040 1734 3102 ρ
1772 3013 2060 3080 spiritualis
2087 3012 2306 3065 habitat.
2359 3009 2522 3079 Cujus
2559 3018 2610 3062 rt
2638 3009 2904 3071 apostolus
2937 3007 3121 3060 Petrus
3165 3005 3338 3063 memi-

1778 3106 1873 3171 nit,
1903 3107 1971 3160 ita
2014 3106 2229 3158 dicens:
2269 3104 2343 3156 Ad
2383 3119 2530 3171 quem
2577 3102 2863 3154 accedentes
2891 3099 3110 3167 lapidem
3154 3099 3342 3157 vivum,

1776 3205 1820 3247 et
1851 3196 1946 3260 ipsi
1982 3204 2219 3261 tanquam
2250 3193 2316 3247 lat
2339 3194 2442 3244 ides
2471 3193 2587 3251 civi,
2623 3189 3104 3256 supertediﬁcamini
3151 3186 3204 3256 (I
3241 3186 3340 3242 Pe-

1778 3286 1843 3353 tri
1868 3284 1945 3354 lt).
1979 3287 2118 3337 Bene
2148 3282 2433 3337 cecundum
2469 3279 2882 3348 purificationem
2912 3279 2974 3332 .lu
3000 3277 3214 3331 lreorum
3247 3294 3341 3347 po-

1778 3362 1893 3428 sita:
1921 3383 2071 3427 erant
2094 3373 2314 3443 hydrirr,
2339 3373 2457 3440 quia
2487 3371 2784 3440 Judzcorum
2811 3378 3010 3422 tantum
3038 3370 3226 3435 populo
3257 3369 3339 3422 lex

1783 3481 1872 3530 per
1901 3465 2114 3532 Moysen
2140 3465 2259 3516 data
2290 3472 2388 3515 cst.
2420 3462 2547 3515 Nam
2580 3461 2744 3531 gratia
2775 3470 2820 3513 et
2845 3461 3024 3513 veritas
3055 3460 3342 3526 Evangelii,

1780 3571 1883 3610 non
1915 3555 2086 3608 minus
2109 3553 2348 3618 gentibus
2371 3567 2524 3620 quam
2555 3551 2750 3605 Judreis
2779 3565 2868 3618 per
2892 3544 3065 3601 Jesum
3091 3547 3346 3600 Christum

1780 3648 1918 3715 facta
1963 3654 2053 3699 est.
2085 3645 2368 3713 Cupientes,
2418 3643 2604 3712 inquit,
2656 3641 2870 3711 singula:
2921 3649 3150 3693 metretas
3184 3639 3346 3702 binas,

1780 3739 1855 3791 ttcl
1895 3746 2088 3796 ternas,
2117 3735 2236 3800 quia
2265 3733 2554 3800 Scripturze
2596 3741 2790 3784 sanctae
2817 3739 3060 3782 auctores
3103 3739 3154 3782 et
3196 3730 3352 3781 mini-

1780 3827 1896 3889 stri,
1934 3825 2205 3892 prophetae
2243 3823 2399 3874 modo
2438 3821 2502 3874 de
2535 3821 2686 3874 Patre
2725 3829 2927 3873 tantum
2973 3819 3258 3884 loquuntur
3301 3832 3352 3874 et

1784 3912 1938 3978 Filio,
1959 3921 2013 3964 ut
2030 3919 2111 3965 est
2133 3911 2258 3964 illud
2278 3927 2288 3960 :
2309 3908 2491 3961 Omnia
2511 3909 2560 3959 in
2578 3908 2824 3976 sapientia
2843 3907 3003 3974 fecisti
3021 3906 3189 3977 (Psal.
3212 3909 3349 3976 cm).

1787 4002 1962 4056 Virtus
2018 4001 2160 4054 enim
2204 3999 2294 4052 Dei
2338 4007 2390 4052 et
2444 3997 2698 4064 sapientia
2744 3996 2984 4050 Christus
3044 4007 3144 4050 est.
3198 3999 3354 4051 Moto

1784 4094 1945 4146 etiam
1977 4091 2202 4160 Spiritus
2236 4089 2402 4142 sancti
2436 4086 2630 4142 faciunt
2677 4089 3019 4154 mentionem,
3044 4089 3189 4158 juxta
3223 4091 3349 4144 illud

1785 4181 2225 4253 Psalmographi:
2261 4180 2424 4233 Verbo
2458 4177 2694 4232 Domini
2725 4179 2834 4232 coeli
2876 4179 3068 4247 ﬁrmati
3115 4170 3251 4246 sunt,
3309 4191 3354 4233 et

1786 4277 1966 4340 spiritu
2011 4275 2114 4326 oris
2170 4274 2278 4342 ejus
2320 4271 2480 4323 omnis
2524 4272 2678 4322 virtus
2724 4257 2896 4322 eorum
2948 4269 3115 4340 (Psal.
3153 4278 3348 4340 χχιιι).

1717 4390 1762 4447 D
1792 4363 2042 4425 Verbum,
2079 4361 2380 4424 Dominum,
2414 4368 2466 4413 et
2510 4359 2789 4426 Spiritum,
2837 4368 3018 4426 totam,
3053 4376 3169 4428 qua:
3219 4378 3356 4415 unus

1797 4457 1938 4509 Deus
1980 4463 2078 4520 est,
2132 4451 2366 4520 intellige
2395 4449 2726 4503 Trinitatem.
2770 4448 2872 4502 Sed
2923 4440 3173 4518 quantum
3221 4451 3356 4505 inter

1792 4563 1979 4615 aquam
2007 4555 2060 4600 et
2101 4545 2301 4610 vinum,
2347 4551 2545 4595 tantum
2576 4540 2740 4594 distat
2769 4540 2904 4594 inter
2932 4556 3144 4594 sensum
3183 4543 3349 4606 illum,

1793 4653 1897 4706 quo
1945 4637 2231 4703 Scriptura:
2279 4643 2400 4686 ante
2447 4631 2734 4685 adventum
2766 4629 3056 4683 Salvatoris
3098 4633 3359 4702 intellige-

1795 4730 2004 4789 bantur,
2038 4737 2088 4779 et
2131 4738 2250 4779 eum
2291 4738 2445 4791 quem
2485 4721 2704 4776 veniens
2729 4721 2842 4790 ipse
2869 4722 3121 4775 revelavit
3152 4734 3360 4789 aposto-

1797 4820 1880 4880 lis,
1929 4829 2218 4882 eorumque
2259 4813 2535 4879 discipulis
2584 4821 2842 4880 perpetuo
2872 4813 3196 4878 sequendum
3247 4813 3362 4866 reli-

1797 4910 1927 4978 quit.
1964 4908 2027 4961 Et
2055 4907 2263 4972 quidem
2289 4905 2461 4972 potuit
2501 4903 2754 4957 Dominus
2797 4917 2992 4955 vacuas
3023 4903 3243 4969 implere
3272 4905 3361 4971 hy-

1797 4999 1938 5052 drias
1969 5011 2136 5064 aquce,
2171 4995 2314 5057 vino,
2340 4993 2428 5062 qui
2462 4994 2511 5046 in
2558 4993 2776 5046 exordio
2805 4992 3084 5046 mundana:
3134 4995 3359 5048 creatio-

1801 5090 1882 5142 uis
1921 5096 2107 5142 cuncta
2148 5086 2347 5141 creavit
2393 5100 2456 5137 ex
2507 5085 2710 5136 nihilo:
2742 5084 2834 5137 sed
2883 5085 3066 5139 maluit
3117 5085 3184 5138 de
3230 5101 3360 5154 aqua

1803 5180 1976 5232 facere
2009 5179 2206 5242 vinum,
2236 5191 2342 5245 quo
2376 5176 2546 5245 typice
2579 5174 2793 5228 doceret
2825 5190 2881 5228 se
2923 5190 3022 5228 n0n
3056 5177 3118 5228 ad
3165 5179 3365 5230 solven-

1804 5270 1924 5322 dam
1957 5266 2485 5336 improbandamque,
2519 5264 2608 5317 sed
2640 5264 2956 5332 implendam
2991 5265 3162 5331 potius
3191 5267 3358 5336 legem

1805 5359 2196 5429 prophetasque
2242 5357 2448 5410 venisse
2473 5354 2680 5422 (Matth.
2711 5359 2793 5418 vl;
2840 5370 3010 5422 neque
3040 5356 3139 5423 alia
3185 5370 3242 5407 se
3270 5372 3365 5424 per

1807 5452 2162 5519 evangelicam
2209 5450 2428 5517 gratiam
2465 5446 2658 5509 facere,
2706 5455 2757 5498 et
2787 5446 2997 5509 docere,
3052 5460 3206 5512 quam
3251 5461 3368 5513 qua:

1810 5544 1992 5612 legalis
2022 5550 2073 5595 et
2098 5541 2402 5610 prOphetica
2432 5541 2700 5606 Scriptura
2742 5554 2861 5592 cum
2896 5539 3148 5592 facturum
3180 5540 3366 5592 doctu-

1809 5650 2029 5704 rumque
2080 5635 2331 5702 signaret.
2379 5631 2628 5686 Videmus
2676 5646 2799 5699 ergo
2846 5645 2936 5684 scx
2978 5631 3191 5683 livdrias
3230 5633 3368 5688 Scri-
