3822 6226
500 303 606 362 659

887 304 1085 361 ΒΕΒΑΞ
1129 303 1565 360 \‘ENERABILIS
1603 300 1750 358 OPP.
1795 299 1974 357 PARS
2016 298 2076 352 ll.
2120 298 2311 355 SECT.
2356 298 2396 352 Ι.
2439 323 2507 338 --
2547 298 2926 355 EXEGETICA
2969 299 3288 357 GENUINA.
3611 306 3698 361 650

504 424 774 484 ptum-um
806 430 939 483 aqua
981 416 1197 470 salutari
1225 416 1469 485 repletas.
1498 415 1779 470 Videamus
1807 413 2048 469 eamdem
2076 419 2125 475 Α
2155 419 2209 467 et
2239 410 2379 464 mitis
2418 410 2565 465 exsul
2606 411 2754 483 (Gen.
2792 415 2965 483 xvm).
3020 415 3183 469 Porro
3215 416 3301 471 ille
3343 417 3491 485 cujus
3520 420 3697 491 injust:

504 520 696 575 aquam
751 506 805 560 in
867 505 1235 561 suavissimum
1290 507 1397 560 vini
1455 506 1669 560 odorem
1741 514 2056 575 gustumque

504 610 835 653 convenam.
867 595 922 650 In
947 598 1116 667 prima
1145 606 1298 652 aetate
1337 596 1534 661 saeculi,
1571 595 1697 650 Abel
1718 595 1914 664 justum
1954 594 2057 648 fra-

506 696 590 743 ter
615 687 853 743 invidens
880 688 1072 743 occidit
1106 686 1309 755 (Cenes.
1341 687 1449 754 tv);
1479 694 1533 741 et
1576 687 1645 739 ob
1675 685 1774 738 hoc
1802 686 1911 752 ipse
1937 699 2055 752 per-

509 787 666 846 petua
699 779 937 847 martyrii
960 776 1128 846 gloria
1162 776 1365 841 beatus,
1398 778 1555 831 etiam
1582 777 1631 829 in
1663 775 1977 842 evangelicis
2006 784 2059 827 et

504 866 811 934 apostolicis
842 865 1031 920 litteris
1052 864 1270 932 justitia:
1298 864 1505 920 laudem
1543 865 1761 933 accepit,
1790 862 2056 917 fratricida

506 956 697 1023 impius
724 965 936 1010 reterns.-
967 955 1345 1009 maledictionis
1374 969 1558 1024 ptenas
1586 956 1697 1010 luit.
1728 957 2052 1025 Quicunque,

507 1044 590 1098 his
618 1044 833 1110 auditis,
869 1053 1161 1099 metuentes
1197 1059 1316 1099 cum
1347 1045 1521 1113 impiis
1550 1045 1811 1110 damnari,
1844 1046 2058 1113 cupien-

506 1143 587 1187 tes
619 1133 854 1188 benedici
901 1148 1019 1187 cum
1070 1135 1185 1202 piis,
1234 1148 1443 1188 omnem
1484 1134 1725 1189 odiorum
1756 1142 1809 1188 et
1847 1132 2056 1187 invidia:

509 1224 742 1279 fomitem
782 1225 1061 1294 abjiciunl,
1117 1225 1223 1280 Deo
1252 1228 1460 1294 placere
1506 1241 1597 1293 per
1626 1226 1939 1279 sacrificium
1981 1227 2059 1293 ju-

505 1311 698 1377 stilite,
749 1313 1061 1369 modestiam
1114 1312 1470 1377 innocentiae,
1501 1313 1748 1366 virtutem
1796 1312 2059 1380 patientia)

507 1410 730 1454 curant:
754 1414 845 1454 vas
885 1400 1121 1470 profecto
1148 1416 1297 1470 aquae
1326 1402 1378 1455 in
1411 1402 1676 1469 Scriptura
1722 1402 2053 1465 invenerunt,

504 1491 644 1544 unde
694 1491 976 1546 salubriter
1003 1491 1165 1545 abluti
1216 1492 1486 1561 potalique
1516 1491 1822 1559 gauderent.
1871 1488 1973 1545 Sed
2013 1492 2055 1542 si

505 1578 862 1634 intellexerint
890 1580 1019 1637 Cain
1063 1580 1406 1636 homicidium
1429 1582 1730 1636 Judaaorum
1773 1596 1889 1635 esse
1916 1582 2057 1649 perti-

502 1668 669 1735 diam,
698 1669 1018 1725 occisionem
1068 1671 1197 1725 Abel
1230 1672 1528 1739 passionem
1576 1671 1783 1724 Domini
1814 1671 2054 1726 Salvato-

2160 502 2531 571 persecutione
2580 506 2909 557 cruciabatur
2936 506 3169 573 abjectus
3199 516 3300 561 est.
3351 508 3485 564 Ecce
3526 511 3698 579 hydria

2155 601 2341 659 quarta
2394 591 2537 644 fonte
2583 592 2800 646 salutari
2850 596 3066 663 repleta.
3117 594 3365 664 Quisquis
3414 600 3552 652 enim
3600 600 3699 657 hac

2156 681 2374 733 audiens
2419 681 2702 751 humilitati
2737 693 2893 751 atque
2942 686 3256 738 innocentiae
3285 688 3499 741 studere
3541 701 3591 742 et
3618 706 3701 743 su-

2157 771 2388 837 perbiam
2418 771 2638 838 cmperit
2665 779 2823 838 atque
2852 772 3101 827 invidiam
3127 790 3223 829 suo
3255 777 3321 831 de
3351 779 3510 832 corde
3535 782 3701 847 repel~

2158 859 2285 920 lere,
2311 858 2460 925 quasi
2515 858 2757 912 haustum
2806 874 2955 927 aqua:
2996 860 3399 929 iimpidissimaa,
3448 879 3551 933 quo
3592 869 3701 920 reli-

2156 950 2344 1013 tiatur,
2379 949 2592 1003 invenit.
2639 951 2707 1002 At
2736 949 2781 1003 si
2810 950 2860 1002 in
2891 951 3049 1007 Saule
3078 952 3291 1008 Judaeos
3319 965 3699 1023 persequentes,

2158 1038 2207 1091 in
2243 1040 2405 1092 David
2435 1040 2697 1095 Christum
2724 1049 2779 1096 et
2810 1040 3095 1098 Ecclesiam
3143 1035 3432 1113 significari
3459 1061 3703 1114 cognove-

2158 1126 2243 1191 rit,
2281 1126 2595 1196 illorumqne
2642 1128 2934 1197 perﬁdiam,
2984 1139 3037 1183 et
3081 1133 3292 1186 carnale
3342 1136 3499 1188 simul
3547 1136 3702 1205 impe-

2158 1218 2293 1272 rium
2339 1220 2684 1283 destructum,
2726 1220 2921 1274 Christi
2967 1232 3140 1276 autem
3193 1222 3445 1279 Ecclesia:
3495 1242 3698 1295 regnum

2158 1321 2369 1376 semper
2390 1322 2505 1363 esse
2534 1324 2859 1375 mansurum,
2888 1324 2993 1365 non
3027 1312 3198 1366 solum
3232 1314 3412 1382 utique
3443 1318 3618 1369 vinum
3643 1318 3701 1371 de

2157 1410 2289 1461 aqua
2322 1396 2517 1451 factum
2542 1399 2753 1463 sentiat,
2784 1400 2905 1468 quia
2944 1413 3025 1464 se,
3057 1416 3313 1470 suamque
3354 1405 3513 1457 vitam
3555 1414 3607 1457 et
3630 1421 3702 1458 re-

2157 1499 2337 1553 gnum,
2366 1486 2459 1541 sed
2487 1499 2539 1540 et
2566 1488 2733 1557 ipsum
2765 1503 2944 1557 regem
2974 1489 3073 1543 sibi
3120 1490 3373 1560 scriptum
3406 1492 3580 1560 legere
3625 1510 3702 1549 no-

2160 1574 2252 1637 vit,
2287 1575 2370 1628 nbi
2415 1576 2560 1643 prius
2604 1576 2753 1645 quasi
2786 1576 2853 1632 de
2890 1579 3007 1632 aliis
3038 1589 3270 1635 veterem
3318 1583 3522 1651 legebat
3548 1584 3702 1637 histo-

2159 1667 2311 1720 riam.
2346 1668 2535 1734 Quinta
2564 1678 2719 1724 astate
2769 1672 2947 1725 saeculi
2997 1674 3218 1741 populus
3247 1689 3490 1742 peccans,
3543 1678 3700 1741 capti-

504 1758 603 1823 ris,
645 1768 836 1813 terram
878 1775 993 1828 qua:
1022 1764 1227 1828 aperuit
1265 1776 1325 1816 os
1368 1776 1542 1825 suum,
1590 1768 1643 1813 et
1670 1763 1897 1828 suscepit
1932 1758 2047 1828 ejus
2080 1758 2125 1817 Β
2159 1768 2314 1810 vante
2340 1756 2843 1828 Nabuchodonosor,
2874 1760 2924 1815 in
2957 1761 3277 1831 Babylonem
3312 1765 3703 1833 lransmigratur

503 1850 810 1919 sanguinem
838 1850 904 1904 de
933 1866 1085 1905 manu
1116 1850 1266 1917 Cain,
1298 1853 1583 1907 Ecclesiam
1613 1868 1749 1917 esse,
1780 1867 1895 1922 quae
1917 1853 2048 1907 effu-

502 1952 621 1992 sum
642 1954 670 1993 a
698 1939 894 1994 Judaeis
919 1939 1115 1996 Christi
1159 1945 1487 2011 sanguinem,
1519 1945 1571 1998 in
1601 1946 1908 2012 mysterium
1943 1959 2054 1998 sua:

503 2033 860 2086 renovationis
914 2034 1168 2103 accipiat,
1227 2036 1467 2089 nimirum
1519 2052 1705 2105 aquam
1773 2038 1823 2089 in
1876 2038 2049 2090 vinum

508 2132 761 2177 mutatam
787 2122 1072 2193 reperiunt,
1117 2126 1236 2194 quia
1259 2141 1424 2180 saera:
1469 2127 1609 2180 dicta
1636 2127 1765 2196 legis
1798 2113 2055 2181 sacratius

511 2212 827 2280 intelligunt.
855 2214 1095 2269 Secunda
1127 2218 1303 2270 saeculi
1333 2226 1487 2273 relate
1516 2217 1819 2284 inchoante,
1850 2218 2052 2273 deletus

503 2312 587 2355 est
611 2302 763 2371 aquis
803 2303 983 2357 diluvii
1014 2304 1237 2358 mundus
1267 2306 1333 2360 ob
1364 2317 1697 2374 peccatorum
1740 2307 2052 2375 magnitudi-

507 2405 625 2445 nem
675 2390 878 2462 (Cenes.
910 2394 1019 2462 tv);
1058 2395 1149 2449 sed
1198 2395 1340 2449 solus
1386 2396 1494 2450 Noe
1547 2406 1757 2465 propter
1795 2397 2047 2466 justitiam

502 2494 621 2534 cum
659 2480 817 2535 domo
841 2497 935 2536 sua
968 2482 1217 2539 liberatus
1246 2484 1296 2537 in
1324 2499 1463 2539 arca.
1498 2485 1662 2552 Hujus
1690 2487 1859 2555 p'agm'
1878 2488 2048 2541 audita

503 2572 797 2627 vastatione
826 2571 1091 2639 horribili,
1134 2589 1523 2643 paucorumque
1550 2577 1857 2631 liberatione
1888 2580 2049 2632 mira-

502 2661 615 2727 bili,
663 2664 899 2735 quisquis
944 2666 1271 2721 emendatius
1317 2671 1491 2723 vivere
1542 2672 1779 2737 cerperil,
1834 2670 2048 2724 liberari

501 2752 810 2810 desiderans
841 2769 957 2810 cum
990 2758 1194 2820 electis,
1224 2761 1563 2815 exterminari
1598 2761 1785 2815 timens
1814 2776 1930 2814 eum
1966 2776 2047 2816 re-

502 2841 710 2908 probis.
742 2842 979 2914 bydriam
1007 2846 1239 2914 profecto
1260 2863 1431 2917 aqum,
1460 2865 1557 2917 qua
1583 2852 1938 2914 mundarelur,
1964 2850 2047 2903 vel

499 2930 830 2997 reficeretur,
863 2936 1082 3004 accepit.
1129 2939 1198 2992 At
1236 2939 1357 2991 dum
1400 2940 1555 2993 altius
1585 2955 1769 3009 sapere
1805 2942 2047 3007 coeperit,

499 3033 551 3077 et
580 3022 632 3077 in
661 3038 782 3078 arca
812 3025 1121 3095 Ecclesiam,
1153 3029 1205 3083 in
1252 3030 1360 3084 Noe
1389 3032 1676 3096 Christum,
1710 3032 1759 3086 in
1798 3046 1928 3101 aqua
1958 3032 2050 3087 de-

502 3112 644 3169 lenle
673 3124 999 3182 peccatores,
1043 3132 1226 3187 squam
1278 3120 1542 3190 baptismi,
1574 3137 1687 3190 qua:
1727 3132 1935 3189 peccata
1965 3121 2044 3175 di-

504 3202 622 3269 luit,
652 3205 704 3259 in
736 3205 1036 3262 hominibus
1062 3218 1116 3264 et
1160 3212 1212 3264 in
1245 3212 1554 3265 animalibus
1584 3228 1699 3282 qua:
1727 3228 1844 3267 arca
1874 3215 2043 3268 centi-

503 3294 662 3347 nebat
716 3296 1051 3352 multifariam
1110 3300 1487 3366 baptizatorllm
1543 3304 1928 3368 differentiam,
1997 3308 2048 3358 in

504 3383 770 3453 columba,
799 3402 915 3457 quae
955 3398 1073 3458 post
1097 3390 1349 3445 diluvium
1380 3408 1581 3445 ramum
1614 3395 1767 3447 oliva:
1795 3395 1969 3449 intulit
1997 3396 2047 3449 in

500 3487 678 3530 arcam
706 3475 907 3546 (Cenes.
938 3480 1077 3550 vui),
1128 3484 1423 3536 unctionem
1471 3484 1691 3552 Spiritus
1720 3484 1907 3549 sancti,
1950 3501 2047 3552 qua

504 3563 758 3632 baptizati
796 3566 1122 3633 imbuuntur,
1151 3570 1484 3636 intellexerit,
1516 3575 1691 3624 vinum
1726 3572 1956 3639 profecto
1987 3573 2052 3627 de

506 3669 642 3721 aqua
672 3656 861 3711 factum
904 3660 1145 3725 miratur,
1194 3661 1309 3729 quia
1350 3662 1399 3715 in
1430 3664 1617 3715 veteris
1663 3664 1877 3716 historia
1911 3664 2051 3728 facti,

506 3756 658 3797 suam
705 3744 1046 3816 ablutionem,
1087 3749 1577 3815 sanctificationem,
1625 3750 2051 3817 juSlificationem

514 3834 810 3903 prophetari
857 3842 1252 3907 contemplatur.
1286 3841 1463 3895 Tertia
1512 3841 1691 3895 szeculi
1734 3851 1888 3895 aetate
1921 3843 2054 3898 Deus

512 3931 719 3979 tentans
764 3926 1117 3984 obedientiam
1142 3932 1392 3996 Abrahae,
1451 3931 1615 3986 filium
1670 3934 1906 3999 unicum,
1934 3949 2050 3987 eum

504 4028 660 4080 quem
688 4015 954 4085 diligebat,
979 4019 1029 4071 in
1061 4020 1429 4075 holocaustum
1463 4024 1559 4077 sibi
1590 4024 1780 4077 oifrrre
1811 4027 2056 4092 prmcopit

504 4105 657 4173 (Gen.
702 4113 856 4176 χιιι).
900 4110 1011 4164 Νοιι
1044 4111 1219 4168 differt
1265 4115 1528 4169 Abraham
1564 4117 1735 4170 facere
1765 4117 2055 4184 quaajube-

504 4204 610 4260 tur,
659 4198 750 4250 sed
783 4214 876 4266 pro
908 4200 1011 4254 filio
1060 4203 1359 4258 immolatur
1406 4207 1563 4259 aries.
1596 4207 1710 4269 Ipse
1742 4216 1914 4259 tamen
1962 4223 2055 4273 pro

505 4286 816 4344 obedientia:
871 4294 1083 4357 virtute,
1136 4295 1328 4348 eximia
1374 4306 1621 4363 perpetua
1679 4296 2056 4350 benedictionis

2153 1845 2332 1915 (Esdr.
2368 1848 2443 1915 t);
2474 1850 2566 1903 sed
2606 1861 2720 1916 post
2763 1852 3094 1921 septuaginta
3135 1868 3299 1907 annos
3345 1858 3623 1921 ptenitens,
3655 1866 3701 1908 et

2151 1945 2446 2001 correctus,
2497 1938 2546 1989 in
2588 1939 2809 2005 patriam
2858 1955 2951 2007 per
2991 1939 3170 1994 Jesum
3223 1943 3549 1996 sacerdotem
3597 1959 3701 1996 ma-

2152 2044 2306 2096 gnum
2334 2029 2637 2095 reducitur;
2681 2032 2765 2085 ubi
2794 2032 3007 2088 domum
3038 2034 3150 2101 Dei,
3181 2051 3295 2105 qua:
3331 2038 3543 2091 incensa
3577 2048 3700 2102 erat,

2153 2127 2203 2169 et
2256 2117 2520 2171 civitatem
2579 2128 2862 2188 sanctam,
2922 2137 3038 2190 quae
3084 2125 3370 2190 destructa,
3430 2127 3704 2181 reazdiiiest

2152 2209 2340 2278 (Ereti.
2376 2211 2543 2279 sm).
2571 2212 2695 2266 Hmc
2721 2214 2901 2282 legens
2928 2216 3039 2269 sive
3067 2216 3284 2270 audiens
3315 2218 3552 2286 quisquis
3588 2234 3703 2287 pec-

2148 2300 2301 2353 candi
2354 2310 2550 2353 metum
2602 2302 2841 2370 corripit,
2897 2312 2949 2357 et
2998 2305 3062 2358 ad
3093 2306 3378 2375 pmuitendi
3417 2310 3697 2361 remedium

2149 2388 2403 2457 confugit,
2449 2404 2584 2458 aqua
2631 2392 2830 2462 hydria:
2882 2394 3205 2462 purificantis
3254 2395 3457 2449 ablutus
3502 2407 3605 2452 est.
3649 2398 3695 2450 Si

2151 2494 2282 2533 vero
2315 2480 2609 2547 intelligere
2630 2482 2895 2543 didicerit,
2920 2482 3208 2538 Jerusalem
3239 2492 3294 2538 et
3314 2488 3565 2552 templum
3594 2486 3697 2549 Dei,

2152 2569 2438 2623 Ecclesiam
2482 2568 2705 2634 Christi;
2742 2571 3079 2641 Babylooem,
3109 2575 3471 2628 confusionem
3512 2570 3696 2643 pecca-

2152 2668 2364 2723 torum;
2410 2659 2912 2726 Nabuchodonosor,
2962 2664 3259 2729 diabolum;
3308 2665 3489 2721 .lesum
3532 2681 3697 2721 sacer-

2147 2748 2323 2802 dotem
2356 2764 2621 2816 magnum,
2655 2765 2835 2804 verum
2866 2762 3227 2821 aeternumque
3262 2754 3566 2810 Pontificem
3591 2772 3699 2812 esse

2148 2838 2326 2892 Jesum
2356 2840 2657 2906 Christum;
2704 2842 3036 2909 septuaginta
3066 2855 3251 2906 annos,
3284 2843 3544 2898 bonorum
3595 2848 3695 2913 ple-

2150 2929 2438 2984 nitudinem
2493 2944 2730 2999 eperum,
2782 2945 2897 3000 quae
2948 2946 3039 3001 per
3082 2932 3308 3001 Spiritus
3350 2938 3517 2992 sancti
3568 2938 3696 2992 dona

2153 3022 2463 3090 largiuntur,
2504 3025 2767 3094 videlicet,
2797 3038 3011 3096 propter
3045 3028 3387 3098 Deealogum,
3440 3040 3493 3086 et
3538 3033 3699 3100 septi-

2154 3112 2372 3168 formem
2420 3116 2655 3183 ejusdem
2696 3116 2922 3187 Spiritus
2947 3120 3205 3187 gratiam;
3256 3120 3551 3189 videritque
3607 3123 3700 3175 hoc

2150 3205 2386 3273 quotidie
2428 3206 2563 3273 fieri,
2594 3207 2712 3262 aliis
2757 3206 3002 3262 nimirum
3033 3222 3060 3259 a
3104 3208 3320 3262 diabolo
3363 3211 3429 3264 de
3473 3211 3700 3266 Ecclesia

2151 3296 2416 3362 peccando
2446 3298 2629 3365 raptis,
2660 3297 2775 3352 aliis
2821 3298 2988 3366 gratia
3044 3297 3273 3365 Spiritus
3303 3302 3471 3355 sancti
3508 3316 3601 3370 per
3622 3301 3702 3357 Je-

2150 3396 2268 3436 sum
2301 3386 2655 3453 resipiscendo
2700 3402 2762 3442 ac
2793 3388 3100 3456 paenitendo
3130 3392 3501 3457 reconciliatis,
3534 3396 3701 3448 vinum

2151 3472 2215 3526 de
2238 3487 2368 3542 aqua
2401 3474 2593 3528 factum
2625 3475 2806 3541 habet,
2835 3478 2922 3547 qui
2950 3479 3012 3532 ad
3044 3493 3102 3533 se
3132 3480 3398 3548 pertinere
3428 3498 3547 3550 qua
3575 3485 3702 3538 scri-

2154 3571 2238 3629 pta
2294 3574 2413 3616 sunt
2473 3566 2811 3633 intelligens,
2870 3582 3061 3637 magno
3112 3584 3233 3624 mox
3287 3574 3701 3639 compunctiouis

2154 3654 2303 3721 quasi
2328 3662 2505 3707 musto
2534 3655 2880 3720 incalescens;
2913 3658 3163 3727 quidquid
3192 3659 3295 3713 sibi
3319 3664 3518 3729 peccati
3546 3665 3701 3731 capti-

2155 3747 2326 3798 vamis
2353 3746 2528 3799 inesse
2555 3745 2981 3817 deprehenderit,
3029 3763 3121 3818 per
3167 3751 3357 3805 Christi
3386 3755 3609 3819 gratiam
3652 3756 3704 3808 li-

2157 3832 2324 3887 berari
2353 3833 2608 3900 deposcit.
2638 3833 2797 3888 Sexta
2829 3837 3111 3893 inchoante
3137 3838 3313 3893 sreculi
3332 3850 3509 3905 aetate,
3539 3843 3702 3896 Domi-

2156 3937 2251 3976 nus
2283 3923 2332 3977 in
2362 3937 2523 3978 carne
2554 3938 2831 3992 apparens,
2877 3935 3061 3981 octava
3098 3929 3184 3983 die
3228 3930 3539 3996 nativitatis,
3566 3934 3702 4002 juxta

2160 4013 2342 4079 legem,
2387 4016 2733 4071 circumcisus
2775 4026 2856 4071 est
2882 4018 3029 4087 (Luc.
3063 4022 3139 4090 t);
3174 4022 3439 4077 tricesima
3485 4035 3541 4079 et
3567 4027 3704 4078 tertia

2167 4116 2284 4170 post
2318 4105 2427 4159 haec
2454 4112 2518 4160 ad
2552 4109 2799 4177 templum
2824 4109 3048 4175 delatus,
3073 4123 3125 4167 et
3158 4114 3341 4181 legalia
3375 4130 3469 4181 pro
3499 4131 3569 4171 eo
3597 4129 3707 4172 Sunt

2163 4210 2377 4249 munera
2406 4197 2576 4252 oblata
2609 4198 2756 4269 (Luc.
2788 4200 2865 4268 ιι).
2913 4200 3033 4254 llaec
3077 4202 3335 4257 intuentes
3364 4205 3430 4258 ad
3462 4208 3702 4269 litteram,

2158 4298 2339 4351 aperte
2369 4287 2627 4344 discimus
2654 4301 2844 4358 quanta
2870 4294 3019 4347 nobis
3046 4292 3311 4365 diligentia
3342 4310 3467 4352 sunt
3492 4314 3707 4369 evange-

508 4374 811 4434 haereditate
839 4380 1083 4437 donatur.
1137 4384 1271 4439 Ecce
1318 4384 1478 4439 habes
1524 4387 1772 4456 ilytlriam
1822 4390 2047 4441 tertiam.
2081 4418 2131 4477 υ
2160 4375 2275 4477 liam
2309 4376 2426 4431 ﬁdei
2476 4378 2745 4477 subeundf
2783 4384 3056 4477 mysteria,
3091 4385 3455 4477 ouandojpse
3504 4389 3707 4442 benedi-

508 4468 739 4524 Autliens
784 4487 1007 4539 namque
1054 4485 1246 4542 quanta
1288 4477 1451 4530 virtus
1494 4480 1827 4543 obctlientiae,
1859 4492 2050 4546 quanta

509 4558 751 4611 mercede
782 4571 1107 4624 muneratur.
1147 4571 1199 4617 et
1228 4564 1339 4630 ipse
1365 4565 1715 4619 obedientiam
1747 4567 1945 4620 discere
1971 4578 2053 4620 at.—

509 4661 610 4713 que
662 4646 855 4703 habere
894 4651 1108 4719 satagis.
1158 4652 1307 4717 Quod
1362 4654 1405 4707 si
1452 4654 1501 4707 in
1557 4657 1913 4709 immolatione
1965 4658 2054 4711 filii

512 4738 653 4792 unici
692 4738 863 4794 dilecti
909 4744 1203 4807 passionem
1235 4744 1347 4814 ejus
1393 4747 1658 4817 intelligis,
1690 4748 1753 4801 de
1787 4765 1889 4815 quo
1933 4750 2057 4803 dicit

510 4838 693 4895 pater:
732 4828 825 4883 Hic
850 4840 919 4885 est
948 4831 1115 4887 Filius
1146 4850 1282 4889 meus
1321 4839 1552 4903 dilectus,
1587 4842 1635 4892 in
1664 4857 1761 4909 quo
1788 4843 1905 4894 mihi
1934 4859 2058 4895 com-

510 4919 677 4986 placui
717 4920 927 4987 (Matth.
958 4920 1061 4991 tn).
1097 4924 1149 4976 In
1194 4939 1316 4991 qua,
1368 4932 1485 4993 quia
1517 4928 1785 4982 divinitate
1825 4930 2056 4998 ilnpassi-

515 5007 599 5060 bili
634 5020 988 5077 permanento,
1044 5016 1151 5066 sola
1198 5016 1496 5070 humanitas
1528 5032 1748 5072 mortem
1780 5034 1929 5089 ρει-8.]
1978 5032 2057 5075 est

507 5109 560 5149 et
591 5098 845 5163 dolorem,
875 5103 1021 5169 quasi
1053 5104 1188 5159 filius
1209 5105 1447 5169 offertur,
1477 5108 1565 5161 sed
1597 5109 1735 5162 aries
1766 5119 2053 5162 mactatur:

510 5186 551 5237 si
601 5187 846 5257 intelligis
872 5191 1271 5259 benedictionis,
1334 5210 1449 5264 qua:
1483 5199 1736 5263 promissa
1784 5208 1861 5250 est
1892 5200 2058 5250 Abra-

514 5275 593 5329 hae
628 5276 775 5344 (Cen.
814 5279 966 5348 xm),
999 5283 1048 5335 in
1081 5294 1148 5345 le.
1188 5286 1274 5351 qui
1305 5285 1370 5338 de
1388 5285 1628 5354 gentibus
1667 5287 1836 5339 credis
1868 5302 2055 5341 munus

508 5384 629 5424 esse
669 5374 981 5439 completum
1029 5375 1271 5430 nimirum
1304 5376 1369 5430 de
1419 5391 1550 5445 aqua
1573 5380 1745 5431 vinum
1780 5379 1900 5433 fecit
1940 5380 2052 5441 tibi,

508 5462 594 5528 qui
626 5462 910 5529 spiritalem
940 5480 1175 5530 sensum,
1202 5467 1351 5535 cujus
1382 5467 1660 5538 fragrantia
1688 5471 2050 5534 atlinebriaris,

507 5554 734 5617 aperuit.
766 5553 976 5620 Quarta:
1022 5559 1188 5612 aetatis
1236 5557 1395 5612 initiis
1430 5558 1587 5612 David
1629 5574 1720 5626 pro
1764 5560 1917 5614 Saule
1969 5576 2051 5614 re-

510 5663 665 5715 gnum
694 5646 987 5705 istaeliticze
1018 5651 1181 5719 gentis
1226 5653 1463 5718 sortitur,
1501 5652 1727 5717 humilis,
1780 5654 2048 5716 innocens,

2155 4467 2382 4520 ctionem
2433 4469 2613 4537 gratiae.
2656 4468 2901 4536 aﬂ‘erens,
2956 4471 3044 4539 qui
3091 4471 3257 4541 legem
3314 4475 3507 4530 littere
3555 4477 3705 4541 dedit,

2158 4559 2307 4623 prius
2330 4572 2444 4611 eam
2476 4561 2909 4614 ceremoniarum
2944 4561 3045 4615 ritu
3067 4566 3422 4629 consecravit,
3456 4569 3548 4635 qui
3579 4584 3707 4621 cun-

2155 4658 2236 4699 cta
2277 4648 2525 4702 divinitus
2557 4652 2859 4715 constituit;
2905 4662 2957 4705 et
2996 4655 3073 4707 sic
3128 4670 3276 4709 novae
3314 4658 3502 4723 gratia
3544 4673 3706 4712 sacra-

2156 4748 2329 4791 menta
2358 4740 2630 4807 suscipere
2662 4740 2817 4794 simul
2861 4754 2914 4795 et
2944 4744 3147 4805 tradere
3176 4748 3399 4798 curavit.
3437 4748 3579 4801 Ecce
3619 4748 3706 4817 by-

2157 4828 2267 4880 dria
2300 4842 2445 4883 sema
2476 4828 2543 4883 ad
2566 4830 2821 4885 abluenda
2847 4835 3082 4901 contagia
3112 4837 3329 4902 peccari,
3364 4838 3429 4890 ad
3463 4844 3705 4905 portantia

2158 4920 2273 4972 vita:
2326 4920 2510 4989 gaudia
2566 4923 2893 4979 mundiorem
2941 4926 3145 4980 caeteris
3197 4938 3439 4981 astruens
3502 4932 3705 4983 undam.

2162 5007 2349 5060 Verum
2398 5011 2439 5061 si
2487 5010 2538 5062 in
2581 5013 2751 5066 octavi
2800 5011 2905 5065 diei
2956 5016 3377 5079 circumcisione,
3431 5021 3705 5089 baptisma.

2157 5097 2295 5161 quod
2330 5096 2378 5149 in
2410 5100 2716 5165 mysterium
2746 5101 2937 5157 divinae
2985 5107 3382 5161 resurrectionis
3410 5124 3442 5161 a
3480 5120 3709 5178 peccato-

2160 5202 2270 5240 rum
2305 5204 2400 5242 nos
2445 5201 2614 5245 morte
2644 5192 2887 5257 redemit,
2922 5195 3189 5266 intelligis,
3226 5200 3276 5252 in
3326 5198 3638 5255 inductione
3666 5204 3708 5253 in

2160 5277 2435 5340 templum,
2468 5286 2520 5329 et
2545 5279 2813 5335 oblatione
2843 5283 3027 5337 hostiae
3055 5286 3398 5350 purificantis,
3436 5287 3709 5357 ﬁguratum

2157 5366 2452 5430 cognoscis,
2497 5367 2677 5423 fideles
2725 5387 2934 5439 quoque
2981 5375 3047 5428 de
3092 5375 3402 5444 baptisteria
3442 5379 3511 5432 ad
3561 5382 3709 5436 altare

2159 5467 2397 5507 sanctum
2427 5458 2647 5524 ingredi,
2697 5474 2759 5512 ac
2788 5462 3037 5516 dominici
3082 5465 3321 5530 corporis
3351 5476 3406 5519 et
3448 5470 3710 5538 sanguinis

2160 5546 2367 5597 victima
2401 5548 2649 5615 singulari
2683 5549 2876 5604 debere
2897 5556 3190 5605 consecrari
3218 5570 3233 5617 ;
3266 5556 3392 5609 vino
3414 5561 3631 5625 quidem
3655 5561 3711 5614 de

2161 5652 2291 5704 aqua
2351 5636 2508 5701 facte,
2570 5649 2621 5692 et
2668 5643 2877 5708 quidem
2924 5643 3306 5710 mcracissimo,
3364 5648 3601 5704 donatus
3639 5666 3701 5704 es,
