3822 6226
210 310 290 366 56]
1055 297 1118 351 IN
1158 296 1214 350 S.
1259 294 1537 350 JUANNIS
1581 293 2024 350 EVANGELIUM
2069 295 2438 349 EXI’USll‘lU.

3268 295 3370 347 6ῡὲ

207 427 344 479 Porro
368 418 408 473 si
436 412 840 472 circumcisionis
869 410 1006 464 diem
1050 409 1113 463 ad
1147 410 1445 478 generalem
1490 408 1706 462 humani
1740 411 1786 470 Α
1816 408 2239 476 praedicatorum.
2288 408 2436 464 Unde
2475 409 2849 464 convenienter
2892 409 3193 475 perhibetur
3229 411 3370 479 quod

206 513 379 584 generis
419 504 877 564 resurrectionem,
934 501 1147 572 quando
1195 501 1434 556 mortalis
1481 515 1713 571 prepago

209 600 415 665 cessabit,
456 593 746 650 mortalitas
795 597 905 643 tota
957 591 1354 645 immortalitate
1403 589 1711 654 mutabitur,

210 687 541 760 interpretaris,
562 692 613 742 et
641 681 990 738 circumeisos
1020 680 1196 736 induci
1229 679 1564 750 in'templnm
1595 689 1712 734 eum

210 787 344 840 hostis
363 776 689 839 intellexeris,
713 773 925 844 quando
951 783 1072 842 post
1101 773 1568 837 resurrectionem,
1595 773 1713 825 uni-

208 871 368 928 versali
407 866 599 936 expleto
637 863 868 933 judicio,
923 861 1092 918 saneti
1126 863 1236 931 jam
1284 861 1715 930 incorruptibiles

210 966 325 1026 facti,
349 961 403 1014 ad
441 955 888 1025 contemplandam
940 964 1199 1025 perpetuo
1243 955 1477 1023 speciem
1524 953 1716 1008 divinas

209 1054 469 1125 maiestatis,
493 1065 609 1104 cum
640 1051 903 1104 bonorum
934 1063 1154 1118 operum
1204 1047 1513 1102 muneribus
1553 1047 1715 1100 intra-

209 1148 327 1209 bunt,
357 1149 532 1196 tantum
565 1136 801 1207 profecto
847 1139 1028 1193 vinum
1061 1140 1128 1194 de
1158 1153 1291 1208 aqua
1341 1137 1454 1193 fieri
1491 1136 1711 1204 videbis,

206 1233 333 1300 cuius
354 1229 592 1284 conditori
622 1239 764 1284 recte
798 1229 1134 1298 pratesteris,
1168 1240 1220 1284 et
1245 1230 1390 1282 dicas
1418 1245 1430 1281 :
1465 1227 1712 1281 Poculum

206 1335 319 1376 tuast
366 1321 613 1383 inebrians,
665 1335 819 1387 quant
869 1321 1167 1379 praclarum
1211 1327 1281 1372 est
1309 1317 1480 1388 (Psal.
1529 1321 1699 1388 xxii)!

208 1416 318 1482 Ergo
345 1411 572 1466 Dominus
610 1411 791 1465 vinum
846 1413 896 1464 in
940 1410 1128 1480 gaudia
1180 1410 1480 1478 nuptiarum
1515 1427 1618 1464 non
1648 1412 1713 1465 de

205 1506 341 1560 nihilo
366 1503 522 1558 facere
567 1501 753 1567 voluit,
804 1502 898 1556 sed
946 1501 1160 1572 bydrias
1202 1517 1293 1558 sex
1325 1501 1529 1572 impleri
1583 1518 1712 1571 aqua

204 1595 485 1663 pracipieas,
536 1592 668 1648 hanc
717 1592 1032 1647 mirabiliter
1085 1594 1348 1647 convertit
1399 1591 1453 1646 in
1508 1594 1712 1654 vimun,

203 1687 298 1752 quia
322 1698 402 1738 sex
436 1682 608 1737 mundi
663 1693 850 1739 aetates
898 1685 1168 1753 sapientire
1201 1683 1445 1738 salutaris
1476 1683 1714 1754 largitate

1815 499 2204 555 architriclious
2232 510 2416 555 vocato
2440 513 2636 568 sponso
2659 499 2886 554 dixerit:

1885 589 2062 644 Omnis
2107 593 2255 644 homo
2298 595 2514 659 primum
2541 592 2722 644 bonum
2762 592 2928 644 vinum
2970 593 3128 659 ponit,
3177 603 3220 646 et
3263 607 3375 644 cum

1814 683 2043 735 inebriati
2073 682 2277 751 fuerint,
2306 691 2422 735 tunc
2447 682 2501 735 id
2529 683 2664 751 quod
2689 684 2904 736 deterius
2945 693 3037 737 est.
3071 682 3144 736 'I‘u
3170 683 3378 737 serra-1i

1816 773 1997 827 bonum
2029 775 2198 826 viuum
2227 790 2382 842 usque
2408 773 2594 827 adimo.
2615 773 2747 840 Quia
2776 774 3046 827 doctorum
3075 783 3158 828 est
3178 789 3372 844 cogno-

1815 877 1964 917 scere
1999 863 2299 916 distantiam
2328 856 2476 931 legis
2510 873 2561 915 et
2599 861 2888 931 Evangelii,
2918 863 3154 918 veritatis
3183 873 3233 917 et
3263 880 3374 918 um-

1820 953 1950 1018 brtc,
1981 954 2291 1021 cunctisque
2321 951 2590 1008 veteribus
2635 953 2906 1020 institutis,
2950 954 3153 1008 cunctis
3184 963 3375 1010 terreni

1823 1043 1970 1110 regni
2012 1043 2287 1111 promissis
2327 1057 2517 1098 novam
2559 1044 2876 1113 evangelicae
2908 1043 3027 1099 fidei
3057 1045 3295 1114 gratiam,
3328 1058 3382 1124 et

1818 1142 2083 1202 perpetua:
2115 1134 2344 1188 etelestis
2375 1136 2558 1203 patria:
2589 1133 2723 1187 dona
2757 1134 3021 1200 przeferre.

1892 1224 2001 1276 Hoc
2029 1225 2144 1293 fecit
2179 1224 2377 1277 initium
2403 1225 2661 1295 signorum
2692 1225 2841 1278 lesus
2871 1225 2923 1278 in
2953 1226 3092 1279 Cana
3130 1226 3378 1289 Catiline,

1817 1324 1864 1368 et
1899 1313 2238 1380 manifestavit
2285 1313 2502 1383 gloriam
2545 1331 2709 1367 suam.
2758 1314 2867 1369 iloc
2913 1315 3082 1379 signo,
3114 1317 3232 1384 quia
3271 1317 3382 1382 ipse

1817 1415 1958 1458 esset
2001 1420 2090 1458 rex
2126 1404 2327 1473 glorize,
2376 1414 2430 1460 et
2474 1405 2592 1460 ideo
2622 1421 2850 1474 sponsus
2884 1405 3152 1469 Ecclesiae,
3199 1407 3288 1474 qui
3321 1417 3378 1459 ttt

1819 1495 1976 1546 homo
2001 1495 2296 1548 communis
2325 1495 2530 1548 veniret
2571 1496 2633 1547 ad
2683 1497 2913 1562 nuptias,
2947 1497 3060 1558 sed,
3093 1495 3240 1564 quasi
3279 1497 3382 1550 Do-

1819 1583 1994 1637 minus
2027 1584 2148 1638 cmli
2179 1593 2230 1637 et
2259 1594 2435 1649 terrae,
2471 1584 2732 1640 elementa
2766 1594 2918 1651 prout
2947 1586 3221 1651 voluisset,
3253 1601 3380 1640 con-

1818 1684 2070 1731 verteret.
2124 1676 2350 1731 Pulclira
2399 1687 2571 1731 autem
2623 1693 2798 1734 rerum
2841 1679 3226 1742 convenientia,
3271 1682 3383 1746 qui,

201 1776 394 1832 donavit.
445 1776 604 1842 Quam
679 1786 857 1831 tamen
917 1777 1031 1845 ipse
1097 1777 1315 1844 veniens
1381 1777 1710 1831 sublitniuris
1751 1757 1792 1814 Π
1826 1768 1973 1823 initio
2013 1770 2307 1838 signorum,
2354 1785 2491 1839 quae,
2527 1771 2840 1825 immortalis
2871 1771 2976 1838 jam
3009 1785 3100 1838 per
3147 1784 3377 1824 resurre-

202 1880 355 1922 sensus
383 1865 559 1921 virtute
591 1866 914 1920 fecundavit.
957 1867 1192 1933 Namque
1221 1866 1461 1920 carnales
1492 1867 1712 1920 carnali-

205 1968 266 2011 ter
301 1965 479 2010 tantum
520 1957 815 2026 sapiebant,
869 1958 982 2024 ipse
1037 1957 1363 2025 spiritalibus
1410 1957 1715 2025 spiritaliter

200 2051 427 2105 sentienda
457 2051 728 2104 reseravit.
758 2050 930 2104 Vultis
955 2050 1092 2104 scire
1113 2050 1337 2118 qualiter
1366 2050 1435 2104 de
1463 2065 1596 2118 aqua
1639 2051 1713 2103 fe-

197 2141 300 2196 cerit
325 2140 520 2193 vinum?
543 2141 797 2210 Apparuit
825 2150 939 2209 post
967 2143 1383 2194 resurrectionem
1413 2157 1556 2193 suam
1581 2142 1709 2193 duo-

196 2234 264 2283 bas
286 2229 518 2290 discipulis
547 2230 921 2284 ambulantibus
961 2232 1014 2283 in
1055 2230 1154 2296 ria,
1195 2230 1394 2298 ibatque
1421 2246 1533 2283 cum
1573 2231 1711 2294 illis;

196 2321 462 2389 ctiscipirns
488 2336 519 2372 οι
542 2319 718 2390 Moyse
755 2330 804 2375 et
846 2321 1081 2375 omnibus
1113 2322 1388 2391 praphetis,
1417 2323 1714 2390 interpreta-

195 2410 312 2461 batur
348 2409 379 2461 ii
407 2411 418 2448 ἵ
465 2411 513 2462 i.t
543 2409 776 2462 omnibus
833 2411 1137 2478 Scripturis,
1171 2427 1282 2481 qua
1330 2413 1392 2465 de
1417 2406 1542 2481 ipso
1571 2425 1711 2466 erant

191 2497 310 2566 (Lac.
337 2514 492 2568 sam.
525 2499 692 2553 Vultis
729 2499 919 2556 iterum
972 2501 1177 2565 audire,
1211 2504 1479 2571 quomodo
1520 2506 1707 2558 eodem

192 2598 290 2642 sunt
322 2587 433 2644 vino
460 2590 746 2646 inebriati?
779 2591 1121 2647 Postmodum
1160 2605 1542 2663 cognoscentes
1591 2597 1710 2662 quis

193 2689 325 2744 esset,
367 2680 447 2748 qui
499 2680 578 2734 eis
631 2679 855 2735 verbum
911 2683 1032 2734 vitae
1088 2683 1419 2751 propinabat.
1467 2684 1711 2738 dicebant

187 2769 244 2822 ad
263 2769 462 2825 invicem
487 2787 501 2823 :
525 2768 714 2822 Nonne
741 2785 829 2822 cor
858 2777 1084 2824 nostrum
1108 2772 1290 2826 ardens
1313 2783 1417 2825 erat
1453 2774 1505 2826 in
1548 2775 1704 2839 nobis,

186 2875 276 2911 ean
314 2861 575 2916 (strueretur
624 2861 678 2913 in
717 2862 821 2928 via,
873 2869 920 2914 et
959 2862 1177 2928 aperiret
1225 2863 1367 2917 nobis
1421 2864 1709 2933 Scripturas

186 2947 382 3018 (lucu

249 3041 358 3095 Dicit
380 3060 487 3113 ergo
511 3044 660 3099 Jews
681 3061 698 3098 :
723 3043 942 3113 lmplete
968 3045 1178 3117 hydrina
1201 3062 1368 3114 aqua;
1401 3057 1446 3101 et
1469 3049 1701 3119 impleve-

184 3140 283 3182 τω
313 3147 387 3185 eas
410 3147 555 3200 usque
592 3135 660 3185 ad
690 3149 962 3188 sunnnuns.
995 3134 1128 3202 Quid
1170 3152 1262 3202 per
1291 3136 1581 3204 ministros,
1614 3140 1701 3207 qui

187 3220 460 3289 boefecere,
493 3224 588 3279 nisi
623 3223 820 3279 Christi
861 3227 1140 3296 signantur
1167 3228 1445 3295 discipuli?
1471 3234 1557 3300 qui
1609 3235 1704 3285 im-

193 3313 427 3378 pleverunt
462 3313 674 3385 bydrias
703 3330 837 3385 aqua
868 3336 879 3370 :
907 3333 1010 3372 non
1042 3317 1251 3386 quidem
1286 3320 1382 3387 ipsi
1415 3326 1706 3390 pneteritas

186 3403 340 3456 mandi
380 3413 551 3459 aztates
602 3405 858 3473 legalibus
887 3421 947 3460 ae
978 3408 1300 3476 propheticis
1349 3412 1559 3480 scriptis
1609 3415 1699 3467 im-

184 3492 378 3558 pientes,
423 3493 511 3547 sed
568 3493 682 3562 ipsa
732 3495 1076 3566 intelligendo
1126 3500 1428 3566 prudenter,
1481 3511 1533 3555 et
1581 3519 1702 3573 ape-

181 3580 341 3635 riendo
385 3582 618 3647 fideliter,
671 3588 794 3654 quia
843 3585 1153 3656 Scriptura},
1199 3605 1313 3658 qua
1358 3606 1387 3645 a
1431 3594 1703 3662 prophetis

181 3672 437 3726 ministrata
463 3685 560 3740 est,
591 3685 648 3730 et
678 3678 908 3733 salubris
935 3689 1018 3734 est
1061 3681 1123 3735 ad
1156 3681 1398 3737 haustum
1429 3687 1703 3752 sapientiae

176 3766 400 3830 calestis,
430 3777 480 3821 et
501 3768 564 3822 ad
587 3783 812 3838 operum
835 3772 1231 3840 cast’gationem
1263 3775 1422 3829 utilis.
1451 3775 1703 3844 llnplct‘e-

178 3862 283 3907 runt
305 3865 460 3910 autem
488 3871 576 3911 eas
607 3873 774 3927 usque
809 3860 875 3914 ad
907 3877 1196 3927 summum,
1220 3864 1340 3931 quia
1373 3875 1515 3918 recte
1547 3867 1698 3919 intel-

180 3946 395 4000 lexerunt
422 3948 618 4003 nullum
650 3948 815 4006 fuisse
851 3958 1056 4021 tempus
1084 3956 1262 4008 saeculi
1295 3971 1320 4008 a
1344 3954 1540 4011 sanctis
1568 3959 1695 4012 alie:-

178 4051 284 4088 nnm
310 4037 624 4099 doctoribus.
656 4041 746 4110 qui
772 4042 886 4097 sive
917 4043 1114 4106 verbis,
1144 4045 1254 4098 sive
1280 4046 1557 4113 exemplis,
1588 4049 1698 4103 sive

174 4123 310 4178 etiam
338 4128 556 4196 scriptis,
593 4128 729 4185 viam
762 4131 882 4186 vita
907 4133 1216 4187 mortalibus
1244 4135 1548 4203 pandereut.

231 4213 287 4268 Et
308 4218 418 4270 dicit
441 4219 530 4285 eis,
561 4219 730 4290 inquit
757 4239 770 4274 :
805 4220 1025 4276 Haurite
1055 4240 1209 4290 nunc,
1243 4236 1286 4278 et
1315 4227 1440 4295 ferte
1459 4229 1695 4282 architri-

173 4307 302 4374 cliuo,
347 4318 392 4362 et
423 4315 660 4366 tulerunt.
715 4314 1125 4370 Architriciinus
1177 4317 1318 4371 enitn
1365 4319 1693 4389 iegisperitus

1815 1860 2048 1913 ctionem
2079 1859 2316 1923 effectus,
2347 1861 2660 1915 immortalis
2689 1861 2806 1914 vitae
2840 1861 3008 1914 studia
3032 1861 3142 1915 sola
3173 1873 3374 1915 sectan-

1819 1951 1958 2004 tibus
1989 1951 2311 2016 ostenderet,
2356 1950 2625 2004 carnalem
2658 1951 2801 2019 prius
2831 1960 2882 2004 et
2911 1949 3060 2018 quasi
3103 1950 3379 2018 insipiiiatn

1815 2049 2046 2093 mentem
2089 2054 2270 2094 eorum
2294 2055 2483 2108 sapore
2507 2039 2747 2094 scientia:
2770 2039 3001 2094 cmlestis
3034 2039 3238 2104 imbuit,
3267 2051 3383 2108 post

1816 2144 1942 2182 vero
1971 2127 2277 2183 refectiOnis
2320 2129 2560 2200 gloriam,
2603 2129 2802 2196 majore
2837 2144 2930 2184 eos
2973 2129 3225 2198 spiritalis
3255 2144 3370 2198 ετςιι

1817 2223 1900 2275 tiu:
1953 2237 2173 2276 munere
2215 2221 2596 2289 compieturus.
2649 2221 2898 2290 Sequitur
2945 2235 3170 2288 namque
3221 2222 3375 2287 hujus

1817 2309 2017 2379 pra-fati
2062 2312 2195 2379 signi
2245 2311 2495 2365 mirabile
2525 2319 2939 2375 sacramentum,
2967 2311 3231 2379 quomodo
3270 2311 3380 2377 ipse

1813 2403 1964 2456 Jesus
1991 2417 2109 2455 cum
2155 2412 2322 2456 matre
2370 2411 2421 2455 et
2451 2403 2700 2458 fratribus
2739 2403 3065 2455 ascendisset
3105 2401 3370 2480 ierosoly-

1816 2510 1976 2558 mam,
2010 2503 2061 2546 et
2089 2493 2156 2546 ibi
2178 2493 2471 2548 invenisset
2495 2496 2783 2550 vendentes
2811 2504 2862 2548 et
2891 2505 3131 2549 ementes
3158 2497 3207 2547 in
3241 2505 3372 2548 tein-

1817 2586 1925 2653 plo,
1956 2599 2152 2655 eosque
2183 2585 2407 2655 qualiter
2455 2587 2576 2641 inde
2615 2587 2857 2656 eiecerit,
2904 2587 3108 2642 dicente
3157 2601 3378 2656 evange-

1814 2678 1930 2731 lista
1958 2695 1972 2730 :

1889 2771 2156 2825 Descendit
2183 2772 2332 2826 Jesus
2364 2772 2745 2839 Capliamaum,
2777 2772 2882 2838 ipse
2907 2781 2952 2824 et
2984 2782 3143 2824 trtatei‘
3175 2777 3304 2839 eius,
3332 2784 3375 2824 ct

1814 2865 1994 2930 fratres
2023 2867 2154 2935 ejus,
2206 2876 2251 2918 et
2291 2866 2532 2935 discipuli
2579 2865 2710 2933 ejus,
2751 2865 2914 2933 ibique
2952 2875 3240 2917 manserunt
3273 2881 3370 2916 non

1812 2955 1983 3007 mut-.is
2022 2955 2233 3019 diebus;
2288 2965 2332 3009 et
2379 2971 2534 3031 prope
2578 2963 2685 3008 erat
2732 2957 2917 3020 pascha
2960 2955 3284 3018 Judmorum,
3333 2966 3376 3006 et

1811 3043 2034 3095 asrendil
2073 3043 2226 3097 Iesus
2253 3043 2646 3114 Jerosolymam.
2697 3045 2838 3098 Bene
2868 3045 3008 3098 enim
3051 3045 3373 3110 evangelista

1811 3137 1885 3187 ait
1914 3136 2252 3193 descendisse
2275 3138 2454 3192 lesnm
2497 3138 2546 3190 in
2583 3138 2975 3205 Capliarnaum.
3004 3135 3372 3218 Capharnaum

1812 3239 1946 3278 vero.
1994 3225 2114 3284 vilia
2173 3227 2530 3294 pulcherrima
2587 3228 3001 3295 interpretatur,
3061 3228 3367 3293 significans

1814 3315 1951 3368 hunc
1993 3315 2266 3378 mundum.
2310 3332 2413 3386 quo
2445 3317 2698 3371 Dominus
2728 3326 2907 3372 noster
2937 3317 3092 3372 Jesus
3129 3317 3371 3370 Christus

1811 3423 1905 3474 pro
1929 3410 2098 3463 salute
2121 3408 2334 3461 humani
2369 3409 2600 3475 generis,
2632 3423 2660 3460 a
2692 3416 2904 3476 paterna
2949 3407 3073 3462 sede
3109 3423 3372 3476 nunquam

1809 3499 2101 3562 recedens,
2156 3499 2492 3553 descendisse
2535 3498 2748 3552 dicitur.
2799 3497 2903 3552 Sed
2959 3499 3092 3551 solet
3150 3512 3366 3552 movem

1805 3588 2058 3654 quosdam
2095 3589 2234 3654 quod
2265 3590 2315 3641 in
2343 3589 2561 3642 exordio
2598 3589 2833 3643 lcetionis
2863 3588 3018 3655 bujus
3049 3588 3366 3663 evangelicae

1808 3679 2002 3731 lectum
2031 3688 2134 3742 est,
2165 3681 2308 3748 quia,
2340 3680 2700 3735 descendente
2721 3679 3090 3748 Capharnaum
3127 3681 3368 3742 Domino,

1807 3782 1910 3819 non
1961 3767 2128 3820 solum
2178 3777 2347 3822 mater
2376 3776 2430 3821 et
2477 3769 2738 3834 discipuli,
2793 3771 2884 3823 sed
2933 3779 2986 3824 et
3031 3770 3218 3824 fratres
3250 3770 3365 3839 ejus

1807 3859 2313 3913 secuii‘sunteum.
2365 3858 2473 3912 Nec
2519 3857 2734 3913 defuere
2781 3859 3013 3914 licerelici
3048 3859 3137 3930 qui
3171 3861 3366 3928 loseph

1807 3947 1977 4001 virum
2001 3963 2210 4019 semper
2239 3950 2405 4003 beata:
2438 3950 2654 4017 virginis
2687 3951 2862 4004 Maria:
2893 3959 3136 4019 putarent
3166 3969 3228 4006 ex
3260 3953 3360 4006 alia

1803 4053 1968 4092 uxore
2011 4039 2256 4108 genuisse
2306 4053 2399 4094 eos
2427 4055 2560 4108 quos
2601 4039 2787 4095 fratres
2839 4040 3044 4095 Domini
3093 4039 3362 4112 Scriptura

1803 4131 2052 4197 appellat.
2087 4130 2187 4187 Alii
2220 4130 2418 4198 majore
2459 4131 2674 4198 perfidia
2703 4131 2835 4186 alios
2857 4147 2976 4186 eum
3007 4148 3069 4186 ex
3102 4134 3209 4199 ipsa
3257 4134 3360 4187 Μαι

1800 4239 1874 4277 ria
1908 4232 2022 4292 post
2068 4232 2245 4276 natum
2285 4223 2565 4278 Dominum
2612 4239 2895 4293 generasse
2958 4233 3222 4291 putarunt.
3257 4225 3362 4278 Sed

1801 4327 1918 4378 nos,
1952 4312 2142 4366 fratres
2168 4312 2489 4379 charissimi,
2523 4314 2720 4382 absque
2749 4315 2903 4368 ullius
2933 4316 3180 4382 scrupulo
3218 4331 3349 4382 quieo

175 4399 293 4455 illius
334 4405 568 4471 temporis
594 4413 701 4469 est,
735 4405 960 4462 fortasse
995 4407 1332 4478 Nicodemus,
1375 4410 1456 4466 vel
1497 4409 1691 4466 Gama-
1726 4437 1773 4496 ο
1801 4404 1989 4458 stionis
2009 4403 2146 4457 scire
2175 4414 2230 4458 et
2256 4403 2494 4458 confiteri
2524 4416 2751 4472 oportet,
2784 4421 2888 4462 non
2919 4416 3121 4463 tantum
3155 4409 3361 4462 beatam

177 4489 271 4556 liel,
313 4494 388 4546 vel
433 4495 716 4562 discipulus
747 4506 872 4551 tunc
920 4497 1036 4566 ejus
1084 4498 1295 4565 Saulus,
1341 4515 1478 4555 nunc
1519 4511 1694 4555 autem

170 4583 392 4652 magister
419 4586 569 4641 totius
617 4587 873 4643 Ecclesiae
905 4588 1096 4644 Paulus
1144 4591 1446 4658 apostolus;
1478 4600 1530 4646 et
1569 4591 1693 4646 dum

173 4674 338 4728 talibus
379 4677 583 4730 verbum
634 4677 906 4748 Evangelii
955 4679 1208 4748 creditur,
1250 4681 1389 4750 quod
1426 4681 1486 4735 in
1520 4681 1691 4735 littera

169 4762 278 4833 legis
311 4775 363 4819 et
404 4767 685 4835 prophetiae
729 4768 928 4822 latebat
965 4771 1250 4836 occultum,
1287 4773 1463 4826 vinum
1514 4775 1693 4841 utique

167 4855 489 4913 architriclino
516 4859 580 4914 de
611 4875 747 4928 aqua
780 4861 972 4915 factum
1017 4862 1343 4930 propinatur.
1383 4864 1444 4917 Et
1473 4865 1607 4916 bene
1639 4866 1690 4918 itt

167 4945 301 5001 domo
332 4947 506 5003 harum
559 4950 887 5020 nuptiarum,
944 4967 1065 5020 quae
1108 4951 1304 5007 Christi
1358 4961 1413 5008 et
1445 4955 1690 5009 Ecclesiae

167 5049 459 5094 sacraenta
493 5041 801 5110 figurarent,
844 5042 1152 5107 triclinium,
1183 5043 1234 5096 id
1266 5050 1368 5109 est,
1414 5055 1520 5098 tres
1551 5047 1685 5098 ordi-

167 5141 247 5183 nes
272 5129 700 5186 discumbentium
748 5132 1026 5186 altitudine
1077 5133 1332 5187 distantes
1373 5134 1546 5189 inesse
1593 5135 1688 5190 de-

165 5220 446 5289 scribuntur,
476 5223 595 5292 quia
619 5222 872 5276 nimirum
903 5235 1012 5279 tres
1039 5224 1254 5279 ordines
1285 5224 1513 5281 fidelium
1543 5239 1684 5292 sunt,

165 5310 326 5378 quibus
371 5313 604 5369 Ecclesia
659 5322 888 5381 constat,
939 5315 1360 5385 conjugalorutn,
1419 5317 1684 5386 videlicet,

163 5405 525 5473 conﬂuentium,
551 5416 606 5461 et
623 5407 928 5460 doctorum.
962 5407 1164 5461 Primus
1191 5409 1324 5462 ordo
1353 5409 1687 5466 ἀὶεειιιιιυιιηο

164 5493 272 5548 tiara
296 5496 352 5551 ad
383 5499 594 5566 nuptias
625 5501 806 5566 sp0nsi
852 5500 1102 5564 cmlestis,
1139 5500 1187 5552 id
1217 5509 1316 5563 est,
1349 5499 1399 5553 in
1449 5501 1684 5555 Ecclesia

164 5585 250 5640 iide
269 5596 314 5643 et
349 5591 658 5656 operatione
701 5591 1059 5659 gaudentium,
1103 5594 1296 5661 gradus
1325 5604 1405 5647 est
1433 5594 1682 5663 conjuga-

165 5687 303 5735 totum
331 5681 596 5746 fidelium;
649 5684 906 5739 secundus
940 5685 1361 5754 contincn'ium;
1400 5703 1681 5759 supremus

1801 4497 1891 4551 Dei
1933 4496 2260 4564 genitricem,
2293 4497 2385 4550 sed
2433 4506 2487 4552 et
2535 4499 2896 4554 beatissimum
2938 4501 3191 4555 castitatis
3240 4501 3355 4568 ejus

1799 4595 1986 4642 testem
2031 4597 2187 4655 atque
2237 4586 2512 4643 custodem
2553 4587 2771 4656 losoph,
2828 4591 2894 4643 ab
2949 4589 3088 4645 omni
3143 4604 3357 4659 prorsus

1797 4681 2002 4735 actione
2025 4679 2285 4749 coniugali
2316 4679 2669 4748 permansisse
2699 4680 2986 4735 immunem
3016 4697 3030 4744 ;
3065 4697 3160 4736 nec
3184 4691 3356 4744 natos.

1795 4773 1885 4826 sed
1915 4781 2162 4840 cognatos
2196 4785 2380 4826 eorum
2413 4786 2558 4826 more
2584 4770 2870 4840 Scriptura:
2899 4773 3120 4838 usitato,
3166 4775 3354 4828 fratres

1795 4881 2071 4921 sororesve
2104 4865 2392 4920 Salvatoris
2435 4867 2634 4919 vocari.
2670 4865 2905 4934 Denique
2934 4865 3199 4919 Abraham
3255 4867 3354 4919 hoc

1797 4958 1949 5013 modo
1970 4957 2201 5025 l0quitur
2227 4956 2292 5010 ad
2322 4957 2419 5010 Lot
2445 4975 2455 5009 :
2490 4955 2591 5023 Ne,
2631 4973 2798 5026 quwso
2820 4959 2931 5021 ,_sit
2950 4958 3179 5027 jurgium
3221 4959 3351 5011 inter

1792 5068 1869 5104 me
1906 5057 1952 5103 et
1995 5058 2059 5115 te,
2091 5058 2138 5102 et
2169 5059 2389 5116 pastores
2439 5066 2588 5114 meos,
2639 5060 2684 5102 et
2732 5060 2956 5118 pastores
3004 5060 3135 5113 tuos,
3169 5053 3356 5117 fratres

1791 5142 1922 5196 enim
1950 5156 2120 5196 sumus
2149 5138 2352 5209 (Cenes.
2396 5143 2533 5208 xui).
2566 5140 2630 5194 Et
2668 5141 2844 5196 Lahan
2880 5141 2944 5195 ad
2978 5141 3177 5196 Jacob:
3212 5141 3351 5194 Num

1791 5234 1906 5301 quia
1928 5234 2086 5300 frater
2116 5248 2252 5286 meus
2296 5249 2366 5298 es,
2398 5234 2554 5301 gratis
2581 5234 2760 5285 servies
2791 5233 2910 5285 mihi
2933 5232 3081 5302 (Gen.
3119 5236 3307 5298 xxxix)
3333 5238 3353 5284 ’ἰ

1791 5325 1849 5377 Et
1881 5324 2092 5393 quidem
2146 5334 2352 5377 constat
2398 5324 2517 5389 quia
2560 5323 2714 5386 Loth,
2766 5323 2902 5378 titius
2957 5328 3118 5387 Arari,
3171 5327 3351 5382 fratris

1789 5415 2074 5482 Abraham,
2109 5425 2159 5470 et
2188 5415 2351 5470 lacob
2371 5417 2439 5471 sit
2468 5416 2605 5470 filius
2635 5417 2884 5472 Rebeccae
2910 5421 3110 5475 sororis
3145 5422 3346 5488 Laban,

1787 5506 1877 5560 sed
1909 5516 2124 5578 propter
2144 5508 2509 5576 cognationem
2535 5518 2656 5562 sunt
2684 5507 2872 5564 fratres
2903 5513 3208 5580 nuncupati.
3245 5515 3351 5568 iiac

1787 5614 1913 5666 ergo
1961 5600 2136 5669 regula
2177 5601 2227 5654 in
2257 5599 2542 5670 Scripturis
2571 5603 2788 5665 sanctis,
2837 5613 2889 5655 ut
2921 5605 3023 5656 tlixi
3047 5646 3061 5669 ,
3096 5605 3346 5673 frequen-

1789 5693 2006 5760 tissima,
2056 5694 2211 5749 etiam
2260 5706 2509 5764 cognatos
2552 5695 2728 5751 Maricc
2779 5696 2856 5752 vel
2900 5697 3118 5765 .loseph,
3155 5699 3344 5752 fratres
