3822 6226
475 347 581 403 603

864 345 1068 402 Βίοις
1110 341 1556 401 νΕΝΕιιΑΒιιιε
1593 342 1738 399 ΟΡΡ.
1786 343 1957 398 PAItS
1997 344 2023 396 ii

2128 344 2315 400 iECT.’
2342 343 2379 402 Ι.
2412 376 2480 388 --
2521 342 2910 402 EXEGETICA
2946 345 3265 406 GENUINA.

3578 350 3668 410 666

474 458 682 512 Domini
740 459 1030 527 appellatos
1077 467 1285 527 oportet
1339 456 1577 526 intelligi.
1634 454 1784 522 Quod
1838 463 2013 508 autem
2048 460 2099 517 Α
2124 471 2231 508 mea
2260 426 2377 523 fecit
2405 457 2595 533 scelera
2622 460 2784 513 multa
2810 458 3024 530 (Jerem.
3058 461 3161 529 xi).
3208 460 3274 516 Et
3306 460 3518 531 quidem
3548 482 3670 536 μυ-

480 548 933 617 appropinqnante
964 548 1161 603 Pascha
1181 548 1334 603 Iesus
1356 548 1591 603 ascendit
1617 546 2021 614 .Ierosolymam,

478 641 633 695 nobis
653 640 889 709 profecto
932 640 1021 693 dat
1046 641 1344 708 exemplum
1374 647 1565 707 quanta
1606 637 1767 690 animi
1800 637 2021 705 vigilan-

478 730 549 785 tia
577 728 855 784 dominicis
904 730 1095 799 subjici
1140 730 1427 783 debeamus
1455 729 1713 797 imperiis,
1756 742 1875 782 cum
1913 730 2024 793 ipse

474 823 529 876 in
558 821 783 875 hominis
812 821 1117 875 infirmitate
1143 835 1400 888 apparens
1427 822 1612 875 eadem
1639 837 1757 887 qua:
1785 836 1848 874 ex
1888 820 2021 873 divi-

476 910 657 964 nltatis
680 911 993 965 auctoritate
1015 911 1195 963 statuit
1223 910 1436 964 decreta
1463 909 1742 964 custodiat.
1770 908 1844 963 Ne
1876 908 2019 963 enim

476 1008 723 1069 putarent
755 1002 893 1055 servi
932 1000 1130 1067 absque
1177 1002 1377 1053 crebris
1405 1001 1694 1053 orationum
1741 999 2022 1053 bonorum-

471 1100 578 1159 quo
604 1100 809 1144 actuum
851 1090 1076 1142 victimis
1118 1089 1196 1142 vel
1244 1089 1449 1159 flagella
1498 1089 1744 1153 eVadere,
1776 1089 1857 1142 vel
1892 1104 2021 1156 pra:-

476 1184 581 1235 mia
608 1197 664 1234 se
693 1196 843 1248 posse
868 1180 1155 1248 percipere,
1187 1190 1239 1235 et
1269 1183 1379 1249 ipse
1405 1182 1539 1234 inter
1566 1195 1747 1234 servus
1776 1181 1840 1233 ad
1867 1194 2020 1233 oran-

476 1270 603 1323 dum
654 1269 1134 1337 immolandumqoe
1181 1268 1270 1323 Dei
1321 1269 1479 1323 Filius
1512 1270 1766 1323 ascendit.
1806 1269 1903 1335 Qui
1934 1284 2021 1323 ve-

476 1362 627 1415 niens
678 1361 1082 1431 Jerosolymam,
1136 1362 1260 1429 quid
1315 1362 1388 1415 ibi
1439 1370 1685 1428 gerentes
1740 1363 2017 1427 invenerit,

471 1454 595 1519 quid
635 1451 826 1506 ibidem
853 1453 965 1519 ipse
992 1453 1233 1520 gesserit,
1267 1452 1556 1506 videamus.

541 1542 608 1596 Et
636 1542 1040 1611 inuenit,_inqnit
1064 1584 1077 1607 ,
1118 1544 1170 1595 in
1201 1543 1385 1613 templo
1411 1545 1674 1597 uendentes
1704 1560 1816 1598 oves
1847 1553 1891 1598 et
1931 1544 2020 1597 bo-

467 1649 549 1686 ves
583 1642 628 1685 et
659 1633 933 1699 columbas,
962 1644 1007 1686 et
1038 1634 1403 1687 nummularius
1431 1634 1692 1697 sedentes;
1721 1645 1769 1687 et
1796 1649 1910 1687 cum
1938 1637 2015 1704 fe-

470 1723 613 1775 cisset
640 1724 785 1792 quasi
828 1723 1091 1793 ﬂagellum
1131 1722 1194 1776 de
1238 1724 1503 1791 funiculis,
1551 1734 1721 1777 omnes
1763 1726 1909 1793 ejecit
1953 1726 2019 1778 de

2126 545 2357 598 deodum
2386 554 2490 611 est,
2526 547 2651 616 quia
2681 547 2780 617 ipsi
2818 562 3001 604 sumus
3029 549 3081 603 in
3108 549 3375 620 baptismo
3416 559 3661 623 templum

2127 632 2244 687 Dei.
2272 631 2416 701 facti,
2460 642 2597 691 teste
2650 637 2928 707 Apostolo,
2958 639 3043 707 qui
3091 640 3165 694 ait
3204 657 3219 695 :
3271 640 3533 711 Templum
3579 644 3667 699 Dei

2123 734 2353 778 sanctum
2382 734 2477 790 est,
2513 727 2653 796 quod
2690 730 2807 783 estis
2830 730 2930 799 ipsi
2951 729 3000 800 (l
3032 729 3152 786 Cor.
3180 732 3284 800 in).
3316 731 3511 787 Civitas
3538 737 3670 803 regis

2126 814 2323 883 magni,
2353 814 2419 869 do
2447 830 2551 884 qua
2580 817 2786 872 canitur
2816 837 2831 871 :
2862 818 3223 876 Fundamenta
3259 825 3367 891 ejus
3409 824 3459 876 in
3487 828 3670 877 monti.

2124 905 2213 959 bus
2240 908 2422 960 sanctis
2450 905 2619 977 (Paul.
2649 909 2897 978 Lxxx'vt),
2927 912 2980 967 id
3011 924 3111 977 est,
3143 913 3539 969 fundamentum
3562 917 3672 971 Ec-

2123 996 2327 1060 clesiae,
2362 996 2412 1049 in
2441 997 2707 1052 soliditate
2751 998 2872 1053 lidei
2911 1003 3267 1069 apostolorum
3313 1014 3366 1058 et
3394 1006 3671 1074 propheta-

2122 1099 2259 1137 rum.
2302 1085 2407 1140 Sed
2446 1087 2606 1142 nimis
2638 1090 2994 1156 tremendum,
3022 1096 3141 1161 quia
3172 1096 3424 1161 praemisit
3450 1100 3670 1165 Aposto-

2124 1176 2229 1241 lus,
2257 1179 2477 1235 dicens:
2528 1182 2588 1237 Si
2629 1184 2743 1253 quis
2787 1193 2954 1239 autem
2993 1190 3231 1258 templum
3276 1189 3367 1243 Dei
3394 1192 3669 1258 uiolauerit,

2121 1270 2375 1339 disperdet
2404 1274 2546 1325 illum
2581 1273 2714 1329 Deus
2744 1274 2793 1344 (1
2826 1276 2942 1331 Cor.
2972 1278 3083 1345 tu);
3143 1290 3198 1334 et
3239 1282 3351 1347 ipse
3387 1281 3555 1336 Iudex
3594 1284 3669 1349 ju-

2121 1368 2272 1413 Stus:
2314 1360 2633 1429 Disperdam,
2687 1366 2876 1434 inquit,
2906 1368 2967 1420 de
3011 1368 3209 1422 civitate
3256 1370 3459 1425 Domini
3506 1388 3671 1427 omnes

2118 1452 2207 1517 qui
2254 1464 2523 1521 operantur
2566 1456 2879 1525 iniquitatem
2925 1458 3119 1529 (Psal.
3148 1460 3237 1529 c).
3294 1461 3663 1529 Gaudendum,

2117 1546 2241 1610 quia
2269 1544 2319 1597 in
2353 1546 2507 1599 nobis
2534 1546 2751 1602 Pascha:
2788 1550 3097 1604 solemnitas
3128 1554 3315 1621 agitur,
3340 1567 3457 1606 eum
3501 1554 3571 1609 de
3601 1558 3669 1610 vi-

2122 1636 2209 1688 tiis
2258 1637 2321 1689 ad
2370 1637 2593 1693 virtutes
2633 1642 2858 1695 transire
2908 1643 3217 1711 satagimus.
3253 1644 3447 1699 Pascha
3478 1648 3669 1715 quippe

2122 1726 2371 1780 transitus
2418 1726 2632 1781 dicitur.
2664 1726 3031 1797 Gaudendum,
3062 1737 3181 1800 quia
3214 1734 3462 1787 Dominus
3491 1745 3667 1789 nostra

470 1813 676 1883 templo,
709 1830 819 1868 oves
846 1792 1038 1882 quoque
1064 1823 1110 1867 et
1154 1814 1333 1879 boues;
1368 1824 1416 1868 et
1455 1792 1905 1870 nummulariorum
1936 1822 2012 1885 ef-
2045 1792 2091 1850 Β
2122 1823 2357 1880 pectora,
2407 1816 2697 1882 civitatem,
2756 1792 3027 1884 videlicet,
3075 1792 3224 1874 suam
3274 1823 3509 1886 visitare,
3555 1826 3668 1888 quia

469 1902 599 1971 fudit
631 1918 721 1967 tes,
746 1912 792 1956 et
815 1918 1011 1957 mensas
1037 1903 1292 1957 subuertit.
1326 1904 1512 1970 Boves,
1548 1919 1695 1970 oves,
1729 1915 1784 1961 et
1814 1908 2017 1960 colum-

472 1990 555 2044 ba:
611 1994 673 2045 ad
732 1996 830 2047 hoc
858 1997 1188 2059 emebantur,
1230 2005 1286 2049 ut
1334 1995 1655 2052 offerrentur
1700 2000 1751 2051 in
1793 2000 2013 2065 ‘templo.

468 2079 813 2133 Nommolarii
855 2081 918 2134 ad
966 2084 1064 2136 hoc
1106 2084 1361 2139 sedebant
1402 2086 1468 2138 ad
1496 2085 1731 2151 mensas,
1776 2094 1834 2140 ut
1885 2087 2021 2142 inter

472 2180 742 2237 emptores
788 2170 1195 2241 venditoresqoe
1245 2174 1532 2230 hostiarum
1590 2190 1827 2248 prompta
1882 2190 2022 2233 esset

474 2262 707 2325 pecuniae
759 2265 979 2317 taxatio.
1036 2264 1357 2322 Videbantur
1404 2284 1529 2338 ergo
1575 2270 1715 2323 licite
1772 2272 1921 2324 vendi
1969 2273 2018 2325 in

474 2354 693 2422 templo,
719 2368 835 2423 qua:
864 2355 927 2407 ad
970 2356 1068 2409 hoc
1094 2358 1421 2423 emebantur,
1451 2371 1501 2412 ut
1535 2361 1584 2414 in
1616 2363 1797 2415 eodem
1828 2363 2019 2431 templo

472 2444 787 2499 offerrentur
820 2446 1060 2501 Domino.
1095 2449 1197 2503 Sed
1244 2452 1429 2507 nolens
1477 2452 1589 2520 ipse
1632 2454 1878 2506 Dominus
1922 2455 2017 2506 ali-

471 2535 593 2601 quid
627 2534 675 2587 in
704 2536 862 2591 dOIIIO
890 2552 979 2591 sua
1011 2548 1235 2601 terrente
1267 2557 1365 2610 neg
1408 2544 1656 2609 tiationis,
1685 2559 1750 2597 ne
1776 2546 1886 2611 ejus
1910 2545 2020 2609 qui-

473 2624 613 2683 dem,
639 2640 754 2691 quae
777 2625 993 2681 honesta
1030 2640 1319 2696 putaretur,
1346 2634 1602 2695 exhiberi,
1628 2635 1840 2702 dispulit
1865 2652 2018 2703 nego-

474 2714 688 2769 tiatores
716 2716 957 2783 iniustos,
988 2730 1038 2773 et
1065 2716 1207 2773 foras
1247 2737 1432 2775 omnes
1460 2724 1613 2777 simul
1640 2740 1756 2777 cum
1790 2724 1870 2789 iis,
1906 2741 2020 2793 quae

469 2806 888 2873 negotiabantur,
938 2808 1111 2876 ejecit.
1146 2811 1278 2875 Quid
1325 2828 1469 2881 ergo,
1519 2812 1707 2866 fratres
1742 2816 1863 2872 mei,
1894 2815 2016 2883 quid

467 2906 711 2963 putamus
761 2898 953 2952 faceret
1003 2900 1274 2967 Dominus,
1324 2904 1387 2970 si,
1426 2906 1552 2958 rixis
1587 2906 1925 2970 dissidentes,
1974 2907 2019 2960 si

475 2988 660 3042 fabulis
692 3000 958 3051 vacantes,
985 2992 1029 3045 si
1061 2994 1168 3045 risu
1199 2994 1501 3058 dissolutus,
1542 2996 1622 3050 vel
1646 2998 1749 3050 alio
1786 2998 2021 3063 quolibet

469 3078 672 3132 scelere
699 3082 956 3147 reperiret
980 3084 1231 3149 irretitus,
1263 3088 1349 3154 qui
1382 3088 1599 3152 hostias,
1642 3101 1761 3155 qua:
1790 3089 1887 3141 sibi
1911 3088 2015 3142 im-

474 3170 820 3234 molarentur,
858 3184 1097 3229 ementes
1128 3176 1179 3229 in
1232 3177 1426 3244 templo
1461 3178 1607 3243 vidit,
1658 3188 1709 3231 et
1748 3180 2023 3233 eliminare

469 3253 767 3315 festinavit?
804 3265 924 3316 llmc
974 3275 1185 3334 propter
1232 3267 1346 3321 illos
1392 3268 1640 3334 diximus,
1694 3270 1801 3337 qui,
1855 3272 2026 3325 eccle-

472 3353 605 3405 siam
639 3352 886 3422 ingreSsi,
918 3370 1020 3407 non
1055 3358 1223 3409 solum
1266 3358 1609 3411 intentionem
1638 3358 1821 3411 orandi
1861 3361 2027 3425 negli-

475 3454 621 3513 gunt,
656 3459 835 3497 verum
865 3445 1019 3499 etiam
1048 3460 1132 3510 ea,
1164 3462 1255 3513 pro
1296 3447 1485 3515 quibus
1515 3464 1666 3503 orare
1710 3449 2020 3515 debuerant,

479 3542 701 3599 augent;
736 3535 950 3602 insuper
980 3545 1033 3589 et
1056 3546 1334 3605 arguentes
1357 3552 1414 3591 se
1447 3555 1542 3608 pro
1568 3538 1866 3607 huiusmodi
1896 3540 2027 3594 stul-

484 3626 593 3675 titia
624 3625 875 3677 conviciis
905 3626 1145 3694 odiisque
1186 3630 1264 3679 vel
1306 3629 1460 3681 etiam
1503 3628 1917 3683 detractionibus
1944 3632 2023 3684 inv

478 3710 789 3778 seqttuntur,
832 3714 1088 3785 addentes
1122 3715 1365 3769 videlicet
1403 3720 1612 3784 p‘eccata
1664 3720 1929 3785 peccatis,
1980 3729 2031 3773 et

477 3803 627 3869 quasi
678 3804 833 3856 linem
888 3805 985 3857 sibi
1038 3782 1399 3874 Itingissimum
1448 3806 1653 3861 incaute
1698 3823 1881 3862 eorum
1940 3827 2030 3862 au-

478 3894 835 3960 gmentatione
870 3904 1127 3958 texentes,
1165 3912 1263 3950 nec
1298 3897 1539 3951 timentes
1586 3914 1646 3951 ex
1697 3914 1761 3951 eo
1800 3899 2022 3951 districti

468 3980 666 4052 judicis
695 3984 1086 4039 examinatione
1110 3984 1366 4039 damnari.
1403 3986 1529 4039 Nam
1587 3987 1665 4040 bis
1711 3988 1921 4057 quidem
1978 3989 2024 4040 in

480 4083 665 4128 sancto
696 4076 983 4145 Evangelio
1023 4077 1247 4147 legimus
1275 4078 1410 4146 quod
1439 4079 1657 4131 veniens
1693 4080 1741 4131 in
1778 4080 2026 4146 templum

478 4163 731 4219 Dominus
762 4166 1061 4235 liujusmodi
1094 4169 1444 4236 negotiatores
1473 4169 1709 4236 ejccerit,
1760 4184 1916 4232 nunc,
1949 4169 2027 4221 vi-

475 4254 686 4323 delicet,
741 4257 790 4310 id
826 4269 927 4323 est,
979 4258 1135 4311 tertio
1180 4269 1301 4311 ante
1341 4260 1633 4327 passionem
1682 4274 1829 4312 suam
1868 4273 2025 4320 anno,

476 4346 613 4399 sicut
672 4362 733 4400 ex
806 4348 959 4416 hujus
1024 4349 1361 4418 evangelista:
1424 4350 1764 4418 sequentibus
1818 4351 2030 4418 scriptis

2121 1906 2257 1958 idem
2314 1891 2512 1961 Pascha
2559 1918 2754 1961 nostra}
2805 1911 2957 1962 bonae
2981 1912 3213 1965 actionis
3254 1913 3533 1978 presentia
3569 1928 3671 1967 suae

2123 1994 2329 2061 pietatis
2361 1996 2621 2052 illustrare
2651 1999 2918 2067 dignatur.
2952 2002 3056 2055 Sed
3090 2004 3377 2057 timendum
3425 2006 3579 2070 satis,
3610 2022 3671 2060 ne

2123 2100 2215 2136 nos
2249 2087 2297 2139 in
2334 2088 2545 2142 civitate
2582 2103 2677 2142 sua
2720 2090 2860 2144 aliud
2897 2107 3054 2159 quam
3087 2094 3200 2161 ipse
3250 2094 3418 2161 diligit
3460 2105 3671 2163 agentes

2121 2175 2371 2240 inveniat,
2396 2189 2449 2231 et
2472 2180 2584 2245 ipse
2604 2193 2660 2233 se
2697 2182 2869 2244 nobis,
2894 2184 3105 2247 qualem
3140 2200 3247 2237 non
3265 2185 3561 2252 diligimus,
3592 2188 3669 2240 di-

2125 2266 2341 2319 strictus
2385 2266 2621 2321 redditor
2655 2269 2917 2321 ostendat.
2950 2270 3026 2323 Ne
3082 2286 3177 2324 nos
3215 2271 3266 2324 in
3300 2276 3495 2340 templo
3527 2290 3669 2326 num.

2121 2357 2394 2422 mularios,
2450 2374 2517 2411 ne
2570 2358 2874 2412 venditores
2922 2359 3100 2427 boum,
3159 2363 3353 2427 ovium,
3406 2364 3673 2416 columba-

2122 2460 2330 2510 rumvv,
2363 2449 2658 2514 reperiens,
2682 2450 2919 2502 damnet.
2964 2450 3131 2504 Boves
3161 2454 3350 2520 quippe
3386 2453 3671 2506 doctrinam

2125 2538 2242 2587 vita:
2272 2537 2529 2597 cmltstis,
2576 2553 2701 2592 oves
2742 2552 2899 2606 Opera
2941 2540 3213 2593 munditia:
3240 2550 3293 2595 et
3332 2543 3562 2607 pietatis,
3595 2558 3674 2595 eo.

2125 2628 2312 2680 innubae
2335 2629 2499 2681 sancti
2531 2629 2755 2696 Spiritus
2781 2630 2914 2683 dona
2956 2632 3249 2699 designant,
3300 2634 3420 2699 quia
3469 2635 3521 2685 in
3563 2650 3667 2686 ma-

2124 2721 2257 2775 rium
2304 2723 2461 2775 boum
2489 2722 2760 2791 juvamine
2788 2726 2924 2783 solet
2956 2740 3082 2793 ager
3108 2727 3367 2780 exerceri.
3409 2728 3551 2796 Ager
3588 2742 3673 2780 au-

2125 2818 2226 2863 tem
2254 2821 2335 2863 est
2378 2826 2469 2863 cor
2502 2812 2701 2865 caelesti
2730 2813 2993 2867 excultum
3020 2814 3282 2875 doctrina,
3314 2824 3369 2867 et
3393 2816 3672 2881 suscipien-

2123 2902 2202 2953 dis
2230 2900 2373 2953 verbi
2401 2900 2490 2955 Dei
2526 2910 2870 2969 prmparatum
2901 2902 3000 2956 tite
3031 2903 3341 2957 seminibus.
3371 2903 3507 2956 Oves
3528 2902 3673 2956 inno-

2123 3004 2303 3045 centes
2327 3008 2418 3046 sua
2444 2996 2753 3047 vestimenta
2776 2994 3063 3048 vestiendis
3087 2996 3388 3047 hominibus
3412 3006 3672 3062 prmstant,

2127 3084 2352 3150 Spiritus
2406 3100 2566 3151 super
2622 3085 2896 3138 Dominum
2948 3086 3001 3139 in
3056 3086 3317 3140 columba:
3363 3089 3541 3153 specie
3588 3088 3672 3141 de.

2129 3171 2358 3225 scendit.
2388 3172 2627 3226 Vendunt
2649 3182 2821 3226 autem
2846 3174 3030 3239 boves,
3058 3175 3146 3242 qui
3172 3174 3387 3228 verbum
3413 3176 3673 3243 Evangelii

2130 3278 2230 3315 non
2263 3262 2441 3316 divino
2469 3277 2669 3327 amore,
2702 3264 2795 3316 sed
2836 3263 3030 3317 terreni
3080 3273 3313 3331 quaestus
3365 3266 3552 3317 intuitu
3585 3266 3674 3317 im-

2129 3354 2384 3420 pendunt,
2418 3354 2601 3424 quales
2652 3353 2993 3423 reprehendit
3042 3355 3350 3420 Apostolus,
3383 3356 3506 3423 quia
3536 3355 3673 3409 Chri-

2126 3455 2265 3498 stum
2297 3460 2398 3499 noo
2432 3445 2747 3499 annuntient
2774 3448 2979 3501 sincere
3009 3447 3137 3518 (Tit.
3163 3449 3226 3515 ι).
3258 3447 3499 3501 Vendunt
3528 3462 3664 3510 oves,

2126 3536 2214 3604 qui
2246 3536 2484 3591 humana
2506 3540 2672 3606 gratia
2699 3538 2866 3589 laudis
2893 3554 3053 3605 opera
3083 3540 3293 3605 pictatis
3320 3550 3587 3605 exercent,
3611 3542 3670 3591 de

2127 3626 2313 3694 quibus
2339 3626 2592 3679 Dominus
2620 3628 2693 3680 ait
2720 3645 2731 3679 :
2761 3627 2893 3692 Quia
2919 3638 3208 3694 receperunt
3239 3628 3517 3680 mercedem
3542 3644 3671 3680 suam

2130 3716 2344 3785 (.ilull/t.
2375 3716 2474 3785 vr).
2508 3715 2755 3770 Vendunt
2797 3716 3091 3779 columbas,
3132 3717 3218 3784 qui
3251 3728 3517 3780 acceptant
3563 3716 3672 3783 Spi-

2129 3811 2262 3861 ritus
2278 3808 2520 3874 gratiam,
2539 3822 2640 3862 ι]οη
2661 3809 2845 3876 gratis,
2868 3818 2920 3860 ut
2944 3820 3262 3875 praceptum
3281 3818 3359 3861 est
3380 3806 3588 3877 (Matth.
3604 3808 3672 3873 ι),

2127 3896 2219 3949 sed
2253 3897 2314 3948 ad
2347 3896 2620 3963 praemium
2649 3900 2815 3961 dant;
2866 3898 2951 3964 qui
2984 3898 3375 3963 imp‘isitionem
3418 3911 3672 3958 manuum,

2128 3999 2224 4050 qua
2254 3984 2481 4050 Spiritus
2511 3984 2797 4051 accipitur,
2852 3987 2951 4039 etsi
2984 4001 3088 4037 non
3133 3986 3197 4037 ad
3229 3998 3491 4051 quaestum
3524 3999 3669 4051 pecu-

2129 4075 2249 4137 niae,
2279 4076 2341 4127 ad
2383 4075 2525 4144 vulgi
2571 4084 2743 4128 tamen
2796 4075 3028 4126 favorem
3064 4074 3321 4126 tribuunt.
3367 4076 3464 4137 Qui
3508 4087 3674 4126 sacros

2128 4165 2343 4217 ordines
2375 4180 2477 4218 non
2527 4164 2590 4217 ad
2639 4164 2756 4217 vita:
2787 4166 3054 4229 meritum,
3083 4164 3177 4217 sed
3208 4165 3274 4216 ad
3318 4164 3541 4232 gratiam
3587 4164 3675 4215 lar-

2128 4258 2356 4325 giuntur.
2409 4255 2662 4309 Nummus
2704 4264 2886 4308 mutuo
2927 4255 3053 4309 dant
3097 4255 3149 4308 in
3203 4256 3423 4320 templo,
3467 4251 3558 4323 qui
3587 4268 3675 4306 non

2130 4348 2377 4400 simulate
2423 4345 2750 4411 caelestibus,
2808 4345 2900 4399 sed
2954 4352 3137 4413 aperte
3178 4345 3405 4400 terrenis
3451 4343 3608 4399 rebus
3635 4348 3677 4396 iu

476 4438 832 4503 agnoscimus,
866 4448 917 4491 et
965 4439 1077 4505 ipso
1108 4455 1210 4505 quo
1242 4454 1421 4507 passus
1448 4449 1525 4493 est
1556 4455 1717 4506 anno,
1751 4454 1867 4491 cum
1904 4450 2026 4492 ante
2060 4462 2105 4519 Ι)
2136 4436 2369 4490 Ecclesia
2400 4436 2733 4500 deserviunt,
2762 4450 2857 4489 sua
2888 4445 3207 4503 quaerentes,
3256 4450 3359 4488 non
3403 4451 3523 4501 qua:
3567 4434 3677 4488 Jesu

474 4526 591 4581 dies
611 4529 840 4595 quinque
869 4528 1083 4581 Pascha:
1124 4531 1310 4583 sedens
1351 4532 1401 4584 in
1442 4533 1611 4595 asino,
1636 4531 2023 4599 Jerosolymam

476 4618 709 4672 venisset
739 4618 945 4689 (Matrh.
975 4622 1103 4689 xxi).
1148 4622 1250 4675 Sed
1285 4623 1381 4675 hoc
1413 4623 1548 4675 idem
1582 4638 1700 4676 eum
1743 4624 1792 4675 in
1828 4627 2029 4690 templo

479 4719 674 4763 sanctze
714 4710 983 4773 Ecclesiae,
1015 4722 1069 4765 et
1096 4714 1337 4767 examine
1364 4713 1681 4781 quotidiana:
1714 4714 2029 4767 visitationis

484 4815 635 4869 agerc
666 4803 837 4855 omnis
868 4805 955 4870 qui
1004 4814 1149 4859 recte
1200 4807 1333 4871 sapit
1381 4804 1647 4873 intelligit.
1702 4805 1851 4859 Unde
1894 4806 2027 4859 mul-

484 4902 588 4945 tum
631 4894 900 4947 tremenda
933 4905 1056 4948 sunt
1092 4897 1201 4948 lure
1227 4896 1573 4958 dileCIissimi,
1606 4906 1657 4948 et
1686 4895 1843 4965 digno
1867 4911 2029 4961 expa-

479 4983 737 5035 vescenda
766 4984 975 5045 timore,
1004 4984 1292 5053 sedulaque
1318 4984 1716 5051 prmcavendum
1748 4983 2028 5047 industria,

478 5088 549 5130 ne
587 5076 806 5129 veniens
856 5076 1169 5145 improvisus
1220 5091 1523 5145 perversum
1581 5077 1706 5143 quid
1759 5076 1808 5129 in
1859 5080 2029 5143 nobis,

478 5167 620 5222 unde
650 5170 841 5223 merito
870 5168 1123 5240 ﬂagellari
1152 5185 1213 5222 ac
1242 5170 1306 5222 de
1340 5170 1569 5223 Ecclesia
1599 5169 1716 5235 ejici
1747 5164 2034 5223 debeamus

483 5260 757 5324 inveniat;
785 5268 837 5314 et
880 5262 1107 5315 maxime
1142 5262 1192 5315 in
1226 5262 1311 5314 illa
1358 5275 1475 5327 qua:
1516 5262 1819 5330 specialiter
1846 5250 2033 5316 du'mns

484 5349 742 5404 orationis
791 5361 1024 5417 vocatur,
1075 5352 1485 5414 observandum,
1533 5368 1597 5404 ne
1636 5353 1758 5421 quid
1802 5355 2033 5421 ineptum

484 5452 749 5505 geramus,
784 5455 849 5494 ne
878 5456 996 5493 cum
1026 5440 1308 5495 Corinthiis
1338 5442 1611 5492 audiamus
1643 5443 1708 5495 ab
1740 5443 1993 5507 Apostolo
2022 5462 2033 5496 :

488 5528 733 5597 Nunquid
765 5533 881 5585 dom
918 5551 939 5584 s
980 5550 1078 5585 non
1110 5533 1298 5587 habetis
1329 5534 1396 5585 ad
1432 5533 1625 5600 agenda
1667 5534 1741 5586 rel
1787 5533 2036 5601 loquenda

485 5624 823 5691 temporalia?
846 5638 931 5677 aut
966 5626 1237 5678 Ecclesia»:
1264 5626 1352 5678 Dei
1377 5627 1683 5678 contemnitis
1708 5625 1757 5695 (1
1780 5627 1896 5679 Cor.
1921 5628 2037 5694 XI)?

490 5713 549 5765 Et
582 5729 605 5765 a
642 5717 889 5784 propinata
926 5733 1044 5771 cum
1092 5717 1286 5773 iudicis
1320 5733 1332 5771 :
1372 5715 1595 5769 Dilectus
1642 5732 1777 5770 meus
1807 5716 1855 5768 in
1890 5716 2034 5769 domo

2131 4529 2346 4582 Christi.
2389 4528 2579 4582 Verum
2629 4527 2931 4595 huiusmodi
2975 4530 3251 4595 operarios
3299 4528 3673 4588 fraudulentos,

2134 4637 2248 4683 quae
2282 4634 2484 4673 merces
2534 4628 2767 4682 maneat,
2808 4618 3037 4672 ostendit
3084 4618 3357 4683 Dominus,
3394 4635 3516 4674 cum
3560 4617 3681 4671 facto

2133 4710 2198 4762 de
2225 4709 2467 4763 funiculis
2496 4710 2705 4777 ﬂagello
2733 4724 2916 4762 omnes
2944 4709 3097 4777 ejecit
3121 4709 3188 4762 de
3213 4710 3429 4777 templo.
3468 4710 3680 4777 Ejiciuu—

2136 4809 2219 4851 tor
2247 4800 2386 4852 enim
2410 4799 2475 4853 de
2505 4809 2652 4867 parte
2674 4801 2837 4853 scrtis
2861 4808 3186 4865 sanctorum,
3210 4799 3300 4868 qui
3330 4801 3469 4854 inter
3486 4808 3678 4854 sanctos

2136 4891 2309 4957 positi,
2342 4892 2419 4945 vel
2449 4892 2568 4945 ﬂete
2602 4892 2760 4956 bona,
2793 4891 2876 4943 vel
2908 4898 3094 4956 aperte
3125 4888 3328 4943 faciunt
3362 4892 3529 4942 mala.
3561 4888 3680 4941 Oves

2136 4996 2343 5049 quoque
2380 4990 2433 5034 et
2476 4980 2638 5033 boves
2682 4980 2860 5047 eiecit,
2894 4978 3016 5047 quia
3059 4979 3240 5031 talium
3270 4979 3434 5032 vitam
3470 4979 3680 5032 ostendit

2137 5086 2254 5125 esse
2284 5070 2585 5139 reprobam.
2640 5070 2901 5132 Funiculi,
2942 5069 3132 5137 quibus
3162 5068 3479 5136 ﬂagellando
3512 5069 3679 5136 impios

2138 5164 2201 5216 de
2247 5164 2438 5232 templo
2478 5164 2701 5232 expulit,
2748 5169 3018 5217 crementa
3063 5172 3185 5215 sunt
3231 5162 3503 5215 actionum
3539 5161 3680 5213 mala-

2140 5272 2277 5319 rum,
2311 5255 2377 5309 de
2406 5256 2595 5323 quibus
2646 5257 2867 5309 materia
2902 5254 3185 5307 damnandi
3239 5254 3501 5323 reprobus
3538 5250 3679 5318 iudici

2139 5349 2309 5401 datur.
2347 5348 2477 5400 Hinc
2523 5348 2715 5401 etenim
2747 5347 2909 5400 Isaias
2940 5347 3095 5399 dicit:
3138 5346 3227 5398 Va:
3262 5347 3347 5412 qui
3378 5345 3575 5397 trahitis
3599 5345 3682 5395 ini-

2139 5440 2372 5505 quitatem
2404 5442 2454 5490 in
2485 5438 2720 5506 funiculis
2750 5438 2977 5490 vanitatis
3007 5435 3156 5505 (lsai.
3184 5435 3266 5505 v);
3312 5444 3363 5487 et
3396 5435 3449 5487 in
3478 5436 3682 5489 Prover-

2144 5531 2241 5581 biis
2273 5527 2561 5582 Salommi:
2601 5529 2921 5596 Iniquitates,
2970 5530 3160 5599 inquit,
3207 5543 3312 5579 sum
3352 5530 3560 5595 Cupiunt
3603 5528 3683 5575 im-

2144 5620 2317 5683 pium,
2369 5630 2413 5669 et
2459 5621 2659 5685 funibus
2719 5630 3035 5683 peccatorum
3087 5635 3288 5670 suorum
3342 5620 3685 5685 ccnatringimt

2145 5716 2318 5783 (Prov.
2370 5715 2461 5781 v).
2507 5715 2606 5779 Qui
2638 5714 2775 5767 enim
2828 5721 3034 5780 peccata
3079 5712 3326 5780 peccatis,
3375 5727 3472 5778 pro
3518 5711 3683 5779 quibus
