3822 6226
151 339 237 400 665

1024 333 1089 394 IN
1127 339 1181 393 S.
1223 334 1500 395 JOANNIS
1538 335 1981 393 EVANGELIUM
2024 337 2400 399 EXPOSITIO.

3228 345 3331 402 663

151 409 284 510 Arius
307 453 598 517 damnetur,
623 452 932 514 accumulat,
961 453 1258 522 prolongat,
1287 449 1664 506 nummulario.
1695 454 1740 512 Α
1769 451 1941 504 diebus
1983 453 2210 506 excitabo
2256 454 2405 507 illud.
2437 452 2508 508 De
2549 467 2652 516 quo
2682 455 2878 520 templo
2907 454 3129 521 diceret,
3161 473 3327 512 evan-

155 563 251 601 run:
283 559 500 616 quoque,
531 559 667 614 quos
698 545 989 613 expulerat,
1023 544 1209 598 effudit
1248 559 1346 612 aes,
1374 553 1427 598 et
1457 556 1668 597 mensas

154 639 392 702 subvertit,
441 638 580 705 quia,
631 635 893 690 damnatis
947 637 997 689 in
1048 635 1153 688 ﬁne
1200 634 1460 701 reprobis,
1509 633 1666 687 etiam

154 732 372 797 ipsarum,
408 741 538 795 quas
563 727 802 780 dilexere
841 741 1040 790 rerum,
1073 727 1218 780 tollet
1249 727 1489 793 figuram,
1516 723 1666 790 juxta

155 827 235 876 hoc
260 821 383 887 quod
411 821 660 886 scriptum
685 828 803 876 est:
829 816 893 872 Et
923 818 1148 873 mundus
1171 817 1434 883 transibit,
1459 825 1514 870 et
1537 829 1667 870 con-

152 913 430 979 cupiscentia
460 911 576 975 ejus
612 908 672 978 (Ι
695 906 850 963 Joan.
875 924 913 963 tt
938 911 977 978 ).

211 1003 264 1056 Et
288 1005 370 1064 eis,
395 1001 473 1070 qui
496 1000 752 1054 columbas
777 1000 1073 1061 vendeb-mt,
1115 999 1246 1052 dixit
1277 1012 1294 1051 :
1323 997 1531 1066 Auferte
1567 998 1666 1050 ista

150 1095 264 1154 hinc,
311 1093 453 1143 nolite
488 1094 655 1157 facere
703 1091 906 1143 domum
935 1089 1106 1142 Putris
1131 1087 1228 1139 mei
1264 1087 1468 1140 domum
1514 1103 1667 1155 nego-

150 1181 356 1233 tiationis.
398 1179 756 1234 Venditionem
799 1179 1162 1233 columbarum
1206 1176 1272 1231 de
1317 1177 1514 1239 templo
1571 1191 1665 1229 au-

148 1271 253 1325 ferri
292 1270 545 1339 praecipit,
615 1270 736 1337 quia
803 1271 972 1337 grvtia'
1017 1267 1242 1336 Spiritus
1305 1267 1472 1336 gratis
1527 1267 1688 1319 acci-'

145 1365 209 1432 pi,
229 1363 371 1433 gratis
396 1362 546 1416 debet
591 1361 727 1415 dari.
778 1360 932 1416 Unde
972 1359 1153 1414 Simon
1201 1358 1291 1412 ille
1339 1357 1540 1423 Magna.
1572 1354 1663 1423 qui

142 1458 259 1512 bane
291 1471 453 1511 emere
503 1455 722 1524 pecunia
769 1454 956 1515 voluit,
990 1462 1043 1506 nt
1082 1455 1280 1530 majore
1332 1451 1504 1522 pretio
1532 1465 1664 1507 ven-

140 1552 288 1614 deret,
309 1549 498 1604 audivit
523 1569 535 1602 :
574 1547 798 1603 Pecunia
827 1559 915 1602 tua
942 1557 1101 1602 tecum
1129 1549 1193 1600 sit
1221 1549 1274 1600 in
1302 1547 1656 1614 perditionem.

141 1639 326 1693 Il'onat
351 1639 431 1692 tibi
459 1654 578 1707 pars
615 1654 776 1708 neque
803 1655 912 1692 sors
931 1639 981 1692 in
1003 1653 1228 1692 sermone
1246 1636 1341 1690 hoc
1364 1636 1496 1707 (Art.
1521 1635 1655 1706 vttt).

139 1730 400 1783 Notandum
426 1739 599 1784 autem
639 1730 764 1798 quia
813 1744 915 1782 non
946 1729 1043 1782 soli
1076 1728 1376 1783 venditores
1405 1738 1526 1782 sunt
1564 1742 1656 1782 co-

1773 540 1955 608 gelista
2015 548 2131 608 post
2176 540 2403 607 aperuit,
2453 541 2724 608 videlicet,
2757 543 2821 596 dc
2851 546 3048 613 templo
3085 549 3326 614 corporis

1770 631 1875 694 sui,
1908 629 2046 700 quod
2073 631 2140 683 ab
2172 630 2275 685 illis
2307 630 2358 683 in
2388 633 2636 701 passione
2665 636 2915 697 solutum,
2947 636 3060 701 ipse
3085 645 3201 701 post
3229 639 3325 688 tri-

1769 722 1926 775 duum
1969 721 2216 774 excitavit
2245 721 2310 773 de
2339 729 2525 776 morte.
2567 723 2698 788 Quia
2725 739 2846 791 ergo
2875 726 3082 792 signum
3113 740 3324 794 quare-

1775 811 1960 864 banta
1994 809 2235 873 Domino,
2278 825 2444 880 quare
2494 813 2646 866 solita
2696 817 3010 868 commercia
3065 817 3322 882 projicere

1769 899 2013 954 debuerit
2039 914 2070 954 e
2098 901 2318 965 templo,
2351 903 2622 970 respondit
2650 903 2766 956 ideo
2796 918 2858 957 se
2901 904 3195 960 rectissime
3227 909 3328 960 im-

1768 989 1883 1056 pios
1927 991 2283 1044 exterminare
2331 990 2398 1045 de
2435 994 2652 1056 templo,
2685 995 2804 1061 quia
2858 996 3026 1062 ipsum
3072 998 3322 1062 templum

1766 1081 2141 1148 signiticavet-it
2189 1083 2439 1150 templum
2492 1087 2732 1151 corporis
2779 1089 2880 1151 sui,
2937 1089 2984 1140 in
3031 1101 3136 1155 quo
3182 1090 3320 1143 nulla

1767 1186 1986 1238 prorsus
2015 1179 2158 1226 esset
2185 1173 2408 1241 alicujus
2440 1176 2639 1228 macula
2673 1178 2888 1243 peccati.
2924 1179 3099 1245 Neque
3133 1181 3319 1233 imme-

1766 1264 1866 1316 rito
1920 1263 2151 1332 typicum
2204 1264 2442 1332 purgavit
2492 1279 2520 1316 a
2570 1267 2859 1320 sceleribus
2905 1273 3176 1337 templum,
3235 1271 3324 1338 qui

1763 1367 1946 1407 verum
1999 1351 2089 1406 Dei
2139 1352 2390 1422 templum
2435 1354 2502 1408 ab
2555 1354 2854 1409 hominibus
2896 1369 3062 1411 morte
3092 1361 3324 1413 solutum

1763 1443 1956 1496 divinae
2005 1442 2238 1512 potentia
2279 1443 2570 1514 maiestatis
2613 1445 2845 1500 excitare
2887 1458 3066 1515 posset
3107 1462 3136 1501 a
3182 1463 3322 1502 mur-

1765 1533 1891 1586 tuis.

1837 1617 2082 1676 Dixerunt
2133 1639 2251 1696 ergo
2297 1623 2468 1678 Judwi
2499 1641 2519 1680 :
2567 1625 2914 1697 Quadraginta
2961 1636 3009 1680 et
3060 1643 3150 1682 ua:
3176 1633 3321 1681 annis

1759 1716 2064 1784 mdiﬁcatum
2105 1726 2175 1770 est
2207 1718 2445 1784 templum
2489 1720 2602 1782 hoc,
2635 1729 2679 1771 et
2710 1728 2762 1772 tu
2794 1719 2950 1773 tribus
2980 1720 3149 1773 diebus
3188 1723 3323 1774 exci-

137 1817 417 1878 ιυωδπσω,
443 1826 496 1870 ει
523 1795 735 1870 ,λαωίηη
762 1817 850 1870 θεῖ
884 1819 1076 1871 facium
1101 1818 1313 1871 domum
1342 1816 1653 1885 ηεεοηηιίο.
1686 1795 1728 1854 Β
1757 1806 1884 1859 ιαὸἰι
1903 1805 2069 1859 illud?
2094 1807 2371 1874 Quomodo
2401 1808 2794 1871 intellexerunt,
2813 1809 2881 1862 ita
2909 1811 3320 1880 responderunt.

135 1905 225 1968 nis,
250 1905 326 1972 qui
354 1918 524 1958 sacros
569 1903 782 1960 ordines
823 1907 1112 1977 largiendo,
1149 1909 1374 1974 pretium
1417 1910 1653 1976 pecunia:

135 1994 208 2045 vel
243 1992 392 2047 laudis
432 1994 509 2049 vel
554 1996 712 2048 etiam
764 1995 982 2051 honoris
1033 1997 1322 2067 inquirunt,
1375 2014 1557 2053 verum
1601 2001 1652 2055 bl

131 2097 310 2152 quoque
334 2085 413 2152 qui
443 2085 664 2152 gradum
697 2087 777 2140 vel
825 2088 1045 2156 gratiam
1079 2089 1130 2142 in
1165 2089 1399 2144 Ecclesia
1429 2090 1648 2159 spirita-

133 2174 240 2236 ιειιι,
264 2190 402 2243 quam
433 2175 652 2231 Domino
681 2179 935 2247 largiente
956 2196 1264 2250 per-cepere,
1295 2198 1405 2236 non
1425 2184 1653 2252 simplici

127 2266 402 2329 mtentione,
430 2268 518 2320 sed
541 2269 820 2336 cuju~libet
847 2274 1089 2324 humanae
1106 2287 1262 2326 causa
1291 2273 1653 2328 retributionis

128 2367 361 2422 exercent,
397 2370 576 2414 contra
608 2361 734 2415 illud
783 2363 1005 2429 apostoli
1052 2363 1188 2419 Petri
1229 2382 1242 2419 :
1279 2366 1378 2431 Qui
1409 2365 1648 2433 loquitur,

128 2449 252 2506 quasi
271 2464 505 2502 sermones
535 2449 657 2513 Dei;
681 2454 767 2519 qui
791 2454 1064 2517 ministrat,
1098 2463 1334 2521 tanquam
1364 2471 1426 2508 ex
1447 2457 1648 2523 virtute,

127 2553 256 2603 quant
294 2539 607 2593 administrat
639 2538 791 2608 Deus,
843 2551 898 2596 ut
943 2544 994 2596 in
1034 2544 1263 2598 omnibus
1291 2545 1654 2614 honoriﬁcetstr

128 2623 244 2678 Deus
267 2642 344 2695 per
360 2625 530 2680 Iesum
558 2626 835 2683 Christum.
868 2631 1174 2701 Quicunque
1194 2648 1323 2699 ergo
1348 2635 1481 2688 tales
1502 2644 1649 2701 sunt,

131 2716 169 2768 si
211 2717 388 2780 no‘um,
421 2718 664 2775 veniente
710 2710 961 2787 Domitio,
1004 2723 1069 2778 de
1123 2724 1358 2779 Ecclesia
1410 2723 1649 2791 auferri,

129 2805 338 2862 auferent
361 2809 450 2862 ista
492 2811 558 2865 de
599 2812 710 2866 suis
748 2813 974 2877 actibus,
1004 2831 1067 2868 ne
1093 2815 1287 2870 faciant
1319 2817 1533 2871 domum
1557 2818 1650 2873 Dei

133 2897 316 2950 domum
342 2899 730 2967 negotiationis.
773 2902 881 2958 Nec
903 2906 1326 2968 prmtereundum
1357 2908 1475 2976 quia
1504 2908 1650 2962 solli-

129 2987 220 3039 cite
246 2987 377 3042 nobis
403 2989 675 3057 Scriptura
701 3002 981 3060 utramque
1010 2993 1240 3048 Salvato:
1258 2996 1301 3048 is
1343 2996 1506 3051 nostri
1549 3013 1648 3051 na-

127 3084 369 3148 turamget
402 3079 704 3148 humanam,
737 3083 1006 3150 videlicet,
1034 3088 1389 3151 commendat,
1423 3099 1474 3140 et
1504 3088 1642 3141 divi-

128 3179 249 3218 nam.
276 3168 332 3222 Ut
356 3171 490 3222 enim
521 3185 679 3224 verus
713 3173 804 3228 Dei
832 3173 993 3228 Filius
1018 3176 1422 3245 intell'gerctur,
1453 3176 1642 3231 audia-

127 3269 226 3306 mus
251 3256 359 3323 quid
389 3257 497 3324 ipse
524 3258 656 3312 dicit
681 3279 694 3311 ι

187 3341 340 3397 Noble
377 3349 536 3412 facere
579 3350 784 3405 domum
817 3348 989 3405 Patris
1030 3353 1127 3406 mei
1180 3354 1385 3407 domum
1426 3355 1650 3424 negotia-

127 3433 269 3486 tionis.
309 3438 488 3501 Aperte
519 3452 746 3507 namque
776 3455 833 3494 se
862 3439 1050 3495 Filium
1078 3442 1166 3496 Dei
1197 3441 1367 3497 Patris
1392 3444 1647 3509 Ostendit,

128 3524 202 3591 qui
243 3527 478 3595 templum
521 3528 615 3582 Dei
647 3529 860 3584 domum
889 3531 966 3586 sui
1001 3536 1165 3601 patris
1193 3537 1551 3604 cognatninat.
1585 3536 1653 3592 Ut

127 3631 309 3669 rursum
339 3632 485 3672 verus
543 3618 774 3674 hominis
808 3620 971 3677 Filius
1016 3625 1308 3690 sentiatur,
1355 3627 1652 3681 recolamus

125 3709 244 3774 quod
287 3708 335 3762 in
355 3710 462 3777 eius
491 3711 663 3778 capite
694 3713 933 3768 lectionis
962 3715 1288 3770 descendens
1329 3717 1379 3769 in
1409 3716 1647 3785 Caphar-

120 3814 281 3861 naum,
310 3812 529 3858 matrem
571 3805 820 3859 comitem
871 3807 1121 3862 habuisse
1170 3808 1499 3878 perhibetur.
1554 3809 1649 3866 Se-

120 3891 274 3959 quitur
303 3908 314 3942 :

182 3978 426 4034 Recordati
447 3997 561 4036 vero
590 3994 707 4036 sunt
738 3985 971 4055 discipuli
998 3987 1106 4056 ejus
1127 3988 1245 4056 quia
1274 3990 1518 4054 rriptum
1542 3999 1647 4044 est:

118 4067 246 4124 Zelus
266 4072 434 4125 domus
455 4082 556 4127 tua
583 4076 799 4128 comedit
830 4093 924 4130 me.
958 4077 1086 4130 Zeto
1111 4079 1298 4135 domus
1332 4081 1505 4135 Patris
1532 4081 1649 4136 Sal-

119 4172 246 4214 vator
268 4162 414 4230 eiecit
435 4164 627 4230 impios
647 4163 716 4219 de
738 4167 964 4233 templo:
987 4167 1229 4221 Zelemns
1252 4181 1300 4222 et
1327 4185 1440 4229 nos.
1462 4171 1649 4226 fratres

116 4252 404 4317 charissitui,
430 4253 642 4308 domum
696 4256 809 4318 Dei,
840 4267 916 4320 et,
957 4268 1208 4325 quantum
1259 4275 1556 4326 possumus,
1585 4278 1648 4316 ne

117 4341 221 4404 quid
250 4343 295 4395 in
330 4358 389 4397 ea
419 4359 635 4412 pravum
659 4355 870 4413 geratur
899 4346 1224 4401 insistatnus.
1271 4347 1325 4403 Si
1357 4348 1647 4402 viderimus

1758 1897 1861 1952 Sed
1916 1911 1982 1951 ne
2026 1913 2123 1951 nos
2155 1914 2364 1966 quoque
2417 1900 2709 1968 spiritalem
2761 1899 2966 1954 Domini
3017 1916 3319 1956 sermonem

1755 1989 2040 2043 carnaliter
2069 1992 2411 2055 sentiremus,
2456 1993 2786 2060 evangelista
2826 1993 3210 2061 subsequenter
3254 1996 3322 2048 de

1755 2093 1861 2146 quo
1895 2079 2096 2148 templo
2121 2081 2430 2149 loqueretur
2455 2085 2717 2150 exposuit.
2752 2083 2899 2148 Quod
2940 2095 3114 2138 autem
3150 2085 3318 2151 aiunt,

1759 2170 2011 2235 templum
2039 2171 2384 2238 quadraginta
2413 2181 2465 2224 et
2517 2186 2611 2224 sex
2655 2174 2806 2225 annis
2834 2175 3176 2238 a-dificatum,
3210 2189 3316 2228 non

1760 2259 2135 2326 primatn,.sed
2182 2262 2470 2314 secundam
2504 2261 2904 2316 mdificationem
2936 2264 3078 2317 illius
3117 2264 3320 2332 signiﬁ-

1755 2357 1898 2402 cant.
1919 2347 2122 2402 Primus
2137 2350 2280 2404 enim
2298 2350 2546 2405 Salomon
2563 2354 2813 2420 templum
2840 2353 2891 2406 in
2920 2357 3145 2408 maxima
3170 2357 3318 2426 regni

1756 2437 1836 2490 sui
1872 2451 2001 2504 pace
2024 2439 2401 2494 tlecentissimo
2430 2449 2630 2509 septem
2659 2457 2919 2497 annorum
2945 2457 3108 2509 apere
3133 2446 3317 2512 perfe-

1754 2527 1826 2582 cit
1851 2527 1969 2599 (lll
2008 2530 2129 2599 Reg.
2161 2533 2268 2598 vt);
2313 2531 2449 2598 quod
2499 2532 2820 2585 destructum
2847 2547 2876 2585 a
2905 2533 3168 2588 Chaldaeis
3204 2545 3322 2602 post

1755 2636 1856 2676 ιιι
1887 2635 2079 2683 annos,
2108 2622 2346 2689 iussione
2374 2621 2497 2691 Cyri
2530 2622 2723 2688 Perse,
2767 2625 2937 2678 laxata
2986 2629 3314 2696 captivitate,

1756 2713 2330 2780 resediflcat'icmptum
2373 2722 2454 2767 est
2503 2711 2584 2782 (Il
2639 2712 2765 2767 Par.
2824 2714 3028 2784 xxxvt),
3078 2717 3172 2771 sed
3224 2717 3317 2771 lilii

1753 2804 2233 2873 transmigrationis
2265 2817 2418 2871 opus,
2458 2803 2597 2872 quod
2648 2805 2975 2872 principibus
3018 2806 3313 2862 Zorubabel

1752 2899 1808 2948 et
1845 2892 1970 2948 Iesu
2016 2893 2302 2958 faciebant,
2331 2903 2544 2961 promer
2585 2893 3037 2964 impugnationem
3078 2898 3315 2965 gentium

1753 2982 2048 3039 vicinarum
2089 2991 2213 3035 ante
2260 2981 2604 3053 quadraginta
2653 2993 2705 3037 et
2749 2999 2837 3038 sex
2891 2999 3058 3038 annos
3091 2986 3314 3055 implere

1752 3073 2104 3141 nequiverunt
2125 3070 2178 3142 (1
2208 3071 2363 3129 Esdr.
2390 3089 2446 3139 ll,
2477 3074 2552 3142 ν),
2578 3078 2666 3143 qui
2693 3076 2850 3129 etiam
2877 3091 3127 3128 numerus
3149 3091 3308 3131 anno-

1753 3181 1866 3220 rum
1917 3164 2223 3234 perfectioui
2271 3167 2519 3221 dominici
2571 3170 2810 3236 corporis
2857 3171 3127 3238 aptissime
3179 3185 3313 3223 con-

1749 3257 1912 3326 gruit.
1935 3256 2175 3320 Tradunt,
2204 3259 2401 3312 etenim
2435 3259 2752 3312 naturalium
2783 3261 3074 3325 scriptores
3106 3276 3309 3325 rerum,

1753 3346 1974 3402 formam
2000 3347 2240 3414 corporis
2271 3347 2486 3402 humani
2519 3355 2594 3401 tot
2639 3349 2844 3400 dierum
2889 3349 3058 3415 spatio
3106 3350 3308 3416 perlici,

1750 3441 1892 3507 quia,
1943 3439 2205 3504 videlicet,
2256 3439 2444 3508 primis
2501 3453 2590 3493 sex
2644 3455 2672 3496 a
2725 3440 3072 3507 conceptione
3128 3439 3314 3493 diebus

1750 3530 1900 3596 lactis
1959 3529 2150 3584 habeat
2213 3529 2642 3592 similitudinem;
2703 3529 3046 3597 sequentibus
3121 3545 3312 3584 novem

1749 3627 2096 3674 convertatur
2123 3619 2176 3672 in
2205 3621 2514 3689 sanguinem
2538 3637 2554 3684 ;
2585 3619 2776 3672 deinde
2805 3620 3082 3673 duodecim
3115 3621 3313 3674 solide-

1751 3713 1871 3772 tur;
1902 3707 2118 3776 reliquis
2146 3706 2331 3762 decem
2361 3717 2414 3762 et
2452 3717 2576 3762 octo
2604 3709 2844 3762 firmetur
2889 3723 3054 3776 usque
3086 3709 3150 3760 ad
3195 3722 3315 3776 per-

1751 3795 1888 3850 fecta
1920 3796 2238 3851 lineamenta
2271 3797 2504 3851 omnium
2539 3798 2934 3862 membrorum;
2967 3807 3017 3851 et
3057 3797 3178 3850 hinc
3201 3796 3312 3866 jam

1753 3891 1954 3956 reliquo
1977 3898 2216 3955 tempore
2239 3905 2404 3958 usque
2426 3889 2489 3943 ad
2519 3900 2726 3959 tempus
2749 3904 2927 3959 partus
2951 3893 3314 3963 magnitudine

1749 3987 2024 4045 augeatur.
2056 3977 2161 4031 Sex
2195 3989 2368 4033 autem
2401 3993 2450 4034 et
2480 3995 2695 4045 novem,
2727 3990 2782 4036 et
2807 3983 3108 4047 duodecim,
3137 3993 3190 4039 et
3217 3985 3313 4037 de-

1749 4082 1886 4130 cem,
1917 4076 1970 4122 et
1996 4079 2138 4133 octo,
2165 4070 2510 4138 quadraginta
2542 4073 2774 4139 quinque
2825 4070 3059 4139 faciunt;
3113 4075 3310 4143 quibus

1749 4160 1793 4215 si
1824 4175 1988 4214 unum
2016 4160 2384 4228 adiccerimns,
2434 4162 2483 4216 id
2518 4171 2622 4228 est,
2657 4163 2825 4231 ipsum
2875 4165 3034 4229 diem,
3068 4181 3175 4235 quo
3204 4167 3314 4222 dis-

1749 4263 1950 4306 cretun
2007 4267 2100 4318 per
2148 4253 2384 4306 membra
2431 4267 2663 4322 corpus,
2715 4266 3044 4310 crcmentum
3101 4273 3314 4312 sumere

1749 4343 1952 4405 incipit,
2002 4350 2077 4396 tot
2124 4344 2372 4396 nimirum
2430 4345 2542 4398 dies
2575 4345 2625 4397 in
2675 4346 3023 4400 mditlcatione
3074 4351 3311 4416 corporis

111 4431 305 4487 fratrem
334 4432 415 4503 qui
441 4432 504 4487 ad
535 4433 752 4488 domum
788 4434 879 4499 Dei
930 4436 1162 4504 pertinet
1195 4437 1442 4505 superbia
1489 4441 1644 4492 tumi.
1676 4469 1723 4526 υ
1755 4432 1983 4496 Domini,
2016 4443 2144 4498 quot
2193 4436 2246 4487 in
2293 4433 2496 4526 fabrica
2533 4437 2711 4526 templi
2763 4452 2934 4491 annos
2992 4441 3309 4507 invenimus,

119 4521 244 4585 dum,
283 4524 322 4575 si
352 4523 761 4577 detractionibus
792 4535 1085 4592 a~suetum,
1138 4526 1181 4582 si
1226 4527 1471 4582 ebrietati
1526 4544 1641 4583 ser-

119 4611 338 4678 vientem,
368 4613 406 4665 si
439 4613 646 4666 luxuria
691 4626 1024 4679 enervatum,
1075 4618 1118 4670 si
1168 4617 1438 4674 iracundia
1481 4620 1646 4672 turbi-

118 4701 242 4766 dum,
269 4703 308 4755 si
352 4704 450 4758 alio
479 4703 722 4774 cuiquam
754 4705 882 4759 vitio
911 4709 1262 4774 substratum,
1312 4694 1644 4777 Studeamus,

119 4791 161 4843 iu
201 4804 433 4858 quantum
485 4795 709 4848 facultas
741 4797 1001 4865 suppetit,
1032 4795 1314 4864 castigare,
1350 4799 1544 4866 polluta
1585 4814 1648 4853 ac

117 4898 337 4950 pezversa
365 4887 633 4956 corrigere
661 4903 676 4948 ;
706 4898 758 4940 et
790 4889 835 4940 si
867 4888 991 4952 quid
1021 4887 1087 4942 de
1134 4889 1324 4943 talibus
1362 4892 1647 4946 emendare

120 4979 385 5045 nequimus,
421 4994 524 5033 non
556 4983 676 5034 sine
727 4980 990 5033 acerrimo
1039 4985 1230 5033 mentis
1262 4981 1527 5038 sustinere
1552 4983 1649 5037 «1ο-

121 5068 231 5131 lore,
258 5080 302 5122 et
332 5072 554 5126 maxime
582 5073 637 5124 in
669 5073 778 5141 ipsa
809 5072 970 5126 domo
1001 5073 1282 5135 orationis,
1314 5074 1402 5129 ubi
1451 5090 1649 5144 corpus

123 5157 199 5211 Dei
225 5172 568 5226 consecratur,
601 5165 688 5218 ubi
741 5165 1049 5232 angelorum
1102 5165 1386 5232 praesentia
1433 5180 1649 5236 semper

125 5249 283 5306 adesse
309 5268 407 5306 non
438 5254 728 5323 dubitatur,
758 5271 825 5310 ne
853 5257 978 5324 quid
1011 5257 1245 5324 ineptum
1279 5257 1389 5322 ﬁat,
1420 5273 1485 5314 ne
1524 5260 1648 5328 quid

128 5354 328 5396 uestram
357 5345 708 5401 trsternamve
732 5349 1024 5402 orationem
1062 5349 1334 5418 impediat,
1367 5350 1490 5404 totis
1519 5351 1648 5405 viri-

131 5447 202 5482 ηιιιε
223 5447 440 5503 agamus.
472 5435 722 5504 Sequitur
749 5452 760 5488 :

187 5523 541 5588 Responderunt
589 5543 712 5596 ergo
760 5525 950 5591 Judwi,
999 5537 1046 5581 et
1094 5529 1329 5582 dixerunt
1356 5529 1403 5583 ei
1440 5545 1458 5583 :
1504 5530 1650 5596 Quod

123 5614 292 5679 tignum
313 5617 524 5669 ostendis
565 5617 731 5678 nobis,
763 5619 880 5686 quia
912 5620 1012 5670 hac
1041 5619 1210 5685 facis?
1241 5619 1521 5687 Respondit
1555 5622 1649 5675 Je-

125 5721 209 5765 ηδ.
237 5709 410 5759 ριάιιὶι
442 5711 557 5762 eis'
618 5708 808 5762 Sole-ite
858 5710 1092 5778 templum
1133 5711 1250 5779 hoc,
1302 5722 1347 5767 et
1393 5713 1444 5765 in
1497 5715 1650 5768 tribus

1747 4526 1868 4594 quia
1901 4527 2150 4590 templum
2179 4524 2306 4579 illud
2340 4540 2496 4582 manu
2538 4525 2734 4580 factum
2766 4541 3159 4582 sacrosanctam
3210 4531 3313 4583 Do-

1747 4617 1876 4671 mini
1909 4632 2146 4684 carnem,
2180 4633 2338 4687 quam
2384 4632 2449 4674 ex
2495 4619 2706 4689 Virgine
2734 4622 2978 4688 sumpsit,
3014 4632 3068 4674 ut
3097 4637 3159 4675 ex
3213 4623 3316 4676 hoc

1747 4708 1863 4761 loco
1913 4708 2184 4773 discimus,
2239 4709 2518 4778 ﬁgurabat,
2564 4712 2681 4778 quia
2731 4726 2884 4779 teque
2934 4726 3126 4778 corpus
3169 4715 3309 4778 ejus,

1747 4799 1883 4868 quod
1916 4809 1997 4852 est
2027 4800 2285 4866 Ecclesia,
2316 4801 2435 4868 quia
2467 4801 2879 4871 uniuscujusque
2924 4803 3156 4857 lideliutn
3188 4820 3312 4858 cor-

1748 4905 1844 4957 pus
1872 4892 2209 4957 animamque
2247 4891 2576 4961 designabat.
2619 4902 2676 4945 ut
2707 4894 2756 4945 in
2783 4894 3047 4962 plerisque
3075 4895 3312 4962 Scriptu-

1747 4995 1924 5032 rarum
1957 4979 2086 5033 locis
2115 4981 2433 5033 invenimus.
2467 4981 2634 5033 Adam
2663 4995 2790 5034 vero
2820 4983 3019 5048 primus
3051 4994 3164 5049 post
3191 4998 3314 5050 pec-

1747 5080 1920 5124 eatum
1945 5071 2142 5123 audivit
2171 5089 2182 5122 :
2215 5070 2370 5124 Terra
2396 5089 2465 5130 es.
2500 5083 2545 5124 et
2574 5074 2623 5123 in
2652 5080 2837 5124 terram
2863 5072 2953 5124 ibis
2983 5073 3182 5143 (Cenes.
3207 5079 3310 5143 ιιι).

1747 5160 2021 5216 Secundus
2048 5176 2173 5216 vero
2199 5162 2362 5215 Adam
2392 5162 2456 5216 de
2487 5178 2542 5215 se
2577 5163 2689 5230 ipso
2713 5164 2787 5215 ait
2812 5180 2824 5212 :
2854 5162 3048 5217 Solvite
3071 5167 3314 5233 templum

1749 5252 1866 5317 hoc,
1897 5259 1945 5304 et
1997 5253 2050 5304 in
2093 5253 2248 5306 tribus
2279 5253 2453 5306 diebus
2483 5253 2711 5306 excitabo
2749 5254 2896 5307 illud.
2933 5255 3160 5320 Sparsus
3187 5272 3316 5309 vero

1749 5340 1847 5396 fuit
1879 5343 2080 5410 primus
2111 5345 2278 5397 Adam
2329 5360 2419 5412 per
2468 5346 2786 5422 universum.
2816 5347 3092 5408 mundum,
3125 5347 3212 5414 qui
3259 5348 3313 5402 in

1748 5433 1980 5490 secundo
2007 5436 2260 5490 collectus
2289 5445 2370 5490 est
2397 5452 2410 5487 :
2444 5438 2580 5502 quod
2611 5437 2872 5503 significat
2896 5452 3087 5488 nomen
3117 5438 3311 5503 Adam,

1750 5526 1887 5594 quod
1918 5535 2142 5594 quatuor
2173 5526 2359 5578 litteris
2390 5527 2658 5585 scribitur,
2689 5526 2738 5577 id
2772 5535 2852 5579 est
2881 5549 2931 5589 at,
2959 5525 3008 5590 δ,
3042 5526 3229 5579 iterum
3256 5549 3314 5588 α,

1751 5629 1801 5671 ει
1829 5640 1887 5687 μ,
1921 5633 2035 5682 quze
2066 5626 2290 5684 quatuor
2321 5615 2508 5668 littera»
2541 5628 2765 5683 quatuor
2796 5625 2972 5682 partes
3001 5618 3144 5670 orbis
3172 5616 3318 5671 desi-

1752 5718 1935 5777 gnant,
1967 5708 2014 5761 in
2042 5723 2170 5776 quas
2201 5722 2416 5776 sp:rsus
2448 5717 2528 5761 est
2573 5707 2736 5760 Adam
2783 5707 2832 5762 in
2867 5708 2988 5764 ﬁliis
3017 5709 3165 5764 suis:
3201 5710 3319 5764 ideo
