3822 6226
137 338 218 398 669
1005 327 1070 384 ΙΝ
1107 328 1166 384 S.
1207 324 1487 383 JOANNIS
1525 319 1971 378 EVANGI‘ILIUM
2012 316 2384 378 EXPOSITIO.

3219 319 3324 377 670

135 462 237 516 13w
257 453 412 525 pietas
439 445 578 506 novit
605 447 724 518 quia
749 453 993 516 peccator
1033 443 1085 498 in
1113 442 1315 496 fontem
1342 438 1640 501 descendit,
1672 434 1718 490 Α
1747 440 1930 502 genter
1957 433 2038 487 his
2061 448 2192 525 qute‘
2205 433 2411 525 audiret
2458 429 2755 525 intendere.
2803 430 3060 525 Caelestis
3095 447 3324 502 namque

140 549 210 604 sed
231 543 510 615 puriﬁcatus
531 535 792 592 ascendit.
825 534 986 588 Filius
1009 533 1191 586 mortis
1219 531 1511 593 descendit,
1554 530 1647 594 sed

139 640 254 692 mins
278 627 662 687 resurrectionis
703 625 957 678 ascendit.
988 621 1149 675 Filius
1200 617 1653 688 praevaricationis

139 723 391 787 tit-scendit,
438 719 526 774 sed
557 717 696 770 ﬁlius
724 711 1167 769 reconciliationis
1201 708 1459 765 ascendit.
1492 707 1655 762 Filius

145 823 218 874 ira
261 813 534 874 descendit,
566 809 657 862 sed
692 807 828 861 ﬁlius
857 803 1229 860 misericordiae
1279 801 1535 855 ascendit.
1567 798 1654 852 Fi—

145 911 230 961 lius
254 902 423 960 diaboli
471 897 760 960 descendit,
815 894 904 948 sed
939 895 1074 948 ﬁlius
1118 893 1210 946 Dei
1237 890 1492 946 ascendit.
1527 889 1653 944 Sola

141 999 230 1052 hoc
265 991 472 1049 Ecclesia
522 1000 712 1050 mater.
742 1001 858 1056 quae
895 993 1131 1054 generat,
1154 981 1342 1055 .novit.
1393 980 1652 1034 Caeterum

142 1086 283 1140 oculis
309 1079 646 1148 insipientium
673 1076 884 1130 videtur
915 1075 1036 1128 talis
1065 1073 1209 1128 exire
1231 1072 1297 1125 de
1325 1070 1489 1133 fonte,
1522 1085 1654 1138 qua-

142 1175 200 1229 lis
221 1171 419 1234 intravit,
443 1177 709 1235 totumque
733 1166 888 1219 ludus
909 1178 1027 1218 esse
1046 1161 1182 1230 quod
1209 1161 1398 1228 agitur.
1427 1158 1575 1214 Unde
1602 1158 1655 1212 in

141 1267 276 1320 linem
293 1263 507 1317 videntes
525 1260 743 1330 gloriam
765 1267 1092 1319 sanctorum,
1108 1254 1284 1308 dicent
1307 1263 1583 1323 gementes
1605 1253 1655 1306 in

140 1353 380 1410 tormentis
409 1368 422 1404 :
453 1351 516 1404 Ηὶ
539 1360 677 1412 sunt,
701 1365 826 1418 quos
852 1346 1126 1415 aliquando
1153 1343 1422 1397 habuimus
1441 1344 1493 1396 in
1519 1343 1656 1396 deri-

138 1460 257 1508 turn,
279 1451 316 1495 et
344 1443 390 1493 in
433 1439 806 1494 similitudinem
858 1435 1170 1504 improperii.
1223 1432 1489 1498 Quomodo
1541 1447 1658 1500 ergo

137 1532 381 1599 csrmpatati
411 1538 520 1584 sunt
561 1530 696 1580 inter
734 1527 868 1596 ﬁlios
896 1526 984 1580 Dei
1009 1525 1163 1597 (Snp.
1192 1525 1286 1593 v)?
1317 1523 1404 1577 Ait
1449 1530 1661 1590 aposto-

141 1626 206 1675 lus
246 1621 451 1676 Joannes
469 1638 480 1673 :
500 1618 814 1682 Charissimi,
838 1617 1048 1684 inquit,
1087 1631 1218 1668 nunc
1233 1615 1329 1683 ﬁlii
1354 1611 1443 1666 Dei
1460 1628 1656 1675 sumus,

139 1723 178 1763 tt
201 1707 644 1775 sondumopparuit
670 1708 792 1773 quid
827 1707 1010 1758 erimus
1035 1704 1208 1778 (Joan.
1244 1703 1345 1772 ιιι).
1380 1703 1528 1767 Quod
1567 1717 1656 1753 na-

142 1811 231 1849 lntn
259 1808 323 1850 est
363 1813 420 1850 ex
447 1796 661 1863 Spiritu,
689 1797 899 1865 spiritus
939 1804 1032 1857 est,
1080 1797 1198 1865 quia
1232 1795 1319 1862 qui
1345 1810 1408 1848 ex
1436 1807 1570 1862 aqua
1608 1802 1662 1845 et

142 1891 314 1956 Spiritu
346 1899 691 1958 regeneratur,
725 1888 1057 1942 invisibiliter
1087 1887 1139 1941 in
1189 1901 1383 1940 novum
1430 1894 1664 1938 mutatur

150 1981 405 2047 hominem,
433 1989 483 2034 et
510 1980 576 2034 de
619 1979 817 2033 carnali
850 1978 1080 2034 efﬁcitur
1109 1977 1384 2046 spiritalis.
1417 1977 1512 2044 Qui
1545 1976 1664 2030 idco

146 2085 168 2121 r
197 2077 268 2124 ctc
293 2084 386 2122 non
429 2068 597 2124 solum
629 2067 898 2134 spiritalis,
932 2068 1025 2123 sed
1072 2067 1229 2121 etiam
1259 2066 1476 2131 spiritus
1505 2077 1662 2118 voca-

140 2169 229 2223 tur,
257 2159 364 2226 quia
408 2161 539 2213 sicut
591 2159 882 2212 substantia
926 2158 1143 2226 spiritus
1189 2155 1468 2211 invisibilis
1497 2155 1660 2210 estin

144 2250 424 2318 aspectibus,
466 2250 532 2302 ita
564 2249 629 2317 is,
677 2249 764 2316 qui
815 2264 908 2318 per
955 2249 1177 2318 gratiam
1220 2247 1311 2302 Dei
1361 2247 1661 2308 innovatur,

140 2341 432 2398 invisibiliter
448 2341 502 2395 ﬁt
525 2342 795 2408 spi'ilalis,
826 2351 880 2396 et
909 2341 998 2395 Dei
1028 2340 1209 2405 Filius,
1236 2355 1356 2393 cum
1389 2337 1663 2392 visibiliter

147 2432 353 2485 omnibus
380 2446 498 2486 caro
526 2441 578 2487 ct
609 2433 744 2485 ﬁlius
777 2432 1002 2485 nominis
1054 2438 1327 2498 appareat.
1360 2427 1612 2497 Sequitur
1645 2443 1656 2479 :

208 2520 310 2575 Non
345 2522 530 2575 mireris
555 2523 672 2589 quia
692 2522 798 2573 dixi
821 2522 908 2573 tibi
930 2535 944 2574 .'
975 2512 1181 2587 Oportet
1201 2535 1284 2573 vos
1311 2519 1452 2572 nasci
1473 2519 1659 2571 denuo.

149 2610 336 2676 Spiritus
361 2610 436 2664 tbi
460 2612 561 2664 t'ttll
581 2612 760 2680 spirat,
784 2620 831 2664 et
857 2626 1026 2663 vocem
1054 2611 1162 2680 ejus
1187 2610 1368 2672 audis;
1395 2608 1483 2663 sed
1505 2606 1664 2660 nescis

148 2701 262 2756 unde
282 2684 447 2768 veniat,
475 2712 519 2756 et
546 2718 644 2772 quo
665 2702 834 2755 vadat.
868 2701 958 2755 Sic
983 2709 1056 2756 est
1097 2701 1281 2763 omnis,
1307 2700 1395 2770 qui
1423 2711 1569 2752 natus
1590 2707 1664 2753 est

149 2813 200 2847 ex
229 2797 406 2860 spiritu.
450 2795 673 2866 Spiritus
721 2795 805 2848 ubi
841 2797 947 2850 vult
1005 2798 1186 2862 spirat,
1234 2797 1356 2866 quia
1406 2794 1522 2862 ipse
1571 2795 1662 2850 ha-

148 2886 224 2940 bet
241 2886 286 2940 in
331 2896 601 2956 potestate,
629 2888 780 2954 cujus
834 2901 927 2942 cor
981 2886 1147 2956 gratia
1189 2901 1298 2941 sum
1347 2886 1663 2941 visitationis

147 2973 358 3030 illustrel.
401 2975 464 3030 Et
483 2992 649 3030 vocem
691 2977 802 3046 ejus
848 2977 1020 3040 audis,
1067 2992 1186 3030 cum
1221 2985 1270 3032 lc.
1299 2987 1559 3044 prmscnte
1588 2976 1658 3030 lo-

1758 536 1841 580 est
1887 523 2127 578 ascensio
2168 523 2286 593 ejus
2329 521 2398 578 ad
2443 514 2613 578 vitam
2651 521 3062 591 sempiternam;
3111 534 3324 579 terrena

1757 629 1882 668 vero
1939 613 2053 682 ejus
2092 612 2342 668 exultatio
2385 612 2451 668 ad
2496 621 2727 667 mortem
2781 614 3149 684 temporalem.
3181 614 3318 670 Dicit

1758 718 1883 770 ergo
1919 703 1988 756 de
2017 701 2325 757 caelestibus
2359 719 2372 755 :

1831 793 1896 846 Et
1947 809 2090 847 nemo
2141 793 2363 860 ascqrdit
2387 794 2439 846 in
2465 793 2666 856 coelum.
2694 793 2792 850 nisi
2842 796 2929 864 qui
2973 795 3229 850 descendit
3266 798 3332 850 de

1756 883 1899 946 ctelo,
1928 879 1974 932 F
1977 883 2093 935 ilius
2114 883 2446 950 hominis,qui
2467 892 2538 936 est
2563 883 2612 936 in
2629 883 2774 936 calo.
2792 883 3092 954 (Subjungit
3118 899 3242 940 vero
3262 883 3330 938 tle

1759 970 1981 1024 terrenis
2004 971 2058 1039 :)
2086 970 2150 1024 Et
2174 973 2302 1024 sicut
2335 971 2535 1042 Moyses
2574 973 2813 1027 exultauit
2852 985 3130 1042 serpentem
3159 975 3211 1027 in
3233 975 3329 1028 de-

1761 1071 1916 1127 serto,
1943 1062 2012 1113 ita
2070 1062 2279 1115 exaltari
2309 1071 2501 1132 Oportet
2529 1063 2694 1132 ﬁlium
2736 1063 2988 1124 homini»:
3017 1063 3201 1118 Merito
3236 1077 3330 1118 au-

1764 1159 1870 1205 tem
1910 1152 2166 1215 quaeritur
2209 1151 2478 1220 quomodo
2523 1151 2733 1207 dicatur
2785 1153 2920 1206 ﬁlius
2961 1155 3191 1208 hominis
3248 1153 3332 1209 vel

1759 1241 2100 1298 descendisse
2147 1244 2212 1297 de
2254 1245 2412 1309 ctelo,
2457 1245 2539 1299 vel
2585 1260 2650 1300 eo
2701 1255 2939 1313 tempore
2983 1263 3086 1316 quo
3135 1249 3248 1302 hrec
3279 1248 3331 1302 in

1762 1341 1902 1386 terra
1933 1333 2264 1398 loquebatur,
2288 1332 2396 1401 jam
2426 1333 2586 1388 fuisse
2618 1335 2668 1389 in
2697 1335 2852 1390 omln.
2887 1334 3014 1389 Nota
3048 1347 3130 1390 est
3156 1347 3331 1389 autem

1757 1422 2024 1477 confessio
2065 1422 2186 1477 ﬁdei
2231 1424 2534 1489 catholicae,
2570 1427 2689 1492 quia
2720 1425 3050 1480 descendens
3095 1426 3160 1480 de
3197 1423 3336 1480 cmlo

1761 1509 1924 1564 Filius
1967 1512 2078 1579 Dei,
2109 1511 2269 1566 ﬁlium
2295 1513 2522 1567 hominis
2553 1516 2603 1567 in
2636 1524 2787 1567 utero
2810 1514 3049 1582 virginali
3074 1516 3330 1582 suscepit,

1759 1616 1990 1670 eumque
2004 1604 2269 1670 completa
2284 1604 2676 1674 dispensatione
2694 1604 2951 1672 passionis
2971 1620 3103 1668 suae,
3120 1607 3346 1659 resusci-

1763 1693 1890 1744 tavit
1908 1708 1934 1744 τι
1961 1695 2202 1759 mortuis,
2232 1704 2285 1749 et
2309 1695 2591 1765 assumpsit
2614 1697 2663 1749 in
2686 1697 2905 1751 etelum.
2923 1695 3036 1751 Non
3064 1711 3192 1765 ergo
3211 1710 3337 1753 caro

1693 1768 1737 1828 Β
1765 1780 2002 1834 Christus
2026 1782 2294 1838 descendit
2319 1783 2387 1840 de
2407 1785 2564 1850 cmlo,
2587 1800 2755 1853 neque
2777 1795 2898 1839 ante
2916 1797 3123 1854 tempus
3144 1800 3337 1841 ascen-

1763 1868 1926 1921 sionis
1972 1880 2088 1922 erat
2118 1873 2168 1924 in
2217 1874 2374 1938 cmlo,
2409 1874 2508 1927 nisi
2541 1875 2661 1941 quia
2714 1890 2816 1929 una
2857 1875 3051 1930 Christi
3107 1890 3332 1944 persona

1771 1969 1872 2022 est,
1914 1961 1963 2013 in
1994 1961 2200 2016 duabus
2248 1965 2484 2018 existens
2535 1965 2759 2018 naturis.
2811 1969 2980 2034 Atque
3033 1965 3156 2020 ideo
3198 1967 3338 2022 ﬁlius

1764 2050 1994 2103 hominis
2026 2061 2166 2104 recte
2190 2052 2383 2107 dicitur
2420 2062 2473 2108 et
2493 2053 2831 2110 descendisse
2857 2055 2923 2108 de
2952 2055 3109 2119 caelo,
3135 2062 3190 2110 et
3214 2065 3338 2111 ante

1768 2142 2072 2208 passionem
2118 2144 2278 2198 fuisse
2307 2144 2358 2198 in
2384 2145 2543 2208 etelo,
2595 2147 2715 2213 quia
2772 2144 2912 2212 quod
2941 2145 2992 2198 in
3021 2160 3117 2198 sua
3147 2155 3336 2200 natura

1766 2228 1962 2284 habere
1992 2238 2094 2284 noh
2140 2233 2333 2299 potuit,
2376 2232 2474 2286 hoc
2507 2237 2557 2287 in
2609 2233 2742 2286 Filio
2777 2233 2888 2297 Dei,
2939 2246 2967 2285 a
3000 2247 3103 2300 quo
3131 2247 3338 2289 assum-

1765 2327 1883 2384 plus
1914 2329 2016 2382 est,
2052 2321 2264 2385 habuit;
2299 2321 2434 2377 sicut
2464 2332 2674 2391 propter
2695 2325 2936 2379 eamdem
2956 2327 3112 2380 unius
3139 2325 3335 2380 Christi

1764 2425 2062 2477 personam,
2087 2427 2202 2480 qua»
2216 2428 2278 2467 ex
2295 2413 2496 2469 duabus
2509 2425 2682 2470 essm
2698 2419 2916 2482 naturis,
2934 2418 3214 2487 Apostolus
3230 2417 3301 2472 ait
3319 2463 3333 2474 .

1770 2499 1874 2554 Vos
1904 2501 2127 2569 Spiritus
2149 2515 2348 2557 sanctus
2378 2506 2538 2570 posuit
2557 2507 2816 2575 episcopos
2856 2524 3026 2577 regere
3052 2505 3333 2561 Ecclesium

1765 2591 1882 2656 Dei,
1912 2610 2064 2662 quant
2109 2595 2373 2665 acquisivit
2418 2600 2663 2666 sanguine
2708 2615 2801 2653 suo
2833 2601 2971 2668 (Act.
3003 2603 3119 2668 xx).
3159 2600 3338 2670 Neque

1764 2681 1904 2736 enim
1938 2684 2074 2736 Deus
2101 2685 2150 2738 in
2180 2700 2272 2738 sua
2303 2688 2585 2753 sententia,
2618 2689 2712 2742 sed
2745 2689 2795 2742 in
2821 2691 3034 2745 homine
3059 2699 3336 2760 assumpto

1762 2773 2089 2841 sanguinem,
2145 2793 2299 2843 quem
2357 2792 2453 2846 pro
2520 2778 2754 2834 Ecclesia
2808 2780 3076 2847 funderet,
3131 2782 3336 2837 babnit.

1765 2865 1895 2919 Hinc
1920 2868 2114 2921 etenim
2148 2869 2423 2924 Ps.tlmista
2471 2871 2596 2926 dicit
2625 2885 2640 2929 :
2672 2871 2907 2927 Ascendit
2936 2872 3073 2928 Deus
3113 2875 3168 2929 in
3184 2877 3333 2946 juni-

1765 2954 2145 3025 latione(Psal.
2180 2960 2349 3029 XLVI).
2399 2961 2675 3029 Quomodo
2737 2964 2879 3018 enim
2929 2964 3088 3029 Deus,
3139 2966 3241 3020 nisi
3282 2966 3336 3021 in

148 3067 300 3133 quitur
327 3065 384 3130 is,
406 3064 492 3135 qui
524 3045 724 3134 Spiritu
752 3077 937 3122 sancto
969 3068 1197 3135 rcp‘etns
1226 3075 1324 3121 est.
1352 3065 1458 3126 Sed
1503 3067 1662 3120 nescis
1690 3102 1736 3160 ο
1768 3045 2000 3114 ¹¹⁰¹¹¹Ῑ¹¹θι
2050 3050 2400 3160 ςξεεηάθτείσ
2457 3050 2550 3120 qui
2582 3051 2649 3160 li"
2691 3067 2804 3160 ξυξθ
2830 3063 3036 3160 ﬁatut“!
3062 3055 3338 3122 ωιίοειθίθ

146 3156 261 3209 unde
284 3156 451 3219 ueniat,
481 3164 527 3209 et
567 3172 664 3225 quo
695 3158 865 3221 vadat,
897 3157 1016 3225 quia
1050 3159 1229 3218 etiam,
1253 3157 1295 3210 si
1328 3168 1378 3212 te
1405 3165 1663 3226 prmscnto

147 3245 409 3312 quempiam
436 3243 649 3314 spiritus
692 3246 758 3300 ad
800 3247 985 3301 horam
1031 3246 1339 3316 impleverit,
1372 3262 1473 3301 non
1517 3256 1666 3313 potes

149 3335 306 3388 videre
353 3335 606 3403 quomodo
656 3336 949 3402 intraverit,
982 3339 1064 3392 vel
1113 3337 1378 3407 quomodo
1426 3338 1659 3402 redierit,

147 3427 249 3491 quia
273 3434 436 3479 natura
462 3435 542 3481 est
566 3427 864 3483 invisibilis.
894 3427 986 3483 Sic
1015 3438 1086 3483 est
1117 3429 1277 3484 omnis
1301 3430 1391 3498 qui
1411 3437 1562 3481 natus
1593 3438 1664 3481 est

148 3531 198 3568 ea:
220 3513 396 3583 δρὶτὶιιΔ
449 3517 513 3572 Et
541 3519 654 3584 ipse
695 3519 836 3573 enim
889 3519 1221 3574 invisibiliter
1245 3529 1432 3588 agente
1478 3520 1661 3588 spiritu

148 3605 302 3673 incipit
327 3619 440 3661 ess:
482 3607 620 3676 quod
669 3622 773 3664 non
805 3618 949 3672 erat;
976 3610 1045 3663 ita
1076 3620 1129 3663 ut
1160 3610 1396 3665 inﬁdeles
1426 3611 1661 3664 nesciant

148 3696 267 3749 aude
291 3690 473 3761 veniat,
504 3704 557 3751 et
584 3713 690 3766 quo
733 3699 924 3762 vadat;
952 3698 1002 3751 id
1034 3707 1133 3766 est,
1167 3684 1287 3767 quia
1322 3714 1413 3766 per
1439 3699 1660 3768 gratiam

151 3775 516 3853 regenerationis
563 3789 709 3845 venit
755 3789 806 3842 in
853 3789 1189 3857 ad0ptionem
1218 3789 1443 3842 ﬁliorum
1473 3789 1583 3849 Dei,
1611 3798 1665 3843 et

148 3875 274 3929 vadit
296 3878 342 3929 in
386 3879 764 3947 perceptionem
809 3863 950 3947 regni
982 3879 1233 3934 caelestis.
1263 3880 1663 3943 Quaerente-au-

149 3979 236 4023 tetn
277 3969 432 4024 adhuc
477 3971 758 4025 Nicodemo
815 3970 1078 4039 quomodo
1131 3971 1336 4039 possint
1381 3971 1492 4025 hinc
1524 3971 1659 4036 ﬁeri,

147 4057 379 4127 subiungit
407 4059 670 4125 Dominus,
695 4059 874 4113 dicens
907 4078 919 4112 :

203 4148 270 4203 Ta
291 4167 337 4204 es
356 4151 583 4224 magister
602 4153 655 4205 in
686 4151 871 4218 Israel,
903 4161 948 4205 et
976 4152 1084 4205 haec
1108 4152 1350 4221 ignoras?
1377 4151 1487 4205 Non
1513 4151 1662 4220 quasi

147 4243 371 4298 insultare
413 4247 590 4299 volens
619 4245 666 4299 ei
697 4244 788 4314 qui
845 4245 1093 4310 magister
1144 4255 1381 4307 vocetur,
1431 4259 1549 4298 cum
1593 4245 1662 4298 sit

147 4331 331 4396 ignarus
351 4341 786 4388 sacramentorum
808 4330 1124 4396 cmlestium,
1147 4331 1238 4385 sed
1260 4330 1324 4384 ad
1355 4331 1662 4386 humilitatis

1766 3151 1981 3205 semper
2013 3139 2211 3209 ubique
2259 3156 2494 3209 praesens
2535 3142 2718 3200 adest?
2760 3144 2863 3200 Sed
2891 3155 2941 3200 et
2968 3146 3070 3200 hoc
3091 3161 3338 3216 queren-

1763 3233 1910 3299 dum,
1929 3236 2211 3312 quomodo
2240 3237 2444 3292 dictum
2473 3238 2543 3294 sit
2575 3258 2586 3292 :
2619 3240 2683 3295 Et
2709 3257 2854 3295 nemo
2898 3243 3122 3298 ascendit
3152 3243 3204 3295 in
3231 3258 3338 3296 cat-

1764 3323 1892 3390 lum,
1939 3327 2036 3379 nisi
2075 3328 2161 3394 qui
2183 3328 2440 3382 descendit
2461 3331 2523 3384 de
2547 3330 2693 3394 calo,
2718 3345 2840 3384 cum
2887 3346 3068 3385 omnes
3096 3331 3248 3389 electi
3276 3345 3339 3387 se

1763 3415 2022 3469 veraciter
2042 3415 2313 3470 conﬁdant
2332 3431 2649 3473 ascensuros
2672 3420 2724 3474 in
2745 3420 2961 3485 cmlum,
2987 3421 3332 3489 promittente

1761 3505 1859 3558 sibi
1908 3504 2174 3560 Domino:
2210 3507 2341 3572 Quia
2389 3506 2470 3560 ubi
2523 3525 2635 3562 sum
2690 3523 2805 3577 ego,
2861 3508 2969 3562 illic
3012 3518 3061 3563 et
3103 3510 3333 3563 minister

1765 3612 1905 3649 meus
1927 3597 2018 3649 erit
2046 3595 2222 3666 (Joan.
2249 3599 2367 3663 xu).
2414 3598 2576 3668 Cujus
2606 3609 2781 3654 tamen
2814 3599 3048 3654 nondum
3080 3603 3337 3669 quaestio-

1761 3692 1842 3746 nis
1870 3693 2204 3761 apertissima
2257 3693 2390 3748 ratio
2426 3691 2605 3758 solvit,
2653 3695 2776 3764 quia
2803 3693 3050 3751 videlicet
3081 3697 3340 3753 mediator

1765 3781 1856 3835 Dei
1906 3791 1959 3836 et
2006 3781 2280 3837 hominum
2334 3783 2490 3839 homo
2554 3784 2793 3837 Christus
2838 3783 2991 3839 lesus
3044 3785 3336 3841 electorum

1762 3870 1994 3924 omnium
2039 3881 2193 3938 caput
2223 3879 2338 3937 est;
2392 3873 2623 3942 itemque
2670 3887 2855 3927 omnes
2909 3873 3062 3929 electi
3091 3873 3334 3942 ejusdem

1762 3960 1946 4024 capitis
1989 3961 2222 4015 membra
2263 3970 2406 4023 sunt,
2456 3960 2666 4015 dicente
2713 3962 2967 4030 Apostolo
3001 3980 3014 4016 :
3048 3962 3114 4016 Et
3164 3963 3330 4033 ipsum

1763 4050 1904 4102 dedit
1955 4061 2105 4118 caput
2152 4067 2305 4119 super
2343 4066 2538 4106 omnem
2591 4051 3111 4124 Ecclesiam(Ephes.
3164 4055 3233 4118 t);
3281 4065 3336 4111 et

1764 4156 1994 4210 rursum,
2053 4140 2151 4194 Vos
2180 4144 2313 4194 enim
2341 4142 2460 4195 estis
2489 4157 2672 4209 corpus
2719 4140 2926 4202 Christi.
2957 4153 3004 4197 et
3034 4143 3253 4198 membra
3274 4146 3337 4198 de

1769 4231 1991 4284 membro
2023 4229 2238 4300 (Ephes.
2271 4231 2347 4298 v).
2381 4229 2546 4285 Nemo
2592 4246 2719 4299 ergo
2770 4233 2992 4287 ascendit
3036 4234 3087 4288 in
3132 4233 3333 4298 calum,

1763 4319 1860 4371 nisi
1885 4321 1972 4391 qui
1994 4320 2057 4374 de
2100 4319 2224 4374 calo
2252 4319 2527 4384 descendit,
2560 4319 2728 4374 Filius
2769 4321 3008 4386 hominis,
3053 4323 3135 4391 qui
3171 4333 3242 4376 est
3283 4324 3335 4376 in

147 4419 271 4472 illum
307 4421 435 4474 viam
480 4429 816 4489 provocans...
840 4421 954 4475 sine
996 4433 1099 4488 qua
1121 4419 1281 4488 janua
1305 4420 1533 4474 calestis
1556 4436 1657 4474 non
1687 4438 1742 4501 Β
1764 4411 1906 4464 ctelo.
1937 4410 2101 4465 Nemo
2129 4411 2366 4466 ascendit
2395 4413 2444 4465 in
2474 4412 2686 4478 ctelum,
2737 4411 2837 4466 nisi
2867 4411 3108 4466 Christus
3136 4414 3185 4466 in
3213 4428 3334 4467 cor-

147 4517 295 4575 potest
328 4509 559 4564 inveniri.

209 4596 262 4650 Si
286 4608 466 4652 terrena
500 4600 605 4652 dixi
643 4599 802 4663 nobis,
847 4608 892 4652 et
915 4616 1014 4653 non
1067 4600 1290 4663 creditis,
1320 4601 1592 4666 quomodo,
1622 4601 1664 4655 si

145 4685 297 4740 dixero
321 4689 446 4741 tabis
474 4691 706 4757 ralestia,
757 4691 1007 4744 credetis?
1033 4691 1269 4744 Terrena
1299 4692 1401 4744 illis
1426 4692 1580 4755 dixit,
1608 4701 1663 4746 ut

146 4772 452 4842 insupetiore
480 4779 700 4832 lectione
725 4780 1042 4842 invenimus,
1091 4794 1210 4834 cum
1241 4782 1306 4834 de
1330 4783 1574 4847 passione
1603 4797 1664 4838 ac

142 4862 198 4916 de
222 4868 581 4921 resurrectione
608 4869 686 4922 sui
717 4875 974 4936 corporis,
1013 4870 1149 4938 quod
1179 4872 1247 4925 de
1290 4881 1428 4924 terra
1461 4887 1663 4924 assum-

140 4963 311 5018 pserat,
344 4956 656 5024 loqueretur,
713 4959 894 5014 dicens
921 4977 934 5014 :
966 4960 1162 5014 Solvite
1208 4963 1446 5030 templum
1478 4963 1591 5024 hoc,
1615 4971 1663 5015 et

139 5043 184 5095 itt
223 5046 363 5098 tribus
390 5047 556 5104 diebus
579 5051 807 5105 excitabo
839 5051 1001 5118 illud;
1048 5067 1152 5107 non
1178 5061 1347 5107 tamen
1375 5054 1663 5109 credel:ant

142 5133 283 5188 verbo
310 5137 437 5204 quod
459 5136 618 5203 dixit;
661 5140 751 5195 sed
781 5155 849 5195 ne
900 5141 999 5196 hoc
1027 5141 1234 5209 quidem
1261 5142 1547 5209 intelligere
1569 5159 1661 5197 va-

142 5220 314 5289 lebant,
349 5227 463 5294 quia
505 5243 607 5282 nun
639 5231 703 5282 de
735 5232 859 5292 alio.
905 5247 1060 5297 quam
1093 5232 1159 5286 de
1189 5232 1391 5302 templo
1421 5234 1660 5297 corporis

139 5311 207 5362 sui
233 5312 434 5369 diceret.
479 5317 575 5382 Qui
605 5333 730 5386 ergo
778 5329 984 5374 terrena
1030 5321 1307 5375 audientes
1355 5338 1458 5374 non
1485 5324 1662 5389 capie-

142 5399 265 5464 bant,
307 5417 489 5472 quanto
534 5407 709 5460 minus
734 5408 797 5460 ad
821 5409 1079 5472 caelestia,
1103 5410 1154 5463 id
1181 5423 1261 5464 est
1285 5412 1477 5466 divinae
1501 5427 1660 5481 gene—

142 5491 332 5546 rationis
378 5497 627 5564 capienda
678 5501 927 5568 mysteria
960 5500 1266 5554 sufﬁciunt?
1296 5501 1455 5554 Addit
1484 5510 1658 5555 autem

143 5581 288 5636 adhuc
313 5583 551 5642 Dominus
581 5601 634 5643 et
663 5590 727 5645 de
755 5591 1056 5646 caelestibus
1103 5593 1471 5655 sacramentis,
1505 5601 1559 5647 et
1597 5593 1662 5646 de

147 5674 337 5728 temnis
365 5677 618 5735 instruere
673 5698 786 5736 cum
819 5696 971 5750 quem
1009 5683 1132 5738 vidit
1156 5685 1424 5751 sapienter
1455 5699 1512 5736 ac
1546 5683 1659 5737 dili-

1769 4520 1894 4573 pore
1931 4520 2047 4568 suo,
2078 4504 2215 4574 quod
2257 4513 2337 4558 est
2365 4503 2619 4560 Ecclesia.
2655 4505 2753 4570 Qui
2798 4505 2848 4558 in
2878 4506 3053 4571 seipso
3096 4505 3331 4573 quidem,

1768 4596 1996 4664 primum
2032 4593 2371 4649 cernentibus
2400 4596 2674 4665 apostolis,
2707 4595 3144 4650 eminentioribus
3174 4597 3329 4651 nimi-

1766 4703 1878 4743 rum
1913 4687 2167 4742 membris
2215 4687 2326 4740 suis
2385 4686 2646 4750 ascendit,
2696 4695 2749 4740 et
2775 4685 2964 4742 exinde
2988 4686 3038 4739 in
3079 4685 3334 4740 membris

1765 4781 1876 4835 suis
1901 4779 2136 4846 quotidie
2182 4778 2496 4846 ascendens,
2538 4794 2596 4833 se
2625 4778 2824 4848 colligit
2851 4779 2903 4832 in
2935 4778 3146 4832 cmlum.
3196 4777 3330 4834 Hinc

1767 4885 1849 4927 est
1879 4873 2018 4927 enim
2063 4872 2201 4942 quod
2234 4876 2401 4940 ipsum
2431 4885 2624 4940 corpus
2653 4870 2767 4941 ejus
2815 4869 2953 4924 inter
2982 4870 3200 4924 adversa
3233 4870 3330 4922 hu—

1759 4961 1847 5029 jus
1876 4961 2054 5016 saeculi
2112 4962 2499 5028 deprehensum
2556 4961 2828 5029 gloriatur,
2878 4969 2933 5013 et
2979 4959 3105 5014 dicit
3135 4976 3152 5017 :
3180 4959 3330 5016 Nunt:

1763 5061 1930 5104 autem
1949 5053 2186 5104 exultavit
2209 5060 2356 5120 caput
2378 5065 2546 5103 meum
2567 5065 2720 5116 super
2741 5049 2970 5102 inimicos
2994 5065 3128 5102 meos
3154 5048 3326 5117 (Psal.

1763 5145 1934 5211 xxix).
1967 5146 2040 5197 Ac
2067 5143 2111 5196 si
2135 5152 2318 5211 aperte
2343 5141 2513 5215 dicat:
2541 5141 2637 5207 Qui
2661 5140 2893 5193 occisum
2910 5153 2938 5191 a
2958 5139 3151 5192 iudicis
3171 5137 3328 5194 Cbri-

1767 5245 1930 5298 stum,
1967 5241 2126 5302 caput
2154 5233 2398 5287 videlicet
2425 5246 2598 5285 meum
2633 5226 2911 5286 suscitavit
2933 5244 2964 5283 a
2992 5229 3234 5296 mortuis,
3263 5241 3327 5284 ac

1765 5324 2030 5378 frustratis
2059 5321 2306 5377 omnibus
2337 5322 2672 5377 inimicorum
2720 5321 2924 5375 insidiis
2953 5318 3245 5374 sublevavit
3271 5318 3325 5374 in

1762 5417 1973 5480 cadum,
2016 5430 2192 5482 spero,
2249 5429 2332 5467 me
2375 5415 2533 5470 etiam
2573 5415 2640 5469 de
2677 5412 3024 5481 praesentibus
3082 5409 3326 5478 periculis

1762 5519 1968 5568 crueus,
1996 5519 2112 5559 meo
2141 5504 2300 5571 capiti
2322 5503 2506 5573 junget
2537 5503 2587 5557 in
2631 5517 2812 5571 regno,
2837 5501 2957 5570 quia
2987 5517 3130 5554 nemo
3151 5514 3327 5554 ascen-

1762 5595 1835 5645 dit
1859 5595 1905 5646 in
1928 5595 2123 5657 (telum,
2161 5595 2258 5646 nisi
2301 5595 2385 5659 qui
2429 5593 2688 5647 descendit
2719 5594 2779 5646 de
2810 5592 2953 5648 caelo.
2998 5591 3240 5662 Quisquis
3271 5591 3322 5646 in

1767 5687 1956 5742 emtum
1991 5685 2280 5743 ascendere
2312 5686 2597 5755 desiderat,
2646 5685 2693 5741 ei
2721 5686 2806 5758 qui
2832 5687 2897 5744 de
2927 5687 3061 5743 coelo
3110 5685 3321 5742 descen-
