3822 6226
514 332 607 388 67!

971 330 1171 386 BENE
1212 325 1653 386 VENERABILIS
1693 326 1841 383 OPP.
1884 318 2056 382 PARS
2096 317 2158 373 ll.
2200 320 2389 378 SEC’I‘.
2430 320 2562 376 l.—
2601 316 2988 378 EXEGETICA
3026 322 3346 379 GENUINA.

3613 322 3704 381 672

515 448 611 513 dit,
644 455 697 503 et
734 452 815 501 est
840 460 891 499 tn
911 443 1067 508 caelo,
1118 458 1174 497 se
1202 458 1324 498 vera
1356 442 1472 496 ﬁdei
1504 451 1556 496 et
1608 441 1909 497 dilectionis
1940 438 2063 493 uni—
2094 436 2139 493 Α
2169 443 2472 502 perpetuum
2501 433 2564 487 ab
2588 434 2732 487 omni
2762 442 2949 499 morte,
2977 450 3129 503 quam
3159 436 3427 502 peccando
3458 435 3504 487 iu
3533 439 3703 491 anima

521 548 628 591 tate
652 534 957 605 conjuugat.
1011 538 1203 601 Aperte
1258 533 1556 603 intelligens
1605 534 1721 601 quia
1777 531 1921 585 nullo
1966 530 2071 583 alio

520 630 730 695 ordine,
762 629 857 683 nisi
884 644 974 697 per
999 643 1117 680 eum
1143 628 1232 695 qui
1285 626 1556 679 descendit
1598 626 1662 680 de
1696 626 1853 689 coelo,
1904 633 2075 692 potest

520 720 806 772 ascendere
854 719 904 772 in
943 718 1153 771 cmlum.
1207 715 1355 770 Unde
1403 717 1530 769 alias
1558 716 1670 783 ipse
1706 716 1829 769 dicit
1864 734 1874 767 :
1910 714 2073 768 Nemo

520 812 651 864 venit
680 812 747 864 ad
773 810 973 865 Patrem
1002 811 1099 863 nisi
1118 827 1205 879 per
1234 826 1311 861 me
1338 810 1515 876 (Joan.
1572 810 1700 877 xlv).
1735 809 1855 862 llatc
1882 808 1999 861 ideo
2024 810 2075 862 in

525 899 810 953 Nicodemu
837 904 1037 954 cunctis
1068 902 1310 953 dicuntur
1334 901 1746 965 catecltutnenis,
1774 910 1828 952 ut
1872 900 2077 953 discant

523 990 637 1055 ejus
682 992 932 1045 membris
1000 989 1324 1044 renascendo
1382 989 1725 1057 incorporari,
1776 1006 1868 1056 per
1922 1006 2078 1056 quem

530 1082 732 1148 possint
778 1081 1061 1145 ascendere
1108 1080 1160 1133 in
1207 1096 1418 1147 regnum
1453 1079 1563 1133 Dei.
1598 1080 1798 1147 thuia
1844 1078 2081 1133 ascensio

529 1170 613 1222 vel
671 1170 933 1238 ingressus
982 1172 1125 1240 regni
1180 1171 1287 1223 ﬁeri
1341 1186 1442 1223 non
1498 1179 1671 1237 potest
1735 1171 1930 1236 absque
1982 1170 2084 1223 lide

532 1271 583 1313 et
640 1265 981 1317 sacramentis
1027 1262 1303 1317 dominica:
1376 1263 1655 1331 passion's,
1716 1271 1856 1315 rrcte
1906 1262 2087 1315 subin-

526 1349 694 1404 lbrtur
723 1369 737 1404 :

604 1440 666 1491 Et
694 1442 820 1494 sicut
854 1439 1055 1511 Moyses
1093 1444 1331 1496 exultavit
1360 1454 1634 1514 serpentem
1674 1446 1724 1497 in
1763 1445 1981 1507 deserto,
2016 1445 2088 1498 ita

530 1530 748 1581 exaltari
785 1542 976 1599 Oportet
1007 1530 1198 1584 Filium
1229 1532 1466 1597 hominis,
1510 1547 1557 1585 ut
1589 1535 1751 1587 omnis
1816 1536 1901 1603 qui
1931 1536 2087 1587 credit

533 1621 584 1673 in
612 1622 775 1687 ipsum
805 1638 905 1674 non
936 1636 1122 1689 pereat,
1156 1627 1241 1677 sed
1270 1626 1446 1680 habeat
1478 1628 1624 1679 vitam
1654 1639 1909 1680 (sternam.
1961 1629 2086 1681 Mira

534 1710 816 1777 magisterii
868 1712 1096 1765 caelestis
1143 1722 1253 1766 arte
1302 1715 1544 1766 dominus
1595 1718 1899 1783 magistrum
1953 1717 2083 1784 legis

2172 526 2367 591 pariter
2390 530 2442 576 et
2470 537 2629 579 carne
2658 533 3049 578 contraxerunt.
3084 524 3233 579 Unde
3260 532 3407 579 recte
3434 525 3699 594 subjuugio

2174 623 2292 666 tur:
2327 610 2392 665 Ut
2437 615 2595 664 omnis
2623 614 2709 680 qui
2738 614 2894 666 credit
2940 618 2992 667 in
3030 616 3191 684 ipsum
3233 631 3337 667 non
3384 626 3579 681 pereat,
3627 617 3703 671 sed

2174 702 2351 755 habeat
2379 703 2530 754 vitam
2558 713 2813 755 wteruam.
2848 703 3006 773 Cujus
3031 704 3236 773 quidem
3264 705 3410 758 verbi
3434 715 3571 773 patet
3598 722 3709 761 scn-

2177 810 2287 860 sus,
2315 797 2431 863 quia
2454 797 2539 863 qui
2564 794 2726 847 ert-dit
2754 794 2805 846 in
2828 795 3027 861 Jesum,
3054 813 3153 850 non
3179 799 3348 850 solum
3375 798 3705 864 perditionem

2176 887 2349 939 evadit
2382 901 2675 953 pinnarum,
2702 886 2793 939 sed
2824 888 2981 940 vitam
3013 890 3166 942 etiam
3201 892 3418 960 percipit
3446 901 3709 946 aeternam.

2181 976 2243 1028 Et
2290 977 2389 1029 hoc
2417 977 2555 1040 inter
2586 977 2803 1044 figuram
2837 976 2995 1029 distat
3040 988 3091 1032 et
3122 981 3426 1041 veritatem,
3473 981 3587 1048 quia
3632 996 3713 1049 per

2182 1068 2323 1119 illam
2375 1070 2477 1121 vita
2529 1068 2816 1132 protelatur
2849 1070 3175 1135 temporalis,
3211 1086 3303 1136 per
3332 1072 3463 1125 banc
3494 1074 3593 1125 vita
3623 1072 3713 1124 do-

2183 1166 2335 1211 natur
2365 1158 2476 1211 sine
2507 1158 2609 1211 line
2641 1173 2910 1211 mansura.
2945 1160 3047 1214 Sed
3076 1161 3368 1213 curandum
3400 1163 3620 1216 solerter
3646 1176 3712 1217 est

2185 1259 2240 1300 ut
2270 1246 2408 1315 quod
2449 1247 2748 1301 intellecms
2794 1247 2926 1301 bene
2978 1249 3137 1302 sentit
3186 1250 3425 1315 Operatio
3473 1252 3713 1322 condigna

2188 1337 2461 1405 perﬁciat,
2514 1348 2771 1406 quatenus
2800 1338 3062 1392 confessio
3090 1346 3245 1392 rectae
3276 1349 3467 1392 nostra:
3498 1342 3614 1395 ﬁdei
3646 1359 3713 1395 so-

2190 1429 2303 1482 brie
2330 1430 2712 1491 conversando,
2754 1429 2815 1481 ad
2850 1427 3218 1495 perfectionem
3266 1430 3535 1497 promissa:
3579 1433 3715 1485 nnbEs

2192 1519 2311 1571 vitae
2359 1528 2621 1572 mereatur
2657 1519 2937 1587 attingere.
2968 1518 3186 1582 Verum,
3220 1521 3341 1587 quia
3372 1520 3483 1573 haec
3510 1521 3575 1573 de
3604 1521 3713 1575 Filio

2188 1607 2417 1660 hominis
2465 1608 2730 1671 dicuntur,
2781 1610 2901 1677 quia
2938 1611 3163 1673 exaltari
3207 1611 3257 1663 in
3306 1624 3482 1674 cruce,
3529 1610 3579 1663 id
3628 1623 3712 1679 est,

2192 1705 2413 1748 mortem
2448 1695 2682 1762 Oportuit
2712 1698 2838 1763 pati,
2872 1712 2935 1750 ne
2967 1707 3174 1766 putaret
3203 1699 3538 1765 Nicodemus,
3572 1702 3713 1755 ﬁlium

622 1764 649 1777 ν
1040 1764 1043 1765 ν
1236 1764 1249 1766 ἡ
1504 1764 1538 1766 η
1953 1764 2079 1784 .-οη
2748 1786 2755 1793 ,
2968 1764 2980 1766 -

533 1802 777 1853 τηοεηίρεε
807 1803 870 1853 ad
900 1804 1218 1868 spiritualem
1250 1806 1379 1872 legis
1409 1807 1643 1873 ejusdem
1674 1822 1885 1862 sensum
1919 1810 2083 1862 indu_
2115 1764 2160 1823 Β
2192 1793 2389 1873 tantum
2414 1800 2534 1837 eum
2562 1784 2789 1838 ltomints
2813 1800 2948 1852 esse,
2970 1801 2997 1839 a
3023 1802 3124 1853 quo
3143 1788 3244 1839 vita
3270 1798 3411 1841 esset
3434 1802 3713 1856 exspectan-

532 1889 622 1951 cit,
658 1890 941 1944 recordans
971 1891 1201 1946 historia:
1230 1894 1437 1957 veteris,
1488 1904 1540 1948 et
1583 1895 1718 1949 hanc
1764 1895 1813 1949 in
1864 1898 2081 1964 ﬁguram

532 1994 644 2031 sua:
693 1982 989 2047 passionis,
1043 1993 1195 2050 atque
1251 1985 1488 2037 humana:
1540 1986 1845 2040 sdvationis
1897 1989 2084 2040 factam

535 2062 859 2117 edisserens.
913 2065 1099 2119 Narrat
1143 2067 1333 2134 quippe
1383 2068 1513 2121 liber
1562 2068 1908 2123 Numerorum
1960 2072 2084 2139 quia

534 2166 788 2219 perttesus
820 2157 868 2209 in
899 2172 1077 2210 eremo
1125 2159 1344 2226 populus
1387 2161 1544 2213 lSrael
1589 2161 1794 2214 itineris
1839 2162 1979 2229 longi
2027 2177 2088 2215 ac

532 2240 775 2309 laboris,
832 2246 1170 2299 murmuravit
1226 2260 1408 2301 contra
1462 2250 1741 2303 Dominum
1797 2261 1849 2304 et
1904 2252 2083 2304 Mosen

536 2329 717 2398 (Num.
748 2334 929 2403 xsttt);
978 2334 1195 2403 ideoque
1227 2336 1477 2390 Dominus
1518 2338 1800 2391 immiserit
1842 2340 1890 2391 in
1938 2340 2080 2392 illum

534 2421 727 2489 ignitus
754 2433 1049 2490 serpentes,
1079 2426 1140 2477 ad
1170 2441 1392 2494 quorum
1426 2428 1625 2495 plagas,
1660 2439 1710 2481 et
1742 2439 1938 2482 mo:tes
1967 2430 2081 2496 plu-

535 2512 813 2579 rimorum,
845 2529 960 2567 cum
990 2516 1280 2568 clamarent
1311 2516 1373 2568 ad
1407 2518 1605 2580 Mosen,
1659 2527 1713 2571 et
1761 2518 1847 2571 ille
1886 2530 2085 2583 oraret,

529 2601 685 2668 jussit
730 2616 849 2656 eum
898 2603 1148 2658 Dominus
1198 2604 1371 2658 facere
1419 2614 1717 2671 serpentem
1766 2622 1999 2669 aeneum,
2034 2617 2087 2660 et

537 2706 730 2759 ponere
779 2708 871 2761 pro
920 2694 1090 2760 signo.
1145 2696 1242 2757 Qui
1291 2710 1577 2761 percussus,
1617 2694 1804 2762 inquit,
1834 2698 2088 2762 aspexerit

535 2796 667 2845 eum,
696 2783 850 2847 vivet;
880 2793 929 2837 et
958 2784 1027 2836 ita
1052 2784 1240 2838 factum
1270 2794 1370 2839 est.
1406 2786 1574 2853 Plaga:
1603 2787 1756 2854 igitur
1780 2796 2084 2854 serpentum

542 2872 822 2938 ignitoruin
853 2888 1051 2927 venena
1100 2883 1223 2928 sunt
1270 2885 1322 2928 et
1370 2876 1624 2929 incentiva
1660 2877 1929 2945 vitiorum,
1973 2894 2090 2947 qua

540 2962 790 3028 animam,
822 2978 974 3031 quam
1012 2973 1261 3033 tangunt,
1311 2968 1566 3032 spirituali
1599 2979 1771 3021 morte
1802 2971 2086 3038 perimunt.

540 3050 603 3103 Et
633 3051 765 3104 bene
796 3068 1125 3108 murmurans
1170 3066 1354 3107 contra
1398 3056 1674 3110 Dominum
1708 3060 1931 3125 populus
1974 3075 2087 3114 ser-

539 3148 755 3207 pentum
786 3142 1043 3196 morsibus
1078 3144 1431 3210 sternebatur,
1477 3156 1531 3199 ut
1573 3163 1634 3200 ex
1670 3150 1853 3201 ordine
1895 3152 2085 3218 flagelli

536 3230 816 3283 exterioris
843 3242 1151 3299 agnosceret
1176 3244 1422 3300 quantam
1452 3236 1589 3289 intus
1624 3239 1911 3304 perniciem
1945 3255 2089 3292 mur-

538 3321 800 3373 murando
826 3332 1107 3389 pateretur.
1144 3324 1407 3379 Exu'ltatio
1437 3337 1607 3380 autem
1640 3332 1901 3397 serpentis
1930 3332 2085 3396 aenei,

534 3426 688 3480 quem
712 3412 831 3465 dum
857 3416 1087 3481 percussi
1111 3417 1406 3484 aspicerent
1428 3420 1767 3482 sanabuntur,
1783 3422 2086 3489 passionem

536 3503 699 3556 nostri
732 3502 1100 3571 Redemptoris
1131 3508 1301 3574 signat
1330 3506 1379 3560 in
1412 3522 1566 3562 cruce
1590 3548 1606 3574 ,
1662 3510 1712 3562 in
1743 3510 1890 3578 cujus
1919 3512 2086 3566 solum

542 3594 641 3648 ﬁde
665 3609 884 3663 regnum
911 3598 1095 3648 mortis
1122 3605 1174 3649 et
1200 3597 1397 3664 peccati
1426 3609 1720 3665 superatur.
1755 3600 1812 3653 R-
1835 3609 1919 3655 cte
1948 3605 2086 3656 enim

538 3701 633 3754 per
662 3695 936 3754 serpentes
966 3698 1198 3754 peccata,
1227 3704 1343 3755 quae
1372 3689 1599 3742 animam
1634 3690 1787 3743 simul
1821 3700 1873 3745 et
1899 3706 2090 3760 corpus

536 3778 602 3831 ad
633 3780 899 3833 interitum
933 3780 1173 3846 trahunt,
1208 3782 1599 3847 espritnuntur,
1633 3799 1733 3835 non
1766 3783 1937 3836 solum
1969 3788 2088 3852 quia

538 3868 729 3937 igniti,
778 3871 899 3939 quia
931 3870 1210 3935 virulenti,
1264 3873 1386 3940 quia
1433 3872 1498 3925 ad
1550 3872 1915 3939 perimendum
1966 3882 2089 3927 sunt

534 3961 735 4027 astuti,
784 3977 960 4016 verum
1006 3964 1162 4016 etiam
1193 3964 1312 4031 quia
1361 3978 1455 4031 per
1484 3976 1777 4030 serpentem
1814 3966 1966 4032 primi
1998 3982 2090 4034 pa-

537 4060 715 4104 rentes
764 4051 929 4103 nostri
982 4053 1047 4105 ad
1101 4055 1417 4120 peccandum
1469 4054 1701 4120 persuasi
1732 4054 1938 4121 (Cenes.
1970 4059 2084 4123 ιιι),

536 4156 597 4193 ac
626 4140 691 4194 de
720 4138 1113 4195 immortalibus
1144 4150 1266 4195 Sunt
1309 4144 1574 4210 peccando
1602 4146 1856 4200 mortales
1887 4146 2086 4200 eﬁ'ecti.

536 4232 696 4287 Recte
744 4248 835 4300 per
882 4246 1183 4303 serpentem
1230 4251 1433 4290 aneum
1482 4237 1729 4293 Dominus
1771 4241 2086 4305 Ostenditur,

534 4323 653 4390 quia
682 4324 823 4378 venit
842 4324 893 4378 itt
916 4323 1316 4378 similitudinem
1346 4328 1515 4383 carnis
1536 4329 1737 4397 peccati
1757 4329 1929 4399 (Rom.
1948 4329 2085 4398 vin),

536 4420 655 4484 quia
700 4418 838 4471 sicut
887 4433 1063 4473 a-ncus
1114 4432 1333 4486 serpens
1380 4418 1603 4489 efﬁgiem
1650 4422 1857 4490 quidem
1910 4422 2086 4491 ignitis

535 4510 868 4576 serpentibus
912 4510 1169 4573 similem,
1223 4508 1317 4563 sed
1368 4510 1563 4563 nullum
1613 4525 1827 4577 prorsus
1877 4510 1930 4563 in
1976 4513 2085 4566 suis

537 4603 786 4655 membris
816 4601 995 4655 habuit
1033 4601 1277 4656 ardorem
1308 4602 1495 4654 veneni
1528 4602 1785 4668 nocentis,
1817 4602 1937 4669 quin
1986 4617 2084 4669 po-

537 4706 551 4746 t
581 4710 638 4746 us
672 4708 949 4761 percussos
971 4709 997 4746 a
1024 4694 1354 4760 serpentibus
1380 4707 1473 4748 sua
1501 4692 1819 4747 exultatione
1843 4694 2085 4758 sanabat,

535 4784 609 4836 sic
661 4785 940 4846 nimirum,
990 4784 1065 4835 sic
1114 4782 1432 4849 Redemptor
1462 4782 1671 4834 bumani
1726 4782 1934 4852 generis
1982 4796 2085 4834 non

535 4890 745 4928 carnem
777 4874 995 4941 peccati,
1025 4874 1117 4927 sed
1146 4872 1539 4925 similitudinem
1568 4872 1736 4927 induit
1763 4872 1936 4925 carnis
1970 4887 2089 4937 pec-

536 4965 657 5029 cati,
694 4965 741 5017 iu
779 4978 879 5031 qua
910 4974 1132 5017 mortem
1164 4964 1337 5017 crucis
1370 4962 1616 5029 patiendo
1644 4964 1915 5015 credentes
1947 4963 1998 5015 in
2030 4976 2088 5015 se

536 5058 601 5107 ab
633 5055 772 5107 omni
809 5065 1023 5121 peccato
1068 5064 1119 5106 et
1160 5053 1224 5108 al)
1272 5054 1381 5119 ipsa
1416 5056 1571 5106 etiam
1602 5062 1770 5105 morte
1816 5054 2085 5107 liberaret.

541 5149 683 5203 Sicut
710 5164 825 5219 ergo
854 5145 1057 5215 Moyses
1087 5148 1319 5199 exultavit
1349 5158 1625 5210 serpentem
1652 5148 1704 5199 in
1734 5149 1925 5199 deserto
1945 5188 1957 5210 ,
1985 5149 2085 5211 ita,

538 5239 738 5305 inquit,
783 5246 975 5305 oportet
1004 5238 1216 5289 exaltari
1248 5234 1439 5288 Filium
1479 5238 1732 5299 hominis,
1786 5235 1906 5303 quia
1955 5237 2090 5288 sicut

538 5329 610 5382 illi
642 5329 727 5395 qui
758 5331 1037 5383 exaltatum
1073 5342 1165 5395 pro
1196 5330 1343 5396 signo
1377 5338 1675 5393 serpentem
1707 5342 1910 5381 actieum
1946 5327 2089 5394 aspi-

537 5422 744 5475 ciebant
786 5423 1105 5474 sanabantur
1133 5421 1195 5473 ad
1231 5428 1432 5486 tempus
1474 5434 1502 5473 a
1548 5420 1866 5488 temporaria
1898 5430 2084 5483 morte,

539 5522 590 5566 et
616 5528 650 5571 a
681 5516 827 5583 plaga
871 5528 1026 5580 quam
1062 5522 1365 5576 serpentum
1398 5526 1607 5566 morsus
1638 5512 1909 5576 intulerat,
1942 5512 2011 5565 ita
2041 5521 2095 5565 et

537 5607 622 5670 qni
654 5608 956 5675 mysterium
987 5606 1264 5659 dominica‘
1298 5606 1560 5672 pas~iunis
1586 5602 1885 5669 credendo,
1920 5601 2093 5656 conli-

542 5698 721 5763 tcudo,
776 5696 1047 5753 sinceriter
1092 5697 1346 5752 imitando
1396 5698 1689 5767 aspiciunt,
1743 5696 2010 5751 salvantur
2042 5696 2093 5748 in

2185 1872 2249 1924 da
2282 1882 2559 1940 perpetua,
2604 1876 2807 1926 curavit
2853 1875 2901 1927 ei
2952 1876 3203 1930 Dominus
3246 1878 3403 1931 etiam
3456 1878 3715 1934 divinitatis

2188 1976 2297 2014 sum
2333 1960 2629 2027 patefacere
2660 1973 3083 2029 sacramentum,
3128 1973 3389 2034 tritumque
3419 1978 3471 2022 et
3499 1972 3713 2026 eumdem

2186 2061 2238 2105 et
2268 2052 2431 2107 ﬁlium
2466 2056 2693 2109 hominis
2737 2064 2791 2110 et
2834 2057 3011 2109 mundi
3056 2059 3342 2114 ostendere
3384 2060 3705 2117 Salvatorem.

2187 2143 2314 2197 Nam
2346 2147 2615 2214 sequitur:

2259 2252 2348 2307 Sic
2384 2254 2516 2305 enim
2555 2254 2730 2308 dilexit
2771 2255 2906 2309 Deus
2944 2258 3184 2310 mundum
3211 2299 3225 2321 ,
3269 2273 3320 2311 ut
3364 2259 3551 2313 Filium
3586 2280 3709 2314 suum

2188 2339 2499 2407 unigenitum
2528 2344 2689 2406 daret,
2724 2354 2775 2395 ut
2807 2346 2963 2397 omnis
2993 2348 3075 2413 qui
3104 2347 3259 2399 credit
3286 2349 3340 2401 in
3367 2365 3497 2411 eum,
3528 2368 3619 2403 non
3646 2370 3715 2419 pe-

2188 2440 2314 2491 reat,
2337 2431 2425 2482 sed
2446 2431 2621 2484 habeat
2648 2436 2795 2485 vitam
2818 2444 3080 2490 (sternam.
3115 2438 3265 2491 Unde
3292 2442 3571 2494 notandum
3599 2446 3710 2509 quod

2193 2520 2376 2573 eadem
2409 2521 2474 2574 de
2505 2519 2609 2574 [ilio
2642 2522 2733 2574 Dei
2768 2525 3035 2588 unigenito
3076 2528 3325 2591 replicat,
3371 2545 3487 2597 qua:
3516 2531 3577 2584 de
3603 2532 3709 2583 Filio

2193 2610 2420 2663 hominis
2468 2612 2517 2663 iu
2568 2627 2725 2666 cruce
2777 2617 3004 2668 exaltatu
3057 2618 3382 2683 praemiserat
3426 2620 3628 2673 dicens:
3661 2621 3710 2674 Ut

2192 2699 2351 2750 omnis
2379 2700 2463 2765 qui
2494 2702 2651 2752 credit
2682 2702 2731 2752 in
2760 2718 2891 2767 eum,
2926 2720 3022 2756 non
3054 2717 3244 2773 pereat,
3275 2708 3363 2758 sed
3390 2708 3561 2760 habeat
3588 2711 3709 2761 vitant

2189 2796 2449 2843 (uernam.
2482 2787 2609 2852 Quia
2640 2790 2874 2856 proiecto
2900 2793 3036 2844 idem
3068 2793 3389 2864 Redemptor
3416 2807 3467 2850 et
3491 2798 3711 2850 Conditor

2194 2886 2368 2931 nuster
2400 2877 2560 2931 Filius
2590 2878 2677 2931 Dei
2710 2889 2829 2933 ante
2858 2882 3045 2933 saecula
3079 2885 3337 2950 existens,
3374 2884 3534 2940 Filius
3565 2886 3707 2940 homi-

2194 2967 2275 3019 nis
2303 2968 2463 3020 factus
2495 2975 2578 3020 est
2616 2968 2666 3019 in
2699 2968 2800 3023 ﬁne
2828 2972 3138 3024 saeculorum
3166 3015 3179 3038 ,
3238 2984 3293 3026 ut
3318 2976 3401 3042 qui
3434 2991 3524 3040 per
3552 2977 3707 3028 divini.

2194 3059 2314 3111 tatis
2357 3074 2467 3111 suae
2512 3061 2793 3126 potentiam
2842 3076 2937 3114 nos
2978 3073 3251 3117 creaverat
3278 3066 3343 3118 ad
3376 3066 3704 3133 perlrueudsm

2190 3147 2309 3199 υἷι-ιι
2363 3146 2594 3200 beatitud
2619 3164 2736 3201 nem
2789 3151 3065 3215 perennis,
3114 3154 3225 3217 ipse
3274 3169 3364 3220 per
3412 3154 3705 3222 fragilitatem

2191 3238 2530 3292 humanitatis
2564 3248 2756 3291 nostra}
2790 3254 2883 3292 nos
2914 3247 3238 3295 restaurarét
3281 3245 3344 3296 ad
3388 3246 3703 3312 recipiendam

2189 3341 2343 3395 quam
2378 3326 2699 3395 perdidimus
2727 3329 2903 3382 vitam.
2935 3329 3185 3398 Sequitur
3212 3342 3386 3386 autem
3415 3353 3425 3384 :

2260 3438 2382 3493 Non
2414 3442 2543 3493 enim
2574 3442 2704 3495 misit
2737 3442 2867 3496 Deus
2903 3444 3069 3510 [ilium
3106 3462 3250 3497 suum
3291 3448 3341 3499 in
3373 3451 3631 3511 mundum,
3666 3464 3704 3499 tu

2182 3532 2379 3598 judicet
2425 3535 2693 3598 mundum,
2727 3536 2814 3587 sed
2859 3546 2913 3587 ut
2952 3537 3173 3589 salvetur
3202 3540 3416 3591 mundus
3448 3557 3530 3604 per
3552 3544 3699 3607 ipsum.

2190 3622 2348 3689 Ergo,
2372 3631 2621 3688 quantum
2647 3624 2699 3675 in
2727 3624 2933 3677 medico
2960 3636 3060 3689 est,
3088 3640 3275 3681 sanare
3304 3626 3438 3680 venit
3467 3640 3699 3697 :egrotum.

2188 3707 2257 3763 Se
2302 3710 2611 3775 interemit,
2659 3714 2749 3779 qui
2802 3721 3060 3780 praecepta
3112 3706 3304 3769 medici
3325 3718 3598 3771 observare
3621 3733 3700 3770 non

2187 3784 2317 3853 vult.
2354 3799 2508 3853 Venit
2549 3802 2789 3854 Salvator
2832 3803 2896 3855 ad
2945 3804 3216 3857 mundum.
3273 3806 3446 3870 Quare
3497 3808 3697 3861 Salvator

2188 3888 2354 3942 dictus
2392 3898 2471 3943 est
2514 3890 2738 3945 mundi?
2786 3890 2887 3944 nisi
2920 3902 2973 3945 ut
3001 3894 3167 3947 salvet
3197 3896 3444 3948 mundum
3477 3938 3489 3959 ,
3538 3912 3625 3949 nou
3662 3910 3699 3947 ut

2185 3979 2383 4048 judicet
2427 3982 2698 4035 mundum.
2755 3981 2957 4037 Salvari
3005 3999 3105 4037 non
3136 3986 3215 4037 vis
3261 3988 3325 4038 ab
3368 3987 3525 4052 ipso?
3569 3988 3629 4039 Et
3664 3997 3699 4038 te

2184 4072 2515 4140 judicaberis.
2554 4073 2617 4125 Et
2644 4073 2767 4141 quid
2794 4073 2991 4142 dicam,
3013 4073 3335 4142 judicaberis
3358 4076 3381 4128 ἲ
3415 4076 3585 4131 Videte
3606 4076 3696 4144 quid

2187 4162 2295 4217 ait:

2259 4274 2351 4338 Qui
2383 4274 2535 4326 credit
2565 4274 2616 4326 in
2646 4290 2759 4326 eum
2782 4315 2796 4339 ,
2842 4289 2939 4326 non
2972 4272 3278 4342 iudicatur;
3307 4276 3393 4343 qui
3436 4284 3588 4327 autem
3624 4290 3696 4325 non

2187 4366 2579 4432 credit....Quitl
2595 4367 2859 4418 dicturum
2885 4366 3155 4433 sperabas,
3175 4366 3273 4419 nisi
3294 4367 3693 4434 judicatusljaat,

2115 4458 2165 4514 Ι)
2193 4456 2391 4524 inquit,
2440 4457 2689 4521 iudicatus
2718 4465 2813 4509 est.
2865 4458 3159 4509 Notandum
3190 4460 3437 4523 apparuit
3464 4456 3692 4525 judicium,

2188 4547 2277 4601 sed
2310 4548 2416 4615 jam
2449 4546 2638 4599 factum
2670 4557 2749 4599 est
2776 4547 3048 4612 judicium.
3103 4545 3256 4598 Novit
3301 4549 3432 4598 enim
3475 4546 3693 4603 Dominus,

2188 4642 2273 4708 qui
2302 4651 2416 4691 sunt
2455 4644 2564 4709 ejus
2590 4638 2669 4709 (ll
2709 4637 2838 4691 Tim.
2868 4640 2945 4707 tt).
2998 4638 3156 4692 Novit
3183 4643 3270 4709 qui
3304 4650 3624 4708 permaneant
3645 4642 3693 4689 ad

2188 4744 2458 4791 coronam,
2482 4728 2569 4796 qui
2594 4738 2933 4796 permaneant
2954 4728 3017 4780 ad
3045 4727 3331 4783 ﬂammam.
3361 4728 3511 4783 Novit
3533 4731 3574 4780 iu
3596 4742 3689 4779 ares

2188 4834 2277 4873 sua
2313 4820 2538 4871 ttiticutn
2570 4832 2750 4881 suum,
2794 4821 2937 4872 novit
2966 4826 3015 4871 et
3050 4818 3291 4886 paleam;
3339 4820 3482 4872 novit
3508 4826 3556 4872 et
3577 4830 3693 4885 sege-

2194 4918 2317 4975 tem,
2350 4912 2491 4963 novit
2523 4910 2798 4961 zizaniam.

2261 5020 2377 5074 Jam
2425 5022 2681 5090 judicatus
2730 5030 2832 5086 est,
2882 5021 2966 5089 qui
3014 5034 3113 5072 non
3154 5020 3333 5071 credit.
3384 5020 3547 5085 Quare
3582 5017 3691 5083 judi-

2192 5118 2383 5167 catus?
2433 5116 2551 5182 quia
2585 5129 2687 5167 non
2719 5112 2943 5165 credidit
2983 5112 3033 5164 in
3076 5110 3289 5166 nomine
3322 5111 3560 5181 unigeniti
3603 5108 3690 5161 Filii

2195 5206 2306 5261 Dei.

2266 5319 2377 5371 Hoc
2400 5328 2467 5371 est
2496 5326 2661 5371 autem
2695 5317 2959 5383 iudicium,
2984 5316 3100 5383 quia
3128 5316 3217 5367 lux
3244 5316 3372 5365 venit
3406 5315 3457 5364 in
3484 5312 3691 5365 mundam,

2193 5417 2239 5460 et
2281 5406 2558 5458 dilexerunt
2606 5404 2832 5455 homines
2881 5402 3040 5470 magis
3087 5399 3315 5453 tenebras
3360 5415 3503 5466 quam
3544 5398 3689 5448 lucem.

2194 5508 2335 5553 erant
2362 5500 2492 5549 enim
2523 5497 2655 5548 mala
2688 5511 2838 5561 opera
2867 5510 3057 5546 eorum.
3114 5492 3323 5545 Fratres
3356 5494 3484 5553 mei,
3521 5499 3690 5556 queram

2196 5606 2356 5661 Opera
2411 5592 2547 5644 bona
2597 5590 2795 5643 invenit
2849 5585 3145 5640 Dominus?
3211 5583 3514 5645 aniorum,
3560 5574 3690 5627 omnia

2197 5688 2332 5741 cuitu
2367 5682 2501 5738 mala
2538 5695 2697 5750 opera
2730 5677 2949 5746 invenit.
2982 5674 3257 5739 Quomodo
3285 5689 3411 5743 ergo
3439 5670 3613 5739 quidam
3639 5661 3686 5715 le
