3822 6226
126 401 220 452 675

1021 392 1082 448 ΙΝ
1126 394 1182 447 S.
1223 392 1502 448 JOANNIS
1545 385 1990 444 ενςιΝδιειΛιιιι
2036 388 2410 442 EXI‘OSITIO.
3229 386 3329 441 67.5

126 521 294 562 muni
323 509 621 573 veritatem,
656 516 712 561 ei
738 519 992 562 venerunt
1019 508 1081 559 ad
1112 506 1328 561 lucem?
1381 506 1488 560 lloc
1517 503 1656 559 enim
1690 505 1733 554 A
1767 515 1868 553 non
1922 501 2125 566 respuit
2179 499 2436 565 baptisma
2474 498 2653 566 servi;
2703 508 2753 552 et
2809 500 3129 568 baptismate
3188 507 3325 558 servi

126 611 381 664 imbitur:

188 690 278 753 Qui
303 698 462 740 autem
493 689 610 754 facit
641 690 918 751 veritatem,
946 690 1075 740 venit
1102 690 1168 739 ad
1191 690 1371 751 lucem,
1410 699 1463 740 ut
1490 688 1658 740 niani-

133 778 352 844 [esleutur
374 793 520 843 Opera
541 778 672 846 ejus,
699 780 820 844 quia
851 779 898 827 in
930 777 1033 830 Deo
1057 779 1190 846 facta
1213 790 1348 831 sunt.
1381 779 1659 841 Quomodo

129 882 237 932 ergo
265 867 465 934 quidam
497 867 689 918 bonum
736 881 868 934 opus
916 871 1171 930 iecerunt,
1204 880 1258 921 ut
1300 869 1543 922 venirent
1585 868 1650 920 ad

131 956 305 1017 lucem,
336 954 382 1006 id
410 965 506 1017 est,
537 955 601 1007 ad
631 955 931 1021 Christum;
965 967 1016 1010 et
1045 959 1309 1026 quomodo
1336 958 1548 1023 quidam
1578 957 1661 1009 di-

129 1045 348 1097 lexerunt
390 1047 651 1106 tenebras,
697 1047 739 1096 si
782 1062 965 1100 omnes
997 1056 1300 1114 peccatores
1348 1047 1571 1113 invenit,
1605 1059 1658 1103 et

130 1147 292 1183 omnes
323 1146 349 1181 a
381 1141 590 1198 peccato
613 1135 800 1187 sanat?
829 1135 889 1188 Et
919 1150 1138 1202 serpens
1171 1137 1280 1200 ille,
1314 1138 1363 1190 in
1392 1153 1497 1205 quo
1524 1139 1656 1205 ligu-

129 1231 226 1272 raIa
270 1232 342 1274 εει
384 1238 522 1275 mors
562 1223 790 1289 Domini,
819 1240 912 1279 eos
949 1225 1168 1277 sanabat
1198 1227 1284 1294 qui
1328 1227 1494 1280 morsi.
1542 1225 1658 1281 fue-

128 1320 247 1372 rant,
278 1317 329 1361 et
370 1321 584 1380 propter
627 1327 834 1366 morsus
882 1314 1144 1381 serpentis
1188 1322 1400 1368 erectus
1430 1326 1511 1369 est
1541 1333 1660 1371 ser-

129 1411 258 1465 pens,
287 1399 333 1451 id
356 1410 458 1465 est,
487 1416 628 1454 mors
652 1402 860 1455 Domini
890 1413 1105 1471 prapter
1134 1406 1383 1459 mortales
1414 1405 1659 1462 homines

125 1503 242 1552 quos
269 1489 462 1543 invenit
501 1492 743 1558 injuslos.
788 1492 1065 1558 Quomodo
1102 1495 1412 1564 intelligitur
1444 1497 1541 1551 hoc
1574 1497 1661 1566 ju-

124 1579 318 1641 d‘n-iiim,
363 1582 601 1647 quoniam
658 1585 745 1636 lux
779 1587 920 1637 venit
960 1586 1011 1639 in
1046 1588 1329 1654 mundum,
1369 1598 1422 1642 et
1471 1590 1660 1644 dilexe-

122 1681 223 1719 rimt
271 1670 486 1724 homines
545 1674 706 1742 magis
762 1676 990 1729 tenebras
1051 1695 1205 1746 quant
1279 1681 1439 1734 lucem
1469 1692 1661 1737 :erant

123 1761 238 1810 enim
265 1763 397 1813 mala
418 1779 565 1831 opera
588 1780 762 1817 eorum
785 1767 808 1820 ?
839 1766 972 1832 Quid
998 1780 1078 1822 est
1097 1771 1236 1824 enim
1263 1773 1360 1825 hoc
1379 1774 1401 1825 ‘l
1423 1774 1658 1839 Qttorum

1762 592 1845 642 via
1879 590 2273 658 pra-parabatur
2320 588 2562 652 Domino,
2603 598 2656 642 et
2701 588 2998 657 baptizatus
3033 599 3113 645 est
3148 591 3326 644 Domi-

1762 698 1878 746 nus,
1912 683 2047 734 viain
2075 696 2133 734 se
2164 680 2286 733 fecit
2327 680 2390 731 ad
2421 694 2480 733 se
2507 680 2868 744 venientibus,
2925 682 3093 750 ipsum
3141 684 3330 736 audia-

1763 788 1896 825 mus.
1927 771 2032 839 Ego
2058 787 2167 822 sum
2200 771 2278 823 via
2301 812 2313 833 ,
2347 773 2527 822 veritas
2559 776 2614 822 ει·
2637 771 2737 822 vita
2765 769 2946 838 (Joan.
2987 777 3117 841 xw).
3154 774 3212 827 Si
3241 789 3326 828 ve-

1762 863 1971 915 ritatem
2007 860 2225 928 quieris,
2278 860 2412 912 viam
2465 870 2621 922 tene;
2657 875 2776 912 nam
2828 860 2939 928 ipse
2965 871 3051 916 est
3098 865 3322 925 veritas,

1762 952 1848 1018 qui
1877 960 1955 1003 est
1989 950 2094 1002 via.
2127 951 2421 1003 Audiamus
2465 950 2723 1004 Joannem
2757 966 2772 1002 :
2807 949 3107 1016 Baptisabai
3136 951 3286 1006 Iesus
3310 969 3329 1008 :

1765 1039 2001 1093 Diximus
2027 1041 2152 1108 quia
2185 1041 2401 1108 baptisat
2432 1038 2603 1104 Jesus,
2660 1043 2928 1107 quomodo
2968 1041 3144 1107 Jesus,
3197 1062 3332 1113 quo-

1763 1134 1919 1184 modo
1946 1132 2219 1194 Dominus,
2250 1132 2523 1200 quomodo
2558 1131 2645 1184 Dei
2679 1131 2863 1196 Filius,
2889 1135 3158 1201 quomodo
3182 1134 3334 1192 Ver...

1760 1223 1908 1278 bum.
1937 1221 2041 1276 Sed
2065 1221 2291 1275 Verbum
2323 1236 2449 1274 caro
2481 1221 2674 1273 factum
2703 1233 2804 1275 est.

1834 1311 1958 1364 Erat
1987 1321 2158 1366 autem
2185 1311 2414 1365 Joannes
2463 1311 2727 1380 baptizaus
2775 1313 2826 1365 in
2864 1310 3010 1367 Euan
3033 1313 3192 1384 juxta
3225 1316 3331 1372 Sa-

1763 1405 1871 1458 lim.
1923 1403 2094 1458 Locus
2147 1404 2271 1473 quid
2305 1414 2404 1471 est,
2453 1420 2516 1458 ex
2568 1407 2782 1458 nomine
2828 1404 3157 1475 intelligitur,
3206 1408 3329 1476 quia

1763 1509 1910 1561 aqua:
1944 1494 2123 1547 multa:
2155 1501 2308 1547 erant
2356 1493 2449 1546 ibi.
2489 1495 2636 1547 Euon
2672 1495 2825 1561 juxta
2858 1495 3021 1550 Salitu
3049 1497 3195 1552 locus
3227 1507 3328 1562 est,

1766 1583 1852 1634 ubi
1902 1581 2204 1648 baptizabat
2236 1583 2507 1648 Joannes;
2549 1595 2602 1637 et
2644 1587 2943 1639 ostenditur
2988 1603 3125 1642 nunc
3168 1605 3332 1656 usque

1766 1671 1911 1723 locus
1966 1671 2016 1723 in
2068 1679 2257 1725 octavo
2299 1673 2469 1738 lapide
2518 1671 2906 1742 Scythopoleos
2955 1676 3019 1729 ad
3060 1679 3332 1732 meridiem

1763 1754 1908 1830 juxta
1939 1759 2104 1815 Salitn
2129 1771 2184 1814 et
2212 1760 2530 1816 Jordanem.

124 1849 248 1901 enim
280 1862 423 1903 erant
462 1853 592 1904 bona
623 1857 826 1921 opera?
855 1856 1042 1912 Nonne
1070 1863 1256 1912 venisti
1299 1871 1357 1917 ut
1393 1863 1657 1931 justillces
1695 1832 1737 1890 Β
1836 1847 2078 1902 Nondum
2114 1865 2246 1902 3W"
2276 1851 2458 1903 πιίεεαε
2499 1852 2669 1918 [κεναί
2710 1849 2938 1906 halm“
2966 1856 3331 1927 inﬁmam".

123 1939 323 2005 impios?
354 1939 457 1993 Sed
483 1941 788 2010 dilexerunt,
818 1946 1004 2015 inquit,
1032 1949 1193 2016 magis
1226 1951 1453 2003 tenebras
1504 1968 1660 2020 quam

124 2033 303 2092 lucem;
341 2031 410 2084 ibi
443 2033 613 2094 posuit
647 2034 772 2087 vim.
830 2038 977 2090 Multi
1010 2041 1151 2091 enim
1189 2040 1494 2097 dilexerunt
1536 2059 1659 2109 pec-

128 2130 227 2173 cata
257 2136 366 2184 sua,
409 2125 527 2190 quia
579 2126 665 2187 qui
709 2125 989 2179 COllﬁlt'llll'
1023 2140 1233 2196 peceata
1266 2145 1386 2196 sua,
1419 2142 1474 2186 et
1504 2148 1662 2186 accu-

127 2221 195 2262 sat
221 2222 418 2277 pcccata
469 2228 580 2275 sua,
609 2214 721 2282 jam
757 2230 878 2270 cum
913 2217 1021 2271 Deo
1064 2216 1207 2272 facit.
1253 2222 1480 2277 Accusat
1525 2225 1664 2279 Deus

131 2313 321 2368 peccata
380 2315 494 2370 tua;
570 2309 614 2359 si
648 2321 698 2362 et
749 2297 1080 2378 tu'accuses,
1141 2314 1477 2384 conjungeris
1533 2317 1655 2372 Deo.

129 2395 266 2459 Quasi
293 2396 402 2446 duae
435 2410 520 2449 res
547 2407 695 2460 sunt,
741 2399 919 2461 homo,
944 2411 997 2454 et
1029 2415 1291 2469 peccator.
1330 2405 1478 2470 Quod
1511 2408 1664 2461 audis

136 2483 290 2544 liomo,
325 2484 460 2537 Deus
495 2487 649 2550 fecit;
681 2491 818 2556 quod
852 2491 1022 2555 audis,
1069 2506 1330 2560 peceator,
1356 2497 1465 2561 ipse
1497 2499 1659 2552 homo

134 2575 255 2626 fecit.
301 2574 423 2629 Dele
449 2578 582 2643 quod
617 2578 810 2640 iecisti.
840 2592 894 2633 ut
932 2582 1071 2634 Deus
1110 2584 1282 2637 salvet
1319 2586 1459 2653 quod
1514 2587 1660 2642 fecit.

131 2668 327 2733 Oportet
390 2679 446 2719 ut
505 2669 681 2722 oderis
742 2670 792 2722 in
850 2683 896 2724 te
952 2688 1083 2741 Opus
1145 2689 1346 2739 unum,
1408 2687 1463 2730 et
1519 2691 1666 2732 ames

135 2758 175 2807 iii
229 2767 274 2809 te
324 2773 454 2825 Opus
514 2759 628 2815 Dei.
697 2759 827 2814 Cum
884 2774 1056 2816 autem
1118 2766 1344 2830 euenerit
1408 2768 1500 2821 tibi
1556 2770 1662 2823 dis-

136 2846 308 2910 plicrre
357 2849 489 2914 quod
541 2850 746 2914 lociSti,
820 2852 940 2904 inde
997 2854 1255 2920 incipiunt
1318 2857 1454 2910 bona
1506 2874 1665 2928 opera

135 2945 248 3002 tua,
307 2939 422 3004 quia
470 2954 690 2993 accuSas
746 2944 880 2992 inala
923 2959 1080 3010 opera
1134 2957 1240 2998 tua.
1312 2949 1520 3002 Initium
1573 2951 1664 3004 bo-

135 3041 293 3081 norum
352 3044 570 3096 Operam
636 3032 902 3086 confessio
962 3044 1042 3087 est
1095 3051 1313 3103 operum
1383 3042 1662 3094 malorutn.

135 3119 262 3172 Facis
313 3123 616 3187 veritatem,
673 3134 726 3177 ει
773 3125 920 3177 venis
974 3125 1036 3177 ad
1095 3126 1284 3180 lucem.
1346 3129 1481 3194 Quid
1538 3141 1655 3196 est,
1692 3156 1734 3217 ρ

133 3211 241 3264 facis
290 3212 587 3266 veritatem?
643 3215 754 3268 Non
811 3227 860 3270 te
914 3218 1114 3285 palpas,
1169 3236 1271 3273 non
1322 3222 1409 3275 tibi
1459 3224 1656 3276 blandi-

135 3318 227 3366 ris,
284 3320 378 3356 non
431 3318 477 3358 te
527 3307 731 3360 adulas.
784 3307 896 3360 Non
934 3310 1084 3372 dicis,
1120 3309 1236 3364 Just
1275 3325 1299 3363 s
1349 3329 1485 3372 sum,
1539 3328 1663 3370 cum

145 3393 204 3444 tis
258 3393 488 3461 iniquus,
550 3406 603 3449 et
662 3397 850 3465 incipis
906 3395 1079 3453 facere
1145 3402 1439 3455 veritatem.
1498 3403 1661 3459 Venis

134 3495 279 3539 autem
309 3488 368 3540 ad
402 3491 592 3554 lui-em,
642 3502 696 3542 ιιι
740 3494 1143 3548 nianifesteutur
1188 3514 1346 3562 opera
1395 3507 1503 3564 tia,
1540 3502 1661 3568 quia

141 3578 184 3627 in
240 3577 338 3630 Deo
394 3577 527 3630 facta
593 3589 753 3633 sunt:
815 3586 935 3650 quia
991 3595 1045 3637 ει
1095 3588 1192 3637 hoc
1256 3589 1466 3655 ipsum,
1524 3593 1663 3657 quod

139 3667 218 3720 ιιυί
270 3667 524 3734 displicuit
581 3682 854 3738 peccatum
915 3683 1095 3737 tuum,
1158 3693 1262 3729 non
1333 3679 1422 3731 tibi
1478 3681 1664 3746 displi-

135 3769 277 3821 ceret,
328 3758 421 3812 nisi
478 3761 616 3814 Deus
666 3762 756 3815 tibi
809 3764 1043 3829 luceret,
1085 3776 1136 3820 et
1192 3767 1308 3836 ejus
1370 3771 1560 3823 veritas
1615 3783 1665 3825 te

136 3844 210 3898 tibi
255 3848 567 3903 ostenderet.
627 3849 730 3905 Sed
786 3853 872 3920 qui
924 3856 1081 3906 etiam
1136 3857 1437 3909 admonitus
1495 3859 1665 3927 diligit

143 3950 325 4002 peccata
352 3954 463 4004 sua,
511 3943 622 3994 odit
651 3943 1021 3997 admonentem
1056 3945 1250 4010 lucent,
1283 3956 1334 4000 et
1365 3947 1496 4016 fugit
1522 3964 1659 4014 eam,

136 4036 184 4077 ut
210 4043 302 4081 non
328 4040 609 4098 arguantur
631 4047 794 4099 Opera
825 4033 940 4099 ejus
983 4037 1140 4101 mala,
1186 4052 1303 4103 quae
1333 4038 1520 4106 diligit.
1565 4040 1662 4107 Qui

137 4126 286 4172 autem
318 4120 431 4173 facit
475 4124 773 4190 veritatem,
808 4132 1020 4176 accusat
1051 4125 1101 4177 in
1142 4141 1201 4180 se
1230 4128 1365 4180 mala
1390 4145 1483 4201 sua
1513 4147 1525 4194 ;
1560 4147 1663 4186 non

140 4208 223 4260 sibi
247 4211 420 4278 parcit,
453 4228 556 4266 non
587 4213 688 4266 sibi
728 4216 972 4281 ignoscit,
1002 4228 1057 4268 ut
1083 4219 1217 4272 Deus
1246 4221 1516 4287 ignoscat;
1553 4223 1665 4288 ipse

141 4311 254 4365 agno
281 4301 364 4364 cit,
392 4303 608 4355 etvenit
653 4304 720 4356 ad
765 4305 940 4357 lucem
971 4323 981 4357 :
1019 4307 1102 4359 cui
1127 4314 1319 4375 gratias
1364 4310 1494 4377 agit,
1523 4315 1662 4380 quod

144 4388 233 4450 ille,
276 4391 388 4456 (ιιιεά
420 4394 470 4445 in
499 4408 558 4446 se
588 4393 793 4448 odisset
847 4397 1153 4451 ostenderet
1181 4414 1194 4462 ;
1227 4399 1354 4452 dicit
1391 4400 1614 4454 Domino
1649 4420 1660 4456 :

1765 1938 1944 2004 Quare
1969 1938 2202 2006 baptizat
2247 1938 2514 1993 Joannes?
2543 1943 2663 2008 quia
2710 1947 2987 2010 oportebat
3013 1957 3068 1999 ut
3096 1947 3332 2015 baptiza-

1765 2038 1913 2083 retur
1948 2029 2229 2085 Dominus.
2266 2031 2444 2097 Quare
2474 2037 2756 2100 Oportebat
2789 2043 2843 2085 ut
2868 2034 3121 2090 Dominus
3166 2039 3337 2106 bapti-

1766 2119 2014 2172 zaretur?
2066 2119 2144 2174 Ne
2195 2121 2408 2186 aliquis,
2466 2137 2653 2190 magna
2687 2126 2807 2176 licet
2858 2125 3110 2192 prteditus
3141 2130 3331 2196 gratia,

1766 2213 1846 2263 vel
1877 2219 2172 2279 potestate,
2213 2223 2584 2266 contemneret
2626 2217 2899 2282 baptizari.
2938 2216 3051 2284 Ipse
3079 2217 3334 2273 Dominus

1764 2291 1869 2353 non
1898 2302 2220 2370 contempsit
2254 2303 2516 2370 baptismi
2546 2318 2957 2370 sacramentum,
3005 2311 3245 2375 quamvis
3280 2313 3331 2362 in

1765 2390 1859 2442 illo
1899 2406 2004 2445 non
2057 2405 2198 2445 esset
2246 2394 2770 2461 quodmuudareiur
2814 2398 2866 2448 in
2906 2398 3189 2465 baptismo,
3241 2400 3332 2470 qui

1766 2481 1968 2534 nullum
2003 2483 2190 2536 habuit
2237 2492 2533 2549 peccatum,
2566 2485 2706 2554 quod
2739 2486 3093 2541 diiititteiemr
3141 2490 3192 2542 in
3243 2492 3336 2543 ba-

1768 2574 1946 2641 ptismi
1986 2573 2224 2628 lavacro.
2260 2575 2561 2642 Baptizatus
2592 2588 2671 2630 est
2701 2577 2953 2631 Dominus
2982 2595 3011 2631 a
3039 2595 3212 2644 servo,
3266 2600 3333 2638 ne

1766 2683 1956 2723 serv-us
2015 2670 2221 2724 Domini
2280 2672 2596 2739 baptismum
2644 2685 3031 2732 contemneret.
3087 2678 3327 2731 Nondum

1766 2761 2113 2813 enim-missus
2147 2766 2313 2829 [uetat
2345 2769 2395 2815 in
2417 2781 2664 2816 carcerem
2692 2764 2939 2820 Joannes.
2973 2769 3091 2822 Ideo
3124 2771 3223 2823 hoc
3253 2772 3331 2823 di-

1767 2853 1841 2901 cit
1887 2853 2214 2916 evangelista
2243 2891 2257 2915 ,
2317 2862 2373 2905 ιιι
2422 2853 2809 2922 intelligeretur
2867 2857 2979 2910 ha'c
3034 2857 3281 2910 miracula
3310 2899 3326 2923 ,

1767 2955 1886 3006 qua:
1912 2952 2034 2993 ante
2055 2947 2252 3009 posuit,
2289 2947 2458 3009 primo
2480 2959 2618 2998 anno
2645 2947 2902 3000 doctrina:
2925 2949 3128 3002 Domini
3161 2952 3332 3003 nostri

1767 3028 1890 3082 Jesu
1923 3030 2145 3095 tgliristi,
2190 3048 2310 3101 quae
2351 3035 2639 3102 ircipiebat
2682 3053 2708 3089 a
2753 3039 3011 3105 baptismo
3052 3054 3167 3100 suo,
3217 3047 3332 3093 acta

1768 3136 1890 3174 esse
1926 3141 1938 3173 :
1974 3124 2122 3191 cujus
2180 3128 2305 3179 anni
2349 3138 2495 3194 gesta
2542 3129 2772 3183 maxime
2829 3133 2963 3183 alios
3009 3131 3332 3187 intellexerit

1769 3215 2091 3282 evangelista
2125 3216 2321 3270 facere.

1841 3301 2000 3354 Facta
2032 3314 2100 3356 est
2142 3316 2307 3358 autem
2335 3308 2542 3374 quwstio
2573 3323 2634 3360 ea:
2679 3309 2940 3378 discipulis
2971 3309 3188 3365 Joannis
3219 3328 3335 3366 cum

1765 3391 1962 3446 Judieis
1993 3396 2053 3447 de
2078 3397 2451 3465 puriﬁcatione.
2473 3399 2724 3452 Celantes
2747 3402 2887 3453 enim
2911 3401 3154 3470 discipuli
3176 3403 3338 3458 Joan-

1767 3486 1850 3537 nis
1879 3487 2208 3554 tnagistrum,
2238 3504 2359 3556 quia
2388 3491 2565 3558 plures
2595 3490 2883 3544 audiebant
2928 3507 3247 3547 concurrere
3269 3495 3334 3548 ad

1770 3577 2088 3645 baptismum
2122 3578 2353 3640 Christi,
2415 3594 2467 3633 et
2517 3579 2764 3645 prteferre
2816 3583 3024 3637 Judaaos
3075 3585 3338 3655 baptismo

1765 3667 1986 3721 Joannis
2010 3668 2329 3732 baptismum
2377 3668 2606 3731 Christi,
2642 3670 2931 3725 novissime
2963 3685 3224 3727 venerunt
3268 3674 3336 3729 ad

1771 3761 1944 3828 ipsum
1976 3759 2231 3814 Joannem
2259 3772 2312 3812 ut
2332 3761 2566 3814 solveret
2589 3762 2936 3826 quaestionem
2960 3778 3114 3830 quam
3142 3765 3338 3819 habue-

1769 3860 2028 3903 raotcum
2076 3851 2271 3904 Judaeis
2313 3852 2377 3903 de
2431 3851 2755 3905 discretione
2815 3852 2952 3906 inter
3004 3853 3329 3923 baptismqu

1767 3938 1961 3992 Christi
2001 3948 2055 3992 et
2090 3941 2404 4006 baptismum
2440 3939 2606 3994 illius.

1840 4030 1903 4082 Et
1930 4031 2164 4083 dixerunt
2189 4032 2232 4083 ei
2266 4050 2276 4082 :
2313 4031 2490 4097 Rabbi,
2522 4034 2609 4102 qui
2641 4044 2750 4086 erat
2782 4043 2944 4088 tecum
2979 4047 3119 4092 trans
3147 4041 3341 4093 Jordao

1768 4139 1901 4184 nem,
1933 4137 2044 4174 ecce
2100 4121 2184 4176 hic
2241 4123 2493 4191 buptizat,
2557 4135 2601 4178 et
2660 4143 2832 4181 omnes
2887 4132 3089 4183 veniunt
3111 4130 3178 4182 ad
3200 4147 3336 4186 eum.

1767 4213 1926 4279 Quasi
1987 4213 2321 4282 indignantes
2372 4216 2512 4284 quod
2570 4219 2749 4285 plures
2801 4221 3067 4274 venissent
3116 4222 3182 4274 ad
3248 4224 3341 4277 lia-

1773 4306 1984 4357 tismum
2054 4306 2292 4370 Christi,
2359 4307 2610 4360 dixerunt
2670 4325 2680 4358 :
2732 4308 2931 4362 Omnes
2997 4314 3210 4364 veniunt
3273 4312 3339 4367 ad

1765 4413 1917 4463 eum,
1960 4406 2012 4450 et
2078 4407 2128 4450 te
2189 4398 2476 4450 dintittuut.
2539 4397 2653 4450 Tuo
2719 4399 2980 4466 baptismo
3049 4402 3341 4469 baptizatus

139 4484 285 4533 Amic
308 4485 480 4551 {aciem
507 4495 648 4538 tuam
678 4506 709 4539 ιι
736 4489 949 4558 peccatis
977 4492 1101 4541 meis
1141 4488 1312 4556 (Psal.
1351 4493 1428 4558 ι).
1478 4493 1540 4546 Et
1562 4509 1661 4561 qua
1696 4500 1742 4560 ο
1771 4497 1851 4540 est
1890 4487 2007 4550 ille,
2071 4486 2138 4540 ad
2193 4488 2344 4556 cujus
2414 4489 2736 4555 baptismum
2778 4505 2968 4544 omnes
3008 4492 3167 4545 modo
3205 4507 3336 4547 cini-

143 4576 290 4627 lronte
336 4575 491 4644 dicit,
556 4579 655 4631 nisi
714 4580 901 4633 iterum
947 4580 1120 4635 dicat:
1185 4584 1422 4650 quoniam
1465 4586 1664 4653 {acinus

142 4680 274 4714 meum
309 4682 392 4736 ego
415 4685 652 4736 agnosco,
680 4679 725 4721 et
767 4679 1023 4731 peccatum
1048 4687 1214 4724 meum
1254 4684 1433 4725 contra
1467 4691 1544 4728 me
1593 4685 1666 4728 est

141 4768 303 4819 semper
343 4756 545 4826 (Ibid).
581 4758 636 4811 Si
685 4770 860 4813 autem
897 4769 1012 4828 post
1063 4772 1113 4815 te
1147 4761 1334 4816 feceris
1388 4773 1664 4831 peccatum

144 4857 282 4911 tuum,
311 4860 568 4919 retorquet
599 4852 691 4904 tibi
725 4853 850 4906 illud
890 4853 1031 4906 Deus
1061 4863 1182 4907 ante
1204 4855 1389 4908 oculos
1422 4864 1540 4908 tuos
1566 4873 1579 4920 ;
1610 4866 1665 4910 et

147 4946 249 4990 tunc
271 4951 546 5011 retorquet,
580 4945 796 5012 quando
824 4944 930 5012 jam
968 4946 1295 5012 paenitentia
1325 4946 1525 5001 fructus
1551 4949 1669 5000 nul-

145 5027 214 5080 lus
253 5031 358 5085 erit.
391 5032 619 5098 Currite,
676 5050 742 5088 ne
788 5035 1025 5089 tenebrae
1068 5050 1159 5089 vos
1187 5036 1665 5104 comprehendant.

145 5122 360 5190 Sequitur
385 5136 557 5181 autem
594 5146 606 5181 :

207 5216 311 5270 Post
352 5218 452 5273 haec
478 5223 608 5274 venit
654 5221 806 5275 Jesus
834 5231 884 5276 et
913 5222 1154 5290 discipuli
1191 5225 1305 5289 ejus
1347 5223 1397 5275 in
1435 5221 1671 5275 Indicam

147 5317 301 5360 terrain
322 5329 338 5374 ;
361 5324 403 5365 et
431 5314 532 5366 illic
561 5315 918 5368 demorabatur
937 5333 1056 5369 cum
1084 5317 1178 5380 eis,
1219 5324 1268 5368 et
1307 5313 1415 5368 illic
1444 5315 1675 5382 baptiza-

147 5401 233 5453 bat.
281 5402 561 5470 Baptizitus
592 5407 849 5471 baptizat,
904 5423 1007 5461 non
1041 5423 1104 5459 eo
1138 5407 1454 5474 baptismate
1506 5405 1677 5484 bapti-

152 5502 220 5543 nt
259 5511 348 5561 quo
393 5508 470 5552 est
513 5500 852 5566 baptizatus:
887 5499 978 5552 dat
1031 5497 1360 5566 baptismum
1418 5497 1674 5550 Dominus

156 5580 411 5647 baptizatus
449 5602 479 5641 a
506 5603 682 5653 servo,
737 5589 1032 5642 ostendens
1083 5587 1402 5640 humilitate
1434 5584 1594 5646 viam,
1626 5594 1678 5637 et

155 5675 407 5737 perducens
435 5678 496 5730 ad
526 5679 848 5744 baptismum
885 5677 1119 5741 Domini,
1151 5676 1252 5728 hoc
1281 5684 1382 5737 est,
1418 5675 1676 5741 baptisma

153 5777 298 5831 suum,
319 5784 367 5821 re
389 5770 661 5839 praebendo
694 5771 1013 5827 humilitatis
1039 5769 1368 5839 exemplum,
1407 5770 1531 5836 quia
1569 5769 1676 5835 ipse

1770 4588 2012 4633 Clll'l'lllll.

1844 4669 2150 4736 Respondit,
2198 4679 2245 4722 et
2291 4669 2422 4721 dixit
2471 4685 2488 4721 :
2546 4667 2663 4720 Non
2719 4678 2881 4736 potest
2920 4670 3068 4722 homo
3118 4673 3342 4743 accipere

1769 4760 2064 4829 quidquam,
2089 4759 2186 4811 nisi
2213 4759 2368 4826 fuerit
2396 4758 2471 4809 illi
2500 4757 2676 4809 datum
2701 4759 2762 4809 de
2811 4762 2961 4815 caelo.
3004 4758 3100 4813 Vos
3136 4761 3258 4813 mihi
3278 4773 3344 4816 te-

1771 4849 2060 4902 stimonium
2084 4848 2350 4917 perhibetis
2375 4850 2506 4914 quod
2525 4847 2738 4901 dixerim
2761 4864 2776 4902 :
2802 4848 2918 4901 Non
2943 4866 3056 4902 sum
3078 4867 3167 4921 ego
3194 4852 3340 4906 Citri-

1773 4952 1898 4995 stus.
1932 4943 1984 4996 Si
2015 4941 2133 4995 meo
2163 4941 2466 4995 testimonio
2489 4941 2724 5007 creditis,
2758 4943 2947 4996 scitote
2982 4959 3068 4997 me
3094 4959 3196 4998 non
3220 4960 3339 4999 esse

1773 5031 2066 5096 Christum,
2097 5035 2193 5087 sed
2249 5035 2396 5086 illum
2432 5033 2570 5086 illius
2600 5033 2914 5100 baptismum
2965 5049 3086 5089 esse
3111 5077 3126 5101 ,
3161 5037 3210 5089 in
3239 5055 3343 5104 quo

1777 5124 2017 5177 remissio
2035 5131 2118 5177 est
2157 5132 2511 5191 peccatorum,
2543 5131 2597 5175 et
2641 5123 2866 5188 Spiritus
2912 5136 3127 5178 sanctus
3151 5127 3328 5194 datur,

1776 5228 1879 5265 non
1908 5228 2078 5266 meum
2114 5229 2128 5268 :
2155 5217 2203 5265 in
2231 5227 2337 5281 quo
2362 5213 2726 5266 tantummodo
2754 5216 3064 5282 poenitentia
3086 5217 3332 5285 dabatur,

1776 5314 1829 5358 et
1859 5304 1989 5358 ﬁdes
2022 5305 2070 5358 in
2098 5319 2254 5368 eum,
2292 5304 2356 5356 de
2386 5318 2489 5372 quo
2517 5304 2903 5371 querimoniam
2938 5321 3075 5358 nunc
3105 5307 3336 5366 habetis.

1780 5394 1899 5450 Non
1929 5406 2088 5467 potest
2105 5396 2250 5448 homo
2275 5395 2468 5462 aliquid
2499 5397 2744 5466 accipere,
2768 5398 2864 5448 nisi
2885 5398 3037 5465 fuerit
3060 5399 3137 5451 illi
3167 5401 3340 5452 datum

1778 5489 2004 5541 decreto.
2037 5487 2219 5541 Prisco
2272 5502 2421 5553 sum,
2484 5487 2573 5541 ille
2617 5488 2800 5556 judex.
2832 5487 2971 5556 Ergo
3001 5503 3182 5542 servus
3209 5533 3224 5556 ,
3259 5493 3345 5546 ille

1783 5577 2057 5631 Dominus.
2107 5578 2200 5631 Ille
2250 5592 2516 5646 sponsus,
2569 5593 2665 5647 ego
2703 5581 2906 5632 amicus
2955 5584 3156 5647 sponsi.
3191 5580 3341 5636 Illum

1781 5679 1991 5738 Oportet
2022 5684 2288 5733 crescere,
2339 5683 2424 5725 me
2452 5678 2630 5723 autem
2691 5671 2875 5723 minui.
2926 5669 3217 5728 Veniebain
3269 5673 3343 5724 illi

1781 5764 1916 5817 viain
1943 5779 2146 5832 parare,
2174 5779 2276 5818 non
2307 5778 2390 5820 me
2418 5763 2671 5819 exaltare.
2734 5761 2844 5834 Ego
2899 5781 2992 5820 uox
3045 5765 3312 5819 clamantis
