3822 6226
472 393 570 451 575

925 388 1120 445 ΒΕῡέΕ
1165 384 1611 441 ΥΕΝῘΞΒΑΒΠΛΞ
1651 382 1798 436 Ol‘P.
1846 377 2018 435 PARS
2056 374 2119 430 11.
2163 376 2352 429 SECT.
2391 377 2426 429 l.
2466 406 2527 417 —
2563 376 2942 431 i'lXEGiiTlCA
2986 376 3307 432 GENlTINA.

3596 379 3689 432 676

472 513 559 566 me
590 510 802 565 verba",
833 506 1022 559 patris,
1064 503 1161 567 Qui
1192 478 1298 567 ρὀει
1325 516 1398 551 me
1430 500 1581 563 venit,
1612 505 1725 548 ante
1762 510 1838 545 me
1870 495 2030 562 factus
2059 493 2106 551 Α
2133 489 2201 542 de
2229 472 2445 541 diabolo
2495 492 2690 545 dictum
2723 502 2823 545 est.
2893 492 3029 561 Ergo
3082 502 3223 546 stare
3281 492 3436 545 debet
3496 497 3688 549 amicus

473 614 568 667 est,
600 602 649 653 id
678 609 797 663 est,
828 597 1084 663 dignitate
1133 593 1260 646 tnilti
1312 590 1557 659 praelatus
1586 599 1686 642 est.
1739 585 1897 655 Cujus
1947 598 2036 652 ego

475 708 575 746 non
606 706 715 743 sum
769 689 953 757 dignus
1009 685 1280 754 corrigiam
1339 680 1662 734 calceamenti
1690 679 1800 747 ejus
1826 674 2033 728 solvere.

486 783 541 837 id
569 789 682 845 est,
730 777 1013 832 nativitatis
1062 774 1201 827 illius
1239 788 1339 841 qua
1368 787 1431 826 ex
1463 769 1677 838 Virgine
1708 774 1863 820 natus
1894 762 2036 817 venit

474 874 532 929 in
562 870 837 933 mundum,
866 881 1115 921 enarrare
1147 863 1481 931 mysterium.
1531 855 1769 912 Audistis
1800 851 2039 907 testimo-

478 967 620 1022 nium
643 978 837 1025 meutn,
863 962 1061 1016 credite
1094 956 1397 1012 testimonio
1451 969 1566 1009 tneo
1589 993 1604 1018 ,
1637 949 1940 1025 concurrite
1969 949 2035 998 ad

480 1056 647 1119 illum,
678 1054 727 1107 in
773 1049 923 1120 cujus
966 1049 1228 1117 baptismo
1275 1055 1355 1099 est
1383 1044 1628 1099 remissio
1677 1023 2031 1110 peccat/orum.

480 1147 585 1200 iste
610 1144 839 1198 Joannes
864 1148 1021 1194 tanta:
1064 1137 1393 1191 auctoritatis
1420 1134 1737 1194 habebatur,
1764 1139 1821 1183 ut
1868 1143 1895 1180 a
1944 1140 2039 1194 po-

478 1234 603 1305 pulo
656 1232 900 1286 Christus
953 1238 1265 1297 putaretur;
1322 1225 1415 1280 sed
1464 1224 1551 1279 ille
1597 1221 1783 1275 falsum
1840 1217 2040 1285 respuit

480 1330 761 1391 honorem,
792 1334 849 1379 ut
879 1323 1103 1378 solidam
1129 1330 1303 1388 posset
1323 1319 1515 1372 habere
1533 1316 1832 1371 veritatem.
1864 1310 2041 1366 Noluit

477 1418 545 1474 de
564 1432 622 1473 se
650 1416 848 1485 jactare
867 1412 1006 1483 quod
1033 1426 1134 1463 non
1168 1407 1282 1473 luit,
1312 1421 1378 1461 ne
1401 1406 1518 1459 sine
1532 1420 1596 1457 eu
1619 1410 1758 1457 esset
1777 1400 1863 1467 qui
1892 1413 2037 1452 sem-

477 1524 572 1579 per
594 1509 709 1562 fuit.
744 1506 842 1571 Qui
868 1503 1013 1557 habet
1062 1517 1332 1569 sponsam,
1378 1512 1594 1566 sponsus
1643 1503 1736 1550 est.
1784 1493 1890 1560 Ego
1936 1504 2038 1542 nutt

476 1614 592 1655 sum
616 1612 865 1666 sponsus.
893 1596 997 1649 Sed
1022 1592 1142 1661 quid
1167 1608 1280 1644 sunt
1304 1590 1326 1643 ἲ
1359 1588 1571 1643 Antirus
1588 1581 2043 1657 sponsi,’gaudcus

478 1692 532 1745 in
558 1704 739 1743 vocem
775 1688 919 1741 illius
947 1686 1034 1754 qui
1056 1696 1137 1739 est
1165 1696 1413 1749 sponsus,
1446 1672 1510 1732 de
1558 1684 1662 1746 quo
1690 1673 1881 1729 dicitur
1902 1689 1914 1726 :
1936 1670 2043 1724 Rex

477 1787 641 1840 omnis
673 1795 819 1836 terra:
848 1782 984 1833 Deus
1015 1794 1033 1830 :
1062 1786 1109 1831 et
1132 1776 1416 1829 adorabunt
1446 1787 1559 1826 eum
1584 1785 1755 1824 omnes
1777 1781 1915 1835 reges
1942 1775 2044 1818 ter-

2137 582 2313 649 Sponsi
2334 590 2384 635 ct
2408 583 2609 636 audire.
2635 584 2771 649 Quid
2802 592 2883 639 est
2911 583 3085 639 stare?
3117 599 3429 652 permanere
3449 584 3497 636 in
3522 586 3686 653 gratia

2136 674 2252 739 eius
2277 687 2433 741 quam
2454 673 2673 741 accepit.
2701 675 2763 815 Et
2782 676 2927 729 audit
2956 689 3133 729 vocem
3164 674 3229 728 ad
3259 689 3415 741 quam
3442 676 3683 739 gaudeat.

2138 762 2224 815 Sic
2254 770 2369 815 erat
2408 761 2637 815 Joannes
2672 781 2683 815 :
2737 775 2939 815 toverat
2967 765 3106 815 unde
3131 765 3416 815 gaudebat.
3456 780 3554 815 non
3585 766 3680 815 sibi

2138 762 2224 816 Sic
2254 770 2369 815 erat
2408 761 2637 817 Joannes
2672 781 2683 815 :
2712 761 2939 819 ‘noverat
2967 765 3106 819 unde
3131 765 3417 832 gaudebat,
3456 780 3554 817 non
3585 766 3680 817 sibi

2138 855 2420 922 arrogabat
2447 854 2583 920 quod
2619 854 2731 921 ipse
2780 871 2885 909 non
2918 866 3051 910 erat.
3101 855 3313 911 Sciebat
3344 854 3683 908 illutninatum

2140 956 2217 1005 se,
2248 959 2351 996 non
2378 946 2809 998 illuminatorem.
2859 946 2982 999 Erat
3037 949 3177 999 enim
3201 946 3373 1000 lumen
3403 962 3588 1013 verum,
3621 948 3688 1001 ait

2138 1034 2483 1103 evangelista,
2509 1036 2641 1104 quod
2665 1034 2922 1089 illuminat
2938 1052 3133 1089 omnem
3156 1036 3404 1089 hominem
3425 1040 3689 1090 venientem

2136 1126 2189 1177 in
2219 1125 2351 1177 hunc
2370 1125 2614 1176 mundum
2652 1121 2832 1192 (Joan.
2860 1124 2922 1194 ι).
2950 1123 3003 1179 Si
3036 1140 3271 1189 omnem,
3304 1142 3428 1194 ergo
3449 1137 3499 1181 et
3523 1129 3687 1194 ipsum

2138 1216 2422 1278 Juannem,
2450 1214 2569 1283 quia
2599 1214 2710 1283 ipse
2740 1216 2808 1269 de
2835 1215 3141 1270 hominibus
3168 1228 3300 1271 erat.
3337 1217 3603 1287 Sequitur.
3632 1218 3691 1272 Et

2137 1307 2266 1361 dicit
2296 1307 2525 1361 Joannes
2556 1326 2568 1360 :

2209 1396 2326 1450 Hoc
2367 1413 2481 1468 ergo
2508 1398 2754 1469 gaudium
2783 1414 2947 1452 meum
2976 1398 3234 1466 impletum
3282 1410 3377 1454 est.
3425 1400 3574 1466 Quod
3619 1414 3691 1459 est

2141 1488 2387 1557 gaudium
2420 1487 2629 1554 ipsius?
2673 1487 2740 1543 Ut
2763 1489 2990 1557 gaudeat
3014 1489 3075 1542 ad
3105 1504 3287 1544 vocem
3316 1492 3518 1559 sponsi.
3553 1493 3687 1549 Multi

2142 1575 2284 1631 enim
2320 1576 2439 1630 ideo
2488 1577 2610 1631 facti
2661 1586 2784 1631 sunt
2830 1577 3165 1646 insipientes,
3198 1580 3320 1646 quia
3352 1581 3603 1637 dixerunt
3641 1598 3690 1639 se

2145 1680 2268 1720 esse
2298 1666 2597 1735 sapientes:
2627 1680 2758 1735 quos
2787 1666 2959 1735 arguit
2982 1668 3260 1737 Apostolus
3293 1670 3345 1724 in
3378 1670 3609 1739 Epistula
3634 1674 3689 1726 ad

2143 1754 2409 1809 Romanis
2467 1756 2651 1811 dicens
2691 1774 2703 1809 :
2761 1757 3121 1812 Existimantes
3179 1777 3231 1814 se
3277 1777 3385 1815 esse
3427 1765 3689 1831 sapientes,

476 1891 581 1939 rte;
634 1887 805 1926 omnes
852 1879 1023 1938 gentes
1053 1867 1264 1921 sem‘ent
1309 1866 1353 1919 ei
1401 1861 1575 1931 (Psal.
1626 1860 1797 1927 Lxxt).
1854 1856 1942 1910 ille
1970 1861 2050 1909 est
2080 1842 2292 1903 Bstufti,
2328 1847 2449 1915 facti
2474 1857 2587 1901 sunt
2614 1847 2791 1915 (liam.
2821 1848 2884 1919 ι).
2931 1849 3071 1919 Ergo
3102 1849 3240 1905 Deus
3282 1852 3422 1919 quod
3469 1854 3690 1925 datgra.

476 1978 704 2034 sponsus
725 1974 915 2023 verus;
956 1970 1145 2026 sponsa
1173 1971 1300 2009 vero
1322 1960 1503 2006 sancta
1539 1948 1795 2009 Ecclesia,
1821 1960 1884 2000 ex
1916 1960 2035 1997 om-

490 2056 645 2111 nibus
676 2061 992 2121 congrcgata
1023 2047 1265 2118 gentibus
1289 2084 1306 2111 ,
1339 2044 1405 2099 de
1458 2057 1559 2111 qua
1606 2038 1888 2108 ApoStolus
1916 2037 1987 2087 ait
2019 2049 2032 2086 :

480 2144 737 2216 Despondi
767 2158 851 2195 eos
881 2140 966 2193 uni
996 2138 1099 2191 viro
1128 2137 1370 2207 virginem
1414 2142 1609 2188 castam
1632 2128 1862 2183 exhibere
1892 2124 2038 2179 Chri-

478 2246 555 2290 sto
578 2234 626 2304 (Ι
640 2232 663 2286 1
693 2232 810 2285 Cor.
842 2233 939 2298 xt).
975 2229 1132 2295 Virgo
1155 2237 1261 2289 est,
1292 2236 1345 2279 et
1382 2236 1637 2291 sponsum
1683 2218 1868 2279 habet,
1919 2228 2038 2283 quae

479 2325 715 2398 quotidie
744 2330 984 2391 generat,
1008 2329 1060 2373 et
1088 2320 1235 2386 virgo
1256 2326 1506 2385 perpetua
1527 2320 1725 2366 manet.
1747 2306 2034 2378 Virginitas

482 2422 595 2476 haec
626 2416 904 2486 integritas
926 2425 1008 2470 est
1032 2408 1537 2476 mentis,charitatis
1560 2403 1834 2475 perfectio,
1868 2401 2040 2454 unitas

480 2510 759 2568 catholica:
810 2505 953 2571 fidei,
985 2503 1128 2574 pacis
1156 2499 1460 2564 concordia,
1490 2498 1709 2553 castitas
1737 2494 1791 2548 iu
1816 2501 2041 2559 corpore

481 2611 537 2657 et
560 2601 733 2655 anima
754 2640 769 2662 ,
800 2597 922 2667 quia
951 2594 1085 2649 nihil
1108 2593 1245 2647 valet
1291 2588 1529 2659 corporis
1558 2586 1775 2641 castitas
1803 2582 1918 2635 sine
1946 2593 2040 2633 ca-

482 2694 693 2753 tholica
726 2691 847 2747 lidei
875 2687 1198 2756 integritate.
1249 2682 1411 2750 Cujus
1441 2678 1680 2746 virginis,
1707 2676 1755 2728 id
1784 2680 1885 2739 est,
1921 2670 2041 2724 uni-

479 2784 702 2842 versalis
724 2780 983 2837 Ecclesia:
1004 2776 1160 2833 amici
1182 2783 1305 2828 sunt
1326 2770 1693 2841 praedicatores
1718 2760 2041 2830 evangelicae

481 2875 741 2933 veritatis.
770 2873 833 2927 Et
862 2872 980 2926 ideo
1008 2868 1136 2923 dicit
1164 2867 1263 2921 iste
1290 2862 1521 2919 Joannes
1550 2876 1563 2913 :
1600 2857 1805 2912 Amicus
1844 2850 2039 2922 sponsi,

482 2969 569 3039 qui
599 2977 697 3022 stat
754 2976 799 3019 et
859 2963 1027 3028 audit,
1084 2968 1129 3013 et
1177 2957 1365 3029 gaudio
1418 2952 1603 3025 gaudet
1650 2958 1851 3019 prapfer
1874 2959 2043 3039 vocent

482 3034 680 3128 sponsi.
707 3057 821 3112 Stat
850 3055 1011 3117 enim,
1040 3051 1127 3120 qui
1155 3048 1207 3103 in
1233 3049 1333 3101 ﬁde
1354 3054 1498 3101 recta
1522 3049 1809 3113 permanet,
1834 3046 1887 3094 et
1906 3034 2045 3106 quod

489 3144 657 3202 credit
688 3143 956 3213 praidicat.
988 3140 1162 3207 Quare
1211 3135 1349 3191 stat?
1402 3135 1525 3204 quia
1554 3148 1655 3186 non
1680 3130 1839 3185 cadit.
1872 3128 2046 3195 Quare

492 3252 597 3291 non
629 3233 805 3289 cadit?
836 3232 953 3298 quia
1005 3229 1218 3282 humilis
1246 3235 1346 3280 cst.
1376 3226 1480 3280 iste
1505 3235 1796 3293 prtecursor
1845 3217 2049 3272 Domini

488 3329 541 3382 in
568 3325 736 3381 solida
785 3332 927 3392 petra
954 3320 1155 3385 stabat,
1189 3318 1311 3371 dum
1360 3316 1470 3369 ait:
1506 3314 1624 3367 Non
1655 3328 1764 3391 sum
1788 3327 1876 3381 ego
1901 3308 2045 3364 Chrio

460 3428 589 3471 stus
616 3456 631 3481 ,
666 3430 769 3468 non
799 3428 915 3465 sum
940 3425 1037 3478 ego
1066 3421 1291 3476 sponsus
1311 3448 1325 3471 ,
1355 3405 1447 3459 sed
1481 3402 1679 3458 amicus
1719 3398 1917 3469 Sponsi.
1949 3395 2049 3465 Qui

490 3506 709 3575 gloriam
741 3502 882 3556 illius
911 3500 1117 3569 quaerit,
1175 3496 1262 3565 qui
1296 3494 1439 3549 misit
1484 3509 1637 3558 eum,
1692 3492 1882 3546 merito
1938 3502 2043 3543 non

487 3595 649 3656 cadit,
684 3593 873 3646 merito
900 3598 1024 3651 stat,
1082 3586 1272 3640 merito
1324 3585 1467 3637 audit
1516 3596 1699 3636 vocem
1742 3580 1943 3649 Sponsi',
1993 3587 2049 3633 et

490 3683 682 3755 gaudio
711 3680 903 3750 gaudet
928 3684 1139 3746 propter
1176 3688 1359 3726 vocem
1383 3672 1583 3740 sponsi.
1609 3668 1719 3723 Vox
1742 3683 1866 3737 ergo
1889 3681 2049 3736 spon-

486 3775 531 3830 ei
567 3782 649 3827 est
680 3791 692 3825 :
740 3769 838 3833 Ite,
871 3768 1043 3820 docete
1070 3778 1241 3816 omnes
1272 3770 1463 3831 gentes,
1517 3760 1823 3829 baptisantes
1867 3773 1951 3811 eos
1996 3756 2048 3809 in

488 3863 687 3917 nomine
722 3858 925 3921 Patris,
978 3865 1022 3909 et
1077 3852 1226 3915 Filii,
1255 3862 1301 3904 et
1359 3850 1584 3918 Spiritus
1639 3848 1799 3902 sancti
1835 3846 2045 3917 (Matth.

486 3952 695 4019 xxvttt).
731 3947 1016 4002 Confessus
1064 3954 1301 4012 estergo
1335 3939 1583 4002 Joannes,
1626 3938 1762 3991 sicut
1809 3937 2046 4006 superius

487 4040 728 4103 audistis,
751 4038 869 4107 quia
894 4053 995 4089 non
1034 4051 1147 4089 sum
1186 4051 1275 4103 ego
1301 4032 1548 4086 Christus.
1578 4030 1707 4095 Quia
1749 4044 1867 4082 cum
1889 4028 2047 4081 disci-

490 4132 645 4201 pulos
676 4130 869 4184 multos
922 4128 1120 4181 faceret
1147 4125 1321 4188 Jesus,
1353 4133 1405 4177 et
1436 4122 1749 4191 perterretur
1792 4120 1853 4174 ad
1904 4134 2044 4182 eum,

487 4222 649 4277 veluti
671 4230 727 4275 ut
753 4220 1091 4289 instigarelur
1114 4216 1283 4286 (quasi
1310 4214 1483 4268 invido
1503 4213 1641 4267 enim
1669 4218 2046 4265 narraverunt:

492 4310 624 4366 Ecce
646 4311 733 4363 ille
755 4309 878 4379 facit
906 4308 1077 4379 plures
1102 4305 1381 4373 discipulos
1405 4319 1555 4372 quant
1583 4301 1681 4369 tu).
1719 4298 1813 4356 ille
1838 4298 2049 4354 confes-

494 4418 583 4457 sus
614 4409 695 4455 est
724 4402 845 4469 quid
874 4406 1044 4464 esset,
1079 4406 1131 4451 et
1154 4394 1275 4449 inde
1299 4393 1487 4448 meruit
1516 4391 1579 4445 ad
1610 4404 1728 4445 eum
1759 4389 2046 4457 pertinere,

489 4495 612 4564 quia
647 4510 749 4546 non
779 4504 857 4546 est
909 4504 1066 4544 ausus
1091 4490 1269 4542 dicere
1300 4486 1433 4554 quod
1493 4495 1576 4538 est
1623 4484 1729 4539 ille.
1779 4481 1888 4537 lloc
1917 4497 2044 4553 ergo
2070 4522 2122 4580 Β

488 4587 621 4639 dixit
642 4584 870 4638 Joannes
900 4599 913 4635 :
952 4580 1070 4635 Non
1100 4588 1257 4650 potest
1305 4577 1453 4629 homo
1494 4577 1718 4645 accipere
1744 4574 2041 4643 quidquam,

489 4677 582 4728 nisi
629 4674 779 4744 fuerit
808 4673 851 4724 ei
877 4674 1049 4724 datum
1075 4671 1135 4722 de
1175 4669 1317 4722 calo.
1354 4668 1488 4735 Ergo
1517 4666 1755 4719 Christus
1813 4664 1939 4731 dat,
1996 4672 2050 4717 et

490 4771 648 4823 homo
678 4765 889 4834 accipit.
964 4763 1071 4832 Ipsi
1102 4777 1185 4816 vos
1226 4761 1348 4813 mihi
1397 4760 1733 4812 testimonium
1781 4755 2048 4827 perhibetis

488 4861 622 4929 quod
650 4858 867 4911 dixerim
906 4873 917 4907 :
973 4855 1090 4908 Non
1118 4870 1229 4907 sunt
1260 4868 1349 4921 ego
1378 4851 1633 4911 Christus,
1666 4850 1753 4905 sed
1779 4851 1896 4918 quia
1925 4849 2049 4901 mis-

489 4964 573 5000 sus
602 4962 710 4999 sum
733 4956 846 4998 ante
870 4945 1036 4998 illum.
1072 4943 1169 5009 Qui
1192 4941 1335 4993 habet
1384 4956 1645 5006 sponsam,
1697 4956 1909 5007 sponsus
1941 4951 2046 5004 est;

488 5041 677 5093 amicus
703 5048 866 5091 autem
890 5036 1093 5106 sponsi,
1118 5034 1204 5101 qui
1230 5042 1326 5085 stat
1350 5042 1394 5085 et
1442 5033 1583 5085 audit
1635 5048 1766 5096 eum,
1797 5042 1841 5085 et
1865 5032 2050 5101 gaudio

490 5129 671 5199 gaudet
706 5138 908 5196 propter
962 5141 1127 5178 vocem
1155 5122 1347 5193 sponsi,
1382 5138 1485 5175 non
1530 5120 1620 5174 sibi
1661 5124 1900 5191 gaudium
1930 5122 2051 5194 facit

491 5223 554 5272 de
574 5236 645 5275 se.
673 5220 769 5285 Qui
795 5220 933 5271 enim
977 5220 1081 5270 vult
1114 5214 1340 5282 gaudere
1372 5213 1439 5267 de
1471 5228 1547 5279 se,
1585 5213 1749 5267 tristis
1793 5216 1916 5267 erit.
1948 5213 2047 5278 Qui

490 5320 664 5365 autem
697 5311 760 5363 de
790 5311 895 5363 Deo
939 5309 1048 5361 vult
1089 5308 1338 5377 gaudere,
1398 5320 1606 5372 semper
1633 5304 1897 5372 gaudebit,
1931 5303 2051 5370 quia

495 5402 632 5456 Deus
677 5399 1027 5468 sempiternus
1055 5406 1155 5452 est.
1182 5396 1363 5451 Talem
1390 5410 1448 5450 se
1492 5394 1625 5447 dixit
1646 5393 1897 5460 Joannes,
1916 5403 2055 5462 ‘pro-

493 5503 609 5561 pter
629 5507 808 5547 vocem
836 5490 1013 5559 sponsi
1030 5489 1435 5559 gaudetatnicus
1458 5486 1657 5555 sponsi,
1686 5486 1779 5549 ait,
1804 5501 1904 5539 non
1932 5500 2052 5553 pro-

494 5596 609 5653 pter
630 5599 775 5637 suam
810 5598 993 5636 vocem
1016 5624 1029 5646 ,
1058 5591 1111 5636 et
1142 5590 1265 5645 stat,
1301 5590 1355 5633 et
1377 5580 1521 5631 audit
1551 5592 1691 5633 eum.
1725 5576 1779 5631 Si
1814 5592 1937 5645 ergo
1968 5592 2054 5631 ca-

493 5676 590 5737 dit,
619 5688 718 5727 non
747 5673 893 5727 audit
920 5688 1061 5729 eum.
1098 5672 1169 5727 De
1200 5672 1291 5726 illo
1318 5671 1461 5725 enim
1504 5670 1767 5739 quondam
1798 5669 1882 5737 qui
1915 5668 2056 5723 ceci—

496 5766 589 5832 dit,
616 5766 809 5821 dictum
832 5774 946 5821 est:
979 5765 1041 5823 Et
1070 5766 1119 5819 in
1150 5766 1358 5819 veritate
1389 5780 1489 5818 non
1517 5765 1651 5818 stetit
1681 5761 1860 5834 (Joan.
1899 5762 2049 5829 vttt);

2138 1939 2237 1991 tias
2264 1939 2563 2007 agentibus,
2596 1939 2733 1993 tollit
2764 1954 2868 1994 non
2912 1941 3211 2008 agentibus.
3238 1942 3419 1996 Noluit
3460 1958 3576 1999 esse
3604 1944 3690 1998 hoc

2136 2032 2392 2092 Joannes,
2415 2041 2594 2100 gratus
2621 2047 2739 2086 esse
2770 2033 2972 2086 voluit:
3012 2032 3286 2087 confessus
3313 2043 3395 2087 est
3438 2034 3690 2104 accepisse

2137 2140 2215 2189 se,
2238 2129 2534 2196 etgaudere
2561 2142 2618 2182 se
2641 2126 2772 2181 dixit
2803 2135 3018 2194 promer
3046 2142 3225 2180 vocem
3258 2129 3460 2195 sponsi,
3507 2137 3562 2182 et
3586 2127 3651 2183 ait
3676 2147 3684 2179 :

2139 2217 2253 2270 Hoc
2291 2234 2409 2288 ergo
2454 2217 2695 2288 gaudium
2722 2232 2885 2269 meum
2912 2217 3171 2285 impletum
3200 2225 3296 2271 est.

2210 2306 2369 2361 Illum
2396 2317 2589 2377 oportet
2615 2322 2849 2372 crescere,
2891 2322 2969 2359 me
3000 2318 3169 2359 autem
3212 2308 3393 2360 minus.
3440 2305 3573 2375 Quid
3618 2318 3687 2362 est

2140 2398 2261 2463 hoc,
2314 2395 2473 2451 Illum
2515 2406 2709 2466 oportet
2756 2397 3008 2463 exaltari,
3056 2413 3137 2450 me
3181 2407 3349 2451 autem
3396 2398 3684 2453 humiliari?

2143 2489 2386 2557 Magnum
2414 2487 2515 2543 hoc
2558 2489 2963 2544 Sacramentutn
3012 2500 3114 2555 est,
3164 2498 3452 2560 antequam
3492 2491 3676 2546 veniret

2144 2577 2400 2633 Dominus
2428 2578 2606 2643 Jesus,
2662 2578 2902 2634 homines
2923 2579 3282 2648 gloriabantur
3325 2581 3392 2635 de
3418 2595 3513 2636 se:
3561 2582 3684 2637 venit

2146 2671 2236 2725 ille
2266 2669 2445 2732 homo,
2484 2679 2540 2723 ut
2563 2670 2893 2725 minueretur
2934 2668 3163 2725 hominis
3212 2670 3404 2741 gloria,
3459 2681 3512 2727 et
3538 2686 3680 2743 auge-

2147 2769 2296 2816 retur
2338 2760 2502 2829 gloria
2537 2759 2649 2814 Dei.
2703 2759 2859 2815 Venit
2886 2759 2975 2815 ille
3004 2761 3119 2816 sine
3147 2770 3382 2829 peccato,
3430 2771 3481 2817 et
3508 2762 3685 2817 invenit

2145 2864 2333 2909 omnes
2363 2864 2483 2905 cum
2516 2858 2753 2918 peccato.
2799 2848 2855 2903 Si
2880 2850 2959 2904 sic
2986 2848 3132 2905 venit
3162 2850 3249 2905 ille
3269 2891 3284 2914 ,
3334 2860 3390 2905 ut
3419 2852 3685 2907 dimitteret

2148 2948 2401 3011 peceata:
2435 2939 2578 2994 Deus
2610 2939 2882 3008 largiatur,
2919 2939 3077 2995 homo
3117 2941 3450 2996 conﬁteatur.
3501 2943 3680 2996 Etenim

2150 3030 2416 3085 confessio
2468 3030 2731 3093 hominis,
2788 3029 3058 3083 humilitas
3110 3030 3378 3095 hominis;
3439 3032 3681 3088 miseratio

2151 3120 2267 3187 Dei,
2303 3119 2545 3173 altitudo.
2591 3117 2648 3173 Si
2683 3132 2809 3189 ergo
2842 3119 2986 3173 venit
3027 3120 3116 3174 ille
3161 3120 3425 3175 dimittere
3471 3133 3677 3191 peccata,

2149 3220 2409 3283 agnoscat
2455 3210 2612 3264 homo
2650 3208 2998 3264 humilitatem
3050 3224 3221 3277 suam,
3272 3220 3324 3266 et
3369 3212 3507 3266 Deus
3551 3213 3682 3267 faciet

2154 3302 2569 3358 misericordiam
2593 3314 2763 3356 suam.
2794 3299 2954 3354 Illum
2968 3309 3162 3369 oportet
3180 3316 3420 3365 crescere,
3450 3314 3678 3357 meantem

2151 3394 2331 3448 minui.
2376 3394 2485 3449 lioc
2514 3400 2620 3458 est,
2653 3391 2796 3446 illum
2822 3398 3033 3460 oportet
3073 3391 3221 3457 dare,
3253 3406 3335 3447 me
3367 3402 3535 3449 autem
3558 3395 3681 3448 seci-

2152 3500 2296 3553 pere.
2331 3484 2479 3555 illum
2513 3490 2724 3553 oportet
2756 3478 3059 3551 glorificari,
3109 3496 3195 3537 me
3223 3494 3403 3537 autem
3449 3487 3675 3538 conllteri.

2153 3573 2421 3642 intelligat
2475 3573 2635 3627 homo
2665 3570 2884 3640 gradum
2932 3584 3108 3637 suum,
3158 3580 3211 3624 et
3238 3570 3547 3625 confiteatur
3572 3570 3677 3631 Dei.

2147 3674 2202 3720 et
2232 3665 2415 3719 audiat
2442 3663 2754 3733 Apostolum
2785 3662 3050 3718 dicentem
3086 3662 3285 3719 homini
3314 3662 3618 3730 superbienti
3639 3672 3677 3713 et

2147 3756 2307 3820 elato,
2339 3765 2392 3810 et
2415 3754 2675 3809 extollere
2696 3768 2753 3809 se
2784 3753 2979 3808 volenti
3006 3771 3019 3806 :
3071 3751 3207 3818 Quid
3228 3756 3368 3811 enim
3396 3753 3541 3808 habes
3568 3754 3675 3820 quod

2148 3862 2247 3899 non
2278 3844 2512 3912 accepisti
2534 3844 2559 3896 .’
2608 3842 2670 3898 Si
2694 3852 2862 3897 autem
2887 3843 3149 3915 accepisti,
3176 3844 3296 3912 quid
3322 3843 3552 3913 gloriaris
3575 3858 3673 3911 qua-

2145 3935 2191 3989 si
2211 3951 2309 3989 non
2340 3935 2637 4005 acceperis?
2679 3933 2937 4005 intelligat
2982 3948 3108 4005 crgt
3156 3933 3315 3989 homo
3344 3936 3431 4005 qui
3474 3936 3667 4002 accepit.

2147 4025 2235 4094 qui
2266 4023 2474 4078 volebat
2505 4038 2662 4077 suum
2706 4022 2885 4077 dicere
2925 4023 3065 4091 quod
3099 4038 3204 4077 non
3232 4032 3312 4077 est
3338 4022 3478 4091 ejus,
3523 4033 3569 4077 et
3595 4023 3672 4075 uti-

2150 4122 2366 4166 nuatur.
2416 4110 2614 4165 Bonum
2643 4119 2714 4164 est
2752 4112 2885 4165 enim
2914 4111 2992 4164 illi
3022 4120 3074 4164 ut
3106 4110 3242 4164 Deus
3276 4112 3326 4163 in
3351 4112 3437 4164 illo
3463 4111 3675 4180 gloriﬁce-

2150 4208 2250 4267 tur,
2288 4202 2393 4271 ipss
2420 4202 2473 4254 in
2504 4217 2555 4255 se
2579 4202 2858 4265 minuatur,
2904 4210 2958 4253 ut
2984 4200 3040 4253 in
3086 4198 3193 4253 Deo
3237 4210 3477 4269 augeatur
3506 4198 3552 4269 (Ι
3579 4198 3672 4252 Cor.

2150 4293 2247 4365 tv).
2303 4294 2425 4348 llaec
2457 4294 2782 4359 testimonia,
2827 4292 2964 4346 hanc
3002 4294 3285 4347 veritatem
3316 4295 3474 4347 etiam
3502 4294 3671 4361 passlo~

2148 4387 2305 4441 nibus
2333 4386 2446 4441 suis
2486 4384 2919 4455 signiﬁcaverunt
2942 4381 3183 4439 Christus
3224 4393 3276 4438 et
3302 4384 3543 4437 Joannes.
3573 4381 3671 4435 Nam

2150 4478 2380 4533 Joannes
2408 4478 2580 4547 capite
2610 4477 2846 4531 minutus
2872 4485 2973 4541 est,
3020 4484 3078 4529 ut
3104 4486 3156 4529 et
3188 4475 3259 4529 ibi
3288 4486 3552 4544 appareret
3576 4490 3599 4539 q
3621 4474 3669 4523 .id

2150 4580 2231 4626 est
2259 4570 2417 4625 Illum
2447 4579 2642 4639 oportet
2669 4583 2907 4632 crescere,
2949 4584 3026 4620 me
3052 4578 3219 4619 autem
3245 4568 3426 4620 minui.
3475 4566 3572 4619 iioc
3594 4573 3669 4621 est.

2151 4659 2293 4716 illum
2317 4669 2522 4727 oportet
2542 4659 2782 4722 exaltari,
2810 4672 2893 4711 nte
2922 4668 3100 4711 autem
3121 4657 3381 4711 humiliari
3406 4674 3419 4721 ;
3447 4656 3538 4708 hoc
3562 4653 3669 4708 enim

2154 4749 2413 4819 significat
2455 4760 2509 4804 et
2559 4750 2671 4819 ipsa
2702 4760 2947 4803 creatura
2979 4748 3135 4801 lucis.
3189 4747 3317 4801 Nam
3348 4746 3576 4800 Christus
3604 4757 3671 4795 tta-

2153 4849 2236 4900 ωε
2256 4850 2337 4896 est
2356 4840 2541 4894 diebus
2554 4840 2936 4905 crescentibus,
2954 4838 3186 4895 Joannes
3209 4853 3333 4893 vero
3362 4834 3672 4893 decrescenti-

2156 4935 2272 5001 bus,
2308 4941 2373 4987 ut
2397 4934 2770 4988 ostenderetur
2800 4931 2925 5001 quid
2957 4942 3039 4986 est
3073 4930 3341 4993 Christus,
3399 4930 3495 4981 hoc
3522 4936 3589 4981 est
3614 4926 3671 4977 lu-

2151 5040 2274 5081 men
2302 5040 2520 5089 verum;
2562 5035 2615 5078 et
2644 5024 2768 5093 quid
2797 5033 2877 5078 est
2916 5022 3166 5088 Joannes,
3204 5025 3301 5077 hoc
3345 5032 3426 5076 est
3458 5018 3672 5073 illuminr

2155 5125 2237 5170 tus
2264 5117 2329 5171 ab
2358 5132 2441 5173 eo.
2492 5117 2807 5171 Crescamus
2855 5129 2950 5168 nos
2982 5115 3032 5167 in
3066 5114 3179 5177 illo,
3234 5124 3284 5168 et
3318 5128 3413 5182 per
3447 5113 3592 5171 illum,
3630 5116 3670 5156 nl

2157 5208 2246 5263 ille
2273 5219 2474 5264 crescat
2522 5210 2572 5262 in
2606 5208 2781 5273 nobis,
2830 5206 3000 5261 donec
3032 5208 3404 5273 perveniamus
3444 5204 3505 5255 ad
3541 5198 3671 5267 peric

2154 5309 2294 5353 ctum
2324 5298 2489 5354 diem.
2527 5298 2821 5352 Audiamus
2851 5295 3021 5349 adhuc
3052 5296 3174 5363 quid
3205 5294 3438 5348 Joannes
3468 5291 3527 5345 de
3550 5287 3667 5341 Chri-

2156 5401 2239 5445 sto
2267 5390 2483 5457 dixerit,
2525 5389 2607 5443 vel
2643 5389 2769 5457 quid
2796 5388 2861 5442 de
2894 5388 3092 5455 seipso.
3127 5386 3263 5438 Dicit
3290 5385 3467 5437 enim:

2230 5483 2327 5548 Qui
2366 5484 2427 5535 de
2456 5496 2650 5535 sursum
2696 5480 2855 5544 venit,
2902 5494 3050 5545 super
3098 5491 3268 5529 omnes
3310 5485 3419 5537 est:
3464 5470 3599 5539 εισιιὶ
3626 5470 3671 5515 de

2158 5584 2288 5627 terra
2313 5584 2401 5640 est,
2435 5576 2496 5626 de
2524 5583 2656 5624 terra
2685 5570 2918 5638 loquitur.
2952 5568 3052 5631 Qui
3080 5568 3141 5620 de
3170 5582 3369 5619 sursum
3392 5574 3531 5623 venit,
3556 5571 3670 5623 sup”

2157 5678 2324 5716 omnes
2351 5670 2439 5725 est,
2470 5661 2517 5714 id
2542 5671 2621 5715 est
2642 5656 2905 5717 Christus.
2930 5657 3026 5722 Qui
3051 5664 3218 5707 autem
3236 5665 3303 5706 est
3327 5655 3388 5706 de
3404 5666 3544 5711 terra,
3568 5658 3668 5696 terra

2158 5763 2250 5823 est,
2279 5760 2325 5804 et
2356 5754 2415 5805 de
2447 5760 2579 5804 terra
2618 5750 2861 5819 loquitur,
2907 5746 2957 5802 id
2990 5756 3068 5802 est
3113 5744 3368 5800 Joannes.
3415 5745 3533 5800 Cum
3572 5751 3666 5803 ergo
