3822 6226
95 408 185 460 θη

996 396 1057 450 IN
1097 393 1151 450 S.
1194 392 1474 449 JOANNIS
1515 390 1955 451 EVANGELIUH
1997 394 2377 451 EXPOSITIO.

3198 399 3303 452 618

98 518 153 572 de
181 526 312 570 terra
344 510 571 581 loquitur
592 509 767 563 omnis
801 508 978 569 homo,
1008 516 1251 561 terrenus
1280 512 1398 567 est;
1430 510 1482 556 ct
1508 502 1631 555 dum
1662 505 1710 563 Α
1737 519 1833 557 res:
1849 514 1940 558 est.
1977 504 2147 572 Quis?
2188 504 2304 573 Ipse
2341 506 2429 575 qui
2469 504 2533 559 de
2571 504 2694 559 caelo
2724 506 2873 574 venit,
2905 515 2959 563 et
3004 506 3294 575 descendit,

103 614 291 658 terrena
321 602 567 671 loquitur,
609 600 678 653 de
701 585 843 653 terra
889 597 1137 662 loquitur.
1191 596 1288 662 Qui
1338 609 1462 647 vero
1516 593 1633 647 illu-

108 696 313 745 minatus
342 701 419 744 est
444 690 512 743 ab
550 704 617 742 eo
646 690 733 757 qui
764 696 846 742 est
875 688 1049 741 lumen
1092 701 1297 747 verum,
1345 684 1413 739 de
1442 685 1634 739 divinis

104 783 331 848 loquitur.
387 779 525 849 Ergo
567 793 779 831 sursum
808 785 892 831 est
914 779 1077 846 gratia
1111 776 1225 842 Dei,
1255 777 1499 830 deorsum
1532 792 1630 829 na-

99 884 195 926 tura
224 872 471 926 hominis.
524 868 765 923 Carnalis
792 869 1076 923 carnaliter
1104 870 1350 932 aestimat,
1401 867 1631 921 carnali-

101 969 169 1013 ter
196 962 506 1027 suspicatur.
548 958 679 1012 Dum
711 959 853 1011 venit
878 960 1046 1028 gratia
1069 957 1158 1012 Dei
1212 957 1513 1025 illuminaus
1540 959 1634 1011 ho-

112 1051 307 1113 minem,
357 1048 596 1103 ctelestia
645 1049 905 1118 loquitur,
955 1048 1090 1102 sicut
1132 1047 1332 1104 dictum
1361 1058 1479 1099 est:
1534 1048 1636 1113 Qui

98 1142 325 1192 illuminas
370 1140 632 1193 lucernam
676 1156 859 1203 meam,
908 1138 1122 1193 Domine
1150 1137 1284 1191 Deus
1328 1154 1488 1203 meus,
1514 1139 1633 1193 illu-

97 1232 217 1281 urina
240 1230 459 1282 tenebras
489 1246 627 1284 meas
657 1230 827 1299 (Psal.
853 1231 1005 1297 xvu),
1035 1229 1134 1282 hoc
1162 1236 1263 1292 est,
1294 1226 1455 1280 Illum
1483 1244 1635 1296 opor-

97 1324 156 1370 tet
180 1333 407 1382 crescere,
435 1335 512 1372 me
536 1327 704 1371 autem
732 1318 910 1371 minui.
951 1318 1089 1387 Ergo
1116 1316 1365 1379 Joannes,
1398 1316 1535 1381 quod
1563 1316 1628 1369 ad

95 1406 327 1461 Joannem
362 1410 615 1475 pertinet,
664 1410 726 1461 de
752 1420 884 1461 terra
912 1418 1006 1471 est,
1053 1408 1180 1461 etde
1217 1416 1354 1460 terra
1391 1406 1631 1475 loquitur.

93 1495 141 1549 Si
168 1496 280 1565 quid
306 1496 541 1550 divinum
566 1512 594 1549 a
623 1496 825 1551 Joanne
872 1496 1094 1560 audisti,
1154 1495 1498 1550 illuminantis
1528 1507 1631 1561 est,

96 1602 186 1641 non
213 1585 534 1653 recipientis.
580 1587 681 1652 Qui
706 1586 767 1638 de
790 1587 915 1639 salo
940 1586 1094 1652 venit,
1148 1603 1284 1655 super
1316 1603 1488 1642 omnes
1517 1596 1589 1641 est
1614 1604 1632 1652 ,-

93 1688 132 1729 ει
156 1675 275 1742 quod
293 1676 420 1737 vidit
449 1683 494 1729 et
522 1675 735 1739 audiuit,
768 1677 862 1728 hoc
887 1686 1115 1730 testatur.

156 1763 568 1817 Ettestimoniam
596 1766 709 1835 ejus
753 1780 898 1818 nemo
938 1766 1141 1835 accipit.
1190 1765 1340 1831 Quod
1386 1766 1454 1821 de
1496 1767 1634 1822 cmlo

1741 610 1892 665 super
1916 610 2087 649 omnes
2114 604 2208 658 est,
2234 594 2367 649 Deus
2394 612 2549 648 uerax
2571 606 2665 649 est.

1811 686 1970 753 Quem
1998 686 2132 739 enim
2158 686 2290 738 misit
2321 683 2472 748 Deus,
2505 684 2651 738 verbi
2690 684 2784 740 Dei
2803 685 3042 755 loquitur.
3073 686 3190 755 Ipse
3211 696 3296 741 est

1742 774 1880 829 Deus
1908 789 2105 839 verax;
2136 775 2247 843 ipse
2274 784 2355 828 est
2381 774 2520 827 Deus
2565 784 2619 828 et
2662 775 2910 830 Dominus
2941 787 3121 831 noster
3144 776 3299 833 Jesus

1737 862 2005 925 Christus,
2035 862 2103 916 de
2132 876 2237 930 quo
2267 861 2552 930 Apostolus
2579 862 2645 915 ait
2679 886 2690 913 ς
2727 862 3003 933 Postquam
3033 868 3164 920 venit
3192 866 3299 934 ple-

1739 953 1917 1005 nitudo
1947 954 2205 1019 temporis,
2254 953 2388 1004 misit
2423 952 2558 1005 Deus
2590 950 2785 1005 Filium
2814 970 2961 1008 suum
3001 959 3193 1025 factum
3238 974 3301 1011 ea:

1737 1034 1963 1105 muliere,
2002 1044 2190 1110 factum
2216 1042 2309 1095 sub
2337 1042 2445 1110 lege
2471 1040 2665 1111 (Galat.
2700 1041 2794 1110 tv).

1812 1130 1970 1199 Quem
1993 1134 2127 1186 enim
2155 1132 2291 1184 misit
2325 1132 2478 1197 Deus,
2500 1132 2647 1185 verba
2671 1132 2761 1186 Dei
2782 1133 3022 1202 loquitur.
3058 1133 3168 1188 Hoc
3199 1133 3299 1187 uti-

1736 1238 1839 1292 que
1866 1222 1933 1276 de
1958 1223 2168 1277 Christo
2199 1223 2429 1287 dicebat,
2476 1231 2533 1275 ut
2575 1238 2632 1277 se
2673 1224 2742 1277 ab
2791 1224 2881 1277 illo
2927 1225 3294 1294 distingueret.

1738 1311 1876 1381 Quid
1906 1311 2102 1368 enim?
2147 1313 2406 1368 Joannem
2458 1326 2632 1367 nonne
2684 1314 2817 1367 Dens
2851 1316 3039 1369 misit?
3083 1317 3161 1370 An
3193 1331 3299 1369 non

1737 1404 1850 1473 ipse
1873 1404 2038 1458 dixit:
2074 1403 2263 1458 Missus
2306 1420 2419 1457 sum
2466 1411 2581 1457 ante
2608 1404 2768 1458 eum?
2804 1416 2893 1459 et:
2930 1404 3030 1471 Qui
3062 1420 3140 1458 me
3166 1405 3301 1458 misit

1736 1497 1994 1565 baptizare
2020 1500 2069 1549 in
2096 1514 2228 1568 aqua
2246 1495 2420 1568 (Joan.
2446 1498 2506 1567 ι).
2533 1497 2597 1551 Et
2620 1499 2681 1551 de
2709 1499 2797 1552 illo
2820 1499 3007 1552 dictant
3027 1510 3101 1553 est
3122 1515 3143 1554 :
3174 1499 3303 1554 Ecce

1734 1588 1878 1640 mitto
1900 1587 2141 1657 angelum
2164 1604 2332 1642 meum
2360 1596 2480 1641 ante
2509 1598 2579 1652 te,
2612 1596 2656 1641 et
2673 1590 2988 1657 prmparabit»
3007 1591 3139 1643 viam
3163 1602 3302 1644 tuam

1735 1674 1989 1745 (Maloea.
2017 1674 2122 1743 Ill).
2169 1674 2355 1730 Nonne
2384 1687 2435 1730 et
2468 1677 2579 1741 ipse
2608 1677 2765 1729 verba
2799 1675 2889 1731 Dei
2922 1677 3181 1744 loquitur,
3230 1678 3299 1734 de

1734 1780 1839 1833 quo
1868 1767 2028 1819 etiam
2057 1766 2257 1819 dictum
2306 1775 2389 1819 est
2425 1766 2565 1835 quod
2614 1768 2685 1820 sit
2714 1766 2943 1834 amplius
2972 1783 3129 1837 quam
3180 1783 3303 1835 pro-

96 1853 234 1913 venit,
263 1865 421 1919 super
451 1866 637 1907 omnes
666 1861 768 1917 est,
798 1852 1050 1907 Dominus
1079 1864 1259 1909 uoster
1290 1855 1446 1910 Jesus
1477 1856 1626 1909 Cliri-
1664 1841 1707 1898 Β
1737 1856 1900 1924 pheta
1926 1855 2138 1923 (Matth.
2174 1854 2266 1924 xu)
2290 1855 2309 1908 2
2331 1854 2387 1911 Si
2414 1870 2540 1924 ergo
2566 1865 2616 1909 et
2644 1856 2813 1925 ipsum
2843 1856 3097 1911 Dominus
3127 1858 3290 1920 misit,

94 1953 211 1999 stus.
241 1940 302 1995 de
326 1954 433 2006 quo
461 1941 706 2009 superius
735 1941 933 1997 dictum
967 1951 1087 2003 est:
1126 1944 1291 1998 Nemo
1312 1948 1538 1998 ascendit
1578 1947 1628 1999 in

92 2030 267 2094 celsus,
316 2029 415 2083 nisi
460 2031 545 2098 qui
589 2032 844 2085 descendit
890 2034 953 2085 de
979 2033 1123 2098 caelo,
1176 2033 1343 2088 Filius
1390 2036 1626 2101 hominis,

93 2121 164 2185 qui
184 2127 246 2171 est
273 2120 320 2170 in
345 2120 493 2173 celo.
538 2113 827 2174 Est’autem
856 2136 1019 2187 super
1046 2137 1234 2177 omnes
1258 2140 1271 2182 ;
1304 2131 1357 2177 et
1384 2126 1523 2193 quod
1552 2127 1627 2179 vi-

98 2208 178 2268 dit,
207 2215 254 2258 et
278 2207 495 2270 audivit,
532 2207 632 2260 hoc
662 2206 908 2276 loquitur.
966 2208 1131 2263 liabet
1159 2213 1301 2264 enim
1331 2220 1386 2265 et
1420 2214 1627 2268 Patrem

94 2299 188 2363 ipse
216 2296 345 2351 ﬁlius
374 2296 490 2360 Dei,
521 2306 579 2351 et
606 2298 808 2352 audivit
833 2314 860 2351 a
890 2298 1064 2355 Patre.
1102 2302 1162 2354 Et
1191 2303 1331 2370 quod
1374 2304 1574 2356 audivit
1598 2319 1627 2359 a

94 2386 244 2451 Patre,
269 2387 389 2454 quid
416 2388 538 2440 est?
569 2389 689 2456 quis
722 2390 819 2442 hoc
856 2388 1131 2457 explicati
1182 2391 1403 2455 Quando
1452 2393 1628 2460 lingua

100 2491 216 2541 mea,
243 2478 445 2545 quando
474 2492 568 2532 cor
601 2493 778 2533 meum
806 2479 1054 2535 sufﬁcere
1082 2490 1276 2549 potest,
1329 2482 1413 2536 vel
1443 2496 1535 2537 cor
1563 2483 1629 2538 ad

96 2568 477 2635 intelligendum,
510 2568 589 2621 vel
626 2569 799 2638 lingua
826 2569 890 2623 ad
923 2570 1300 2636 proferendum
1332 2572 1355 2626 τ
1384 2573 1519 2639 Quid
1546 2584 1630 2629 est

94 2659 212 2727 quod
240 2659 392 2714 Filius
426 2662 626 2714 audivit
676 2676 705 2713 a
738 2660 939 2714 Patre?
986 2660 1145 2717 Forte
1176 2662 1343 2717 Filius
1368 2673 1466 2729 est,
1501 2664 1629 2719 Ver-

98 2750 199 2801 bum
234 2748 395 2803 Patris
425 2750 648 2804 audivit.
695 2748 807 2804 JIIIO
857 2750 1019 2806 Filius
1056 2751 1282 2808 Verbum
1308 2754 1479 2809 Patris
1525 2765 1623 2809 est.

98 2840 206 2895 Cum
226 2857 341 2911 ergo
362 2842 595 2898 Verbum
629 2842 721 2898 Dei
756 2844 895 2899 illius
924 2846 1013 2911 sit,
1060 2845 1228 2903 Filius
1274 2858 1451 2903 autem
1483 2850 1632 2906 locu-

101 2939 261 2985 tusest
287 2932 455 2997 nobis,
489 2946 597 2987 non
642 2933 863 2989 verbum
894 2949 1071 3001 suum,
1120 2936 1215 2991 sed
1266 2939 1484 2993 verbum
1530 2940 1629 2993 Pa-

105 3023 181 3073 tris
201 3035 253 3076 se
279 3022 425 3077 nobis
453 3022 595 3092 loqui
626 3024 810 3091 voluit,
858 3027 947 3094 qui
1003 3028 1220 3083 verbum
1250 3030 1421 3084 Patris
1449 3032 1629 3101 loque-

100 3107 245 3161 batur.
290 3108 396 3164 lloc
426 3126 552 3181 ergo
582 3113 852 3180 quomodo
889 3116 1067 3171 decuit
1113 3127 1167 3173 et
1195 3120 1449 3187 oportuit,
1495 3121 1626 3175 dixit

101 3196 299 3255 Joannes
323 3219 334 3253 :
367 3200 468 3264 Qui
496 3201 561 3255 de
580 3203 706 3256 calo
732 3204 885 3271 venit,
912 3221 1063 3275 super
1090 3222 1260 3262 omnes
1288 3218 1359 3262 est
1382 3225 1401 3274 ;
1422 3220 1469 3263 et
1490 3211 1623 3279 quod

98 3289 197 3342 sidit
218 3299 261 3343 et
280 3291 488 3358 audis-it,
513 3293 647 3345 illud
663 3303 892 3359 testatur,
914 3305 962 3349 et
987 3298 1323 3351 testimonium
1342 3303 1453 3370 ejus
1482 3316 1626 3353 nemo

98 3381 267 3449 accipit.
292 3380 345 3436 Si
374 3397 553 3448 nemo,
604 3382 806 3453 inquit,
834 3386 1048 3455 accipit,
1087 3402 1183 3440 cur
1231 3403 1357 3456 ergo
1384 3388 1627 3445 Christus

99 3468 253 3523 venit?
295 3470 546 3538 Quoniam
576 3481 660 3527 est
722 3475 932 3542 quidam
961 3475 1182 3543 populus
1215 3488 1535 3545 praeparatus
1562 3480 1627 3535 ad

106 3560 215 3611 iram
236 3558 340 3625 Dei,
371 3560 702 3615 damnandus
718 3576 839 3616 cum
864 3563 1093 3619 diabolo.
1126 3567 1324 3621 llorum
1357 3584 1514 3623 nemo
1540 3584 1627 3623 ac-
1658 3566 1667 3597 λ

98 3648 204 3715 cipit
245 3652 600 3706 testimonium
648 3651 871 3707 Christi.
924 3654 1057 3709 Nam
1100 3654 1145 3709 si
1181 3656 1400 3713 omnino
1447 3674 1621 3723 nemo,

99 3738 248 3792 nullus
274 3739 447 3804 homo,
481 3739 607 3809 quid
634 3750 718 3795 est
744 3742 882 3810 quod
914 3744 1150 3813 sequitur
1176 3762 1189 3799 :

158 3826 244 3892 Qui
290 3831 466 3898 accipit
512 3831 852 3885 testimonium
889 3836 1022 3905 ejus,
1067 3835 1281 3905 signavit
1328 3838 1447 3905 quia
1492 3837 1628 3891 Deus

98 3935 225 3971 πνοι
278 3922 392 3974 est?
439 3923 597 3978 Certe
656 3938 784 3994 ergo
840 3931 1031 3990 nemo,
1092 3927 1224 3992 nisi,
1284 3938 1336 3982 ut
1384 3930 1498 3997 ipse
1550 3930 1628 3984 di-

100 4012 181 4069 ris,
202 4014 279 4079 qui
306 4014 490 4081 accipit
528 4015 893 4070 testimonium
917 4016 1051 4087 ejus,
1083 4020 1315 4089 signavit,
1348 4024 1466 4089 quia
1498 4021 1628 4075 Deus

102 4116 229 4154 rem
252 4116 334 4157 est.
370 4105 659 4175 Respondit
682 4123 811 4178 ergo
836 4106 1064 4165 fortasse
1096 4113 1449 4182 interrogatus
1476 4113 1629 4168 Joan-

106 4208 201 4260 nes,
242 4195 381 4262 quasi
431 4195 631 4251 diceret
678 4198 832 4254 nobis
883 4201 1007 4269 quid
1058 4202 1261 4257 dixerit
1308 4218 1494 4270 nemo,
1548 4216 1628 4258 est

101 4284 218 4337 enim
262 4285 463 4353 quidam
522 4288 745 4355 populus
804 4301 955 4344 natus
998 4292 1065 4345 ad
1112 4292 1245 4347 iram
1286 4292 1403 4360 Dei,
1452 4303 1506 4349 et
1557 4296 1622 4348 ad

108 4377 190 4429 hoc
216 4380 571 4447 przucoguitus.
604 4380 705 4446 Qui
728 4380 830 4435 sint
850 4380 992 4436 enim
1018 4382 1292 4449 credituri,
1322 4392 1375 4439 et
1402 4386 1491 4455 qui
1524 4402 1625 4439 non

1656 3165 1701 3227 Ο

1730 1955 1783 1997 et
1813 1944 1970 1998 verba
2005 1945 2097 1998 Dei
2141 1944 2391 2012 loquitur,
2419 1947 2687 2013 quomodo
2716 1946 2781 2001 ad
2805 1947 3201 2001 distinctionem
3232 1949 3299 2001 de

1730 2031 1943 2090 Christo
1997 2047 2115 2086 eum
2147 2034 2343 2087 dixisse
2369 2035 2706 2099 accipimus:
2768 2035 2927 2098 Quem
2978 2037 3112 2088 enint
3162 2038 3297 2089 misit

1734 2119 1889 2184 Deus,
1922 2122 2070 2174 verba
2093 2117 2187 2173 Dei
2216 2120 2478 2188 loquitur?
2504 2122 2607 2175 Sed
2640 2118 2760 2175 vide
2786 2123 2908 2190 quid
2940 2123 3210 2191 adjungat.

1804 2211 1932 2264 Non
1950 2213 2085 2265 enim
2114 2212 2181 2264 ad
2223 2228 2512 2266 mensuram
2552 2213 2639 2264 dat
2686 2213 2819 2266 Deus
2838 2214 3110 2282 Spiritum.
3164 2216 3301 2270 Audi

1731 2301 2048 2366 Apostolum
2076 2300 2344 2354 dicentem
2369 2317 2383 2353 :
2417 2301 2712 2356 Secundum
2747 2318 3034 2355 mensuram
3063 2305 3300 2357 donatio-

1729 2392 1808 2444 nis
1830 2390 2018 2444 Christi
2041 2390 2258 2460 (Ephes.
2287 2391 2383 2461 tv).
2418 2392 2730 2447 Hominibus
2760 2393 2825 2447 ad
2855 2408 3157 2448 mensuram
3183 2395 3293 2457 dat,

1734 2483 1896 2537 unico
1920 2481 2028 2535 lilio
2058 2498 2161 2535 non
2194 2483 2374 2536 dated.
2395 2498 2715 2537 mensuram.
2754 2483 3033 2549 Quomodo
3071 2486 3303 2539 homin-i-

1730 2572 1827 2625 bus
1867 2571 1934 2625 ad
1982 2586 2285 2625 mensuram
2311 2572 2335 2625 ἲ
2383 2573 2487 2625 Alii
2516 2574 2719 2642 quidem
2748 2575 2901 2627 datur
2929 2593 3017 2645 per
3049 2576 3301 2649 Spiritum

1728 2679 1891 2717 sermo
1913 2664 2197 2734 sapientiae,
2227 2664 2320 2716 alii
2345 2681 2506 2718 sermo
2533 2666 2757 2719 scientite
2775 2667 3053 2721 secundum
3073 2671 3303 2722 eunodem

1729 2750 2002 2822 Spiritum,
2031 2752 2121 2805 alii
2147 2752 2272 2817 ﬁdes
2320 2755 2373 2806 in
2401 2753 2573 2807 eodem
2599 2753 2821 2822 Spiritu,
2863 2757 2952 2808 alii
3010 2758 3300 2824 prophetia,

1728 2842 1819 2897 alii
1846 2844 2102 2913 judicatio
2140 2845 2433 2913 spirituum,
2476 2846 2568 2898 alii
2614 2862 2800 2914 genera
2846 2847 3159 2916 linguarum,
3207 2849 3300 2901 alii

1729 2936 1864 2989 dona
1903 2937 2221 2990 curationum
2268 2936 2315 3005 (Ι
2362 2936 2482 2991 Cor.
2517 2940 2637 3003 xtl).
2680 2937 2925 3006 Nunquid
2956 2954 3141 2993 omnes
3170 2956 3296 3008 pro-

1732 3026 1946 3095 phetici
1994 3026 2240 3095 Nunquid
2270 3041 2455 3080 omnes
2484 3028 2772 3081 doctores?
2820 3026 3063 3096 Nunquid
3112 3042 3301 3083 omnes

1728 3116 1949 3172 virtutes
1978 3118 1998 3171 ι
2038 3116 2281 3185 Nunquid
2328 3132 2514 3171 omnes
2548 3118 2684 3171 dona
2737 3118 2931 3171 habent
2964 3119 3245 3171 sanitatum
3273 3119 3295 3169 t

1730 3208 1981 3277 Nunquid
2012 3222 2203 3261 omnes
2233 3207 2425 3277 linguis
2459 3207 2792 3276 loquuntur?
2836 3206 3078 3277 Nunquid
3110 3222 3298 3263 omnes

1731 3298 2194 3366 interpretantur?
2220 3298 2373 3352 Aliud
2409 3299 2565 3351 habet
2590 3297 2698 3363 ille,
2729 3297 2871 3350 aliud
2907 3298 3043 3361 iste;
3077 3306 3130 3351 et
3152 3299 3295 3367 quod

1732 3386 1895 3441 habet
1926 3387 2045 3451 iste,
2078 3401 2181 3441 non
2214 3388 2373 3441 habet
2394 3387 2500 3441 ille.
2535 3387 2777 3441 Mensura
2806 3396 2907 3455 est,
2937 3385 3132 3441 divisio
3156 3404 3299 3457 quae-

1729 3475 1852 3530 dam
1881 3476 2143 3530 donorum
2167 3484 2269 3530 est.
2303 3474 2438 3543 Ergo
2462 3476 2763 3530 hominibus
2789 3490 3034 3529 mensura
3065 3475 3219 3528 datur
3245 3486 3300 3529 et

1730 3565 2034 3629 concordia,
2084 3566 2170 3619 uhi
2199 3581 2361 3619 unum
2391 3580 2583 3635 corpus
2632 3565 2774 3619 iacit.
2827 3565 3107 3632 Quomodo
3153 3566 3296 3619 aliud

1731 3657 1927 3725 accipit
1952 3670 2144 3710 manus
2192 3668 2248 3710 ut
2285 3665 2557 3724 operetur,
2604 3656 2750 3710 aliud
2798 3657 2985 3710 oculus
3016 3665 3071 3709 ut
3101 3655 3296 3720 videat,

1730 3746 1872 3799 aliud
1904 3747 2050 3799 auris
2076 3754 2132 3797 ut
2158 3745 2360 3812 audiat,
2412 3743 2551 3798 aliud
2585 3759 2677 3813 pes
2706 3754 2765 3799 ut
2793 3746 3027 3799 ambulet
3057 3764 3069 3797 :
3120 3745 3297 3800 anima

1734 3846 1909 3889 tamen
1941 3850 2043 3888 una
2070 3844 2169 3900 est,
2205 3851 2320 3903 qua:
2368 3836 2474 3902 agit
2504 3836 2680 3888 omnia
2705 3852 2719 3898 ;
2765 3834 2817 3887 iu
2845 3850 3001 3888 manu
3030 3844 3086 3888 ut
3109 3850 3300 3904 opere-

1733 3934 1838 3990 tur,
1868 3927 1918 3979 iu
1952 3926 2087 3994 pede
2116 3934 2170 3979 ut
2203 3925 2455 3989 ambulet,
2506 3925 2556 3978 in
2588 3939 2715 3979 aure
2744 3936 2799 3979 ut
2827 3926 3025 3991 audiat,
3061 3926 3112 3979 in
3143 3926 3299 3980 oculo

1730 4026 1787 4069 ut
1814 4017 1992 4070 videat
2017 4031 2032 4077 ;
2064 4017 2143 4069 sic
2167 4024 2288 4068 sunt
2313 4014 2471 4069 etiam
2500 4015 2707 4070 diversa
2733 4017 2869 4069 dona
2904 4017 3155 4085 lidelium,
3183 4030 3299 4073 tan-

1732 4121 1887 4175 quam
1919 4105 2172 4159 membris
2197 4106 2263 4156 ad
2305 4119 2605 4158 mensuram
2655 4105 2845 4174 cuique
2878 4109 3088 4175 propria
3117 4107 3298 4161 distri-

1735 4198 1881 4249 buta.
1915 4194 2017 4250 Sed
2048 4192 2310 4256 Christus,
2360 4195 2448 4261 qui
2476 4193 2589 4258 dat,
2641 4210 2744 4248 non
2775 4195 2840 4250 ad
2873 4210 3174 4250 mensuram
3203 4212 3291 4252 ac-

1733 4286 1890 4352 cepit.
1924 4282 2058 4337 Audi
2087 4285 2232 4337 enim
2262 4282 2437 4337 adhuc
2466 4282 2609 4351 quod
2639 4284 2902 4352 sequitur,
2928 4284 3048 4352 quia
3078 4285 3142 4339 de
3168 4285 3301 4340 Filio

1733 4376 1955 4430 dixerat.

106 4467 471 4535 sintuedituri,
497 4469 645 4524 novit
663 4470 950 4537 Dominus;
981 4472 1073 4541 qui
1101 4474 1207 4527 sint
1240 4482 1623 4543 perseveraturi
1656 4498 1705 4555 ι)
1806 4466 1927 4520 Non
1957 4466 2088 4519 enim
2117 4467 2183 4519 ad
2213 4480 2497 4519 mensuram
2542 4464 2627 4517 dat
2662 4464 2791 4519 Deus
2820 4464 3095 4533 Spiritum.
3147 4466 3300 4522 Pater

108 4555 381 4625 iueoquod
424 4559 786 4626 crediderunt,
838 4568 891 4615 et
918 4563 1006 4628 qui
1058 4563 1165 4616 sint
1211 4563 1429 4633 lapsuri,
1483 4568 1626 4620 novit

108 4646 257 4712 Deus;
283 4657 331 4704 et
357 4651 611 4704 numerati
656 4661 782 4705 sunt
815 4650 921 4705 Deo
959 4667 1146 4707 omnes
1183 4653 1344 4709 futuri
1390 4654 1442 4709 in
1470 4657 1627 4709 vitam

108 4750 347 4792 aeternam.
412 4738 800 4794 Testimonium
852 4740 969 4809 ejus
1020 4742 1110 4812 qui
1159 4746 1301 4799 venit
1353 4744 1419 4800 de
1470 4747 1626 4813 caelo,

110 4843 241 4884 nemo
277 4831 481 4899 accipit.
514 4830 613 4897 Qui
658 4841 835 4887 autem
881 4836 1063 4904 accipit
1112 4838 1448 4891 testimonium
1494 4841 1625 4909 ejus,

110 4924 295 4991 signauit
318 4927 432 4992 quia
460 4924 600 4978 Deus
629 4940 783 4977 vera:
811 4936 905 4978 est.
952 4925 1185 4994 Signavit
1210 4927 1360 4993 dixit,
1408 4929 1506 4982 hoc
1552 4940 1634 4984 est

112 5013 286 5082 signum
316 5016 457 5083 ponit
500 5013 551 5068 in
596 5014 759 5070 corde
789 5031 905 5080 suo,
960 5018 1112 5085 quasi
1136 5000 1402 5086 singulare
1431 5026 1486 5072 et
1510 5035 1633 5087 spe-

114 5107 224 5161 ciale
250 5109 453 5177 aliquid,
488 5109 627 5161 hunc
657 5123 777 5161 esse
809 5123 985 5160 verum
1010 5108 1195 5174 Deum,
1216 5109 1304 5176 qui
1337 5110 1528 5163 missus
1556 5119 1635 5164 est

115 5198 173 5249 ob
199 5182 402 5251 salutem
434 5198 649 5251 humani
678 5199 913 5267 generis.
965 5197 1104 5263 Quid
1146 5208 1245 5262 est,
1276 5199 1486 5267 signavit
1516 5202 1634 5268 quia

120 5286 232 5342 Deus
256 5305 394 5341 verus
416 5299 503 5353 est,
536 5288 632 5341 nisi
659 5288 777 5356 quia
809 5288 969 5340 homo
1000 5287 1227 5341 mendax
1253 5299 1352 5353 est,
1388 5288 1527 5342 Deus
1551 5306 1635 5343 ve.

120 5394 196 5432 rax
222 5391 313 5444 est,
358 5382 476 5449 quia
524 5394 681 5433 nemo
727 5379 999 5433 hominum
1055 5388 1232 5447 potest
1277 5379 1455 5435 dicere
1498 5380 1634 5449 quod

122 5475 324 5528 veritatis
348 5484 443 5539 est,
479 5474 577 5529 nisi
608 5472 935 5528 illuminetur
964 5474 1029 5525 ab
1057 5487 1122 5527 eo
1172 5474 1259 5541 qui
1294 5474 1500 5529 mentiri
1532 5489 1635 5527 nun

122 5566 306 5632 potele
331 5565 459 5621 Deus
488 5580 612 5636 ergo
641 5578 824 5629 veras,
865 5562 1105 5617 Chrisms
1131 5572 1307 5617 autem
1339 5564 1494 5617 Deus.
1548 5562 1638 5616 Vis

124 5655 351 5720 prvbaie?
384 5656 572 5724 Accipe
628 5654 985 5710 testimonium
1015 5653 1151 5720 ejus,
1186 5660 1237 5705 et
1265 5651 1505 5706 invenis:
1540 5650 1638 5715 Qui

126 5749 241 5800 enim
276 5748 442 5816 accipit
466 5748 808 5801 testimonium
836 5746 962 5811 eius,
1002 5744 1217 5816 signavit
1243 5744 1360 5811 quia
1392 5742 1524 5795 Deus
1554 5755 1636 5793 ve-

1732 4560 1898 4628 diligit
1928 4556 2141 4620 Filium,
2182 4567 2227 4610 et
2258 4558 2425 4610 omnia
2454 4557 2590 4610 dedit
2621 4558 2669 4609 in
2701 4574 2854 4609 manu
2901 4560 3029 4626 ejus.
3086 4557 3149 4612 Ut
3177 4573 3300 4611 nos-

1733 4665 1820 4704 ses
1852 4659 1903 4703 et
1938 4648 2022 4703 hic
2044 4662 2199 4715 quam
2231 4647 2479 4701 distincte
2508 4647 2706 4700 dictum
2734 4658 2815 4701 est
2848 4646 3001 4699 Pater
3019 4647 3183 4715 diligit
3209 4647 3301 4699 Fi.

1732 4742 1875 4793 lium.
1909 4740 2081 4805 Quare
2106 4739 2289 4793 enim?
2337 4738 2494 4791 Pater
2533 4754 2636 4791 non
2666 4739 2835 4806 diligit
2880 4739 3182 4792 Joannem?
3228 4752 3287 4815 et

1736 4841 1910 4885 tamen
1962 4846 2063 4883 non
2105 4830 2280 4883 omnia
2328 4828 2477 4882 dedit
2520 4828 2569 4881 in
2622 4843 2777 4881 manu
2826 4827 2961 4894 ejus.
3011 4828 3300 4883 Paternum

1734 4922 1901 4990 diligit
1930 4922 2148 4975 Paulum
2174 4922 2195 4972 ἲ
2226 4932 2279 4974 et
2309 4931 2485 4975 tamen
2519 4934 2624 4973 non
2674 4920 2850 4974 omnia
2881 4920 3025 4973 dedit
3056 4920 3109 4973 in
3139 4936 3299 4974 manu

1735 5012 1869 5081 ejus.
1904 5011 2056 5063 Pater
2086 5010 2251 5078 diligit
2298 5006 2515 5074 Filium,
2563 5009 2655 5062 sed
2705 5008 2976 5075 quomodo
3028 5007 3185 5061 Pater
3213 5008 3302 5063 Fi-

1737 5102 1889 5165 lium,
1925 5116 2026 5154 non
2061 5100 2327 5165 quomodo
2349 5098 2597 5152 dominus
2623 5112 2869 5160 servum;
2898 5096 3163 5165 quomodo
3194 5098 3301 5149 uui-

1738 5208 1880 5257 cum,
1912 5206 2015 5244 non
2041 5191 2308 5259 quomodo
2338 5190 2664 5256 adoptatum.
2719 5186 2899 5257 Itaque
2949 5188 3118 5240 omnia
3162 5187 3301 5239 dedit

1740 5286 1789 5336 in
1815 5299 1969 5335 manu
2000 5285 2131 5354 ejus,
2162 5280 2296 5347 Quid
2322 5290 2404 5335 est
2432 5280 2631 5334 omnia.
2681 5278 2749 5335 Ut
2778 5288 2982 5333 tantum
3006 5280 3075 5333 sit
3107 5278 3296 5342 Filius,

1737 5385 1964 5444 quantus
1993 5384 2075 5427 est
2100 5375 2274 5427 Pater.

2323 5461 2549 5517 CAPUT
2591 5462 2676 5516 iV.

1807 5558 1932 5613 Cum
1959 5574 2077 5627 ergo
2106 5558 2329 5610 audisset
2374 5554 2522 5608 Iesus
2566 5557 2686 5623 quia
2713 5548 2981 5607 audierunt
3032 5550 3297 5613 Pharisa'i,

1739 5659 1842 5704 ctc.
1875 5650 2064 5717 Utique
2095 5648 2348 5703 Dominus
2404 5648 2447 5700 si
2501 5646 2663 5700 sciret
2699 5646 2994 5700 Pharisaeos
3048 5645 3117 5698 ita
3148 5642 3217 5697 de
3243 5658 3303 5697 se

1739 5739 2071 5809 cognovisse,
2104 5739 2243 5807 quod
2294 5737 2471 5807 plures
2500 5736 2787 5805 discipulos
2820 5737 3044 5800 laceret,
3072 5745 3121 5789 et
3155 5735 3295 5800 quod
