3822 6226
491 390 593 445 679

909 377 1104 431 ΒΕῡίΕ
1146 368 1588 428 VENERABILIS
1626 365 1776 421 OPP.
1822 363 1997 419 PARS
2039 361 2099 415 Il.
2142 358 2331 416 SECT.
2375 358 2412 412 Ι.
2457 386 2523 396 -
2561 352 2946 411 EXEGETICA
2985 349 3310 405 GENUINA.

3589 348 3698 403 εει)

488 503 670 570 plures
699 492 982 561 discipulos
1035 487 1322 555 baptizaret
1344 524 1358 545 ,
1405 493 1458 535 ut
1491 481 1589 534 hoc
1616 480 1695 534 eis
1725 478 1788 531 ad
1818 476 2037 528 salutem
2069 480 2117 537 Α
2143 470 2370 562 Spiritus
2416 478 2631 523 sanctus
2676 469 2817 523 visus
2865 476 2975 533 est,
3027 465 3109 519 sic
3153 460 3553 570 intelligendam
3580 473 3699 564 est,

490 566 776 660 pertineret
809 582 1075 652 sequendo
1107 595 1225 631 eum
1260 587 1312 628 ut
1339 584 1393 630 et
1419 575 1515 642 ipsi
1547 580 1727 627 essent
1771 566 2035 660 discipuli,

490 656 543 733 et
576 677 669 745 ipsi
691 674 884 728 vellent
904 673 968 723 ab
990 685 1053 723 eo
1085 664 1330 733 baptizari
1360 661 1555 729 magis,
1586 673 1689 711 non
1723 656 2043 745 relinqueret

491 740 723 820 Suiliram
754 773 970 820 terram,
998 755 1092 809 sed
1124 762 1345 821 propter
1378 750 1492 802 illos
1524 754 1760 800 maneret
1786 744 1878 797 ibi.
1911 740 2040 805 Quia

491 871 618 909 vero
643 853 884 921 cognovit
918 861 1101 902 eorum
1132 843 1436 902 scientiam,
1488 837 1645 890 simul
1699 832 1943 902 cognovit
1988 840 2043 885 et

490 947 851 1006 invidentiam,
886 940 1004 1007 quia
1035 953 1141 990 non
1196 936 1294 986 hoc
1325 942 1602 999 propterea
1648 927 1961 986 didicerant,
1988 930 2044 974 ut

492 1045 836 1105 sequerentur
861 1046 874 1083 :
907 1029 1035 1080 abiit
1062 1024 1201 1078 inde.
1237 1022 1451 1075 Poterat
1473 1016 1691 1088 quidam
1722 1014 1807 1067 ille
1824 1020 1890 1105 Cet
1913 1026 2041 1079 prae-

493 1102 614 1182 sens
646 1125 713 1179 ab
744 1125 822 1175 his
865 1135 965 1172 non
996 1115 1181 1175 teneri,
1208 1114 1249 1167 si
1280 1112 1481 1173 nollet;
1533 1107 1624 1162 sed
1657 1106 1777 1175 quia
1822 1104 1872 1157 in
1901 1102 2040 1157 omni

494 1232 551 1270 re
580 1229 733 1284 quam
765 1209 927 1277 gessit
956 1217 1011 1259 ut
1038 1206 1195 1258 homo
1225 1201 1527 1255 hominibus
1555 1200 1607 1252 in
1655 1213 1714 1251 se
1764 1194 2044 1284 creditttris

493 1278 762 1371 prm'bebat
803 1293 1132 1359 exemplum,
1181 1289 1300 1357 quia
1330 1285 1685 1353 unusquisque
1712 1296 1896 1335 servus
1948 1278 2042 1333 Dei

496 1406 597 1445 non
630 1398 809 1455 peccat
830 1385 876 1438 si
894 1381 1174 1436 secesserit
1202 1379 1253 1431 in
1276 1378 1434 1430 alium
1464 1377 1659 1439 locum,
1687 1373 1869 1425 videns
1899 1371 2043 1423 iuro,

497 1494 608 1532 rem
642 1478 825 1529 lurtem
857 1472 1279 1540 persequentium
1310 1481 1367 1519 se
1390 1506 1404 1531 ,
1446 1473 1535 1516 aut
1560 1461 1722 1530 quaeri
1749 1462 1801 1513 in
1852 1459 2045 1511 malum

492 1570 719 1620 animam
750 1578 899 1618 suam
926 1580 939 1625 ;
965 1560 1232 1613 videretur
1262 1568 1432 1608 autem
1464 1553 1534 1607 ibi
1562 1566 1747 1607 servus
1786 1550 1877 1606 Dei
1922 1564 2050 1619 pec-

493 1673 616 1710 care
630 1657 669 1707 si
698 1655 908 1716 laceret,
934 1651 1035 1703 nisi
1052 1651 1103 1702 in
1128 1646 1367 1701 faciendo
1391 1644 1642 1698 Dominus
1659 1640 2044 1709 praecessisset:

495 1742 621 1798 fecit
649 1743 748 1796 hoc
770 1742 855 1793 ille
878 1740 1122 1807 Magister
1148 1737 1336 1799 bonus,
1387 1741 1445 1785 ut
1488 1731 1725 1793 doceret,
1776 1743 1879 1781 non
1910 1724 2048 1795 quod

2138 572 2260 616 ante
2290 557 2628 617 manifestum
2689 570 2770 615 est
2820 561 3079 615 visibilem
3128 557 3415 612 adventum
3467 554 3703 623 Spiritus

2139 649 2308 703 sancti
2360 664 2708 720 quoscunque
2739 659 2948 704 sanctos
2976 663 3094 703 eum
3126 647 3351 700 latenter
3379 645 3575 699 habere
3608 659 3703 709 po-

2128 728 2321 793 tuisse.
2364 739 2439 793 lta
2471 753 2601 793 sane
2628 742 2727 792 hoc
2753 739 3001 803 dicimus,
3053 747 3110 793 ut
3154 736 3515 805 intelligamus
3543 735 3705 788 etiam

2140 846 2233 900 per
2285 830 2451 897 ipsam
2536 830 2801 884 visibilem
2874 831 3378 884 demonstrationem
3474 827 3707 896 Spiritus

2142 922 2314 976 sancti
2349 922 2481 992 (qui
2533 922 2789 974 adventus
2844 923 2963 988 ejus
3015 920 3251 991 dicitur)
3310 918 3561 973 ineﬂabili
3622 920 3706 971 vel

2141 1013 2300 1066 etiam
2384 1011 2714 1081 incogitabili
2788 1010 2945 1064 modo
3024 1010 3220 1078 largius
3300 1010 3352 1062 in
3432 1008 3707 1061 hominum

2140 1104 2299 1157 corda
2350 1102 2729 1170 plenitudinem
2754 1098 2869 1169 ejus
2908 1099 3153 1153 inlusam.
3183 1098 3434 1167 Sequitur
3465 1116 3478 1151 :

2217 1195 2435 1265 Reliquit
2462 1191 2716 1254 Judazam,
2743 1202 2792 1244 et
2810 1192 2929 1243 abiit
2956 1190 3136 1242 iterum
3159 1191 3209 1241 in
3233 1188 3526 1242 Galilaeam.
3554 1186 3698 1256 Quid

2141 1293 2243 1349 est,
2269 1282 2469 1351 reliquit
2494 1281 2752 1345 Judtzam,
2797 1279 2918 1343 nisi,
2962 1278 3171 1347 reliquit
3218 1278 3531 1333 infidelitate
3578 1279 3700 1333 illo-

2144 1391 2261 1429 rum
2290 1374 2379 1440 qui
2408 1388 2529 1428 eum
2572 1371 2810 1440 recipere
2838 1370 3151 1434 noluerunt,
3198 1378 3253 1424 et
3282 1370 3513 1438 lapidem
3545 1386 3710 1440 quem

2151 1465 2416 1520 aediﬁcare
2446 1465 2738 1518 debuerant
2760 1460 3212 1531 reprobaverunt?
3243 1469 3289 1513 et
3318 1460 3443 1513 abiit
3470 1475 3562 1527 per
3590 1476 3712 1529 apo-

2146 1558 2309 1612 stolos
2330 1557 2382 1609 in
2405 1554 2696 1618 Galilaeam,
2718 1552 2768 1607 id
2788 1564 2891 1619 est,
2909 1554 2959 1606 in
2984 1553 3362 1606 volubilitatem
3379 1551 3534 1619 hujus
3558 1566 3715 1606 mun-

2149 1645 2223 1711 di,
2259 1643 2569 1712 przecipiens
2617 1643 2911 1710 apostolis:
2958 1640 3055 1706 Ite,
3098 1642 3267 1695 docete
3299 1655 3473 1695 omnes
3517 1650 3712 1711 gentes,

2151 1735 2461 1802 baptizantss
2512 1749 2596 1786 eos
2625 1732 2677 1786 in
2707 1732 2907 1784 nomine
2932 1730 3123 1797 Patris,
3154 1740 3199 1784 et
3232 1729 3382 1793 Filii,
3410 1741 3458 1784 et
3482 1730 3714 1799 Spiritus

498 1838 728 1889 timeret.
754 1830 1014 1885 Fortassis
1041 1832 1203 1881 etiam
1236 1826 1335 1878 hoc
1360 1831 1584 1886 moveat,
1612 1836 1705 1875 cur
1734 1819 1930 1874 dictum
1954 1817 2043 1870 sit:
2076 1813 2123 1874 Β
2149 1821 2309 1874 sancti
2348 1820 2557 1893 (Matth.
2600 1820 2813 1891 xxvttt).
2846 1820 3137 1888 Oportebat
3164 1821 3304 1874 enim
3336 1835 3458 1873 eum
3486 1823 3717 1874 transire

496 1922 796 1990 Baptizabat
826 1919 972 1972 Iesus
1000 1920 1164 1979 plures
1192 1931 1342 1981 quam
1364 1911 1609 1975 Joannes,
1633 1919 1686 1965 et
1713 1920 2049 1977 posteaquam

499 2014 698 2066 dictum
752 2018 834 2062 est
885 2006 1205 2074 baptizabat,
1257 2000 1554 2069 subjectum
1605 2007 1715 2062 est,
1768 2010 2052 2064 quanquam

500 2102 651 2157 Jews
684 2117 779 2151 non
802 2100 1097 2164 bnptisaret,
1133 2094 1218 2146 sed
1261 2093 1494 2157 discipuli
1524 2092 1655 2160 ejus.
1702 2081 1867 2156 Quid"
1891 2086 2054 2155 ergo?

502 2191 715 2245 Falsum
746 2192 941 2243 dictum
976 2196 1111 2249 erat,
1143 2195 1193 2238 et
1223 2192 1524 2237 correctum
1554 2182 1666 2235 est?
1687 2188 2057 2243 annuumque

498 2282 715 2334 verum?
743 2281 861 2345 quia
906 2277 1058 2330 Jesus
1081 2286 1135 2328 et
1165 2273 1480 2339 baptizabat,
1511 2279 1567 2325 et
1592 2286 1699 2323 non
1733 2267 2053 2335 baptizabat.

503 2371 807 2439 Baptizabat
837 2369 1006 2430 enim,
1040 2364 1163 2434 quia
1198 2365 1309 2429 ipse
1331 2360 1649 2421 mundabat;
1686 2369 1787 2409 non
1821 2354 2055 2421 baptiza-

502 2467 606 2529 bat,
631 2467 750 2532 qu'a
773 2478 874 2516 non
894 2464 1007 2530 ipse
1026 2460 1276 2528 tingebat.
1294 2455 1604 2510 habebant
1623 2452 1861 2519 discipuli
1901 2448 2057 2502 mini-

504 2559 693 2611 terium
721 2556 980 2619 corporis,
1013 2550 1281 2619 przebebat
1306 2548 1392 2602 ille
1406 2547 1717 2613 adiutorium
1748 2542 2055 2609 maiestatis.

502 2648 724 2714 Quando
742 2645 881 2699 enim
902 2650 1179 2697 eessarcta
1202 2638 1545 2707 baptizando,
1579 2635 1665 2704 qui
1708 2649 1807 2685 non
1836 2640 2058 2684 cessata

504 2735 826 2790 mundando?
840 2736 903 2787 de
920 2748 1022 2801 quo
1036 2732 1228 2784 dictum
1248 2739 1325 2782 est
1338 2728 1403 2780 ab
1423 2726 1603 2780 eodem
1618 2724 1835 2781 Joanne.
1864 2735 1951 2788 per
1968 2719 2060 2773 Jo-

503 2828 651 2881 annis
678 2825 917 2891 Baptistre
936 2806 1213 2890 personam
1236 2818 1459 2871 dicentis
1485 2832 1497 2867 :
1522 2813 1622 2866 Hic
1646 2813 1820 2880 estqui
1842 2810 2061 2878 baptisat

507 2915 680 2987 (Joan.
708 2914 765 2982 l).
786 2914 920 2981 Ergo
936 2914 1087 2965 .lesus
1108 2911 1279 2963 adhuc
1315 2906 1559 2972 baptizat.
1584 2905 1644 2956 Et
1672 2916 1941 2971 quousque
1958 2898 2055 2952 ba-

506 3004 732 3073 ptizandi
772 3013 917 3071 sunt,
966 3001 1057 3069 qui
1093 2998 1391 3067 baptizandi
1423 3004 1572 3060 sunt,
1604 2993 1756 3047 Jesus
1810 2990 2056 3058 baptizat.

502 3097 729 3150 Securus
776 3096 932 3144 homo
979 3089 1194 3143 accedat
1252 3089 1317 3141 ad
1376 3086 1676 3141 inferiorem
1733 3088 2057 3148 ministrum,

2154 1929 2245 1981 per
2274 1912 2585 1969 Samariam.
2618 1912 2671 1966 ln
2702 1912 2930 1967 lectione
2959 1927 3081 1966 vero
3119 1911 3406 1979 Evangelii,
3431 1912 3713 1966 inlirsnita-

2153 2018 2258 2061 tem
2328 2006 2540 2061 humani
2597 2005 2805 2075 generis
2853 2006 3148 2073 suscepisse
3208 2006 3478 2058 Dominum
3527 2003 3709 2059 Iesum

2153 2094 2441 2157 Christum,
2469 2095 2772 2162 plenissime
2788 2096 2939 2147 nobis
2966 2104 3175 2146 sanctus
3204 2094 3528 2163 evztngt-lista
3555 2109 3712 2147 mon-

2154 2186 2360 2237 etravit.
2414 2181 2685 2252 Siquidem
2715 2198 2831 2236 cum
2865 2184 3090 2236 dixisset
3117 2188 3321 2237 venisse
3352 2183 3631 2237 Dominum
3663 2184 3711 2237 in

2159 2276 2431 2327 civitatem
2464 2273 2741 2335 Samaria,
2774 2287 2889 2339 quae
2919 2273 3106 2325 dicitur
3130 2272 3315 2326 Sichar
3344 2312 3359 2337 ,
3388 2270 3537 2340 juxta
3576 2286 3712 2340 pm-

2155 2364 2298 2416 dium
2329 2365 2465 2431 quod
2489 2358 2633 2416 dedit
2661 2363 2825 2417 Jacob
2858 2362 2965 2417 lilio
2987 2377 3081 2415 suo
3110 2362 3326 2431 Ioseph,
3359 2361 3410 2414 in
3442 2376 3545 2429 quo
3578 2373 3712 2429 pra-

2158 2456 2245 2508 dio
2272 2464 2385 2508 erat
2417 2454 2530 2506 lous
2553 2453 2733 2517 Jacob,
2767 2452 2967 2505 addidit
2992 2470 3004 2503 :

2228 2540 2397 2605 Jews,
2427 2542 2614 2610 inquit,
2648 2542 2885 2609 fatigatus
2906 2556 2970 2594 ea:
2988 2540 3180 2603 itinere,
3213 2540 3410 2593 sedebat
3448 2541 3521 2593 sic
3560 2557 3711 2609 supra

2159 2640 2381 2698 puteum.
2416 2628 2565 2696 Quod
2599 2629 2850 2697 praedium
2890 2637 3105 2682 sanctus
3165 2627 3325 2683 Jacob
3363 2628 3558 2697 Ioseph
3611 2629 3716 2681 ﬂlio

2160 2736 2258 2774 suo
2287 2720 2676 2786 dereliquerat,
2709 2718 2845 2790 quod
2874 2734 2977 2773 non
3011 2730 3111 2771 tam
3140 2718 3337 2786 Josepb
3369 2734 3524 2786 quam
3567 2718 3713 2772 Ειιιίο

2161 2822 2244 2866 sto
2277 2811 2508 2866 arbitror
2537 2811 2868 2877 derelictum,
2900 2810 3051 2879 cujus
3100 2812 3317 2880 ﬁguram
3370 2819 3583 2863 sanctus
3624 2808 3711 2863 Jo-

2162 2905 2290 2972 seplt
2325 2904 2618 2973 patriarcha
2652 2905 2913 2969 portabat,
2944 2918 3096 2972 quem
3145 2918 3269 2957 vere
3320 2902 3400 2955 sol
3432 2903 3632 2967 adorat,
3663 2913 3711 2954 et

2162 2997 2306 3060 luna,
2338 3011 2520 3049 omnes
2568 2996 2753 3060 stellas,
2798 2994 3137 3050 benedicuut.
3185 2993 3262 3048 Ad
3319 2994 3422 3048 hoc
3472 2996 3709 3061 praedium

2168 3086 2287 3138 ideo
2316 3086 2462 3138 venit
2487 3082 2758 3157 Dominus,
2782 3095 2837 3137 ut
2866 3076 3219 3148 Samaritani,
3249 3083 3337 3151 qui
3362 3082 3709 3136 hxreditatem

506 3185 664 3239 habet
690 3184 883 3235 etenim
914 3181 1238 3246 superiorem
1268 3180 1596 3245 magistrum.
1626 3174 1729 3229 Sed
1759 3178 1891 3228 forte
1921 3173 2060 3226 dicat
2086 3144 2135 3207 Ο
2164 3172 2265 3227 sibi
2313 3154 2636 3241 patriarchae.
2674 3172 2829 3225 Israel
2877 3170 3139 3227 vindicare
3185 3172 3507 3239 cupiebant,
3551 3185 3709 3242 agno-

506 3278 693 3347 aliqnis
720 3292 732 3326 :
769 3273 1001 3340 Baptizat
1043 3272 1282 3324 Christus
1310 3268 1519 3336 quidem
1552 3266 1604 3317 in
1633 3265 1845 3333 spiritu,
1874 3276 1976 3316 non
2006 3262 2058 3313 in

506 3382 748 3436 corpore.
782 3363 940 3432 Quasi
971 3376 1097 3415 vero
1119 3360 1339 3412 alterius
1382 3356 1521 3410 duno
1566 3369 1720 3423 quam
1751 3353 1887 3405 illius
1916 3352 2061 3418 quis-

511 3474 668 3527 quam
700 3456 855 3509 etiam
888 3458 1219 3506 sacramento
1241 3446 1532 3514 corporalis
1581 3454 1633 3498 et
1656 3443 1874 3496 visibilis
1903 3441 2064 3507 bapti-

512 3551 701 3603 smatis
730 3546 1010 3598 imbuatur.
1042 3540 1131 3592 V‘is
1163 3551 1319 3592 nosse
1367 3536 1485 3605 quia
1534 3535 1645 3601 ipse
1701 3531 1926 3600 baptizat
1957 3544 2061 3583 non

508 3637 677 3691 solum
708 3633 922 3700 spiritu,
960 3632 1052 3683 sed
1104 3629 1261 3682 etiam
1317 3626 1481 3695 aqua?
1536 3624 1669 3677 Audi
1710 3622 2013 3690 Apostolutn
2047 3637 2061 3673 :

511 3726 656 3781 Sicut
685 3723 938 3781 Christus,
972 3719 1158 3786 inquit,
1219 3716 1394 3769 dilexit
1450 3714 1724 3767 Ecclesium
1775 3727 1959 3775 suam,
2022 3720 2068 3763 et

506 3816 724 3880 seipsum
754 3811 961 3863 tradidit
986 3824 1076 3877 pro
1099 3787 1175 3871 ea,
1212 3806 1462 3857 mundum
1491 3820 1602 3857 eam
1623 3806 1823 3855 lavacro
1853 3815 1996 3871 aqua
2017 3802 2069 3853 in

509 3902 654 3955 verba
680 3940 694 3964 ,
737 3910 787 3951 ut
815 3898 1061 3951 exhiberet
1086 3894 1177 3946 sibi
1210 3896 1317 3960 ipse
1342 3893 1613 3964 gloriosam
1641 3889 1940 3955 Ecclesium,
1964 3905 2066 3942 non

513 3992 777 4045 habentem
801 3988 1047 4041 maculam
1074 4002 1229 4051 neque
1252 4001 1446 4053 rugam,
1476 3993 1562 4036 aut
1584 3984 1777 4050 aliquid
1799 3981 2063 4051 ejusmodi.

516 4080 769 4133 Munduns
784 4092 915 4138 eam,
938 4074 1108 4127 unde?
1137 4077 1332 4124 lavacro
1355 4087 1495 4138 aqua:
1511 4072 1561 4122 in
1587 4070 1731 4123 verba
1750 4069 1961 4139 (Ep/tes.
1987 4068 2064 4138 ν).

514 4171 662 4224 Tolle
690 4183 906 4236 aquam,
945 4179 1047 4217 non
1074 4173 1154 4215 est
1187 4163 1464 4230 baptisma.
1497 4160 1646 4214 Tolle
1674 4160 1914 4225 verbum,
1962 4174 2065 4212 non

517 4274 596 4315 εει
626 4260 903 4327 baptisma.
932 4254 1104 4320 Quzrri
1135 4252 1271 4306 enim
1304 4253 1441 4306 solet
1464 4252 1507 4305 si
1562 4250 1612 4304 in
1659 4251 1759 4305 hoc
1808 4251 2071 4319 baptismo

515 4350 891 4417 discipulorum
942 4346 1139 4400 Christi
1176 4344 1399 4412 Spiritus
1428 4353 1639 4396 sanctus
1666 4343 1900 4405 daretur,
1951 4358 2071 4410 pro-

2160 3277 2365 3320 scerent
2383 3279 2741 3334 possessorem
2766 3280 2937 3329 suum,
2963 3274 3017 3320 et
3036 3266 3471 3319 converterentur
3491 3263 3550 3317 ad
3573 3265 3711 3318 Chri-

2162 3362 2325 3420 stum,
2356 3356 2477 3423 quia
2530 3355 2795 3423 legitimus
2828 3356 3136 3423 patriarchae
3190 3358 3359 3409 hatres
3410 3356 3481 3409 sit
3529 3354 3707 3408 lactus.

2164 3446 2297 3499 Dicit
2325 3446 2465 3499 enim
2499 3444 2818 3512 evnngelista
2851 3464 2862 3498 :
2894 3444 3043 3499 Jesus
3064 3454 3233 3498 autem
3271 3446 3509 3515 fatigatus
3555 3461 3615 3498 ea:
3640 3446 3713 3495 iti-

2162 3553 2280 3590 nere
2302 3535 2500 3590 sedebat
2528 3538 2599 3589 sic
2628 3552 2783 3603 supra
2812 3546 3039 3605 puteum.
3074 3534 3387 3602 Evangelica
3412 3536 3711 3588 Sacramen-

2169 3635 2217 3678 ta
2250 3625 2300 3679 in
2329 3625 2535 3677 Domini
2568 3625 2732 3678 nostri
2766 3624 2891 3677 Jesn
2921 3624 3116 3677 Christi
3145 3622 3313 3693 dietis
3349 3622 3600 3692 factisque
3644 3623 3707 3675 si.

2166 3724 2344 3781 gnata,
2378 3728 2479 3766 non
2528 3713 2825 3767 hominibus
2844 3722 3041 3780 patent,
3067 3723 3121 3766 et
3150 3728 3208 3768 ea
3260 3715 3498 3768 nonnulli
3550 3718 3709 3768 minus

2167 3807 2443 3875 diligenter
2473 3806 2752 3873 minusque
2802 3806 2977 3859 sobrie
3022 3806 3432 3875 interpretando,
3483 3817 3709 3860 asserunt

2166 3899 2481 3968 plerumque
2506 3913 2599 3966 pro
2621 3897 2797 3952 salute
2826 3897 3112 3965 pernicietn
3141 3942 3157 3966 ,
3206 3909 3261 3952 et
3286 3914 3377 3966 pro
3431 3898 3710 3967 cognitione

2166 3989 2404 4043 veritatis
2433 4004 2691 4042 errorem.
2748 3987 3268 4056 llincqueillud'est
3316 3996 3712 4045 sarramentum,

2168 4082 2305 4149 quod
2330 4078 2579 4147 scriptum
2608 4089 2709 4143 est,
2736 4078 3017 4130 Dominum
3054 4078 3179 4129 hora
3204 4077 3304 4131 diei
3336 4086 3485 4129 sexta
3512 4076 3705 4130 venisse

2172 4172 2234 4223 ad
2265 4180 2475 4238 puteum
2504 4168 2684 4233 Jacob,
2720 4166 3018 4235 fessumque
3041 4168 3106 4220 ab
3140 4168 3328 4221 itinere
3371 4167 3658 4229 resedisse,
3688 4182 3710 4217 τι

2172 4260 2393 4313 muliere
2419 4261 2749 4313 Samaritana
2782 4268 2957 4325 potum
2995 4258 3207 4325 petisse,
3234 4266 3285 4311 et
3308 4270 3504 4311 cetera
3534 4272 3645 4327 qua:
3669 4259 3710 4309 iu

2169 4348 2355 4404 eodem
2380 4348 2495 4403 loco
2530 4350 2722 4413 scripta
2777 4348 3104 4401 discutienda
3147 4357 3199 4401 et
3245 4353 3610 4415 pertractanda
3644 4350 3712 4400 di-

518 4452 636 4509 pter
683 4440 839 4491 verba
896 4453 1011 4505 quae
1050 4437 1100 4489 in
1150 4435 1387 4502 sequenti
1438 4435 1591 4504 hujus
1633 4435 1889 4500 evangelii
1953 4436 2067 4487 loco
2104 4448 2384 4532 Dcuntur.
2418 4438 2491 4493 De
2520 4454 2622 4505 qua
2654 4453 2709 4492 re
2750 4437 2806 4492 id
2841 4438 3065 4504 primum
3122 4437 3425 4503 tenendum,
3483 4440 3617 4506 quod
3669 4441 3710 4491 in

519 4535 782 4601 leguntur,
810 4531 896 4583 ubi
927 4530 1117 4581 dicitur
1147 4546 1159 4581 ;
1217 4529 1438 4594 Spiritus
1464 4538 1661 4581 sanctus
1704 4532 1925 4580 nondum
1955 4529 2067 4597 {ue-

518 4634 596 4675 rat
622 4621 924 4689 datus,quia
942 4619 1092 4673 Jesus
1114 4637 1212 4671 non
1230 4621 1392 4687 fuerat
1415 4620 1725 4689 glori/icatus
1757 4620 1931 4687 (Joan.
1955 4622 2070 4691 vn).

523 4711 761 4765 Profecto
793 4712 1014 4764 dabatur
1044 4711 1269 4778 Spiritus
1318 4721 1529 4765 sanctus
1585 4712 1635 4764 in
1666 4712 1766 4765 hoc
1793 4712 2075 4781 discipulo-

524 4817 641 4856 rum
673 4800 867 4853 Christi
919 4801 1198 4866 baptismo,
1235 4802 1356 4854 licet
1405 4817 1506 4855 non
1538 4817 1596 4856 ea
1631 4805 2071 4871 manilestatione,

522 4908 625 4962 qua
677 4904 795 4962 post
825 4895 1193 4947 ascensionem
1222 4893 1419 4946 Christi
1451 4892 1652 4947 decima
1685 4894 1770 4949 die
1822 4896 1873 4949 in
1908 4896 2075 4965 igneis

522 4986 715 5054 linguis
744 4986 894 5037 datus
928 4992 1026 5036 est.
1062 4983 1186 5035 Nam
1213 4984 1349 5050 quod
1383 4984 1621 5051 quatdam
1653 4986 1896 5051 latenter,
1931 5003 2077 5055 qua:-

526 5074 647 5126 datu
702 5089 827 5127 vero
874 5089 968 5141 per
997 5074 1251 5127 visibilem
1304 5084 1600 5127 creaturam
1633 5076 1909 5129 visibilitcr
1940 5077 2077 5131 Dens

524 5176 795 5231 operatur,
829 5164 1051 5231 pertinet
1088 5164 1149 5215 ad
1176 5164 1609 5231 gubernationem
1644 5166 1951 5232 prudentiae,
1977 5183 2077 5233 qua

522 5271 705 5310 omnes
736 5257 930 5309 divina:
960 5256 1211 5317 actiones,
1248 5257 1501 5319 locttrum,
1550 5269 1958 5327 temporumque
1989 5274 2077 5311 orv

523 5348 661 5401 diuis
710 5346 1045 5399 distinctione
1098 5346 1449 5412 pulcherrima
1506 5358 1749 5415 aguntur.
1799 5349 2079 5412 Quomodo

527 5448 702 5490 autem
732 5438 841 5502 ipse
866 5436 1117 5489 Dominus
1141 5452 1320 5491 seetim
1353 5437 1579 5491 habebat
1608 5440 1785 5506 utique
1826 5440 2078 5507 Spiritum

528 5543 763 5583 sanctum
798 5532 845 5582 in
874 5532 986 5595 ipso
1032 5533 1239 5584 homine
1271 5547 1425 5599 quem
1477 5533 1718 5600 gerebat,
1768 5533 1975 5600 quando
2028 5542 2082 5587 ut

531 5623 882 5675 baptizaretur
918 5624 1059 5675 venit
1088 5624 1149 5675 ad
1171 5623 1449 5687 Joannem,
1475 5632 1527 5677 et
1553 5634 1724 5677 tamen
1742 5636 2079 5693 posteaquam

528 5710 817 5776 baptizatus
838 5719 940 5776 est,
966 5712 1289 5768 deSCClldt‘re
1325 5715 1374 5767 in
1422 5730 1540 5768 eum
1594 5714 1853 5771 columbae
1907 5716 2081 5783 specie

2175 4528 2422 4581 omnbus
2452 4528 2738 4596 Scriptus-is
2760 4536 2965 4582 summa
2994 4529 3259 4598 vigilantia
3288 4530 3554 4584 cuStodire
3576 4545 3714 4599 opor-

2177 4631 2269 4685 tet,
2298 4631 2351 4673 ut
2381 4622 2669 4675 secundum
2704 4622 2857 4676 fidem
2882 4622 2949 4675 sit
2978 4624 3296 4676 sacramenti
3323 4622 3484 4677 divini
3524 4622 3715 4689 esposi-

2177 4715 2269 4767 tio.
2305 4714 2442 4767 Hora
2476 4713 2633 4784 igitur
2662 4712 2763 4767 diei
2793 4722 2943 4767 sexta
2972 4714 3115 4767 venit
3140 4712 3203 4767 ad
3230 4724 3446 4783 puteum
3478 4713 3713 4766 Dominus

2176 4815 2374 4858 noster.
2414 4805 2577 4859 Video
2608 4806 2659 4859 in
2695 4816 2856 4872 puteo
2909 4806 3241 4859 tenebrosam
3289 4803 3711 4871 profunditatem,

2177 4898 2468 4953 admoneor
2488 4913 2614 4966 ergo
2638 4898 2936 4967 intelligere
2966 4896 3146 4950 mundi
3178 4897 3331 4964 hujus
3374 4896 3582 4950 intimas
3607 4910 3711 4962 par-

2176 4976 2257 5040 tes
2282 4986 2491 5057 (Ephes.
2529 4988 2621 5054 tv),
2657 4988 2706 5041 id
2728 4994 2829 5053 est,
2862 4996 3119 5047 terrenas,
3154 5001 3257 5055 quo
3288 4986 3429 5040 venit
3459 4986 3613 5040 Jesus
3633 4988 3713 5037 bo-

2178 5090 2234 5128 ra
2262 5088 2427 5140 sexta,
2462 5077 2512 5130 id
2542 5085 2647 5141 est,
2695 5087 2843 5131 sexta
2873 5086 3028 5129 :etate
3071 5076 3280 5143 generis
3328 5077 3560 5139 immani,
3615 5088 3711 5129 tan-

2178 5182 2333 5235 quam
2366 5166 2418 5219 in
2469 5176 2743 5222 senectute
2791 5167 2986 5221 veteris
3034 5166 3286 5231 hominis,
3335 5180 3441 5233 quo
3494 5168 3713 5233 jubemur

2180 5259 2297 5310 exui
2330 5267 2383 5311 ut
2413 5258 2692 5312 induamur
2713 5274 2869 5323 novo,
2897 5260 2983 5327 qui
3015 5260 3306 5312 secundum
3337 5258 3502 5313 Deum
3530 5268 3713 5311 creatas

2178 5357 2277 5402 est.
2302 5348 2428 5401 Nam
2456 5359 2601 5401 sexta
2629 5359 2757 5402 mtas
2786 5359 3027 5402 senectus
3054 5357 3155 5413 est,
3187 5352 3307 5417 quia
3353 5349 3523 5416 prima
3570 5347 3713 5400 inlan-

2183 5440 2273 5502 tia,
2306 5441 2531 5494 secunda
2562 5442 2803 5508 pueritia,
2839 5443 2990 5495 tertia
3018 5440 3399 5503 adolescentia,
3444 5452 3624 5506 quarta
3644 5442 3715 5505 ju-

2182 5540 2387 5595 ventus,
2422 5533 2598 5601 qninta
2632 5534 2885 5600 gravitas.
2920 5532 3119 5585 Veteris
3150 5532 3327 5597 itaque
3357 5530 3583 5585 hominis
3611 5532 3715 5589 vita,

2181 5636 2295 5687 quae
2314 5619 2601 5675 secundum
2622 5635 2831 5675 carnem
2853 5619 3121 5686 temporali
3136 5619 3437 5673 conditione
3452 5622 3713 5688 peragitur,

2182 5723 2325 5768 sexta
2355 5721 2530 5781 aetate,
2562 5712 2612 5777 id
2643 5722 2743 5777 est,
2794 5718 3091 5775 setiectute,‘
3130 5709 3489 5775 concluditur,
3540 5710 3648 5778 quia
3676 5712 3714 5757 'm
