3822 6226
98 367 188 420 68!

1054 371 1116 427 IN
1153 371 1210 428 S.
1253 368 1527 426 JOANNIS
1568 368 2007 426 EVANGEUUM
2047 367 2426 427 EXI'OSITIO.

3224 376 3325 431 683

98 484 633 553 scncctute(utdixi)
664 478 876 540 humani
911 487 1138 557 generis,
1190 485 1442 540 Dominus
1490 495 1668 539 noster
1696 489 1743 545 Α
1771 494 1826 536 et
1879 474 2155 551 perliceret
2198 499 2331 550 Opus
2373 484 2509 553 ejus.
2556 483 2660 540 Sed
2705 488 2984 542 carnaliter
3029 488 3326 560 intelligens

101 576 320 626 tireator
345 573 501 627 nobis
527 587 577 628 et
609 575 905 645 Reparatur
927 578 1154 640 advenit,
1180 587 1234 631 ut
1258 581 1538 641 moriente,
1561 576 1664 631 sci-

95 661 238 723 licet,
262 676 449 719 vetere
470 665 706 732 homine,
732 683 925 723 novum
951 669 1002 722 in
1033 683 1090 722 se
1111 669 1473 733 constitueret,
1509 682 1666 735 quem

97 767 310 810 exutum
344 758 457 812 luto
505 769 740 828 terreno,
791 763 842 816 in
869 762 1104 817 caelestia
1135 776 1298 832 regna
1329 761 1658 817 transferret.

102 847 232 916 Ergo
260 864 410 905 nunc
436 860 643 920 puteus,
679 861 740 906 ut
767 853 966 908 dictum
1007 863 1112 918 est,
1143 852 1322 906 mundi
1356 851 1513 921 hujus
1561 859 1668 904 ter-

101 951 278 990 renum
315 937 556 995 laborem
586 950 640 995 ct
685 955 924 996 errorem
976 942 1253 997 tenebrosa
1307 940 1667 1008 prolunditate

98 1027 378 1096 signiﬁcat.
414 1030 620 1085 Dictum
653 1042 738 1086 est
758 1033 824 1087 ab
847 1034 1133 1101 Apostolo:
1171 1031 1232 1084 Et
1263 1033 1304 1102 si
1328 1033 1548 1086 exterior
1575 1033 1666 1086 ho-

101 1135 174 1172 mo
203 1132 376 1174 noster
399 1124 738 1189 corrumpitur
759 1163 773 1186 ,
805 1125 890 1176 sed
919 1124 1130 1178 interior
1180 1133 1348 1176 autem
1393 1134 1665 1178 renouatur

99 1213 158 1262 de
184 1213 264 1264 die
285 1213 339 1264 in
371 1214 504 1266 diem
537 1213 623 1284 (Il
655 1214 773 1268 Cor.
807 1215 902 1285 tv).
933 1215 1246 1270 Rectissime
1269 1215 1505 1280 omnino,
1533 1229 1664 1283 quo-

101 1301 230 1354 niam
259 1303 446 1357 omnia
474 1303 696 1359 visibilia
741 1305 806 1360 ad
831 1308 1147 1361 exteriorem
1181 1307 1448 1360 hominem
1503 1307 1667 1375 perti-

100 1403 240 1458 nent,
289 1397 490 1463 quibus
534 1397 834 1452 Christiana
877 1398 1153 1466 disciplina
1200 1400 1484 1465 renuntiat,
1536 1399 1664 1454 hura

97 1494 236 1538 sexta
263 1488 414 1540 venit
444 1487 714 1552 Dominus,
745 1489 793 1541 id
821 1499 921 1553 est,
974 1488 1149 1544 medio
1200 1489 1310 1553 die,
1365 1491 1504 1544 unde
1557 1489 1663 1559 jam

97 1574 374 1641 incipith
405 1577 506 1632 iste
527 1577 748 1633 visibilis
767 1576 1034 1634 declinare
1051 1578 1103 1632 iu
1121 1592 1392 1645 occasum,
1415 1581 1664 1648 quoniam

97 1675 145 1718 et
171 1665 318 1721 nobis
341 1669 544 1722 vocatis
563 1684 592 1720 a
617 1669 831 1724 Christo
851 1669 918 1724 ad
942 1669 1279 1725 invisibilium
1298 1684 1558 1735 amorem,
1582 1671 1668 1726 ho.

97 1770 177 1810 mo
205 1756 436 1813 interior
458 1767 729 1816 mercatus
753 1761 817 1815 ad
847 1760 1152 1817 interiorem
1175 1760 1369 1828 lucem,
1388 1778 1506 1833 qua:
1529 1779 1663 1819 nun-

1777 573 2049 639 respondi

1842 662 1917 714 Tu
1945 679 2061 716 cum
2090 664 2157 716 sis
2185 663 2425 729 Juda'us,
2465 667 2715 734 quomodo
2744 682 2773 718 a
2805 683 2880 720 me
2924 667 3084 724 bibere
3129 688 3293 738 poscis
3314 716 3327 736 ,

1769 769 1882 806 cum
1911 754 2007 807 sint
2038 757 2216 808 mulier
2240 755 2565 810 Samaritana
2589 759 2611 810 ?
2643 757 2761 811 Non
2790 761 2918 812 enim
2945 770 3215 816 coutuntur
3236 763 3330 818 Ju-

1770 846 1866 898 dtei
1895 844 2254 900 Samaritunis.
2289 846 2386 900 Cui
2416 846 2662 902 Dominus
2693 859 2860 903 noster
2885 851 3011 904 dixit
3041 867 3058 905 :
3088 852 3149 907 Si
3176 855 3330 908 scires

1769 935 1957 988 donum
1983 934 2108 1002 Dei,
2138 946 2184 990 et
2213 937 2325 1004 quis
2356 947 2429 990 est
2457 939 2543 1008 qui
2573 939 2692 991 dicit
2725 940 2850 993 tibi:
2882 940 2959 993 Da
2988 943 3109 996 mihi
3135 944 3324 1010 bibere,

1772 1035 1823 1076 tu
1862 1026 2020 1096 magis
2045 1028 2250 1096 petisses
2279 1028 2341 1081 ab
2370 1044 2462 1095 eo,
2496 1037 2542 1082 et
2570 1029 2784 1086 dedisset
2812 1031 2900 1086 tibi
2925 1049 3109 1102 aquam
3148 1038 3325 1091 rivom.

1774 1115 1838 1169 Ut
1884 1117 2005 1172 hinc
2054 1119 2101 1172 ei
2150 1119 2454 1175 ostenderet
2503 1136 2606 1175 non
2638 1137 2696 1178 se
2725 1123 2883 1178 talem
2912 1139 3105 1196 aquam
3137 1127 3268 1196 petis
3284 1147 3328 1182 λθ

1770 1207 1976 1274 qualem
2001 1207 2349 1263 intellexerat.
2371 1209 2476 1265 Sed
2500 1211 2620 1280 quia
2645 1211 2756 1281 ipse
2776 1214 2987 1269 sitiebat
3012 1215 3166 1272 ﬁdem
3189 1219 3323 1286 ejus,

1768 1293 1939 1351 eidem
1959 1297 2161 1352 sciendi
2186 1298 2444 1368 Spiritum
2471 1311 2712 1356 sanctum
2739 1303 2867 1359 dare
2889 1306 3149 1375 cupiebat.
3177 1308 3323 1364 lianc

1771 1387 1916 1441 enim
1948 1395 2092 1443 recte
2121 1389 2466 1462 intelligimus
2493 1407 2682 1462 aquam
2714 1394 2884 1449 vivam
2907 1436 2920 1460 ,
2952 1397 3092 1466 quod
3123 1409 3204 1454 est
3231 1400 3325 1455 do-

1768 1492 1893 1532 num
1944 1477 2073 1544 Dei,
2123 1479 2259 1535 sicut
2309 1481 2422 1551 ipse
2470 1483 2582 1538 ait:
2613 1485 2656 1539 si
2682 1487 2836 1540 scires
2865 1488 3054 1543 donum
3081 1489 3217 1556 Dei;
3271 1504 3326 1548 et

1768 1570 1904 1625 sicut
1931 1570 2070 1626 idem
2101 1571 2332 1629 Joannes
2378 1582 2599 1630 testatur
2643 1577 2748 1631 alio
2791 1579 2906 1635 loco
2937 1580 3151 1648 dicens,
3183 1587 3322 1651 quod

1767 1661 1930 1717 stabat
1955 1659 2127 1729 Jesus,
2156 1672 2204 1718 et
2231 1663 2516 1720 clamabat:
2538 1665 2600 1722 Si
2628 1667 2739 1738 quis
2763 1668 2892 1735 sitit,
2915 1673 3099 1740 veniat,
3121 1683 3168 1728 et
3189 1675 3324 1728 bibat

1768 1751 1943 1824 (Joan.
1974 1752 2099 1821 vn),
2127 1764 2509 1825 consequenter
2549 1758 2796 1814 omnino:
2831 1760 2933 1828 Qui
2959 1764 3115 1817 credit
3143 1765 3195 1819 in
3221 1785 3320 1832 me,

95 1863 244 1918 quam
285 1850 509 1918 occidit,
537 1853 847 1918 revertitur,
874 1852 1166 1908 secundum
1195 1828 1538 1922 apostolicam
1564 1855 1651 1911 dis

1763 1844 1894 1896 sicut
1937 1843 2066 1897 dixit
2111 1844 2416 1914 Scriptura,
2445 1847 2663 1916 [lumina
2703 1849 2765 1903 de
2806 1860 2971 1906 ventre
3012 1855 3124 1924 ejus
3165 1828 3323 1924 ﬂuent

96 1945 336 2011 ciplimm
358 1961 466 2000 non
488 1961 734 2017 quarens
757 1964 876 2019 qum
900 1948 1170 2018 ﬁdem”,
1198 1950 1291 2006 sed
1315 1966 1434 2020 qum
1455 1965 1559 2006 non
1588 1954 1664 2006 γε,
1761 1948 1906 2002 aqua:
1927 1933 2050 1987 view
2072 1932 2122 2001 (1
2132 1934 2282 2006 bid.).
2309 1933 2436 2003 Quia
2469 1936 2638 2006 primo
2665 1938 2928 1995 credimus
2955 1950 3014 1996 ut
3040 1944 3152 2000 inec
3179 1947 3318 2001 dona

96 2036 296 2090 demur.
333 2038 469 2105 Qua,
516 2041 661 2094 enim
717 2041 960 2096 “deum.
1013 2041 1321 2111 ,empomna
1350 2050 1512 2108 sum;
1546 2057 1664 2112 qua,
1766 2037 2090 2079 mereamur.
2142 2024 2252 2080 lluc
2295 2040 2422 2096 ergo
2466 2029 2661 2083 ﬁumen
2690 2043 2842 2100 aqua:
2869 2031 3037 2102 vivae,
3070 2038 3208 2105 quod
3239 2039 3319 2094 illi

97 2133 261 2179 autem
313 2140 424 2180 ηοη
458 2125 701 2182 ﬁdem“,
728 2136 927 2183 mem
965 2137 1089 2184 sum
1116 2126 1202 2199 (ιι
1230 2129 1347 2184 οων,
1382 2128 1479 2189 η),
1511 2129 1660 2197 Quod
1761 2113 1972 2168 mulieri
2002 2113 2211 2170 volebat
2237 2116 2396 2183 dare,
2428 2133 2636 2176 merces
2662 2132 2744 2178 est
2775 2123 2933 2191 ﬁdei,
2981 2142 3140 2193 quam
3171 2134 3316 2199 prius

95 2227 258 2270 autem
281 2217 537 2287 fatigatus
564 2220 708 2275 venit
736 2219 802 2274 ad
830 2227 1070 2288 puteum,
1097 2221 1461 2278 inﬁrmitatem
1481 2222 1651 2277 carnis

1762 2204 1814 2258 in
1847 2205 1936 2259 illa
1966 2207 2202 2262 sitiebat.
2253 2209 2327 2263 De
2356 2209 2508 2279 cujus
2537 2225 2687 2282 aqum
2713 2212 2843 2271 viva:
2883 2215 3319 2288 interpretatione

95 2307 379 2375 signiﬁcat;
412 2308 558 2378 quod
586 2311 730 2366 dedit
762 2310 1137 2376 humilitatem,
1162 2311 1285 2380 quia
1325 2321 1380 2367 et
1426 2313 1658 2368 imbecil-

99 2395 287 2453 litatem
316 2400 499 2454 carnis
529 2415 626 2469 pro
676 2400 830 2456 nobis
860 2401 1114 2470 suscepit,
1158 2410 1213 2457 et
1242 2403 1402 2457 homo
1431 2403 1658 2458 homini-

99 2487 189 2543 bus
218 2498 321 2543 tam
349 2489 624 2545 humiliter
648 2505 904 2560 apparere
930 2490 1178 2560 dignatus
1207 2501 1307 2547 est.
1345 2493 1422 2547 De
1453 2491 1552 2547 hac
1578 2494 1656 2547 in-

95 2580 331 2636 iirmitate
355 2582 535 2637 carnis
566 2581 819 2651 prOpheta
845 2581 1011 2637 dicit:
1062 2579 1113 2635 Η
1120 2598 1232 2636 omo
1262 2583 1315 2636 in
1342 2583 1496 2653 plaga
1521 2585 1658 2652 posi-

98 2680 192 2736 tus,
218 2681 263 2726 et
286 2672 455 2727 sciens
481 2675 614 2742 ferre
637 2674 1027 2729 imbecillitatem
1058 2672 1210 2745 (Isai.
1272 2674 1408 2745 Litt).
1460 2676 1536 2733 De
1559 2676 1658 2734 htt-

100 2759 307 2816 militate
334 2776 468 2818 vero
488 2761 720 2833 loquitur
748 2761 1056 2833 Apostolus,
1085 2763 1268 2819 dicens
1300 2781 1315 2818 :
1351 2763 1654 2820 Humiliavit

97 2869 144 2905 se
172 2893 186 2917 ,
237 2857 399 2923 factus
450 2856 682 2910 subditus
741 2859 979 2927 usquead
1034 2869 1243 2912 mortem
1296 2857 1516 2930 (Philip.
1568 2860 1649 2931 ιι).

98 2942 393 3014 Quanquam
414 2946 546 3001 illud
592 2946 734 3016 quod
759 2946 919 3015 sedit,
947 2949 1195 3018 quoniam
1237 2949 1414 3004 solent
1467 2949 1654 3008 sedere

98 3033 354 3102 doctores,
387 3037 559 3106 possit
587 3040 694 3094 alio
742 3040 1012 3097 intellectu
1042 3056 1148 3097 non
1178 3042 1489 3100 humilitatis
1535 3061 1651 3101 mo-

101 3125 334 3194 destiam,
368 3127 466 3211 sed
497 3129 740 3197 magistri
789 3131 1156 3189 demonstrare
1189 3149 1490 3203 personam.
1542 3135 1645 3192 Sed
1675 3171 1724 3236 Ο

99 3217 248 3282 quaeri
277 3210 464 3286 potest
483 3234 648 3287 quare
691 3234 721 3274 a
767 3220 992 3278 muliere
1017 3223 1372 3292 Samaritana,
1405 3241 1523 3296 quas
1551 3228 1648 3282 im-

100 3306 270 3374 plenda
297 3308 481 3378 gratia:
505 3318 743 3375 venerat,
775 3311 960 3367 bibere
991 3313 1358 3382 postulaverit,
1389 3331 1511 3371 cum
1537 3318 1650 3386 ipse

101 3404 266 3461 postea
287 3397 540 3464 spiritalis
568 3397 730 3454 fontis
749 3401 1072 3456 afﬂuentiam
1097 3416 1156 3458 se
1187 3405 1491 3472 petentibus
1522 3406 1649 3462 dare

102 3499 243 3553 posse
273 3488 671 3555 praedicaverit?
699 3489 805 3544 Sed
841 3491 1044 3546 scilicet
1062 3493 1259 3549 sciebat
1290 3495 1431 3551 Deus
1459 3498 1647 3552 mulie-

101 3578 167 3630 ris
193 3577 329 3633 illius
353 3578 535 3644 ﬁdem,
566 3595 688 3649 qua:
716 3582 963 3650 quoniam
990 3581 1324 3639 Samaritana
1348 3596 1487 3652 erat,
1509 3589 1649 3644 solet

98 3666 335 3725 Samaria
364 3671 678 3727 idololatria:
708 3673 991 3746 imaginem
1035 3676 1318 3731 sustinere.
1373 3677 1476 3747 Ipsi
1505 3680 1643 3734 enim

98 3760 309 3827 separati
359 3776 391 3814 a
430 3762 629 3830 populo
658 3760 962 3817 Judaeorum
991 3805 1006 3831 ,
1037 3765 1333 3821 simulacris
1379 3777 1645 3823 mutorum

99 3849 410 3917 animalium,
443 3852 498 3906 id
525 3861 629 3918 est,
657 3852 834 3907 vaccis
865 3853 1040 3908 aureis
1087 3855 1381 3908 animarum
1427 3871 1642 3912 suarum

100 3938 246 3993 decus
271 3940 610 3995 addixerunt.
643 3940 870 3994 Venerat
893 3951 1068 3997 autem
1094 3942 1250 3997 Jesus
1273 3943 1524 3999 Dominus
1547 3962 1644 4001 no-

99 4038 217 4096 ster,
239 4039 292 4083 ut
318 4029 553 4099 gentium
585 4030 999 4096 multitudinem,
1042 4048 1162 4100 qua:
1191 4034 1488 4090 simulacris
1525 4051 1642 4091 ser-

103 4122 269 4186 vierat,
317 4123 383 4176 ad
413 4122 671 4176 unitatem
701 4122 821 4177 ﬁdei
870 4121 1184 4180 Christiana:
1231 4134 1284 4180 et
1326 4128 1645 4195 incorrupta:

103 4211 350 4279 religionis
375 4213 687 4268 adduceret.
723 4212 843 4267 Non
866 4215 996 4268 enim
1019 4224 1113 4278 est,
1139 4215 1329 4285 inquit,
1348 4220 1486 4271 sanis
1516 4234 1642 4288 apus

101 4302 318 4367 medicus,
346 4305 436 4356 sed
463 4301 599 4356 male
617 4304 912 4358 habentibus
953 4303 1162 4373 (Matth.
1213 4309 1313 4374 ιι).
1366 4308 1502 4379 Ergo
1551 4324 1642 4364 co-

103 4408 202 4445 rum
229 4393 379 4447 ﬁdem
402 4393 534 4462 sitit,
565 4407 663 4462 pro
689 4393 882 4462 quibus
909 4395 1220 4464 sanguinem
1252 4396 1403 4451 l’udit.

1760 2294 1832 2348 ita
1878 2295 2087 2364 subiicit
2115 2314 2126 2350 :
2159 2297 2276 2354 Hoc
2321 2313 2488 2355 autem
2529 2302 2743 2370 dicebat,
2786 2305 2980 2375 inquit,
3014 2309 3078 2362 de
3116 2310 3318 2380 Spiritu

1757 2401 1908 2454 quem
1951 2390 2204 2460 accepturi
2247 2401 2391 2446 erant
2434 2391 2490 2446 hi
2529 2396 2614 2463 qui
2659 2397 2712 2449 in
2739 2413 2854 2450 eum
2880 2401 3124 2454 credituri
3150 2417 3312 2459 erant.

1760 2473 2010 2532 Nondum
2058 2480 2191 2532 enim
2235 2489 2344 2534 erat
2375 2482 2602 2550 Spiritus
2630 2487 2776 2539 datus
2795 2531 2810 2557 ,
2842 2489 2960 2559 quia
2987 2490 3137 2548 Jesus
3181 2512 3312 2549 non-

1758 2566 1884 2621 dum
1911 2568 2081 2636 fuerat
2121 2569 2430 2638 clariﬁcatus
2469 2571 2540 2643 (Ι
2551 2574 2651 2629 bid.
2675 2573 2718 2645 ).
2760 2576 2873 2643 Hoc
2907 2579 3080 2650 itaque
3117 2583 3313 2641 donum

1756 2656 1986 2727 Spiritus
2023 2660 2194 2733 sancti
2232 2669 2346 2729 est,
2389 2662 2530 2732 quod
2561 2674 2680 2733 post
2706 2680 2852 2723 suam
2883 2670 3312 2731 elarillcatioueus

1755 2747 1902 2804 dedit
1943 2730 2229 2815 Ecclesia,
2280 2730 2420 2807 sicut
2458 2730 2576 2809 sliat
2605 2755 2876 2826 Scriptura
2917 2760 3085 2817 dicit:
3129 2730 3318 2821 Ascens

1757 2838 1879 2894 dens
1924 2840 1979 2895 in
2025 2843 2223 2905 altum,
2270 2844 2518 2911 captivam
2566 2845 2710 2900 duxit
2759 2850 3129 2918 captivitatrm,
3179 2854 3319 2908 dedit

1756 2931 1889 2984 dona
1920 2931 2202 2987 hominibus
2233 2931 2414 3005 (Psal.
2445 2935 2641 3006 van).
2673 2936 2779 2993 Sed
2806 2940 2976 2996 adhuc
3007 2941 3095 2996 illa
3127 2945 3316 3001 mulier

1755 3021 2040 3078 carnaliter
2067 3022 2234 3091 sapit,
2267 3023 2343 3078 sic
2373 3024 2513 3080 enim
2546 3029 2816 3096 respondit
2841 3049 2852 3082 :

1825 3110 2044 3167 Domine
2065 3153 2080 3181 ,
2110 3129 2268 3181 neque
2296 3115 2634 3170 hauritorium
2677 3117 2856 3184 habes,
2886 3126 2931 3174 et
2961 3131 3139 3191 puteus
3176 3125 3316 3180 altas

1753 3198 1826 3256 est
1848 3245 1862 3271 ,
1894 3204 2028 3256 unde
2053 3218 2171 3272 ergo
2198 3205 2347 3258 habes
2370 3221 2552 3273 aquam
2580 3207 2776 3261 uittam?
2800 3207 3043 3280 Nunquid
3070 3225 3122 3266 tu
3151 3218 3316 3283 major

1753 3309 1802 3348 es
1833 3303 1978 3365 patre
2008 3307 2180 3350 nostro
2209 3294 2367 3350 Jacob
2396 3297 2484 3364 qui
2527 3299 2667 3352 dedit
2711 3300 2840 3354 hunc
2865 3313 3069 3372 puteum
3089 3346 3104 3370 ,
3132 3317 3177 3358 rt
3206 3309 3316 3375 ipse

1750 3398 1814 3436 ea:
1842 3399 1898 3437 eo
1927 3383 2083 3450 bibit,
2117 3393 2161 3438 et
2190 3385 2288 3453 ﬁlii
2315 3387 2429 3455 ejus
2449 3425 2464 3453 ,
2497 3396 2542 3439 et
2585 3405 2768 3458 pecora
2813 3392 2970 3462 ejus.’
2995 3393 3143 3450 Nunc
3187 3403 3313 3453 Vero

1746 3470 1858 3539 jam
1893 3473 2148 3528 Dominus
2178 3475 2395 3543 exponit
2423 3479 2545 3544 quid
2578 3478 2810 3540 dixerit:

1822 3563 1997 3617 Omnis
2017 3605 2030 3629 ,
2065 3564 2271 3635 inquit,
2303 3571 2388 3636 qut
2418 3565 2595 3622 biberit
2632 3585 2695 3622 ea:
2735 3585 2867 3638 aqua
2898 3573 3026 3639 ista,
3060 3577 3191 3630 sitiet
3217 3579 3312 3632 ite-

1746 3671 1893 3720 rum;
1921 3656 2006 3723 qui
2031 3663 2196 3708 autem
2225 3657 2399 3711 biberit
2429 3659 2490 3712 de
2520 3676 2650 3728 aqua
2677 3678 2830 3732 quam
2856 3680 2947 3736 ego
2966 3667 3178 3736 dedero,
3208 3686 3310 3726 non

1747 3745 1876 3799 sitiet
1906 3746 1961 3799 in
1991 3747 2343 3816 sempiternum
2368 3765 2388 3813 ,°
2428 3753 2517 3804 sed
2547 3767 2680 3821 aqua
2708 3754 2800 3806 illa
2829 3735 2980 3823 quam
3010 3758 3195 3813 dedero
3221 3763 3308 3830 ﬁet

1746 3835 1798 3887 in
1822 3851 1880 3889 eo
1906 3839 2022 3906 fons
2047 3853 2195 3907 aqua
2220 3840 2447 3892 salientis
2476 3842 2528 3894 in
2557 3843 2709 3894 vitam
2754 3855 3016 3900 (sternam.
3057 3849 3161 3904 Sed
3192 3868 3308 3907 tttu-

1747 3927 1843 3982 lier
1869 3929 2199 3997 prudentiam
2222 3933 2403 3986 carnis
2451 3935 2808 4004 amplectitur.
2858 3939 2992 4006 Quid
3022 3944 3161 3998 enim
3209 3961 3299 4000 re-

1745 4019 2008 4088 spondit?

1821 4109 2071 4180 Domine,
2123 4113 2187 4166 da
2237 4113 2358 4167 mihi
2398 4113 2530 4168 hanc
2573 4132 2793 4187 aquam,
2833 4126 2888 4170 ut
2915 4134 3073 4188 neque
3093 4122 3302 4192 sitiam,

1743 4217 1903 4275 :neque
1930 4203 2127 4256 ueniam
2154 4203 2252 4257 huc
2273 4197 2503 4262 haurire.
2539 4206 2674 4261 Dicit
2701 4207 2748 4262 ei
2772 4206 2919 4264 Jesus
2942 4225 2960 4264 :
2995 4211 3153 4280 Vade,
3185 4209 3327 4271 caca-

1745 4296 1908 4349 cirum
1936 4306 2076 4351 tuum
2102 4338 2116 4364 ,
2145 4308 2192 4352 et
2221 4299 2332 4352 veni
2359 4299 2473 4354 huc.
2505 4301 2634 4356 Cum
2665 4301 2823 4359 sciret
2853 4317 2967 4357 eam
2999 4308 3165 4362 virum
3199 4325 3303 4364 non

1748 4386 1976 4455 habere,
2027 4404 2122 4443 cur
2171 4391 2270 4446 hoc
2315 4390 2536 4461 dixerit,
2588 4395 2867 4462 quaeritur,
2901 4412 3128 4468 namque
3178 4416 3297 4457 cum

164 4478 292 4535 Dixit
327 4499 444 4554 ergo
484 4485 552 4535 ad
590 4499 701 4537 eam
734 4481 887 4538 Iesus
911 4499 930 4537 :
975 4478 1182 4552 Mulier,
1214 4485 1280 4538 da
1309 4485 1434 4539 mihi
1461 4488 1640 4542 bibere.
1677 4515 1725 4573 Β
1751 4479 1938 4573 mulier
1965 4479 2096 4573 dixit
2125 4500 2136 4534 :

112 4569 166 4623 Et
212 4581 265 4624 ut
309 4583 531 4627 noverat
574 4588 695 4642 qua:
742 4572 956 4627 sitiebat
1003 4574 1253 4629 Doluinus
1295 4586 1497 4640 noster,
1528 4590 1648 4646 post

109 4661 350 4726 paululum
386 4665 674 4719 veniebant
703 4664 950 4734 discipuli
981 4665 1128 4735 ejus,
1172 4666 1262 4733 qui
1308 4680 1647 4735 perrexerant

108 4752 150 4804 in
175 4753 426 4809 civitatem
458 4764 518 4808 ut
544 4756 692 4809 cibos
721 4765 1001 4819 emerent;
1033 4754 1122 4824 qui
1148 4755 1332 4808 dicunt
1358 4756 1404 4808 ei
1437 4773 1448 4806 :

168 4843 347 4909 Bubbi,
379 4847 650 4900 manduca.
698 4845 801 4900 Ille
843 4857 1008 4901 autem
1034 4846 1163 4900 dixit
1203 4847 1274 4901 eis
1301 4861 1319 4898 :
1353 4847 1464 4918 Ego
1493 4847 1645 4900 habeo

107 4949 250 4986 arma
274 4937 581 4990 manducare
609 4953 766 5004 quam
795 4952 882 4990 vos
913 4937 1132 4991 nescitis.
1186 4934 1371 4990 Dicunt
1411 4938 1645 5008 discipuli

108 5028 202 5093 ejus
224 5029 286 5078 ad
313 5026 657 5081 alterutrum:
699 5025 949 5096 Nunquid
991 5027 1173 5095 aliquis
1211 5026 1376 5080 attulit
1418 5027 1464 5080 ei
1502 5044 1644 5080 utan-

109 5120 268 5174 ducare
292 5122 313 5173 .’
339 5118 474 5174 Dicit
513 5123 584 5174 eis
629 5120 778 5175 Jesus
804 5137 822 5174 :
851 5121 1002 5176 Cibus
1051 5134 1189 5172 meus
1235 5130 1312 5172 est
1367 5129 1419 5173 ut
1458 5121 1643 5188 faciam

111 5213 382 5264 uoluntatem
420 5213 531 5280 ejus
569 5212 656 5278 qui
686 5226 762 5264 me
791 5211 962 5278 misit,
995 5221 1046 5264 ut
1075 5209 1331 5280 perﬁciam
1359 5226 1481 5280 opus
1507 5213 1635 5280 ejus.

121 5299 336 5373 Nunquid
382 5303 467 5358 hic
514 5303 822 5371 intelligitur
865 5304 1012 5358 aliud
1055 5305 1298 5358 voluntas
1339 5303 1508 5358 Patris
1548 5306 1637 5374 qui

115 5405 218 5444 eum
260 5395 428 5462 misit,
464 5404 520 5449 et
561 5408 694 5463 opus
738 5393 854 5462 eius
890 5394 1032 5462 quod
1079 5395 1335 5462 perﬁcere
1378 5396 1509 5449 velle
1551 5411 1638 5450 re-

116 5483 336 5549 spondit,
379 5483 478 5538 nisi
525 5495 578 5536 ut
627 5498 722 5536 nos
762 5484 825 5535 ad
878 5483 1032 5537 [idem
1084 5499 1232 5538 suam
1271 5501 1301 5538 a
1345 5484 1639 5552 pernicioso

118 5575 276 5629 mundi
318 5591 494 5631 errore
543 5576 926 5630 converteret?
974 5576 1154 5642 Qualis
1199 5585 1280 5631 est
1322 5593 1447 5646 ergo
1492 5580 1640 5634 cibus

115 5663 245 5731 ejus,
275 5669 387 5721 talis
414 5676 467 5721 et
497 5678 652 5737 potus
674 5705 688 5728 ,
718 5664 839 5734 quia
874 5676 1088 5734 propter
1137 5669 1236 5722 hoc
1284 5668 1336 5722 in
1383 5669 1471 5723 illa
1519 5682 1636 5724 mu-

119 5751 230 5813 liere
265 5757 496 5827 sitiebat,
542 5770 597 5811 ut
645 5759 842 5812 laceret
885 5758 937 5812 in
985 5774 1044 5812 ea
1095 5761 1419 5818 voluntatem
1471 5764 1636 5820 Patris

468 5867 741 5928 i’arnon.
802 5865 988 5928 XCII.

1830 4567 1947 4623 Non
1974 4569 2131 4625 habeo
2169 4572 2328 4625 virum
2347 4612 2361 4638 ,
2393 4573 2512 4626 dicit
2540 4573 2583 4627 ei
2609 4575 2758 4630 Iesus
2789 4590 2805 4629 :
2836 4575 2970 4632 Bene
2999 4579 3175 4634 dixisti
3200 4599 3300 4637 non

1750 4662 1932 4716 habere
1981 4672 2027 4715 te
2081 4664 2282 4726 virum,
2339 4664 2557 4735 quinque
2599 4666 2732 4720 enim
2772 4668 2906 4722 viros
2953 4670 3206 4737 habuisti;
3253 4686 3302 4728 et

1749 4769 1882 4805 nunc
1921 4769 2068 4822 quem
2107 4755 2289 4819 habrs,
2333 4771 2434 4808 non
2477 4764 2547 4809 est
2589 4767 2704 4810 tuus
2729 4758 2823 4822 vir,
2856 4757 2949 4813 hoc
2975 4776 3084 4814 vere
3108 4762 3301 4816 dixisti.

1749 4843 1853 4898 Sed
1904 4858 2010 4898 non
2058 4855 2180 4899 sunt
2231 4848 2344 4898 haec
2373 4847 2655 4901 carnaliter
2694 4848 2998 4917 accipienda
3022 4891 3035 4915 ,
3069 4867 3135 4905 ne
3177 4837 3299 4909 huic

1746 4936 1845 5003 ipsi
1877 4935 2047 4989 adhuc
2079 4935 2286 4988 mulieri
2331 4931 2676 4990 Samaritana:
2722 4938 2922 4993 similes
2963 4954 3081 4994 esse
3124 4943 3301 4996 videa-

1748 5041 1885 5090 mur,
1919 5025 2011 5080 sed
2045 5024 2110 5079 de
2140 5025 2228 5078 illo
2258 5027 2403 5080 dono
2428 5025 2554 5096 Dei,
2584 5028 2627 5080 si
2668 5026 2867 5096 aliquid
2911 5028 3020 5097 jam
3065 5032 3299 5100 gustavi-

1753 5129 1869 5167 mus
1891 5157 1904 5180 ,
1938 5113 2286 5183 spiritualiter
2316 5114 2455 5168 istud
2505 5124 2813 5171 tractemus.
2858 5117 3097 5189 Quinque
3125 5121 3297 5185 viros,

1753 5206 1988 5273 quinque
2024 5206 2185 5259 libros
2215 5206 2303 5271 qui
2337 5221 2429 5273 per
2459 5205 2674 5275 Moysen
2707 5207 2991 5263 ministrati
3022 5221 3140 5264 sunt
3165 5226 3298 5268 non-

1747 5296 1873 5350 nulli
1904 5298 2186 5364 accipiunt.
2221 5295 2371 5362 Quod
2418 5305 2589 5350 autem
2640 5296 2837 5351 dictum
2883 5307 3001 5352 est:
3057 5299 3122 5352 Et
3166 5317 3297 5355 nunc

1741 5403 1885 5457 quem
1925 5389 2114 5452 habes,
2164 5404 2263 5439 non
2306 5397 2378 5441 est
2424 5396 2537 5439 tuus
2580 5388 2674 5454 vir,
2721 5386 2786 5442 de
2815 5389 2987 5455 seipso
3017 5388 3295 5445 Dominum

1743 5479 1941 5533 dixisse
1972 5479 2303 5548 intelligunt,
2334 5491 2388 5532 ut
2422 5480 2523 5533 iste
2552 5480 2621 5532 sit
2651 5493 2838 5533 sensus
2874 5495 2887 5533 :
2923 5479 3100 5532 Primo
3140 5483 3292 5550 quin-

1743 5587 1845 5642 que
1885 5573 2034 5626 libris
2064 5572 2230 5642 Moysi
2261 5573 2493 5642 quinque
2523 5570 2651 5625 viris
2680 5569 2922 5634 servisti;
2955 5586 3085 5624 nunc
3124 5583 3293 5624 autem

1741 5681 1885 5734 quem
1914 5664 2067 5717 habes
2089 5706 2101 5728 ,
2152 5664 2199 5716 id
2246 5672 2328 5716 est
2347 5703 2362 5727 ,
2410 5676 2564 5734 quem
2610 5659 2759 5714 audis
2779 5701 2794 5724 ,
2825 5677 2924 5713 non
2952 5670 3024 5714 est
3054 5672 3166 5714 tuus
3196 5663 3292 5724 uir,

1743 5732 1862 5826 quia
1893 5755 2128 5814 nondum
2175 5757 2225 5809 in
2276 5771 2397 5811 eum
2418 5732 2712 5811 credidisti.
2747 5754 2848 5807 Sed
2877 5754 3123 5822 quoniam
3155 5771 3288 5810 non-

2784 5863 2864 5923 29
