3822 6226
545 356 651 413 683

978 358 1179 416 BE-D/E
1222 358 1669 418 VENERABILIS
1708 362 1858 418 OPP.
1902 363 2076 420 PARS
2116 362 2174 417 ll.
2208 364 2399 423 SECT.
2439 368 2478 423 l.
2508 363 2974 430 —EXEGETICA
3017 376 3313 437 GENUINA

543 471 665 524 dum
696 479 921 527 credens
952 471 1197 563 Christo,
1246 473 1419 528 adhuc
1456 474 1639 543 utique
1680 475 1886 529 illorum
1941 476 2093 545 quin-
2124 480 2173 536 Α
2204 484 2285 531 tus
2332 480 2596 545 hominis,
2646 484 2733 552 qui
2780 483 3066 540 animalem
3115 486 3448 544 affectionem
3505 502 3721 563 tanquam
3788 506 3789 509 ‘

543 576 645 629 que
677 564 942 627 virorum,
971 562 1020 615 id
1049 573 1167 627 est,
1196 564 1426 632 quinque
1453 564 1737 630 librorum,
1766 566 2098 632 copulatione

542 654 846 716 tenebatur,
893 661 1074 723 potest
1119 668 1334 708 movere
1380 655 1646 723 quomodo
1684 656 1783 707 dici
1827 662 2093 722 potuerit:

539 744 771 814 Quinque
806 746 938 798 viros
966 744 1181 801 habuisti
1199 785 1215 811 ,
1247 747 1397 814 quasi
1426 760 1565 801 nunc
1595 761 1685 802 eos
1711 747 1819 816 jam
1850 765 1954 803 non
2003 754 2095 803 lia-

537 833 727 899 heret,
787 848 905 888 cum
960 835 1131 889 adhuc
1189 835 1369 904 utique
1433 834 1560 904 ipsis
1611 836 1818 892 subdita
1873 839 2094 893 vireret.

538 922 738 978 Deinde
784 939 903 978 eum
936 925 1167 993 quinque
1200 925 1319 979 libri
1364 926 1526 996 Moysi
1580 926 1710 981 nihil
1744 928 1889 981 aliud
1938 942 2093 997 quam

534 1014 800 1069 Christum
849 1018 1163 1083 prmdicent,
1213 1016 1350 1070 sicut
1400 1017 1513 1085 ipse
1561 1018 1674 1071 ait:
1719 1016 1778 1071 Si
1830 1020 2095 1072 crederetis

536 1105 737 1175 Moysi,
779 1107 1041 1161 crederetis
1086 1107 1295 1177 forsitan
1336 1115 1383 1160 et
1426 1106 1581 1174 mihi,
1629 1106 1714 1160 ille
1742 1107 1874 1159 enim
1917 1108 1977 1160 de
2019 1124 2097 1161 me

538 1196 740 1264 scripsit
771 1194 947 1265 (Joan.
978 1211 1035 1251 ιιι
1056 1196 1075 1267 )
1095 1237 1110 1262 ,
1143 1198 1408 1265 quomodo
1437 1204 1610 1264 potest
1638 1196 1854 1265 intelligi
1885 1211 1913 1249 a
1940 1197 2096 1266 quin-

534 1304 639 1360 que
672 1289 779 1343 illis
813 1290 959 1346 libris
987 1281 1242 1345 recedere
1274 1290 1542 1343 hominem
1564 1329 1579 1355 ,
1614 1299 1669 1342 ut
1716 1291 1781 1342 ad
1828 1291 2094 1346 Christum

537 1387 810 1445 transeat,
839 1395 958 1433 cum
995 1380 1082 1435 ille
1110 1380 1198 1449 qui
1228 1380 1400 1434 credit
1433 1380 1482 1433 in
1523 1379 1792 1434 Christum
1818 1420 1831 1443 ,
1866 1396 1967 1434 non
2011 1397 2093 1435 re-

542 1469 1138 1540 linquendostqulnque
1188 1473 1307 1526 illos
1356 1472 1551 1537 libros,
1604 1472 1699 1527 sed
1747 1473 2095 1540 spiritualiter

535 1562 909 1633 intelligendos
949 1564 1116 1617 multo
1159 1564 1363 1618 beatius
1408 1564 1790 1631 amplematur?
1834 1566 1923 1619 Est
1967 1581 2093 1634 ergo

533 1654 669 1709 alius
698 1654 1000 1708 intellectus
1022 1694 1037 1719 ,
1068 1663 1124 1709 ut
1155 1657 1385 1725 quinque
1416 1658 1512 1710 viri
1547 1657 1905 1724 intelligantur
1934 1659 2089 1726 quin-

534 1760 639 1816 que
666 1747 907 1814 corporis
938 1761 1125 1801 sensus
1153 1766 1163 1800 :
1201 1764 1332 1803 unus
1362 1750 1449 1816 qui
1493 1748 1556 1803 ad
1602 1750 1785 1802 oculos
1827 1749 2087 1817 pertinet,

2201 571 2485 640 coniugem
2562 576 2737 642 regit:
2772 594 2875 632 non
2934 579 3020 634 ille
3076 579 3304 649 Spiritus
3355 592 3608 651 sanctus,
3654 592 3722 657 qui

2197 676 2317 713 cum
2375 662 2531 717 Patre
2588 675 2642 718 et
2692 666 2826 722 Filio
2878 670 3377 728 incommutabiliter
3426 675 3605 741 datu";
3652 682 3724 734 sed
3788 714 3789 719 η

2197 749 2415 815 spiritus
2462 752 2721 821 hominis,
2770 756 2836 810 de
2889 774 2995 827 quo
3046 762 3328 827 Apostolus
3374 764 3542 819 dicit:
3588 766 3725 821 Nemo

2196 839 2288 890 scit
2315 841 2437 908 quid
2464 851 2536 895 est
2568 844 2620 895 in
2652 846 2882 909 homine,
2917 848 3014 901 nisi
3046 850 3251 919 spiritus
3314 852 3527 907 hominis
3552 853 3599 925 (1
3628 854 3723 912 Cor.

2195 944 2233 982 ιι
2256 929 2274 999 )
2297 973 2311 997 ,
2347 947 2464 985 nam
2495 944 2549 987 et
2580 935 2668 990 ille
2697 937 2924 1003 Spiritus
2971 950 3213 1005 sanctus,
3263 943 3476 1011 spiritus
3510 946 3592 999 Dei
3621 957 3720 1009 est;

2193 1018 2259 1073 de
2286 1036 2390 1089 quo
2420 1024 2608 1078 iterum
2640 1025 2770 1080 dicit
2800 1044 2813 1080 :
2850 1028 2940 1082 Sic
2969 1040 3015 1082 et
3044 1046 3160 1099 quin
3190 1032 3285 1085 Dei
3310 1044 3427 1086 sunt
3472 1050 3612 1086 nemo
3634 1038 3721 1099 scit,

2195 1110 2292 1164 nisi
2324 1112 2553 1179 Spiritus
2587 1115 2682 1169 Dei
2711 1116 2922 1188 (Ibid.).
2957 1118 3051 1174 Hic
3104 1137 3229 1190 ergo
3273 1124 3487 1191 spiritus
3532 1126 3724 1179 hominis

2195 1210 2314 1251 cum
2351 1214 2584 1268 praesens
2612 1214 2728 1268 est,
2757 1204 2807 1259 id
2841 1215 2956 1270 est,
2987 1208 3219 1263 intentus
3247 1220 3368 1277 est,
3395 1224 3444 1266 et
3474 1227 3531 1267 se
3560 1216 3723 1282 pietate

2194 1290 2409 1359 subiicit
2438 1292 2578 1361 Deo,
2614 1295 2855 1365 intelligit
2890 1296 3049 1352 homo
3078 1313 3194 1369 quat
3228 1302 3536 1369 spiritaliter
3563 1304 3719 1359 dicun-

2204 1393 2307 1436 tur.
2338 1383 2467 1439 Cum
2498 1394 2673 1442 autem
2708 1388 2906 1443 diaboli
2936 1404 3089 1445 error
3118 1398 3366 1460 tanquam
3408 1392 3624 1449 absente
3665 1397 3724 1449 in-

2201 1473 2409 1529 tellectu
2437 1475 2487 1529 in
2520 1478 2691 1530 anitna
2724 1480 3048 1549 dominatur,
3075 1481 3281 1536 adulter
3309 1492 3408 1537 est.
3446 1482 3582 1538 Voca
3607 1502 3719 1555 ergo,

2195 1561 2396 1632 inquit,
2427 1567 2588 1619 virum
2620 1576 2789 1635 tuum,
2825 1570 2874 1623 id
2937 1581 3049 1633 est,
3086 1572 3323 1641 spiritum
3355 1575 3439 1642 qui
3469 1586 3547 1630 est
3574 1578 3618 1631 in
3658 1591 3717 1640 te.

2196 1667 2301 1718 quo
2332 1662 2505 1722 potest
2536 1655 2695 1711 homo
2729 1658 3023 1729 intelligere
3055 1663 3327 1729 spiritalia.
3374 1664 3429 1719 Si
3476 1668 3609 1720 enim
3653 1671 3719 1722 Ius

2196 1747 2438 1798 veritatis
2471 1746 2698 1801 illustret
2731 1748 2830 1816 vir,
2860 1751 3045 1805 adesse
3075 1752 3399 1824 intelligitur.
3438 1755 3571 1809 Voca
3599 1759 3722 1826 igitur

534 1852 639 1905 quo
687 1838 856 1893 lucem
906 1837 1059 1891 istaut
1108 1839 1400 1901 visibilem,
1447 1848 1498 1892 et
1540 1839 1805 1907 quoslibet
1846 1840 2083 1903 colores,
2122 1822 2165 1881 Β
2194 1837 2351 1887 virum
2404 1846 2579 1902 tuum,
2614 1848 2667 1892 ut
2699 1839 2812 1908 ipse
2862 1842 3001 1897 adsit
3030 1859 3149 1898 cum
3183 1822 3370 1913 loquor
3401 1848 3523 1913 tibi,
3558 1822 3720 1917 lli-Spi-

534 1926 839 1998 formasque
886 1941 1202 1997 corporum,
1248 1928 1533 1983 (eruimus.
1566 1930 1714 1983 Alter
1744 1938 1823 1982 est
1850 1931 2051 1983 aurium
2072 1968 2087 1994 ,

534 2035 643 2087 quo
670 2035 855 2075 meum
888 2030 939 2075 et
969 2022 1204 2075 omnium
1248 2036 1499 2074 sonorum
1549 2030 1888 2074 monumenta
1928 2022 2091 2074 senti-

533 2128 672 2167 mus.
704 2111 912 2166 Tertius
948 2114 1191 2177 narium,
1235 2127 1338 2181 quo
1382 2111 1522 2163 varia
1565 2112 1789 2164 odorum
1832 2111 2091 2165 suatitate

528 2203 880 2256 delectamur.
912 2203 1141 2265 Quartus
1168 2202 1219 2255 in
1254 2217 1346 2255 ore
1376 2212 1559 2272 gustus
1590 2201 1760 2254 dulcia
1811 2209 1867 2255 et
1912 2216 2088 2253 amara

533 2291 727 2355 sentit,
760 2300 813 2343 et
842 2292 1077 2345 omnium
1110 2305 1360 2360 saporum
1393 2292 1552 2345 habet
1584 2305 1828 2345 examen.
1866 2290 2091 2355 Quintus

532 2400 627 2453 per
657 2394 821 2439 totum
863 2399 1054 2453 corpus
1086 2386 1348 2454 tangendo
1386 2386 1637 2453 diiudicat
1665 2386 1834 2439 calida
1867 2395 1917 2439 et
1946 2385 2088 2451 frigi-

530 2476 620 2539 da,
643 2486 695 2530 et
724 2476 854 2529 dura
886 2484 936 2529 et
964 2475 1166 2540 mollia,
1190 2484 1245 2529 et
1273 2477 1401 2529 letia
1435 2486 1486 2528 et
1518 2490 1739 2543 aspera;
1763 2484 1814 2529 et
1837 2474 2089 2543 quidquid

528 2566 671 2621 aliud
704 2576 815 2632 est,
845 2566 1105 2634 tangendo
1136 2568 1409 2620 sentimus.
1446 2566 1562 2620 istis
1593 2566 1768 2631 itaque
1795 2564 2091 2618 carnalibus

531 2657 763 2726 quinque
802 2658 1045 2711 sensibus
1092 2657 1253 2725 prima
1284 2656 1510 2710 hominis
1538 2665 1663 2709 aetas
1692 2656 1963 2717 imbuitur,
1997 2669 2090 2708 ne-

528 2748 780 2801 cessitate
823 2756 1022 2801 naturaa
1071 2745 1341 2809 mortalis,
1386 2744 1506 2813 quia
1554 2746 1619 2797 ita
1670 2755 1786 2812 post
1818 2754 2087 2810 peccatum

530 2840 686 2910 primi
730 2837 957 2891 hominis
996 2836 1103 2890 nati
1145 2850 1359 2901 sumus,
1393 2845 1448 2890 ut
1475 2835 1707 2889 nondum
1739 2834 1942 2889 reddita
1974 2834 2090 2887 luce

532 2930 759 2993 mentis,
792 2927 1086 2983 carnalibus
1118 2926 1357 2981 sensibus
1388 2926 1601 2991 subditi,
1630 2925 1894 2981 carnalem
1928 2924 2087 2978 vitam

530 3021 647 3074 sine
677 3020 780 3072 ulla
812 3016 1053 3072 veritatis
1079 3016 1419 3086 intelligentia
1449 3024 1795 3070 transeamus.
1823 3014 1975 3069 Tales
1998 3028 2089 3069 nec

529 3125 684 3166 cesso
711 3120 791 3165 est
814 3122 934 3163 esse
963 3108 1206 3171 infantes,
1242 3116 1291 3161 et
1320 3105 1565 3175 parvulos
1596 3118 1806 3174 pueros,
1838 3105 1923 3174 qui
1954 3119 2090 3157 non-

527 3203 651 3255 dum
683 3208 903 3269 possunt
948 3200 1189 3267 accipere
1226 3197 1506 3251 rationem.
1550 3195 1615 3250 Et
1654 3192 1776 3263 quia
1820 3192 2085 3248 naturales

527 3301 653 3347 sunt
683 3294 768 3347 isti
798 3306 984 3347 sensus
1004 3331 1019 3355 ,
1049 3290 1134 3361 qui
1158 3290 1385 3357 primam
1415 3297 1622 3344 :etatem
1653 3298 1870 3357 regunt,
1898 3299 1949 3342 et
1980 3286 2086 3339 Deo

526 3386 729 3443 artiﬁce
771 3385 920 3439 nobis
953 3382 1129 3438 tributi
1159 3391 1300 3445 sunt,
1335 3390 1476 3435 recte
1507 3381 1749 3434 dicuntur
1777 3381 1893 3440 viri,
1928 3379 1976 3431 id
2007 3388 2087 3433 est

532 3477 739 3540 mariti,
787 3487 1032 3542 tanquam
1076 3472 1329 3541 legitimi,
1372 3470 1617 3540 quoniam
1660 3484 1763 3523 non
1807 3483 1897 3523 eos
1939 3482 2086 3521 error

526 3575 659 3626 vitio
705 3573 949 3639 proprio,
1003 3566 1095 3622 sed
1145 3566 1254 3619 Deo
1302 3562 1502 3617 artiﬁce
1551 3570 1732 3615 natura
1780 3561 2081 3615 contribuit.

529 3644 790 3716 Cum'aut
838 3658 1059 3728 quisque
1108 3656 1173 3709 ad
1214 3670 1329 3710 eam
1380 3652 1578 3708 venerit
1625 3662 1830 3706 aetatem
1880 3652 1930 3705 in
1984 3666 2083 3717 qua

530 3744 692 3821 possit
718 3763 881 3819 capax
912 3763 1031 3803 esse
1061 3745 1282 3801 rationis
1302 3784 1317 3810 ,
1350 3745 1391 3798 si
1415 3744 1697 3797 ‘veritatem
1727 3742 1903 3794 statim
1934 3755 2082 3794 com-

532 3841 857 3911 prehendere
905 3838 1164 3908 potuerit,
1213 3850 1315 3889 non
1370 3834 1472 3889 illis
1512 3833 1753 3887 sensibus
1792 3832 2085 3886 tectoribus

533 3942 790 3996 uteretur,
822 3930 913 3984 sed
965 3927 1178 3981 habebit
1223 3924 1393 3980 virum
1445 3922 1686 3993 spiritum
1738 3921 2078 3987 ratiunalem,

529 4023 615 4075 cui
674 4034 864 4075 sensus
923 4018 1041 4073 illos
1091 4016 1143 4071 in
1189 4014 1493 4069 famulatum
1548 4012 1783 4080 redigat,
1838 4010 2079 4065 servituti

530 4110 816 4178 subiiciens
856 4119 1049 4175 corpus
1089 4118 1272 4167 suum,
1318 4116 1435 4156 cum
1478 4102 1649 4155 anima
1680 4115 1784 4153 non
1820 4099 1927 4167 iam
1956 4100 2082 4152 viris

528 4203 764 4271 quinque
786 4240 801 4264 ,
832 4198 883 4251 id
915 4206 997 4250 est
1035 4194 1265 4264 quinque
1291 4192 1561 4262 corporeis
1590 4190 1833 4245 sensibus
1873 4189 2079 4243 subdita

526 4301 608 4345 cst
631 4333 645 4356 ,
679 4290 770 4345 sed
806 4287 1033 4342 Verbum
1071 4284 1303 4338 divinum
1352 4282 1510 4336 habet
1554 4281 1846 4349 legitimum
1875 4280 2077 4343 virum,

530 4383 613 4435 cui
653 4380 893 4448 copulata
921 4386 973 4432 et
1002 4376 1265 4431 inhzerens
1288 4416 1302 4439 ,
1351 4387 1469 4427 cum
1498 4380 1550 4426 et
1579 4372 1691 4441 ipse
1732 4369 1955 4437 Spiritus
1986 4369 2095 4445 ho-i

534 4474 692 4528 inuis
721 4471 930 4525 haeserit
960 4466 1211 4545 /Christo,
1243 4462 1360 4533 quia
1399 4472 1554 4531 caput
1593 4461 1692 4515 viri
1729 4458 1971 4515 Christus
2000 4466 2081 4514 est

526 4567 600 4637 (i
636 4565 752 4620 Cor.
787 4560 919 4632 ιι),
965 4559 1205 4627 amplexa
1254 4554 1542 4623 spiritalia,
1574 4564 1769 4605 aeterna
1822 4553 1921 4603 vita
1964 4550 2079 4603 sine

530 4662 635 4714 ullo
664 4654 1013 4726 separationis
1054 4653 1240 4707 timore
1270 4646 1582 4717 perfruitur.
1615 4646 1802 4711 Quinis
1830 4648 1968 4699 enim
1993 4659 2081 4698 se-

538 4764 663 4821 pare
703 4747 1165 4811 tenebaturhqute
1204 4738 1527 4807 signiﬁcabat
1569 4735 1953 4796 multitudinem
1983 4749 2083 4789 ste-

539 4840 642 4896 Ctili
672 4838 821 4893 vanis
850 4831 1312 4906 superstitionibus
1353 4827 1655 4897 subjugari,
1695 4835 1812 4895 post
1844 4836 2079 4892 tempora

531 4934 619 4987 illa
647 4930 878 5000 quinque
906 4922 1190 4979 carnalium
1218 4934 1467 4975 sensuum
1490 4958 1503 4982 ,
1527 4920 1711 4984 quibus
1743 4921 1903 4983 prima
1932 4928 2080 4977 tetas,

536 5031 591 5074 nt
619 5018 871 5079 diximus,
901 5014 1132 5082 regitur:
1164 5025 1266 5064 non
1296 5023 1412 5063 eam
1436 5007 1663 5062 Verbum
1693 5005 1782 5057 Dei
1807 5011 2080 5070 acceperat

532 5114 583 5163 in
628 5105 964 5175 coniugium,
1018 5102 1115 5155 sed
1165 5099 1440 5167 complexu
1488 5096 1787 5149 adulterino
1836 5093 2078 5145 diabolus

529 5198 824 5253 obtinebat.
856 5194 1032 5261 Itaque
1086 5190 1158 5243 illi
1211 5188 1463 5242 Dominus
1514 5184 1671 5247 dicit,
1726 5182 1909 5235 videns
1961 5194 2077 5233 eam

531 5304 649 5343 esse
699 5284 1001 5345 carnalem,
1055 5281 1105 5334 id
1157 5288 1267 5342 est,
1319 5276 1599 5331 carnaliter
1631 5287 1861 5340 sapere:
1906 5270 2075 5331 Vade,

529 5396 645 5433 νοω
674 5381 832 5431 virum
860 5384 1030 5441 tuum,
1064 5383 1108 5425 et
1134 5372 1241 5425 veni
1285 5371 1379 5422 huc
1400 5409 1413 5433 ,
1438 5369 1488 5421 id
1534 5375 1615 5421 est
1644 5384 1655 5418 :
1684 5364 1975 5419 llemovere
2014 5365 2080 5413 ab

530 5468 803 5522 aﬁectéone
833 5464 1031 5518 carnali
1065 5463 1247 5527 in‘qua
1296 5472 1432 5511 nunc
1475 5457 1761 5510 constituta
1806 5468 1895 5512 es,
1944 5450 2081 5502 unde

536 5572 637 5609 non
693 5566 839 5622 potes
888 5550 1178 5619 intelligere
1228 5564 1342 5617 quae
1394 5548 1613 5614 loquor;
1662 5553 1707 5596 et
1754 5558 1874 5595 voca
1920 5542 2081 5593 vit-um

534 5653 670 5695 tuum
692 5686 706 5709 ,
757 5641 804 5695 id
848 5649 962 5705 est,
996 5640 1049 5692 ln
1086 5639 1267 5708 spiritu
1300 5635 1653 5704 intelligentia:
1682 5646 1912 5702 praesens
1942 5638 2077 5682 esto.

533 5734 621 5786 Est
649 5734 789 5787 enim
822 5731 1007 5784 animm
1052 5731 1198 5798 quasi
1246 5729 1460 5781 naritus
1500 5724 1883 5793 quodammodo
1914 5720 2078 5789 Spiii~

2110 4487 2163 4548 D

2192 1926 2397 1981 ritalem
2446 1943 2635 1997 aquam
2687 1932 2939 2001 accipias.
2992 1935 3085 1987 Cui
3138 1937 3307 2004 virum
3352 1953 3411 1991 se
3444 1940 3629 1993 habere
3654 1956 3719 1993 ne-

2190 2018 2353 2084 ganti.
2384 2016 2519 2073 Bene
2540 2060 2552 2083 ,
2586 2019 2787 2090 inquit,
2823 2025 3022 2078 dixisti.
3079 2025 3314 2096 Quinque
3342 2031 3475 2082 enim
3504 2033 3625 2084 uiros
3653 2034 3720 2084 Ιιαι

2192 2108 2377 2175 buisti,
2408 2110 2456 2161 id
2488 2121 2568 2163 est
2589 2151 2602 2176 ,
2634 2113 2865 2181 quinque
2897 2129 3085 2168 sensus
3114 2118 3356 2171 carnales
3392 2128 3442 2172 te
3475 2120 3524 2172 in
3578 2121 3715 2188 prima

2190 2208 2344 2253 tritate
2372 2211 2648 2267 texerunt;
2678 2212 2721 2256 et
2753 2220 2887 2257 nunc
2917 2222 3062 2274 quem
3092 2206 3260 2268 habes.
3293 2224 3395 2261 non
3422 2216 3493 2262 est
3519 2220 3624 2263 tuas
3646 2212 3717 2272 rir,

2196 2290 2317 2356 quia
2350 2306 2454 2345 non
2485 2302 2565 2346 est
2594 2295 2643 2347 in
2674 2305 2721 2349 te
2750 2297 2963 2364 spiritus
2989 2299 3077 2366 qui
3109 2299 3365 2369 intelligat
3412 2302 3599 2369 Deum,
3625 2319 3717 2357 cun

2191 2393 2295 2448 quo
2326 2382 2616 2451 legitimum
2652 2396 2801 2452 potes
2833 2385 3032 2443 habere
3061 2391 3367 2460 coniugium
3402 2411 3415 2444 :
3463 2394 3554 2447 sed
3596 2410 3719 2450 errur

2193 2469 2388 2524 diaboli
2421 2476 2595 2539 potius
2624 2474 2951 2546 dominatur,
2979 2480 3067 2546 qui
3100 2490 3150 2534 te
3180 2482 3473 2535 adulterina
3500 2485 3719 2536 contami-

2194 2560 2409 2613 natione
2436 2564 2747 2630 corrumpit.
2799 2565 2861 2618 Et
2892 2570 3115 2621 fortasse
3146 2578 3201 2622 ut
3234 2570 3639 2639 intelligentibus
3663 2576 3719 2625 in-

2191 2651 2396 2706 dicaret
2422 2654 2655 2723 quinque
2680 2668 3000 2711 memoratos
3025 2661 3262 2727 corporis
3287 2676 3496 2725 sensus,
3523 2664 3718 2731 quinque

2190 2743 2429 2797 virorum
2478 2746 2693 2799 nomine
2739 2748 3063 2815 signiﬁcari,
3110 2760 3224 2818 post
3255 2752 3487 2820 quinque
3516 2757 3719 2808 carnales

2188 2836 2564 2903 responsiones
2606 2837 2703 2890 ista
2738 2839 2929 2892 mulier
2954 2848 3105 2894 sexta
3136 2845 3483 2910 responsione
3515 2846 3720 2899 nominat

2188 2924 2484 2981 Christum.
2533 2928 2665 2983 Nam
2700 2932 2867 2998 prima
2899 2931 3017 2999 ejus
3044 2933 3318 3002 responsio
3349 2946 3429 2988 cst
3461 2954 3472 2987 :
3509 2935 3586 2989 Tu
3627 2954 3719 2989 cum

2190 3014 2262 3070 sis
2292 3015 2541 3082 ludens,
2583 3019 2835 3087 quomodo
2877 3035 2907 3071 a
2938 3035 3015 3075 me
3052 3021 3216 3075 bibere
3256 3025 3429 3091 petis?
3468 3026 3716 3079 secunda:

2194 3102 2408 3157 Domine
2428 3144 2443 3167 ,
2472 3120 2631 3175 neque
2656 3108 2707 3158 in
2734 3123 2831 3172 quo
2863 3107 3067 3161 haurias
3092 3108 3238 3163 habes
3265 3152 3279 3174 ,
3320 3121 3365 3165 et
3409 3121 3587 3181 puteus
3608 3115 3721 3167 citus

2192 3202 2308 3258 est;
2339 3196 2491 3249 tertia
2523 3214 2534 3248 :
2570 3195 2787 3250 Domine
2807 3239 2821 3263 ,
2863 3200 2929 3251 da
2959 3199 3084 3252 mihi
3114 3201 3244 3253 hanc
3286 3216 3469 3268 aquam
3492 3244 3506 3265 ,
3550 3212 3599 3255 ut
3638 3220 3720 3256 non

2202 3283 2403 3351 sitiam,
2436 3300 2595 3355 neque
2623 3288 2815 3339 veniam
2845 3289 2940 3339 huc
2968 3288 3213 3353 haurire;
3244 3300 3422 3357 quarta
3459 3311 3471 3343 :
3506 3289 3617 3345 Non
3644 3294 3721 3345 ha-

2191 3374 2279 3427 bi‘o
2310 3375 2511 3439 virum;
2545 3375 2727 3443 quinta
2762 3394 2773 3427 :
2815 3375 2972 3429 Video
3015 3379 3134 3447 quia
3164 3380 3407 3449 propheta
3449 3397 3498 3433 es
3521 3399 3541 3433 .'
3576 3390 3721 3451 pultes

2188 3464 2351 3518 nostri
2380 3465 2432 3517 iri
2464 3474 2633 3518 monte
2658 3467 2753 3519 hoc
2780 3468 3138 3522 adoraverunt.
3171 3469 3299 3522 Nam
3334 3472 3431 3523 ista
3465 3472 3718 3539 responsio

2185 3556 2411 3610 carnalis
2456 3564 2573 3621 est,
2624 3557 2923 3611 carnalibus
2976 3556 3120 3611 enim
3174 3557 3327 3612 datus
3375 3558 3545 3613 fuerat
3592 3560 3719 3611 locus

2195 3655 2441 3701 terrenus
2472 3645 2558 3699 ubi
2588 3655 2835 3712 orarent,
2866 3645 3132 3714 spiritales
3160 3655 3333 3701 autem
3379 3647 3433 3700 in
3475 3646 3649 3717 spiritu
3675 3655 3719 3700 et

2186 3734 2412 3788 veritate
2462 3734 2777 3790 adoraturos
2830 3734 3085 3788 Dominus
3134 3735 3279 3788 dixit.
3332 3735 3483 3801 Quod
3534 3748 3718 3804 postes-

2185 3838 2340 3890 quam
2385 3824 2588 3878 locutus
2624 3832 2745 3889 est,
2788 3834 2936 3877 sexta
2981 3824 3170 3879 mulier
3210 3828 3556 3894 responsione
3584 3824 3714 3879 Chri-

2184 3924 2324 3967 stum
2358 3912 2550 3968 fatetur
2578 3912 2814 3970 omnium
2844 3912 3117 3969 historiam
3147 3930 3265 3970 esse
3288 3918 3587 3972 doctuium.

2256 4006 2389 4059 Dicit
2408 4007 2542 4059 enim
2570 4020 2590 4059 :
2619 4005 2738 4060 Scio
2764 4006 3000 4073 quoniam
3031 4005 3249 4059 Messius
3274 4008 3424 4072 venit,
3444 4008 3534 4075 qui
3556 4008 3713 4057 dicitur

2184 4093 2443 4159 Christus;
2471 4111 2585 4147 cum
2613 4110 2729 4162 ergo
2752 4096 2959 4159 venerit,
2986 4096 3095 4160 ipse
3116 4099 3255 4149 nobis
3282 4097 3597 4150 annuntiabit
3625 4114 3712 4148 oin-

2183 4187 2287 4240 nia.
2316 4186 2419 4240 Sed
2450 4184 2620 4238 adhuc
2645 4195 2806 4250 errat,
2839 4187 2958 4251 quia
2980 4200 3100 4239 eum
3124 4201 3279 4253 quem
3310 4198 3588 4240 venturum
3614 4201 3712 4252 spe-

2190 4285 2269 4330 rat
2309 4275 2519 4330 venisse
2574 4290 2675 4329 non
2722 4276 2881 4330 videt.
2932 4276 3329 4345 Verumtamen,
3376 4278 3713 4332 misericordia

2184 4363 2412 4428 Domini,
2447 4376 2587 4415 nunc
2631 4378 2780 4415 error
2810 4362 2910 4417 iste
2941 4373 3185 4433 tanquam
3215 4366 3421 4419 adulter
3442 4368 3710 4434 expellitur.

2253 4454 2387 4506 Dicit
2407 4454 2538 4506 enim
2564 4454 2610 4506 ei
2631 4453 2818 4507 Iesus:
2859 4453 2969 4526 Ego
3014 4472 3160 4522 sum,
3212 4458 3300 4525 qui
3340 4466 3502 4509 tecum
3543 4459 3710 4524 loquor.

2183 4541 2296 4607 Quo
2325 4539 2527 4605 audito,
2558 4540 2645 4593 illa
2678 4540 2805 4593 nihil
2836 4540 3108 4607 respondit
3135 4580 3149 4606 ,
3176 4542 3271 4595 sed
3304 4542 3489 4595 statim
3514 4583 3529 4604 ,
3558 4542 3709 4594 relicti

2182 4631 2365 4701 hydria
2393 4643 2507 4694 sua,
2538 4629 2664 4682 abiit
2695 4629 2745 4682 in
2774 4631 3039 4685 civitatem
3072 4631 3325 4685 festinans
3351 4675 3366 4697 ,
3404 4641 3459 4685 ut
3506 4632 3709 4695 Evange-

2183 4723 2306 4775 lium
2333 4732 2386 4775 et
2406 4720 2616 4774 Domini
2641 4720 2924 4774 adventum
2959 4736 3063 4774 non
3116 4732 3319 4774 tantum
3351 4723 3611 4777 crederet.
3635 4720 3707 4770 sed

2182 4812 2337 4863 etiam
2368 4807 2699 4877 praedicaret.
2729 4807 2839 4862 Nec
2871 4809 2991 4875 hoc,
3023 4810 3163 4878 quod
3193 4811 3377 4863 relicta
3426 4810 3601 4879 hydria
3625 4808 3690 4857 dis

2183 4902 2366 4962 cessit,
2402 4899 2727 4967 negligenter
2754 4899 3177 4965 praetereundum
3208 4910 3291 4952 est
3322 4918 3335 4951 :
3372 4900 3558 4969 hydria
3594 4898 3707 4950 enim

2184 4988 2407 5041 fortasse
2437 5001 2672 5039 amorem
2695 4988 2871 5041 saeculi
2902 4987 3055 5055 hujus
3078 4988 3336 5057 significat
3361 5030 3376 5051 ,
3411 4988 3463 5042 id
3493 4997 3606 5047 est,
3633 5000 3708 5037 eu-

2184 5080 2454 5144 piditatem
2490 5093 2501 5127 :
2534 5077 2654 5144 quia
2684 5076 2784 5129 sibi
2837 5076 3075 5131 homines
3098 5077 3165 5131 de
3218 5077 3500 5130 tenebrosa
3530 5074 3710 5144 profan-

2182 5171 2363 5231 ditate,
2390 5167 2537 5236 cujus
2594 5168 2871 5235 imaginem
2903 5177 3087 5235 puteus
3116 5169 3271 5236 gerit,
3306 5170 3405 5221 hoc
3432 5180 3513 5223 est
3541 5170 3599 5219 de
3626 5178 3710 5217 tir-

2185 5281 2345 5328 rena,
2368 5265 2765 5318 conversatione
2789 5264 3033 5318 hauriunt
3063 5266 3385 5333 voluptatem
3416 5284 3429 5315 :
3483 5279 3577 5332 qua
3616 5277 3709 5328 per-

2181 5369 2349 5427 cepta,
2399 5360 2587 5411 iterum
2616 5357 2665 5409 in
2697 5358 2812 5422 eius
2863 5356 3148 5424 appetitum
3193 5359 3565 5419 inardescunt,
3602 5354 3709 5405 sicut

2182 5451 2247 5503 de
2276 5464 2408 5517 aqua
2432 5447 2519 5499 illa
2546 5446 2635 5514 qui
2662 5446 2848 5500 biberit
2877 5447 3018 5500 sitiet
3048 5447 3263 5499 iterum.
3314 5446 3599 5513 Oportebat
3636 5456 3709 5495 au-

2184 5550 2287 5594 tem
2312 5548 2367 5591 ut
2402 5536 2611 5590 Christo
2637 5538 2880 5599 credens,
2911 5538 3103 5591 smculo
3151 5538 3505 5601 renuntiaret,
3534 5543 3585 5587 et
3611 5532 3709 5583 reli-

2181 5638 2260 5683 cta
2289 5627 2489 5695 hydria,
2511 5625 2848 5693 cupiditatem
2875 5625 3183 5679 stccnlarem
3208 5641 3267 5680 se
3288 5627 3563 5691 reliuuisse
3588 5634 3707 5674 mun-

2182 5727 2389 5782 straret,
2423 5729 2525 5769 non
2557 5715 2724 5768 solum
2752 5714 2909 5768 corde
2935 5717 3156 5769 credens
3212 5719 3278 5769 ad
3336 5716 3604 5787 iustitiam,
3636 5714 3707 5761 δελ

3643 386 3722 443 ω
3788 390 3789 393 γ
