3822 6226
145 379 231 433 G35

1047 369 1108 421 [Ν
1152 368 1208 422 S.
1252 365 1529 422 lOANNlS
1572 362 2013 420 EVANGELlUM
2057 362 2424 418 EXPOSlTlO.

3232 366 3333 418 (ίὸιρ

142 501 275 556 etiam
295 492 358 548 ad
382 493 604 547 uallem
634 490 954 560 professum,
987 489 1330 556 pra-dictatura
1380 488 1625 542 credidit.
1695 495 1740 551 Α
1771 488 1960 556 paries,
1979 495 2034 539 ut
2064 486 2255 554 pariter
2283 486 2335 540 in
2367 483 2537 553 lapide
2568 483 2826 552 angulari,
2853 482 2938 552 qui
2962 483 3324 551 (stChristus,

201 588 319 643 Dicit
339 586 384 640 ci
410 586 625 637 mulier:
649 582 880 644 Domine,
905 582 1048 635 uideo
1066 582 1185 649 quia
1225 581 1476 648 propheta
1512 595 1566 634 es
1596 588 1668 632 tu.

146 678 292 747 Cepit
316 675 498 729 venire
523 673 625 738 vir,
659 673 891 726 nondum
946 671 1101 738 plene
1128 671 1270 724 venit
1299 690 1315 736 ;
1363 671 1673 738 prophetam

148 767 390 825 Dominum
424 765 678 832 putabat:
711 771 826 817 erat
868 761 1079 830 quidem
1134 763 1406 830 propheta,
1438 772 1559 812 nam
1611 759 1678 813 de

150 858 295 925 seipso
313 860 382 908 ιιι
415 872 431 909 :
464 852 587 908 Non
615 863 689 906 cst
719 851 962 920 propheta
987 852 1095 905 sine
1115 853 1327 914 honore,
1365 851 1464 904 nisi
1499 850 1552 903 in
1582 867 1675 916 pa-

152 948 229 998 tria
247 959 332 997 sua
359 940 516 1010 (Luc.
541 942 633 1011 tv).
669 942 797 995 Item
819 939 886 994 de
940 939 1029 993 illo
1055 939 1252 993 dictum
1298 947 1379 991 est
1427 937 1492 991 ad
1538 937 1682 1008 Moy-

153 1054 224 1091 sen
255 1053 268 1087 :
295 1032 605 1100 PrOpltetam
632 1034 702 1086 eis
731 1031 985 1085 suscitabo
1013 1032 1076 1084 de
1101 1029 1344 1101 fratribus
1393 1044 1568 1084 eorum
1612 1032 1683 1082 si—

153 1125 292 1179 milent
316 1121 587 1193 tui(Deut.
629 1120 780 1189 xvtu)
809 1140 819 1174 :
852 1122 1081 1176 similem
1110 1121 1310 1175 scilicet
1348 1120 1414 1175 ad
1460 1120 1684 1174 fortnam

157 1218 334 1280 carnis,
363 1231 470 1270 non
493 1217 558 1270 ad
583 1215 925 1270 eminentiam
969 1213 1280 1280 tuajestatis.
1323 1213 1459 1281 Ergo
1484 1209 1688 1264 inveni-

157 1324 252 1363 mus
278 1307 551 1361 Domiuum
594 1305 773 1361 Jesum
827 1303 1023 1358 dictum
1079 1300 1420 1370 pmphetam,
1469 1300 1691 1370 proinde

154 1401 240 1468 jam
263 1413 358 1451 non
379 1397 605 1450 multum
653 1402 797 1448 errat
849 1391 1043 1447 mulier
1093 1393 1214 1445 ista.
1267 1389 1445 1456 Video,
1495 1390 1689 1460 inquit,

157 1488 251 1553 quia
285 1486 522 1552 propheta
549 1499 605 1540 es
653 1492 729 1547 tu,
778 1483 962 1549 incipit
1009 1479 1306 1535 adulterum
1354 1478 1687 1535 excludere:

166 1574 294 1630 Viduo
318 1579 430 1641 quia
451 1573 699 1641 propheta
741 1587 792 1624 es
812 1609 827 1635 ,
859 1581 912 1624 et
949 1570 1131 1639 incipit
1172 1582 1409 1637 quaerere
1443 1567 1581 1638 qud
1619 1566 1693 1637 il-

157 1665 243 1718 lam
280 1665 478 1718 solebat
504 1677 736 1718 movere.
775 1662 1056 1718 Contentio
1101 1661 1304 1730 quippe
1351 1658 1526 1717 luerat
1551 1656 1692 1718 lates

1775 579 2168 647 copularentur.
2220 578 2367 633 Unus
2411 578 2554 632 enim
2597 577 2770 645 paries
2811 592 2837 628 a
2865 576 3086 633 JmLcis.
3117 594 3253 633 unus
3298 596 3327 634 τι

1777 670 2039 739 gentibus.
2093 668 2273 737 Longe
2322 683 2350 721 ι
2399 682 2459 722 se
2509 666 2597 721 isti
2650 669 2896 736 parietes,
2945 669 3041 722 sed
3069 668 3238 723 donec
3285 673 3338 724 iu

1781 759 1970 827 angulo
2011 757 2423 828 coniungantur.
2503 755 2829 827 Alicuigenzc
2884 766 3058 812 autem
3107 758 3363 826 hospites.

1780 855 1951 911 erant,
2005 858 2059 902 et
2086 847 2346 917 peregrini
2401 861 2430 900 a
2485 847 2813 902 testamentis
2869 847 2980 901 Dei.
3041 849 3341 904 Secundum

1785 937 1882 989 hoc
1911 951 2037 1006 ergo
2085 937 2284 991 dictum
2316 946 2399 991 est
2442 953 2454 988 :
2490 936 2600 991 Nos
2643 937 2913 990 adoramus
2954 939 3087 1004 quod
3137 941 3340 990 scimus.

1789 1027 1859 1078 Ex
1893 1039 2114 1096 persona
2159 1024 2421 1093 siquidem
2445 1024 2750 1104 Judaorum
2782 1027 2860 1080 sic
2887 1024 3084 1080 dictum
3116 1038 3215 1090 ρει,
3251 1031 3342 1080 εοει

1786 1115 1851 1170 de
1895 1115 2138 1184 qualibus
2189 1114 2405 1170 luerunt
2449 1117 2697 1187 apostoli,
2745 1119 2934 1184 quales
2984 1116 3198 1170 fuerunt
3226 1132 3346 1185 pru-

1790 1193 1983 1273 phetze,
2023 1208 2211 1274 quales
2256 1203 2474 1263 fuerunt
2516 1205 2596 1262 illi
2622 1221 2811 1262 omnes
2857 1210 3027 1263 sancti
3051 1209 3139 1278 qui
3171 1211 3346 1262 omnia

1789 1309 1881 1350 sua
1913 1296 2284 1362 vendiderunt,
2311 1306 2368 1350 et
2405 1295 2574 1364 pretia
2609 1309 2784 1351 rerum
2824 1311 3039 1351 suarum
3083 1299 3148 1351 ad
3189 1299 3352 1366 pedes

1789 1389 2148 1457 apostolorum
2188 1397 2478 1455 posuerunt
2521 1389 2659 1460 (Act.
2695 1392 2794 1458 tv).
2839 1389 2960 1443 Non
2997 1392 3183 1457 repulit
3218 1393 3352 1444 cnim

1792 1474 1930 1531 Deus
1961 1478 2152 1548 plebem
2180 1495 2325 1533 suam
2353 1493 2505 1548 quam
2531 1480 2749 1550 prcsciit
2779 1476 2948 1548 (Psal.
2981 1479 3152 1550 scut).
3192 1477 3354 1536 Audi-

1795 1568 1866 1622 vit
1896 1569 1996 1623 hoc
2039 1569 2229 1624 mulier
2273 1572 2393 1634 ista,
2422 1579 2474 1623 et
2516 1569 2736 1625 addidit.
2765 1569 3084 1624 iamdudum
3128 1565 3354 1638 propbeo

1767 1662 1902 1712 tam
1937 1656 2162 1732 dixerat.
2199 1656 2333 1714 Vidit
2372 1657 2474 1712 alia
2505 1657 2681 1714 dicere
2721 1673 2840 1711 eum
2881 1673 3001 1712 cum
3032 1672 3135 1726 quo
3166 1658 3354 1727 loque-

157 1749 486 1814 Samaritanos
519 1756 829 1820 etludteos,
889 1757 1010 1825 quia
1036 1753 1210 1834 Judzei
1226 1755 1276 1808 in
1315 1753 1571 1823 tetuplos
1597 1751 1697 1809 Sec
1732 1831 1756 1834 Α
1797 1745 1967 1810 batur.
1999 1748 2089 1814 qui
2129 1747 2238 1814 jam
2282 1747 2401 1815 plus
2437 1755 2581 1802 esset
2619 1762 2774 1814 quant
2824 1749 3108 1817 propheta;
3151 1758 3206 1805 et
3233 1750 3356 1818 quid

159 1850 338 1903 lomone
359 1849 615 1901 fabricato
644 1845 935 1901 adorabunt
968 1846 1164 1910 Deum;
1189 1831 1512 1900 Samaritani
1537 1843 1696 1914 longe
1725 1831 1775 1895 Β
1799 1840 2148 1908 responderit,
2181 1839 2375 1894 videte.
2408 1839 2550 1897 Dicit
2573 1840 2622 1896 ei
2651 1842 2839 1895 mulier
2864 1859 2875 1892 :

157 1943 260 1996 inde
288 1942 456 2007 positi,
490 1952 594 1993 non
628 1941 677 1992 in
719 1952 784 1992 eo
812 1940 1131 1999 adorahant;
1158 1946 1211 1993 et
1235 1937 1355 1991 ideo
1381 1934 1549 1993 ιιιὼί
1577 1949 1694 1994 mc-

1867 1931 1987 1986 Scio
2020 1933 2137 1999 quia
2166 1931 2380 1986 Messias
2413 1934 2599 2002 veniet,
2631 1935 2716 2004 qui
2743 1934 2930 1987 dicitur
2951 1935 3197 1992 Christus.
3232 1937 3360 1990 Cum

161 2030 296 2084 liores
324 2042 380 2082 se
421 2042 544 2083 esse
591 2026 861 2092 volebant,
913 2026 1002 2094 qui
1064 2025 1117 2080 in
1164 2027 1360 2094 templo
1405 2024 1703 2081 adoratis“
1793 2035 1917 2094 crpo
1938 2025 2141 2085 uenerit,
2173 2023 2258 2075 itte
2284 2024 2424 2077 nobis
2463 2026 2628 2078 omnia
2672 2025 3059 2081 demonstrabit.
3113 2027 3247 2094 Quid
3273 2037 3360 2081 est

161 2118 320 2172 Deum.
370 2115 488 2170 Non
520 2118 655 2168 enim
681 2124 952 2168 coutuntur
971 2112 1142 2168 Iudici
1171 2113 1534 2177 Samaritanis,
1562 2113 1691 2184 qui.

160 2211 375 2263 dicebant
397 2208 473 2263 eis
511 2226 523 2262 :
580 2208 841 2274 Quoniam
887 2221 982 2263 vos
1033 2207 1085 2262 in
1114 2207 1311 2276 templo
1341 2206 1592 2270 ademtis,
1639 2213 1697 2263 α

161 2301 264 2355 ideo
295 2313 381 2356 vos
411 2300 566 2354 nobis
595 2299 840 2354 meliores
887 2312 1007 2353 esse
1051 2297 1363 2366 perhibetis,
1405 2298 1546 2366 quod
1601 2307 1699 2353 nes

162 2405 249 2444 non
276 2390 522 2445 habemus
557 2407 569 2440 ι
609 2388 842 2458 nunquid
874 2398 1047 2456 patres
1094 2389 1282 2454 “Oall‘i,
1309 2387 1400 2455 qui
1452 2390 1558 2442 Deo
1584 2388 1696 2458 pla-

163 2491 372 2546 cuerunt,
407 2479 458 2532 in
491 2480 582 2533 illo
613 2481 805 2547 templo
835 2480 1192 2533 adoraveruut
1221 2479 1242 2530 ?
1296 2478 1479 2533 Nonne
1506 2480 1557 2532 iu
1588 2478 1696 2536 isto

165 2581 317 2623 monte
343 2571 725 2635 adoraveruut,
754 2572 839 2627 ubi
861 2586 999 2626 nunc
1030 2573 1182 2625 sum?
1211 2571 1396 2626 Melius
1420 2586 1547 2642 ergo
1578 2585 1696 2637 nos,

168 2661 400 2729 inquiunt,
449 2662 501 2716 ia
534 2661 635 2717 hoc
667 2672 845 2717 monte
882 2662 1047 2717 Deum
1103 2677 1373 2732 rogamus,
1407 2663 1494 2717 ubi
1526 2670 1704 2730 palm

166 2753 310 2805 nostri
331 2765 670 2822 rogaverunt.
700 2753 1328 2824 Contendehantutrique
1361 2756 1550 2824 ignari,
1574 2760 1700 2825 qule

168 2843 315 2897 virum
335 2860 438 2899 non
468 2846 752 2908 habentes,
784 2848 860 2900 illi
886 2862 980 2916 pro
1003 2848 1200 2916 templo
1228 2891 1240 2912 ,
1273 2849 1357 2902 isti
1389 2863 1484 2915 pro
1515 2855 1696 2904 monte

170 2931 606 2988 inﬂammabantur
661 2937 914 2992 adversus
943 2939 1188 2992 invicem.
1240 2938 1492 2993 Dominus
1519 2947 1702 2996 tamen

168 3023 307 3076 modo
333 3025 451 3093 quid
478 3025 636 3080 docet
657 3028 956 3094 mulierem,
987 3039 1234 3097 tanquam
1258 3033 1406 3097 cujus
1423 3032 1502 3084 vir
1521 3044 1698 3098 caepe-

168 3113 224 3164 rit
242 3127 468 3182 presens
487 3116 646 3172 esse?
677 3118 810 3172 Dicit
836 3118 885 3173 ei
907 3120 1127 3173 mulier:
1153 3119 1388 3186 Domine,
1414 3123 1556 3175 video
1582 3125 1702 3190 quia

168 3207 384 3274 propheta
427 3224 478 3261 es
509 3218 561 3260 tu
580 3244 596 3274 ,
641 3219 810 3278 patres
839 3214 999 3265 nostri
1044 3213 1094 3265 iu
1145 3223 1310 3267 monte
1340 3214 1432 3266 hoc
1454 3214 1703 3268 adorare-

167 3307 307 3358 νηί,-
341 3308 387 3350 et
416 3314 498 3350 vos
526 3299 690 3353 dicitis
741 3302 859 3368 quia
881 3301 1213 3372 Jerosolymis
1246 3303 1462 3358 adorare
1487 3315 1697 3375 oportet.

171 3385 288 3440 Dicit
310 3390 354 3441 ei
381 3388 533 3442 lesus
561 3408 574 3443 :

228 3476 425 3548 Mulier,
449 3483 594 3536 crede
624 3482 769 3538 mihi.
797 3483 981 3539 Credit
1021 3485 1161 3538 enim
1213 3484 1452 3540 Ecclesia
1482 3500 1700 3554 sponso,

169 3568 289 3624 sicut
312 3572 560 3637 scriptum
607 3583 691 3627 est
719 3575 770 3627 iu
801 3573 1031 3629 Cauticis
1056 3575 1378 3630 canticorum
1415 3593 1427 3629 :
1484 3577 1559 3630 En
1585 3579 1704 3638 dilee

170 3668 263 3713 ctus
284 3676 414 3714 meus
439 3662 660 3728 loquitur
686 3664 810 3716 mihi
844 3680 861 3716 :
892 3663 1079 3733 Surge,
1112 3681 1345 3735 propera,
1375 3668 1538 3719 antica
1567 3682 1696 3732 mea,

167 3755 348 3805 etseui.
375 3751 496 3805 lam
532 3755 660 3806 enim
709 3754 870 3807 hiems
893 3757 1114 3819 transiit,
1178 3755 1333 3808 imber
1354 3756 1502 3821 abiit,
1550 3758 1700 3825 ﬂores

171 3853 488 3912 apparuerunt
519 3844 570 3898 in
601 3855 754 3906 terra,
779 3855 970 3911 tempus
1028 3847 1306 3912 putationis
1335 3846 1536 3900 advenit
1567 3884 1580 3909 ,
1610 3862 1706 3899 vos:

171 3933 361 3986 tuturis
383 3935 559 3987 audita
601 3943 674 3987 est
702 3935 754 3987 in
780 3944 914 3987 terra
957 3944 1131 3986 nostra
1177 3934 1352 4003 (Cant.
1387 3937 1466 4003 ιι).
1521 3933 1706 3989 Merito

169 4022 262 4090 jstn
287 4035 540 4091 prasente
565 4027 682 4078 viro
728 4024 876 4078 audit
905 4024 1097 4081 mulier
1129 4044 1141 4078 :
1191 4028 1363 4082 Crede
1392 4027 1540 4091 mihi,
1596 4029 1702 4096 jam

173 4116 296 4168 enim
316 4125 392 4169 est
419 4116 471 4169 in
507 4123 559 4170 te
579 4117 666 4184 qui
693 4116 900 4178 credat,
925 4115 1046 4183 quia
1076 4130 1311 4183 praesens
1342 4127 1423 4171 est
1455 4121 1536 4170 vir
1560 4127 1703 4170 tuus.

169 4200 368 4272 Cepisti
397 4204 585 4260 adesse
613 4205 907 4270 intellectu,
938 4204 1149 4273 quando
1166 4219 1250 4259 me
1273 4206 1582 4274 prophetam
1608 4220 1702 4274 ap-

175 4296 373 4364 pellasti.
397 4295 600 4361 Mulier,
619 4298 769 4350 crede
797 4295 940 4363 mihi,
964 4298 1084 4365 quia
1110 4298 1208 4349 nisi
1235 4298 1571 4363 credideritis,
1601 4313 1703 4351 non

172 4383 457 4456 intelligetis.
489 4388 647 4456 Ergo,
674 4386 886 4450 mulier,
919 4388 1077 4441 crede
1104 4387 1230 4440 mihi
1260 4402 1274 4438 :

1800 2113 1938 2189 hoc?
1978 2114 2154 2178 Modo,
2205 2116 2394 2181 inquit,
2443 2114 2510 2168 de
2557 2115 2753 2183 templo
2798 2118 3122 2170 contendunt
3165 2118 3358 2181 Judmi,

1796 2214 1853 2260 et
1899 2219 1998 2259 nos
2044 2205 2110 2259 de
2158 2218 2336 2258 nioute
2377 2206 2762 2260 contendimus.
2815 2209 2946 2260 Cum
2998 2207 3087 2261 ille
3134 2221 3361 2274 venerit,

1801 2303 2032 2349 montem
2082 2304 2318 2362 spernet,
2352 2305 2403 2349 et
2434 2297 2685 2362 templum
2733 2307 2956 2361 evertet,
3003 2300 3213 2354 docebit
3265 2301 3364 2353 iste

1800 2387 2006 2451 munia;
2035 2395 2091 2442 ut
2129 2389 2177 2440 in
2217 2387 2405 2456 spiritu
2443 2398 2495 2441 et
2528 2388 2747 2443 veritate
2789 2390 3090 2443 noverimus
3115 2391 3364 2454 adorare.

1798 2483 2013 2540 Sciebat
2039 2485 2158 2553 quis
2184 2500 2300 2538 eam
2349 2493 2518 2552 posset
2551 2485 2762 2550 docere,
2799 2485 2888 2539 sed
2931 2486 3037 2554 jam
3084 2485 3363 2558 docentem

1800 2574 2033 2630 nondum
2064 2575 2404 2643 agnoscebat.
2447 2574 2563 2629 lam
2592 2589 2718 2643 ergo
2749 2575 2900 2643 digna
2931 2585 3046 2629 erat
3074 2575 3157 2628 cui
3187 2578 3365 2630 inani-

1801 2665 2102 2721 l'eetaretur.
2149 2666 2368 2718 Messias
2396 2678 2572 2719 autem
2604 2678 2790 2718 unetus
2819 2677 2920 2728 est,
2970 2675 3158 2719 unctus
3183 2666 3370 2720 Grtcce

1800 2755 2044 2811 Christus
2066 2766 2175 2820 est,
2205 2746 2460 2810 llebraicc
2489 2755 2725 2809 MeSsias.
2757 2756 2891 2824 Ergo
2920 2757 3048 2810 dicit
3075 2756 3121 2809 ei
3148 2756 3365 2808 mulier:

1803 2845 1927 2903 Scio
1950 2846 2069 2915 quia
2101 2843 2316 2898 Messias
2355 2846 2535 2909 reniet,
2591 2845 2676 2911 qui
2715 2846 2900 2897 dicitur
2939 2846 3189 2898 Christus.
3243 2846 3372 2898 Cum

1801 2949 1923 3005 "go
1945 2936 2153 2998 uenerit,
2184 2935 2278 2988 ille
2303 2933 2445 2988 nobis
2474 2936 2790 2988 annuntiabit
2821 2936 3013 2987 omnia.

1875 3026 2013 3083 Dicit
2034 3028 2081 3082 ci
2103 3026 2252 3084 Iesus
2277 3045 2293 3081 :
2322 3026 2431 3098 Ego
2456 3043 2583 3090 sum,
2609 3029 2695 3096 qui
2720 3027 2901 3096 loquor
2933 3040 3110 3080 tecum.
3148 3025 3369 3082 Vocavit

1807 3117 1973 3172 virum
2002 3132 2186 3183 suum;
2231 3118 2397 3170 laeuis
2425 3127 2505 3170 est
2535 3119 2612 3171 vir
2644 3117 2759 3187 ejus
2788 3129 2943 3184 caput
2982 3119 3248 3182 mulietis;
3282 3118 3366 3170 ta-

1806 3214 1924 3265 ctus
1953 3217 2036 3263 est
2063 3207 2309 3263 Christus
2337 3217 2495 3275 caput
2528 3208 2645 3264 viri.
2699 3208 2811 3262 Jam
2861 3208 3050 3261 mulier
3097 3209 3371 3264 ordinatur

1800 3305 1857 3356 In
1885 3299 2020 3366 title,
2044 3308 2103 3357 et
2128 3300 2328 3370 regitur
2352 3301 2487 3355 bene
2517 3301 2734 3354 victura.
2792 3287 3368 3370 Posteaquam-audivit

1798 3390 1905 3445 hoc
1933 3401 1952 3444 :
1981 3384 2096 3460 Ego
2137 3404 2268 3452 sum,
2314 3388 2399 3455 qui
2443 3386 2626 3457 loquor
2677 3397 2871 3450 tecum;
2915 3389 3022 3456 jam
3061 3392 3195 3442 ultra
3242 3392 3366 3455 quid

1804 3478 2031 3544 diceret,
2071 3477 2284 3548 quando
2331 3476 2573 3531 Christus
2624 3478 2873 3531 Dominus
2925 3480 3262 3535 mzmitcsmre
3310 3497 3370 3536 se

1805 3567 1970 3625 voluit
1995 3565 2226 3632 mulieri,
2252 3567 2340 3623 cui
2369 3567 2570 3622 dixerat
2603 3585 2615 3620 :
2649 3568 2822 3622 Crede
2848 3569 3011 3622 mihi?

1880 3658 1943 3711 Et
1968 3658 2208 3714 continue
2232 3668 2470 3712 uenerunt
2516 3659 2788 3726 discipuli,
2817 3668 2862 3711 et
2894 3659 3214 3714 mirabantur
3250 3663 3372 3732 quia

1806 3765 1920 3804 cum
1963 3750 2172 3806 muliere
2203 3749 2532 3831 loquebatur.
2565 3748 2722 3817 .Quia
2771 3751 3043 3818 quaerebat
3091 3753 3371 3820 perditam,

1805 3840 1892 3907 qui
1927 3849 2143 3894 veneras
2180 3851 2424 3908 quaerere
2462 3840 2599 3906 quod
2633 3841 2863 3905 perierat
2913 3840 3062 3908 (Luc.
3091 3839 3224 3911 xIx),
3271 3845 3373 3895 hoc

1805 3930 1880 3984 illi
1911 3929 2255 3984 mirabantur.
2293 3927 2500 3984 Bonum
2539 3929 2676 3984 enim
2730 3931 3074 3999 mirabantur,
3122 3948 3224 3987 non
3255 3948 3374 3986 ma-

1806 4023 1911 4076 lum
1943 4021 2359 4089 suspicabantur.

1879 4114 2044 4166 Nemo
2079 4123 2246 4170 tamen
2274 4114 2403 4168 dixit
2427 4129 2447 4169 :
2474 4113 2608 4181 Quia
2637 4108 2844 4182 quartis,
2869 4129 2954 4168 aut
2995 4110 3116 4186 quia
3147 4114 3373 4188 loqueris

1803 4224 1918 4263 cum
1944 4208 2071 4262 illa?
2096 4206 2316 4277 Reliquit
2343 4225 2463 4279 ergo
2491 4209 2730 4279 Itydriam
2757 4225 2904 4264 suam
2929 4212 3135 4276 mulier,
3155 4213 3332 4268 audito
3349 4230 3370 4269 .°

1809 4298 1919 4369 Ego
1960 4315 2091 4361 sunt,
2135 4300 2220 4368 qui
2259 4298 2438 4369 loquor
2481 4309 2665 4354 tecum.
2734 4302 2798 4356 Et
2848 4315 3061 4371 recepto
3113 4309 3162 4357 in
3213 4304 3375 4360 corde

1805 4391 2017 4445 Christo
2065 4390 2310 4454 Domino,
2363 4391 2488 4460 qttid
2538 4393 2776 4462 laceret,
2826 4394 2925 4447 nisi
2969 4394 3076 4462 jam
3129 4396 3370 4464 hydrium

238 4474 356 4541 Quid
377 4480 530 4533 ueniet
551 4481 696 4545 hora,
725 4481 928 4545 quando
953 4495 1111 4549 neque
1136 4481 1188 4532 in
1211 4490 1376 4534 monte
1400 4481 1514 4552 hoc,
1541 4496 1702 4548 neque
1736 4509 1783 4566 ο
1809 4480 2119 4548 dimitteret,
2151 4490 2203 4535 et
2224 4479 2589 4551 evangeliaare
2627 4481 2909 4536 curreret?
2941 4482 3168 4550 Proiecit
3214 4486 3369 4554 cupi-

175 4565 220 4618 in
240 4564 558 4639 Jerosolyntis
596 4572 873 4624 adorabitis
923 4569 1149 4624 Patrem.
1189 4570 1291 4625 Vos
1320 4573 1544 4626 adoratis
1571 4574 1705 4641 quod

176 4658 352 4710 nescitis
371 4675 390 4721 ;
407 4675 494 4712 nos
521 4663 794 4714 adoramus
815 4661 952 4731 quod
972 4662 1174 4725 scimus,
1205 4663 1322 4730 quia
1350 4663 1492 4714 salus
1514 4679 1579 4716 ea;
1603 4662 1706 4716 Ju-

174 4745 281 4798 dau's
300 4757 384 4801 est.
416 4748 521 4801 Sed
545 4751 709 4802 ueniet
763 4750 911 4813 Isara,
945 4761 993 4804 et
1022 4767 1156 4804 nunc
1183 4761 1276 4815 est,
1321 4754 1548 4820 quando.
1577 4751 1704 4818 Qua:

174 4851 286 4908 ergo
311 4838 473 4894 hora?

237 4928 438 4994 Quando
460 4933 569 4984 ceri
586 4934 877 4987 adoratores
894 4934 1179 4989 adorabunt
1201 4950 1299 4988 non
1321 4935 1373 4988 in
1395 4944 1566 4988 mante
1587 4934 1704 4999 isto,

177 5033 263 5071 non
287 5020 336 5074 in
361 5023 563 5090 tentplo,
594 5024 680 5077 sed
721 5025 775 5078 in
810 5025 997 5092 spiritu
1042 5036 1090 5078 et
1113 5025 1336 5079 veritate.
1367 5024 1598 5094 Spiritus
1625 5035 1709 5080 est

178 5109 320 5168 Deus.
351 5115 404 5169 Si
433 5131 626 5186 corpus
646 5127 793 5174 esset
826 5117 989 5184 Deus,
1041 5118 1319 5194 oportebat
1343 5132 1465 5171 eum
1495 5118 1705 5172 adorari

179 5202 223 5254 lo
266 5215 452 5271 monte,
503 5208 622 5276 quia
649 5217 705 5263 et
735 5222 1025 5278 corporeus
1066 5224 1252 5274 mons;
1279 5210 1560 5278 oportebat
1589 5223 1706 5263 eum

179 5291 365 5348 adorari
391 5296 439 5347 in
463 5298 680 5364 templo,
706 5299 825 5366 quia
855 5313 1169 5367 corporeum
1202 5308 1284 5352 est
1315 5300 1597 5366 templum.

238 5381 446 5450 Spiritus
475 5394 548 5440 est
573 5386 728 5451 Deus,
754 5399 798 5442 et
833 5405 915 5443 eos
943 5391 1026 5456 qui
1051 5391 1267 5442 adorant
1291 5405 1423 5453 eum,
1453 5390 1506 5446 in
1529 5390 1710 5460 spiritu

177 5484 344 5538 oportet
392 5478 623 5531 adorare.
678 5478 791 5533 Nos
842 5481 1115 5533 adoramus
1177 5483 1313 5549 quod
1358 5481 1576 5546 scimus;
1623 5497 1710 5536 vos

180 5568 378 5620 adoratis
414 5571 548 5636 quod
584 5572 813 5635 nescitis,
853 5572 1087 5640 quoniam
1129 5572 1267 5626 salus
1306 5570 1586 5626 exludwis
1612 5582 1705 5626 cst.

185 5650 372 5709 ltuit-tn
412 5660 552 5713 dedit
578 5661 794 5725 Judzeis,
827 5661 924 5716 sed
955 5661 1060 5716 noli
1102 5663 1230 5717 istos
1274 5664 1529 5731 reprobus
1569 5665 1708 5718 acci-

184 5756 309 5808 pere.
336 5744 590 5804 Psrietem
622 5738 765 5808 illum
797 5756 996 5823 accipe.
1022 5753 1107 5809 cui
1148 5756 1430 5826 adjunctus
1467 5765 1545 5812 est
1573 5757 1707 5814 alius

1809 4571 2047 4634 ditatem,
2076 4579 2128 4625 et
2156 4571 2454 4639 preperavit
2479 4571 2794 4626 annuntiare
2817 4573 3115 4626 veritatem.
3153 4574 3368 4629 Discant

1808 4661 1898 4728 qui
1929 4661 2111 4715 volunt
2138 4661 2524 4731 evangelizare,
2577 4661 2858 4730 projiciant
2899 4664 3138 4733 hydriam
3172 4666 3234 4720 ad
3269 4677 3369 4734 pn-

1810 4763 1970 4806 teum.
1998 4750 2363 4807 Recordamini
2393 4752 2516 4821 quid
2545 4754 2785 4821 superius
2811 4753 3037 4811 dixerim
3063 4756 3128 4811 de
3155 4757 3362 4827 hydria.

1809 4843 1911 4898 Vas
1946 4851 2060 4897 erat
2099 4857 2203 4911 quo
2241 4857 2374 4912 aqua
2415 4843 2773 4898 hauriebatur.
2815 4843 3002 4922 Graeco
3033 4849 3246 4902 nomine
3276 4863 3372 4917 ap-

1808 4933 2030 5001 pellatur
2058 4931 2226 5010 ὑδρία,
2269 4933 2518 5002 quoniam
2549 4933 2732 4990 Grace
2782 4951 2914 5005 aqua
2962 4934 3099 5010 ὕδωρ
3148 4937 3376 5007 dicitur;

1809 5018 2058 5095 tanquam
2105 5026 2150 5079 si
2199 5028 2466 5096 aquarium
2516 5028 2802 5082 diceretur.
2860 5027 3075 5097 Projicit
3117 5044 3244 5099 ergo
3273 5032 3372 5103 by-

1807 5118 1996 5184 driam,
2044 5133 2163 5188 quas
2213 5133 2317 5173 non
2363 5119 2471 5187 jam
2519 5120 2656 5184 usui,-
2707 5119 2802 5174 sed
2847 5121 2993 5174 oneri
3035 5120 3149 5174 fuit.
3199 5123 3364 5178 Avida

1807 5211 2000 5278 quippe
2043 5210 2375 5263 desiderabat
2417 5225 2549 5279 aqua
2599 5208 2686 5263 illa
2740 5211 2941 5275 satiari,
2996 5221 3050 5264 ut
3101 5215 3371 5270 nuntiaret

1807 5297 2095 5354 Christum.
2127 5301 2301 5354 Oncre
2341 5301 2569 5369 abjecto,
2601 5302 2836 5355 cucurrit
2873 5303 2937 5356 ad
2968 5305 3257 5362 civitatem.

1881 5389 1944 5443 Et
1984 5391 2105 5444 dicit
2139 5392 2242 5444 illis
2277 5391 2598 5446 hominibus:
2630 5392 2809 5446 Venite
2849 5403 2896 5446 et
2932 5395 3093 5448 videte
3123 5398 3375 5452 hominem

1808 5484 1892 5551 qui
1922 5482 2046 5534 dixit
2071 5482 2194 5533 mitti
2224 5483 2394 5534 omnia
2418 5498 2528 5542 qua:
2557 5483 2670 5552 feci,
2699 5485 2928 5550 nunquid
2966 5486 3071 5555 ipse
3118 5497 3190 5539 est
3221 5486 3374 5542 Clari-

1809 5575 1950 5628 stus?
1994 5572 2242 5626 Exierunt
2285 5575 2345 5625 de
2383 5575 2600 5636 civitate,
2650 5582 2696 5626 et
2739 5576 2994 5627 veniebant
3042 5577 3107 5627 ad
3158 5594 3289 5641 cum,
3323 5589 3373 5633 et

1806 5666 2046 5733 ragabant
2097 5681 2206 5717 eum
2251 5665 2485 5733 discipuli
2533 5665 2748 5718 dicentes
2789 5680 2808 5718 :
2855 5665 3035 5732 Rabbi,
3092 5669 3368 5724 manduca.

1810 5755 1979 5809 [crant
2009 5757 2138 5808 enim
2164 5772 2320 5809 cutcre
2345 5757 2496 5813 cibos.
2529 5766 2572 5811 et
2603 5767 2852 5810 venerant.
2888 5757 2910 5810 Ι
2922 5759 2985 5811 lle
3011 5769 3176 5812 autem
3209 5761 3374 5816 dixit:
