3822 6226
470 347 572 401 0⁸31
893 340 1091 395 BENE
1135 334 1575 393 VENERABILIS
1611 329 1759 390 OPP.
1803 331 1977 388 PARS

2162 329 2310 385 ECT.
2342 329 2382 385 ῐ.
2427 358 2493 369 --
2531 325 2911 384 EXEGETlCA
2952 325 3272 386 GENUlNA.
3576 324 3668 378 688

469 457 578 530 Ego
620 457 778 510 cibum
809 455 964 506 habeo
1007 457 1327 512 manducare,
1369 464 1510 517 quem
1539 463 1624 500 vos
1654 445 1876 500 nescitis.
1922 444 2015 495 Di-
2047 449 2092 503 Α
2123 444 2247 509 quid
2269 443 2458 496 dictum
2485 444 2581 497 sit:
2607 444 2773 498 Simul
2792 446 3028 514 gaudeat,
3059 455 3103 499 et
3133 445 3221 512 qui
3246 445 3480 507 seminat,
3519 451 3566 495 et
3592 445 3670 511 qui

465 551 638 603 cebant
690 562 805 616 ergo
852 541 1088 610 discipuli
1134 541 1198 592 ad
1241 541 1492 593 invicem:
1528 536 1770 604 Nunquid
1836 533 2021 602 aliquis
2124 538 2284 588 metit.
2342 535 2588 603 Disparcs
2636 540 2954 602 temporales
3003 537 3207 590 labores
3238 535 3554 598 habuerunt,
3585 536 3670 588 sel

468 639 635 692 Mum
676 638 735 690 ἐἱ
789 632 1132 688 manduca“?
1187 629 1317 697 01³ίά
1375 631 1564 682 "litum
1613 629 1656 679 Si
1704 625 1891 678 mulier
1937 624 2024 677 illa
2124 627 2312 698 gaudio
2345 629 2540 694 pariter
2584 628 2958 693 perfruentur,
2997 627 3297 681 mercedem
3339 625 3486 678 simul
3529 637 3672 677 acce-

470 746 573 784 ttou
612 726 936 797 iutelligebat
991 723 1220 794 aquam?
1296 722 1430 776 Ecce
1485 717 1731 786 discipuli
1797 716 2024 770 nondum
2126 719 2458 786 pturisuam,
2491 719 2650 771 vitam
2680 730 2959 772 arternam.

471 821 766 890 intelligunt
810 830 1007 871 escam.
1058 813 1266 867 Audivit
1312 820 1485 865 autem
1533 808 1880 876 cogitationes
1927 821 2024 860 eo-
2195 807 2277 862 Ea:
2318 809 2512 862 civitate
2563 818 2726 861 autem
2779 809 2871 861 illa
2909 809 3052 859 multi
3100 808 3424 860 crediderunt
3471 807 3520 858 in
3565 821 3673 857 cum

472 925 606 974 rum,
634 917 689 964 et
709 908 818 976 jam
843 905 1062 958 instruit
1088 912 1144 956 ut
1169 901 1436 967 magister,
1469 914 1572 952 non
1605 913 1696 966 per
1720 898 2022 964 circuitum,
2124 911 2323 969 propter
2360 915 2630 954 sermonem
2675 891 2811 966 ejus,
2848 910 3050 967 propter
3090 903 3290 952 uerbum
3336 899 3558 950 mulieris
3603 908 3671 948 te-

472 1002 606 1052 sicut
643 997 805 1062 illam,
839 993 987 1065 cujus
1016 993 1186 1048 adhuc
1215 991 1387 1046 virum
1431 988 1737 1060 requirebat
1757 1028 1771 1050 ,
1801 986 1890 1041 sed
1918 987 2024 1048 jam
2125 988 2413 1042 stimonium
2433 988 2752 1056 perhibentis,
2775 987 2911 1050 Quia
2933 987 3064 1038 dixit
3093 987 3216 1039 mihi
3249 989 3417 1040 omnia
3439 1002 3671 1054 quacun-

475 1097 676 1156 aperte.
2124 1093 2220 1148 que
2259 1077 2375 1148 feci.
2441 1076 2569 1131 Cum
2613 1081 2855 1130 venissent
2885 1085 3051 1129 autem
3080 1077 3147 1127 ad
3174 1079 3324 1130 illum
3353 1077 3672 1140 Samaritani,

550 1177 716 1240 Meus,
751 1176 940 1244 inquit,
979 1173 1116 1227 cibus
1154 1183 1224 1227 est
1262 1181 1316 1224 ut
1353 1174 1537 1242 faciam
1582 1168 1887 1223 voluntatem
1915 1170 2027 1238 ejus
2125 1176 2428 1237 rogaret-unt
2472 1177 2526 1220 ut
2570 1167 2707 1235 apud
2751 1183 2836 1220 eos
2874 1175 3126 1229 maneret;
3153 1177 3201 1219 et
3227 1169 3411 1220 mansit
3451 1168 3518 1219 ibi
3558 1167 3675 1220 dm

475 1267 563 1336 qui
590 1281 668 1318 me
693 1265 846 1317 misit.
881 1263 1018 1332 Ergo
1046 1270 1282 1331 etapotus
1320 1260 1430 1331 ipse
1459 1266 1572 1313 erat
1610 1259 1663 1312 in
1693 1259 1779 1313 illa
1807 1259 2027 1312 muliere
2127 1257 2264 1320 dies;
2299 1265 2345 1310 et
2386 1258 2544 1310 multo
2591 1259 2765 1323 plures
2803 1257 3122 1308 crediderunt
3167 1268 3371 1322 propter
3409 1271 3676 1308 sermonem

483 1367 536 1408 ut
570 1355 766 1408 faceret
795 1353 1112 1406 voluntatem
1142 1351 1257 1419 ejus
1295 1350 1382 1418 qui
1422 1364 1542 1404 eum
1575 1348 1736 1402 misit.
1784 1348 1905 1401 Ideo
1945 1347 2028 1400 di-
2127 1350 2274 1416 ejus;
2297 1355 2344 1398 et
2369 1347 2571 1400 mulieri
2601 1348 2875 1401 dicebant:
2904 1347 3033 1410 Quia
3049 1348 3160 1416 jam
3192 1363 3292 1398 non
3325 1357 3528 1413 propter
3553 1359 3675 1398 tuam

477 1446 628 1499 cebat
660 1461 672 1497 :
704 1443 856 1510 Sitio,
894 1443 957 1495 da
995 1439 1125 1493 mihi
1167 1437 1374 1503 bibere,
1429 1437 1647 1502 scilicet,
1681 1447 1737 1491 ut
1767 1436 1921 1490 [idem
1974 1434 2028 1488 in
2129 1433 2381 1504 loquelam
2423 1436 2695 1490 credimus.
2739 1433 2852 1504 Ipsi
2893 1437 3025 1488 enim
3069 1436 3376 1493 audivimus.
3421 1446 3465 1486 et
3500 1436 3674 1487 scimus

479 1555 540 1593 ea
585 1548 914 1607 operaretur,
964 1545 1017 1590 et
1063 1533 1217 1588 ﬁdem
1264 1533 1380 1602 ejus
1427 1532 1671 1598 biberet,
1715 1541 1768 1588 et
1814 1544 1930 1586 eam
1977 1531 2027 1584 in
2131 1527 2250 1594 quia
2285 1526 2366 1578 hic
2405 1533 2479 1578 est
2514 1541 2628 1578 vere
2649 1524 2893 1580 Salvator
2935 1526 3133 1580 mundi.
3181 1526 3245 1579 Et
3287 1526 3389 1578 hoc
3419 1524 3675 1590 paululum

477 1643 668 1698 corpus
713 1644 862 1683 suum
911 1625 1191 1696 trajiceret.
1242 1623 1443 1692 Corpus
1486 1623 1626 1677 enim
1656 1622 1771 1691 ejus
1816 1629 1898 1676 est
1929 1622 2028 1676 Ec-
2141 1615 2664 1670 animadvertendum
2698 1625 2826 1680 est,
2871 1619 2993 1684 quia
3044 1615 3203 1668 lectio
3247 1614 3520 1668 terminata
3577 1623 3674 1665 est:

479 1719 663 1772 closia.
712 1716 871 1786 Ergo,
901 1716 1088 1782 inquit,
1118 1717 1225 1781 ipse
1264 1723 1336 1767 est
1384 1712 1520 1765 cibus
1566 1727 1703 1765 meus
1751 1718 1803 1763 ut
1844 1711 2028 1778 faciam
2057 1774 2099 1786 _
2132 1706 2319 1759 mulier
2348 1706 2510 1774 prima
2544 1704 2823 1771 nuntiavit,
2869 1715 2923 1760 et
2959 1707 3022 1758 ad
3055 1707 3289 1759 mulieris
3333 1704 3674 1759 testimonium

479 1774 919 1875 uoluntatem'ejus
954 1806 1037 1872 qui
1066 1822 1143 1859 me
1170 1806 1321 1858 misit.
1844 1774 1853 1778 ⁷
2056 1774 2103 1834 Β
2133 1794 2470 1850 crediderunt
2499 1794 2848 1860 Samnritani,
2884 1805 2928 1849 et
2974 1805 3279 1865 rogaverunt
3323 1811 3439 1848 eum
3472 1803 3523 1846 ut
3555 1809 3675 1858 opus

552 1899 737 1955 Nonne
775 1914 859 1951 vos
885 1897 1050 1950 dicitis
1076 1895 1209 1963 quod
1248 1892 1411 1948 adhuc
1431 1902 1645 1963 quatuor
1673 1908 1863 1948 menses
1893 1901 2031 1958 sunt,
2133 1905 2216 1945 eos
2245 1899 2498 1955 maneret;
2528 1899 2577 1944 et
2610 1891 2788 1943 mansit
2829 1889 2897 1941 ibi
2928 1890 3051 1942 duos
3079 1889 3218 1947 dies:
3257 1898 3302 1940 et
3329 1888 3495 1956 ptum
3530 1886 3673 1938 credi-

484 2000 528 2043 et
561 1989 732 2042 messis
773 1989 900 2040 venit
925 1989 948 2040 ?
974 1986 1026 2040 in
1058 1999 1191 2053 opus
1237 1982 1494 2048 fervebat,
1523 1990 1577 2036 et
1615 1982 1887 2052 operarios
1919 1983 2038 2034 mit-
2135 1982 2312 2035 derunt
2328 1996 2348 2046 ;
2377 1991 2432 2035 et
2455 1995 2575 2036 cum
2603 1980 2978 2044 credidissent,
3013 1979 3256 2032 dicebant
3289 1977 3493 2029 mulieri
3525 1996 3534 2027 :
3572 1975 3674 2028 Non

481 2086 596 2130 tere
641 2075 975 2141 disponebat.
1026 2072 1131 2126 Vos
1177 2078 1403 2140 quatuor
1451 2084 1662 2124 menses
1721 2070 2035 2136 computatis
2125 2072 2238 2142 jam
2264 2079 2469 2140 propter
2505 2071 2702 2124 verbum
2737 2079 2876 2123 tuum
2903 2071 3175 2134 credimus,
3203 2069 3292 2120 sed
3335 2069 3432 2134 ipsi
3468 2067 3675 2136 Cognati-

464 2162 547 2220 ‘ad
594 2180 840 2228 messem,
874 2175 970 2232 ego
1001 2162 1150 2216 vobis
1176 2159 1331 2216 aliam
1359 2170 1589 2215 messem
1641 2158 1814 2213 albam
1862 2165 1917 2214 et
1948 2172 2037 2226 pa-
2134 2177 2247 2215 mus
2299 2169 2346 2215 et
2393 2163 2581 2216 scimus
2629 2163 2750 2231 quia
2793 2161 2876 2214 hic
2921 2171 2991 2215 est
3039 2177 3149 2214 vere
3213 2159 3452 2214 Salvator
3497 2160 3673 2210 mundi.

477 2266 652 2311 ratam
685 2255 926 2310 ostendo.
2139 2249 2317 2305 Primo
2336 2266 2430 2320 per
2457 2252 2666 2317 famam,
2701 2262 2879 2321 postca
2907 2267 2997 2320 per
3026 2254 3380 2319 praesentiam.
3414 2250 3498 2304 Sic
3525 2252 3674 2311 agitur

555 2343 686 2398 Ecce
730 2345 840 2396 dico
871 2342 1044 2395 vobis:
1077 2340 1257 2394 Levate
1303 2336 1481 2394 oculos
1517 2348 1724 2405 vestros,
1768 2347 1813 2392 et
1855 2338 2036 2403 videte,
2138 2340 2296 2397 hodie
2330 2357 2452 2396 cum
2493 2341 2561 2394 iis
2597 2343 2684 2410 qui
2722 2342 2846 2396 foris
2885 2352 3028 2405 sunt,
3069 2351 3121 2396 et
3153 2341 3380 2394 nondum
3413 2337 3673 2392 Christiani

482 2436 599 2502 quia
621 2437 720 2499 iam
746 2433 873 2487 alba:
896 2440 1011 2485 διιπι
1035 2433 1262 2500 regiones
1283 2429 1352 2483 ad
1369 2445 1592 2483 messem.
1622 2428 1757 2498 Ergo
1780 2441 2038 2482 messores
2138 2443 2293 2501 sunt,
2341 2432 2580 2490 Christus
2637 2436 2902 2488 nuntiatur
2962 2451 3053 2503 per
3100 2433 3426 2487 Christianos
3474 2431 3674 2493 amicos,

479 2528 741 2579 missurus
771 2532 869 2576 est.
916 2519 981 2574 1η
1026 2520 1119 2574 hoc
1163 2521 1295 2573 cuitu
1332 2527 1404 2573 est
1449 2520 1646 2572 verbum
1685 2533 1875 2582 verum.
1922 2517 2039 2586 quia
2138 2535 2339 2580 tantum
2389 2526 2479 2580 illa
2530 2526 2773 2593 muliere,
2806 2527 2903 2577 hoc
2952 2534 3030 2577 est
3057 2524 3320 2586 Ecclesia,
3355 2524 3673 2574 annnntiante

473 2617 617 2670 alii“
659 2625 729 2670 εει
756 2617 843 2685 qui
874 2615 1040 2678 mem.
1067 2614 1199 2666 αίίιιε
1222 2621 1298 2666 εει
1325 2611 1412 2677 σαί
1436 2610 1665 2674 “Min”.
1696 2619 1750 2662 υτ
1778 2610 1864 2678 qui
1894 2607 2041 2661 εευιί⁶
2141 2625 2198 2671 ιιι
2225 2614 2290 2671 ad
2318 2615 2585 2671 Christum
2615 2616 2849 2670 veniant.
2890 2615 3120 2669 Credqu
3151 2630 3244 2682 per
3281 2615 3438 2667 istam
3471 2614 3672 2670 tamam;

479 2719 571 2761 nat
605 2707 757 2762 simul
786 2711 1025 2777 gaudeat,
1067 2712 1114 2756 et
1152 2702 1433 2772 quimetit.
1473 2697 1582 2770 Ego
1610 2715 1695 2752 vos
1724 2699 1837 2751 misi
1862 2707 2040 2751 metere
2139 2714 2316 2761 manu
2348 2706 2486 2776 ιρυά
2527 2720 2622 2760 eos
2662 2705 2849 2770 biduo;
2885 2706 2984 2759 hoc
3024 2712 3136 2767 εει,
3168 2705 3256 2756 ἀει
3297 2703 3402 2757 illis
3431 2703 3531 2755 duo
3560 2717 3666 2770 μη.

476 2799 618 2866 quod
653 2813 737 2850 vos
783 2813 881 2849 non
920 2795 1203 2848 laborastis.
1252 2792 1357 2845 Alii
1403 2777 1771 2856 laboraverunt,
1802 2798 1848 2840 et
1874 2804 1959 2841 vos
1987 2789 2040 2841 in
2140 2803 2293 2862 cepta
2344 2793 2648 2858 cmi-iratis;
2692 2803 2745 2848 ει
2784 2794 2947 2848 multo
2995 2794 3172 2862 plures
3213 2793 3264 2845 in
3313 2808 3432 2846 eum
3477 2794 3651 2845 credo.

481 2902 656 2940 eorum
687 2886 905 2938 laborem
937 2883 1199 2936 iutroistt's.
1241 2878 1373 2947 Quid
1415 2892 1541 2947 ergo
1587 2889 1848 2932 messores
1876 2877 2038 2943 misit,
2140 2883 2361 2953 ﬁrmius,
2392 2883 2636 2953 quoniam
2669 2899 2791 2939 vere
2829 2886 2940 2952 ipse
2971 2893 3048 2938 est
3077 2882 3320 2937 Salvator
3352 2881 3550 2934 mundi,

488 2991 591 3030 non
634 2972 1019 3029 seminatores?
1058 2971 1171 3038 Quo
1219 2968 1515 3023 messores?
1557 2967 1644 3020 ubi
1684 2967 1791 3034 jam
1836 2964 1926 3020 alii
1965 2963 2040 3020 la-
2211 2973 2337 3027 Post
2375 2973 2502 3028 duos
2547 2985 2710 3028 autem
2756 2976 2862 3028 dies
2911 2976 3029 3027 exiit
3077 2975 3215 3029 inde.
3253 2972 3370 3042 Ipse
3393 2975 3518 3026 enim
3545 2972 3649 3023 Iesu

487 3069 825 3121 boravernut.
870 3065 996 3118 Nam
1035 3063 1119 3116 ubi
1159 3061 1266 3130 jam
1305 3061 1596 3115 laboratum
1625 3067 1758 3126 erat,
1789 3065 1842 3112 et
1867 3057 2038 3112 semi-
2061 3109 2105 3134 Α
2140 3064 2479 3117 testimonium
2501 3065 2751 3134 perhibuit
2771 3067 2886 3134 quia
2905 3065 3148 3134 propheta
3171 3065 3221 3115 in
3246 3081 3335 3116 sua
3359 3063 3522 3129 patria
3542 3064 3655 3114 hanc

489 3109 825 3121 ..η-.-.μη
870 3109 996 3118 -.νη
1037 3109 1119 3116 _--
1159 3109 1266 3130 ,_.--
1311 3109 1596 3115 -_____---___
1631 3109 1697 3113 --ν
1727 3109 1758 3126 γ,
1797 3109 1837 3112 ,κ
1870 3109 1922 3111 η
1952 3109 1955 3110 ν
1983 3109 1997 3112 _

489 3167 662 3208 natum
707 3163 840 3216 erat,
865 3152 974 3220 jam
1019 3161 1280 3205 maturum
1326 3147 1539 3213 factum,
1586 3146 1774 3201 falcem
1804 3154 1855 3200 et
1884 3145 1998 3200 tritu

2164 3109 2479 3117 ----..--..-....-
2501 3109 2750 3134 ,-....-_.-
2772 3109 2885 3134 ν.-
2905 3109 2952 3134 ν.
2970 3109 3148 3132 -,..---.-
3246 3109 3334 3116 η-
3359 3109 3458 3129 ,m.
3478 3109 3521 3114 ,η

2163 3171 2242 3208 em
2269 3172 2369 3209 non
2405 3153 2573 3212 habet.
2619 3155 2950 3210 Coulirmatis
2991 3171 3112 3210 vero
3144 3155 3486 3210 Samaritonis
3516 3157 3563 3206 in
3590 3155 3672 3204 lidr

491 3260 601 3298 ram
632 3243 978 3299 desiderabat.
1009 3243 1120 3310 Quo
1146 3255 1272 3309 ergo
1302 3250 1451 3295 erant
1477 3253 1736 3294 messores
1763 3237 2039 3292 mittendi?
2138 3251 2192 3297 et
2218 3244 2505 3311 charitate,
2535 3243 2586 3298 id
2621 3255 2700 3300 est
2722 3285 2735 3309 ,
2778 3245 3049 3314 gentibus,
3087 3244 3368 3298 revertitur
3394 3242 3658 3296 novissimi.

483 3337 587 3392 ουὺί
627 3335 734 3403 jam
784 3335 1050 3402 propheta:
1092 3333 1526 3402 ‘prtedicaverant,
1566 3331 1664 3400 ipsi
1707 3330 1844 3384 enim
1884 3331 2040 3384 semi-
2138 3332 2327 3389 diebus
2372 3334 2526 3404 hujus
2573 3335 2748 3388 saeculi
2800 3337 2849 3388 in
2902 3335 3166 3402 patriam,
3219 3335 3270 3388 in
3322 3350 3418 3403 qua
3475 3336 3655 3386 necum.

480 3439 717 3482 aratores.
749 3426 876 3480 Nam
920 3427 962 3478 si
1006 3425 1102 3492 ipsi
1146 3439 1246 3479 non
1287 3421 1811 3487 seminatores,unde
1850 3422 1917 3475 ad
1949 3423 2040 3475 illa
2141 3425 2393 3480 honorem
2445 3425 2654 3490 habuit;
2688 3426 2752 3480 de
2790 3441 2888 3494 qua
2934 3427 3046 3493 ipse
3090 3427 3140 3479 in
3184 3425 3284 3478 hoc
3326 3428 3437 3478 loro
3475 3432 3663 3476 ῐεειθιυρ

491 3519 674 3571 mulier
722 3524 1074 3584 pervenerat:
1111 3515 1230 3569 Scio
1277 3515 1394 3582 quia
1441 3512 1650 3568 Messias
1698 3513 2037 3569 veniet?1am
2138 3516 2258 3584 quia
2308 3514 2561 3583 propheta
2612 3516 2662 3568 in
2709 3529 2801 3569 sua
2851 3516 3014 3582 putria
3069 3515 3319 3567 honorem
3367 3528 3470 3566 non
3518 3517 3663 3564 habet

485 3608 585 3659 ista
644 3605 830 3658 mulier
887 3605 1084 3657 fructus
1140 3613 1374 3655 maturus
1421 3611 1554 3668 erat,
1600 3613 1651 3655 et
1705 3613 1854 3656 erant
1907 3605 2038 3658 albte
2139 3602 2194 3656 ln
2226 3603 2390 3671 patria
2421 3618 2546 3656 vero
2578 3604 2823 3656 miracula
2857 3604 2999 3669 iecit,
3029 3613 3081 3656 et
3120 3619 3224 3656 non
3265 3604 3593 3657 crediderunt
3627 3602 3662 3653 is

491 3710 710 3762 messes,
740 3705 793 3749 et
823 3694 1004 3747 falcem
1039 3692 1358 3759 qumrebant.
1395 3690 1514 3744 Misi
1543 3708 1647 3745 vos.
1681 3691 1830 3757 Quo?
1860 3702 2037 3746 metere
2141 3704 2299 3754 eum;
2358 3693 2409 3744 in
2463 3691 2700 3746 Samaria
2753 3707 2856 3745 non
2924 3694 3078 3756 fecit,
3133 3703 3308 3746 tamen
3365 3693 3670 3746 crediderunt

491 3789 624 3853 quod
684 3801 782 3837 non
845 3784 1155 3846 seminus-tis;
1211 3783 1295 3835 alii
1342 3781 1721 3848 laboraverunt,
1780 3789 1826 3834 et
1867 3799 1950 3835 vos
1988 3785 2041 3835 in
2141 3782 2294 3835 unius
2323 3784 2524 3837 femina
2554 3785 2874 3838 testimonio.
2903 3786 2954 3838 In
2987 3785 3171 3838 Filium
3196 3788 3334 3840 enim
3361 3785 3448 3838 Dei
3476 3784 3667 3838 credidit

483 3879 689 3930 labores
756 3890 924 3927 corum
982 3874 1246 3925 introistis.
1299 3872 1396 3938 Qui
1452 3873 1867 3928 laboraverunt?
1927 3873 2041 3941 Ipse
2143 3871 2376 3926 Ecclesia
2419 3876 2698 3940 apostolica
2740 3876 3123 3942 prmdicatione,
3191 3893 3308 3945 qua:
3356 3894 3381 3928 a
3423 3877 3665 3948 Syuagoga

501 3966 781 4028 Abraham,
839 3965 981 4018 Isaac
1031 3972 1082 4016 et
1106 3963 1282 4028 Jacob.
1339 3963 1514 4030 Legite
1543 3963 1744 4015 labores
1788 3963 2035 4016 illorum:
2141 3962 2334 4031 rejecta
2366 3975 2481 4028 est;
2534 3964 2670 4018 unde
2710 3964 2763 4017 in
2795 3967 2958 4032 patria
2989 3981 3078 4019 sna
3111 3976 3316 4020 terrena
3352 3970 3461 4035 ipso
3487 3969 3670 4020 Christo

493 4060 544 4111 in
575 4057 814 4110 omnibus
863 4054 1127 4108 laboribus
1176 4067 1355 4105 eorum
1405 4051 1674 4119 prephctia
1716 4065 1794 4105 eSt
1824 4052 2037 4105 Christi.
2142 4054 2462 4122 prmdicante
2501 4068 2602 4106 non
2648 4053 2744 4105 nisi
2786 4055 2938 4122 pauci
2982 4055 3339 4110 crediderunt.
3387 4058 3451 4110 Et
3486 4059 3576 4109 hoc
3602 4065 3668 4108 est

497 4149 561 4200 Et
605 4147 722 4200 ideo
761 4146 1102 4199 seminatores
1136 4142 1359 4211 Moyses,
1392 4152 1441 4194 et
1484 4142 1658 4194 crrteri
1710 4140 2037 4209 patriarchas,
2143 4142 2279 4210 quod
2312 4143 2362 4194 in
2397 4143 2500 4195 alio
2532 4144 2646 4195 loco
2677 4157 2810 4195 unus
2835 4147 3152 4210 evangelista
3179 4145 3252 4198 ait
3281 4163 3292 4198 :
3327 4146 3424 4212 Qui
3451 4148 3593 4198 credit
3622 4148 3663 4197 is

497 4248 550 4290 et
578 4249 762 4289 omnes
808 4235 1095 4299 prophetat,
1143 4242 1332 4298 quanta
1367 4231 1691 4296 pertulerunt
1737 4233 1787 4284 in
1837 4233 1923 4284 illo
1954 4232 2043 4285 lri-
2143 4249 2240 4295 me,
2269 4248 2420 4300 Opera
2453 4249 2565 4300 qua:
2595 4249 2684 4303 ego
2711 4235 2844 4302 facio
2886 4244 2930 4287 et
2960 4236 3064 4302 ipse
3095 4236 3269 4303 faciet,
3300 4247 3347 4290 et
3375 4241 3560 4308 majora
3592 4238 3665 4288 ho-

494 4342 622 4393 gore
667 4325 870 4391 quando
914 4320 1276 4375 scminabant?
1321 4320 1456 4387 Ergo
1499 4320 1604 4386 jam
1641 4319 1817 4373 Judzea
1858 4323 2042 4375 messis
2142 4337 2252 4372 rum
2297 4323 2443 4388 faciet
2473 4319 2645 4390 (loan.
2679 4325 2808 4390 xiv).
2857 4324 3050 4392 Major:
3081 4339 3238 4392 Opera
3271 4327 3503 4393 luerunt,
3537 4329 3665 4380 totius

497 4427 673 4481 parata
705 4423 818 4466 erat
844 4430 855 4463 :
886 4413 1068 4464 merito
1111 4410 1178 4462 ibi
1221 4419 1464 4476 tanquam
1504 4421 1703 4462 matura
1743 4425 1889 4478 seges
1921 4410 2033 4468 fuit.
2071 4441 2118 4501 ι)
2148 4412 2324 4462 mundi
2360 4412 2485 4464 ﬁdes
2520 4428 2610 4478 per
2653 4414 2995 4480 apostolicam
3043 4417 3490 4482 praedicationem,
3535 4433 3662 4486 quam

492 4507 702 4574 quando
753 4511 826 4557 tot
876 4503 1040 4555 millia
1094 4502 1359 4553 hominum
1407 4503 1564 4567 pretia
1617 4517 1782 4554 rerum
1832 4521 2036 4556 suarum
2073 4497 2103 4501 ⁷
2148 4497 2362 4564 Christi,
2399 4500 2486 4568 qui
2530 4503 2580 4554 in
2614 4500 2791 4555 Judtca
2829 4517 3023 4569 paucos
3058 4505 3342 4558 admodum
3373 4509 3595 4570 salvavit,
3626 4523 3663 4558 ιιι

495 4597 791 4664 offerebant,
818 4604 864 4646 et
891 4593 956 4644 ad
981 4593 1127 4659 pedes
1153 4593 1494 4658 apostolorum
1523 4601 1754 4656 ponentes
1782 4596 1915 4662 (Λα.
1945 4595 2040 4662 ιν),
2148 4597 2346 4641 tantum
2382 4604 2594 4656 paucos,
2641 4599 2696 4644 ut
2734 4591 2976 4659 discipuli
3007 4593 3118 4658 sui,
3170 4605 3361 4662 prarter
3398 4597 3661 4656 duodecim,

493 4690 716 4755 perditis
747 4687 944 4738 humeri
992 4685 1212 4737 sarcinis
1254 4684 1613 4744 surcularibus,
1645 4682 1905 4737 Christum
1939 4685 2042 4738 Do-
2147 4679 2443 4734 dimiserint
2475 4698 2629 4748 eum,
2670 4682 2805 4737 sicut
2843 4684 3043 4737 dictum
3085 4695 3164 4737 est
3196 4702 3206 4734 :
3245 4685 3399 4737 Multi
3425 4686 3661 4753 dlstlpllO~

501 4781 699 4832 minmn
730 4775 1109 4844 sequebantur.
1140 4773 1267 4825 Vere
1297 4781 1494 4824 matura
1524 4774 1729 4826 messis.
1761 4775 1890 4840 Quid
1924 4777 2041 4827 inde
2146 4784 2258 4820 tum
2289 4773 2392 4840 ejus
2417 4772 2647 4826 abierunt
2675 4784 2839 4838 retro,
2884 4785 2928 4827 et
2948 4778 3062 4845 jam
3091 4793 3189 4828 non
3215 4793 3326 4829 cum
3354 4780 3441 4830 illo
3469 4781 3661 4829 antesta-

496 4873 693 4922 factum
733 4875 815 4920 est
843 4865 907 4918 de
939 4867 1048 4932 ipsa
1077 4862 1282 4915 utesse?
1315 4862 1486 4927 Ejecta
1517 4871 1637 4914 sunt
1665 4878 1827 4929 pauca
1859 4879 2042 4932 grana,
2147 4860 2265 4912 bant
2289 4861 2463 4926 (Joan.
2491 4861 2580 4934 vt).

498 4970 550 5011 et
596 4956 983 5010 seminaverunt
1034 4955 1212 5004 orbem
1281 4953 1575 5002 terrarum?
1634 4961 1687 5004 et
1733 4954 1918 5019 surgit‘
1944 4956 2042 5007 alia
2219 4950 2533 5018 Ea‘ccperunt
2567 4970 2682 5006 eum
2709 4951 2946 5019 Caliltei,
2973 4971 3084 5007 cum
3118 4957 3285 5010 omnia
3321 4958 3548 5011 uidissent
3573 4973 3660 5023 quo

501 5050 706 5110 messis,
759 5061 872 5114 qum
925 5047 974 5097 in
1019 5044 1118 5096 line
1161 5041 1338 5094 saeculi
1388 5043 1626 5095 metenda
1676 5053 1774 5096 est.
1820 5043 1892 5097 De
1935 5046 2040 5112 ipsa
2149 5043 2329 5106 fecerat
2366 5041 2693 5111 Jerosolymt’s
2733 5045 2784 5096 in
2823 5047 2902 5097 die
2939 5049 3097 5113 festo;
3144 5057 3192 5098 et
3230 5047 3327 5115 ipsi
3370 5049 3655 5100 ascenderunt

488 5154 671 5193 messe
699 5137 891 5190 dicitur
924 5150 935 5184 :
977 5133 1072 5197 Qui
1105 5134 1343 5182 seminant
1393 5133 1442 5182 in
1473 5133 1726 5199 lacrymis,
1771 5133 1822 5184 in
1861 5136 2045 5201 gaudia
2148 5131 2213 5182 ad
2244 5130 2374 5182 diem
2403 5133 2598 5196 festum.
2646 5131 2802 5186 Forte
2853 5133 3227 5188 miraculorum
3279 5138 3565 5190 curiositate
3600 5138 3658 5186 nr-

496 5239 676 5282 ntetent
727 5223 892 5293 (Psal.
924 5226 1041 5288 xtl).
1093 5223 1166 5271 Ad
1202 5223 1350 5272 istam
1380 5237 1500 5288 ergo
1533 5238 1754 5275 messem
1789 5240 1891 5277 non
1921 5239 2045 5292 apo-
2149 5221 2316 5286 citati,
2349 5236 2450 5273 non
2479 5222 2748 5276 voluntate
2776 5223 3162 5290 prtndicationis
3191 5226 3303 5294 ejus
3331 5227 3585 5279 audienda:

497 5318 641 5380 stoli,
674 5316 763 5368 sed
793 5313 985 5383 angeli,
1019 5311 1308 5362 mittuntur.
1363 5309 1627 5373 illos-sares,
1665 5314 1847 5380 inquit,
1881 5316 2040 5383 angeli
2226 5315 2368 5367 Venit
2391 5331 2505 5383 ergo
2526 5313 2671 5367 Jesus
2695 5325 2872 5366 iterum
2897 5317 2946 5368 in
2971 5315 3108 5368 Cana
3132 5315 3372 5380 Galiltrce,
3406 5320 3485 5368 ubi
3507 5331 3651 5382 aquam

498 5419 634 5464 sunt.
701 5409 802 5457 Ista
858 5418 979 5471 ergo
1035 5402 1220 5453 messis
1279 5401 1467 5453 crescit
1531 5403 1664 5455 inter
1717 5405 1946 5468 zizania,
1996 5417 2045 5457 et
2146 5408 2311 5458 uinum
2349 5407 2484 5473 fecit.
2529 5407 2683 5469 Quasi
2737 5406 3259 5473 diceret:Quamvis
3311 5410 3459 5478 plena
3507 5412 3657 5460 domus

498 5507 768 5564 εχειιθειιιι
817 5494 1021 5563 purgari
1074 5493 1123 5544 in
1173 5491 1347 5544 linem.
1403 5493 1487 5545 Illa
1539 5509 1661 5548 vero
1709 5498 1894 5550 messis
1939 5498 2044 5564 jam
2147 5507 2284 5550 esset
2322 5497 2777 5560 discumbentium,
2832 5497 2916 5549 ubi
2962 5498 3267 5550 miraculum
3319 5499 3370 5550 it.
3412 5505 3655 5562 COllsput'lU

500 5605 699 5643 matura
748 5598 880 5651 erat,
937 5586 1073 5653 quod
1128 5586 1268 5650 prius
1323 5586 1464 5636 missi
1499 5597 1618 5638 sunt
1667 5587 1928 5655 dis-sipul",
1963 5590 2045 5641 ubi
2148 5587 2356 5642 illorum
2401 5587 2524 5642 fecit
2548 5586 2803 5651 Christus,
2839 5598 3013 5642 tamen
3059 5591 3208 5655 pauci
3258 5591 3575 5643 crediderunt
3623 5611 3661 5647 m

502 5691 554 5732 et
579 5682 838 5748 prophetae
865 5678 1248 5732 laboraverunt.
1272 5676 1370 5730 Sed
1403 5687 1595 5738 tutttcn,
1632 5679 1835 5744 lratrcs,
1875 5682 2046 5735 videte
2148 5694 2285 5742 cum,
2323 5678 2528 5734 dicente
2559 5680 2871 5747 evangelista
2907 5701 2917 5733 :
2957 5679 3018 5731 Et
3054 5681 3363 5734 crediderunt
3397 5686 3445 5734 in
3476 5698 3576 5737 eux:
3603 5697 3651 5742 tu:
