3822 6226
151 381 243 435 689

1050 370 1112 424 ΙΝ
1151 369 1206 425 S.
1247 367 1526 425 JOANNIS
1567 362 2008 420 EVANGELIUM
2048 361 2407 418 EXPOSITIO

3257 359 3371 416 690-

151 493 320 566 ,ciputi
345 495 471 564 ejus.
502 487 559 540 Et
595 487 813 542 forsitan
860 485 923 537 atl
955 484 1326 538 verecundiam
1373 482 1572 536 dictum
1613 490 1694 532 est
1721 482 1766 536 A
1866 474 2096 529 Credidit
2138 477 2285 528 homo
2314 490 2531 566 sermoni
2554 491 2699 545 quem
2723 474 2852 527 dixit
2881 475 2928 528 ei
2957 474 3130 537 Jesus,
3159 488 3206 530 et
3235 476 3359 534 ibat.

150 590 325 642 civium
373 597 611 644 suorum,
643 589 694 632 et
722 578 787 630 ad
822 577 1029 630 tandem
1077 576 1514 644 alienigenarum.
1567 572 1696 625 Nam

152 673 333 730 Galilei
370 672 510 725 cives
551 672 761 723 fuerunt
797 666 1017 732 Christi,
1065 677 1116 720 et
1145 664 1465 721 Samaritani
1514 662 1699 716 alieni-

153 778 284 833 gena
313 763 539 815 inerunt.
573 758 627 812 In
659 771 810 812 sacra
841 758 1031 826 legitur
1061 757 1277 812 historia
1310 774 1322 808 :

218 852 332 904 Erat
361 861 528 904 autem
547 849 756 918 quidam
772 851 996 918 regulus,
1016 850 1160 918 cujus
1177 847 1320 915 ﬁlius
1339 847 1699 913 inﬁrmabatur

160 943 518 1014 Capituntaum.
592 941 825 1008 Regulus
877 941 1251 994 diminutivum
1301 954 1494 992 nomen
1541 949 1622 992 est
1668 951 1697 990 a

160 1048 292 1102 rege;
349 1042 402 1086 et
449 1031 567 1085 ideo
616 1030 838 1084 forsitan
889 1032 1097 1098 regulus
1145 1029 1337 1082 dicitur
1380 1029 1524 1093 iste,
1577 1029 1697 1096 quia

160 1133 356 1183 salutem
395 1126 632 1197 poposcit
676 1126 782 1180 lilio
825 1139 943 1188 suo,
989 1123 1079 1192 qui
1114 1125 1322 1192 plenam
1373 1139 1476 1177 non
1520 1122 1699 1175 habuit

161 1222 329 1282 iidem,
421 1219 602 1272 habuit
674 1226 731 1272 et
796 1230 900 1270 neu
965 1217 1165 1269 habuit.
1263 1215 1386 1268 ldeo
1459 1214 1692 1266 audivit:

161 1310 260 1364 Nisi
285 1312 425 1380 signa
449 1319 494 1362 et
519 1307 752 1378 prodigia
773 1306 1016 1370 videritis,
1045 1321 1145 1358 non
1166 1305 1389 1358 creditis.
1423 1303 1519 1370 Qui
1551 1302 1691 1356 enim

159 1405 358 1458 salutem
395 1403 667 1471 quaerebat
709 1415 806 1470 pro
842 1400 971 1466 ﬁlio,
1005 1399 1191 1468 procul
1222 1399 1388 1454 dubio
1421 1396 1692 1451 credebat.

158 1494 317 1560 Neque
359 1495 494 1546 enim
546 1491 616 1544 ab
661 1505 728 1545 eo
771 1499 1036 1560 quaereret
1082 1491 1337 1552 salutem,
1387 1502 1540 1556 quem
1592 1501 1693 1540 non

159 1583 378 1637 crederet
406 1580 756 1637 Salvatorem.
787 1580 963 1646 Quare
995 1595 1120 1648 ergo
1145 1579 1338 1634 dicitur
1366 1594 1379 1631 :
1405 1577 1524 1631 Nisi
1550 1578 1697 1646 signa

158 1682 196 1724 et
231 1671 445 1740 prodigia
479 1670 730 1735 uideritis,
770 1685 872 1723 non
913 1669 1137 1734 creditis,
1167 1668 1253 1738 qui
1295 1676 1418 1720 ante
1455 1664 1697 1718 crederet

158 1777 294 1829 quam
340 1761 541 1831 signum
591 1761 838 1816 videret?
885 1760 988 1816 Sed
1039 1768 1361 1815 mementote
1401 1758 1491 1827 qui
1543 1756 1689 1826 petit,

1802 566 2085 635 incipiebat
2158 567 2299 620 enim
2343 564 2498 620 iidem
2550 566 2744 621 habere
2794 567 2846 622 in
2906 583 3150 622 sermone
3197 567 3359 632 Jesn,

1800 667 1851 710 et
1893 658 2013 712 ideo
2050 656 2328 712 sanitatem
2371 656 2559 710 meruit
2609 656 2731 721 lilii;
2778 665 2831 711 et
2869 658 2956 724 qni
2988 673 3049 712 ex
3085 666 3234 725 parte
3262 658 3362 710 tlu-

1800 750 1916 802 hius
1956 747 2122 814 venit,
2156 747 2322 803 lidelis
2351 749 2598 812 recessit;
2641 755 2692 803 et
2719 746 2839 802 ideo
2867 749 3146 802 sanitatem
3173 748 3365 802 meruit

1870 928 1993 982 Jam
2023 945 2147 983 servs
2178 937 2501 982 occurrerunt
2529 929 2574 983 ei
2602 931 2892 983 nuntiantes
2920 931 3054 998 quod
3084 931 3222 997 ﬁlius
3251 933 3360 1000 ejus

1799 1022 1997 1076 viveret.
2046 1019 2380 1089 Interrogavit
2404 1037 2522 1090 ergo
2549 1022 2723 1074 horam
2753 1023 2927 1090 inqua
2955 1023 3135 1075 melius
3165 1023 3360 1075 Itabueo

1799 1125 1913 1177 rat;
1950 1119 1999 1166 et
2031 1112 2265 1165 dixerunt
2291 1113 2333 1165 ei
2367 1128 2384 1164 :
2415 1111 2560 1177 Heri,
2595 1113 2718 1165 hora
2760 1113 2973 1182 septima
3013 1114 3215 1181 reliquit
3250 1129 3363 1165 etms

1760 1198 1764 1202 ’
1800 1202 1973 1270 febris.
2016 1202 2359 1270 Septenarius
2389 1216 2641 1254 numerus
2669 1203 3025 1257 sanetiilcatus
3056 1212 3137 1256 est
3183 1204 3232 1256 in
3265 1205 3362 1256 do-

1804 1293 1884 1345 nis
1919 1293 2086 1346 sancti
2126 1290 2376 1358 Spiritus,
2421 1291 2472 1344 in
2518 1305 2624 1359 quo
2662 1293 2860 1346 sanitas
2901 1291 3208 1346 hominibus
3249 1306 3366 1347 ore-

1800 1378 2045 1434 deutibus
2095 1389 2324 1443 constat,
2370 1380 2493 1449 quia
2541 1380 2593 1434 in
2636 1389 2818 1435 sancto
2864 1381 3103 1450 Spiritu,
3151 1383 3239 1451 qui
3283 1392 3366 1436 est

1799 1469 1996 1523 donum
2031 1469 2143 1531 Dei,
2173 1470 2416 1523 remissio
2456 1477 2538 1522 est
2585 1469 2822 1523 omnium
2867 1479 3203 1538 peccatorum
3245 1485 3366 1524 ere.

1798 1557 2062 1613 dentibus.
2104 1560 2443 1627 Septenarius
2482 1574 2691 1629 quoque
2730 1575 3003 1624 numerus,
3036 1560 3083 1615 si
3113 1560 3367 1615 dividitur

1799 1649 1852 1703 in
1895 1649 1992 1702 tria
2025 1658 2074 1703 et
2106 1659 2350 1717 quatuor,
2381 1657 2614 1702 sanctam
2645 1649 2957 1704 Trinitatem
3001 1651 3276 1720 signiﬁcat
3309 1653 3358 1702 iu

1804 1740 2035 1794 ternario
2076 1754 2319 1799 numero,
2345 1747 2399 1793 et
2427 1741 2663 1794 omnium
2707 1749 3071 1795 creaturarum
3105 1743 3364 1796 universi-

159 1825 320 1921 aperte
355 1825 684 1919 cognoscetis
722 1853 845 1921 quia
869 1853 937 1906 .in
969 1851 1075 1905 fido
1118 1850 1398 1905 dubitavit.
1422 1825 1691 1916 Poposcit

1801 1835 1951 1882 tatem
1980 1828 2030 1881 in
2053 1829 2411 1896 quaternario,
2428 1837 2639 1896 propter
2667 1837 2892 1896 quatuor
2919 1830 3204 1892 elementa,
3224 1845 3358 1897 qua-

161 1956 366 2008 namque
401 1949 458 1994 ut
483 1940 827 1996 descenderet
877 1951 930 1996 et
963 1951 1175 1995 sanaret
1204 1941 1365 1993 tilitnn
1397 1940 1532 2008 ejus.
1564 1937 1693 1992 Cor-

161 2031 368 2096 poralem
399 2043 522 2098 ergo
553 2031 891 2097 prasentiam
922 2029 1130 2084 Domini
1161 2029 1451 2098 quaerebat,
1482 2028 1569 2098 qui
1601 2043 1694 2097 per

159 2121 377 2188 spiritum
427 2138 680 2192 nusquam
731 2122 934 2177 deerat.
1003 2121 1175 2176 Minus
1221 2122 1397 2191 itaque
1444 2121 1497 2174 in
1545 2120 1692 2174 illum

158 2210 401 2275 credidit,
450 2227 605 2278 quem
653 2226 756 2264 non
811 2211 1027 2280 putabat
1070 2225 1224 2281 posse
1271 2212 1492 2265 salutem
1543 2212 1691 2276 dare,

162 2301 249 2354 nisi
291 2316 516 2369 praesens
564 2312 708 2357 esset
753 2312 807 2356 et
852 2304 1112 2372 corpore.
1164 2302 1223 2358 Si
1273 2304 1412 2357 enim
1465 2302 1696 2370 perfecte

163 2392 471 2457 credidisset,
504 2393 682 2459 procul
712 2391 871 2446 dubio
915 2393 1078 2447 sciret
1116 2394 1237 2462 quia
1280 2409 1384 2447 non
1426 2402 1508 2449 est
1546 2393 1695 2448 locus

165 2483 236 2534 ubi
266 2496 361 2534 non
390 2492 468 2537 est
500 2483 656 2537 Deus.
694 2485 766 2538 Ex
801 2499 985 2554 magna
1028 2500 1153 2552 ergo
1183 2493 1332 2555 parte
1359 2485 1561 2540 divisus
1590 2493 1692 2551 est,

165 2571 270 2640 quia
312 2573 556 2628 tumorem
607 2590 710 2628 non
757 2576 901 2630 dedit
950 2576 1232 2643 maiestati,
1267 2577 1360 2632 sed
1405 2576 1697 2647 praesentiae

167 2662 356 2716 carnali.
403 2664 465 2717 Et
510 2664 734 2719 salutem
787 2665 962 2734 itaque
1006 2666 1112 2720 tilio
1143 2667 1310 2735 petiit,
1358 2675 1412 2721 et
1441 2675 1612 2722 tamen
1644 2668 1695 2722 in

167 2751 257 2806 ﬁde
281 2752 542 2820 dubitavit,
576 2757 699 2824 quia
729 2771 849 2810 eum
880 2757 949 2809 ad
975 2772 1129 2825 quem
1156 2765 1397 2821 venerat,
1424 2770 1477 2812 et
1507 2768 1696 2826 poten-

167 2854 256 2894 tem
297 2842 364 2897 ad
405 2845 687 2898 curandum
720 2845 965 2911 credidit,
999 2857 1053 2900 et
1091 2853 1264 2901 tamen
1314 2847 1556 2902 morienti
1588 2847 1697 2903 lilio

167 2948 268 2988 esse
295 2935 556 2989 absentem
585 2936 785 3003 putavit
813 2934 998 2990 Deum.
1045 2936 1150 2991 Sed
1182 2936 1434 2992 Dominus
1472 2937 1562 3008 qui
1607 2953 1698 2993 ro-

166 3033 298 3092 gatur
329 3037 377 3080 ut
403 3029 567 3087 vadat.
596 3031 715 3097 quia
748 3043 850 3083 non
873 3029 1008 3083 desit
1051 3029 1137 3084 ubi
1183 3021 1435 3084 invitatur
1475 3029 1696 3097 indicat,

167 3115 265 3168 solo
296 3116 436 3184 jussu
483 3117 703 3172 salutem
756 3117 1020 3185 reddidit,
1070 3120 1156 3188 qui
1208 3119 1481 3174 voluntate
1517 3120 1694 3174 omnia

167 3211 360 3264 creavit.
410 3210 513 3276 Qua
558 3212 610 3265 in
661 3226 718 3266 re
768 3211 869 3266 hoc
913 3211 1064 3266 nobis
1102 3212 1326 3267 solerter
1365 3213 1696 3281 intuendum,

167 3300 286 3363 quod
315 3339 328 3362 ,
378 3301 506 3353 sicut
553 3299 658 3355 alio
708 3300 1039 3369 Evangelista
1101 3312 1325 3358 testante
1378 3303 1698 3359 didicimus:

170 3383 378 3439 Centurio
405 3391 466 3440 ad
489 3387 767 3442 Dominum
796 3391 922 3443 dixit
947 3409 963 3444 :
989 3390 1223 3467 Domine,
1255 3409 1378 3463 puer
1405 3408 1544 3447 meus
1563 3397 1702 3466 jacet

169 3476 447 3546 paralyticus
482 3480 532 3530 in
557 3474 734 3546 domo,
760 3490 805 3534 et
853 3484 985 3535 male
1031 3484 1288 3550 torquetur
1327 3481 1540 3554 (Matth.
1563 3484 1691 3552 vm).

173 3565 254 3619 Cui
276 3568 415 3621 .lesus
444 3572 678 3636 protinus
708 3573 979 3640 respondit
1009 3591 1020 3625 :
1055 3571 1167 3644 Ego
1192 3574 1404 3639 veniam,
1437 3585 1482 3629 et
1510 3575 1699 3630 curabo

170 3671 282 3709 eam.
311 3656 432 3722 Quid
463 3670 542 3713 est
572 3659 716 3728 quod
759 3661 970 3730 regulus
1008 3671 1156 3731 rogat
1199 3673 1254 3716 ut
1296 3663 1363 3717 ad
1393 3664 1506 3732 ejus
1535 3663 1700 3718 illium

170 3747 341 3811 veniat,
367 3759 416 3804 et
445 3760 612 3806 tamen
644 3753 991 3821 corporaliter
1019 3754 1097 3809 ire
1121 3762 1358 3821 recusat;
1392 3757 1456 3809 ad
1487 3769 1698 3810 servum

173 3850 280 3890 iero
312 3842 624 3896 centurionis
667 3858 770 3896 non
818 3843 1088 3908 invitatur,
1119 3854 1173 3897 et
1203 3853 1376 3898 tamen
1407 3859 1467 3900 se
1505 3860 1700 3913 corpo-

171 3928 324 3982 raliter
362 3931 432 3985 ire
479 3933 790 4000 pollicetur?
837 3933 1021 4004 Reguli
1076 3934 1186 3988 lilio
1236 3950 1327 4003 per
1365 3937 1697 4004 corporalem

173 4023 472 4086 praesentiam
509 4038 610 4077 non
644 4023 891 4093 dignatur
933 4025 1139 4089 adesse,
1173 4025 1502 4079 centurionis
1539 4041 1696 4081 servo

175 4123 264 4161 non
305 4109 601 4180 dedignatur
644 4128 943 4169 occurrere.
977 4113 1112 4181 Quid
1143 4126 1221 4171 est
1251 4116 1390 4169 hoc?
1433 4116 1532 4172 nisi
1557 4120 1695 4186 quod

175 4199 389 4267 superbia
433 4215 605 4256 nostra
657 4203 979 4270 retunditur,
1024 4206 1113 4272 qui
1159 4206 1208 4259 in
1240 4205 1543 4260 hominibus
1589 4221 1693 4261 non

176 4296 407 4354 naturam,
434 4293 516 4359 qui
546 4292 613 4346 ad
638 4293 920 4362 imaginem
951 4294 1044 4350 Dei
1075 4294 1194 4349 iaeti
1223 4304 1367 4359 sunt,
1401 4297 1491 4350 sed
1527 4299 1690 4351 Itono-

174 4389 246 4428 res
271 4387 316 4430 et
349 4377 541 4434 divitias
590 4397 936 4447 veneramur;
986 4397 1209 4454 cumque
1260 4401 1543 4454 pensamus
1576 4402 1694 4455 qua:

1794 1929 1915 1975 tuor
1945 1921 2214 1986 animalia,
2246 1929 2298 1974 et
2326 1930 2549 1990 quatuor
2572 1919 2752 1989 plagas
2781 1920 2965 1975 mundi
2987 1963 3002 1986 ,
3045 1929 3100 1976 et
3138 1932 3365 1990 quatuor

1794 2010 1919 2067 anni
1951 2020 2209 2082 tempora,
2240 2026 2356 2080 quas
2386 2011 2554 2063 omnia
2580 2023 2643 2064 ex
2681 2011 2811 2082 ipso,
2842 2021 2888 2066 et
2915 2028 3002 2082 per
3025 2013 3213 2082 ipsum,
3236 2022 3281 2065 et
3310 2014 3365 2065 in

1792 2101 1903 2169 ipso
1929 2112 2098 2155 creata
2123 2112 2240 2154 sunt
2268 2100 2487 2170 (Cotoss.
2518 2101 2579 2171 I),
2598 2112 2864 2170 constant,
2888 2110 2941 2156 et
2967 2104 3361 2172 gubernantur;

1794 2195 2044 2265 quoniam
2064 2197 2116 2249 in
2140 2199 2250 2263 ipso
2272 2196 2498 2258 vivimus,
2515 2210 2766 2257 moventur
2792 2204 2838 2249 et
2857 2193 3180 2268 summust.
3209 2180 3362 2262 svtt).

1869 2288 2093 2344 Credidit
2140 2290 2266 2359 ipse,
2315 2298 2365 2344 et
2412 2291 2590 2343 domus
2619 2293 2731 2358 ejus
2760 2298 2880 2345 tota.
2935 2291 3065 2358 Quia
3097 2290 3361 2345 nuntiatus

1798 2389 1882 2436 est
1908 2381 1958 2436 ei
1991 2381 2130 2434 illius
2163 2396 2343 2436 sanus.
2391 2382 2469 2437 Ad
2496 2382 2666 2436 solum
2697 2397 2824 2452 ergo
2853 2396 3155 2438 sermonem
3179 2384 3356 2439 credi-

1798 2470 1988 2525 derunt
2021 2470 2196 2539 plures
2223 2472 2565 2538 Samaritani;
2597 2472 2659 2526 ad
2689 2472 2811 2526 illud
2840 2481 3016 2528 autem
3048 2474 3359 2528 miraculum

1800 2564 1911 2616 sola
1942 2561 2128 2616 domus
2168 2561 2254 2616 illa
2282 2562 2524 2617 credidit.
2581 2563 2709 2629 Quae
2733 2578 2820 2618 res
2847 2563 3112 2631 portendit
3140 2564 3191 2618 in
3223 2563 3357 2617 mul-

1803 2652 2022 2708 titudine
2051 2652 2205 2708 iidem
2231 2653 2486 2722 gentium,
2519 2661 2572 2707 et
2600 2653 2650 2707 in
2679 2655 2940 2725 paucitate
2966 2653 3120 2708 iidem
3147 2653 3357 2707 Iudaeo.

1802 2760 1917 2801 rum
1937 2763 1950 2799 :
1969 2755 2150 2814 gentes
2180 2759 2306 2799 vero
2338 2745 2453 2799 solo
2480 2759 2744 2810 sermone,
2779 2744 2828 2798 id
2858 2753 2956 2811 est,
2985 2744 3358 2815 praedicatione

1802 2835 2088 2905 apostolica
2131 2833 2503 2899 crediderunt;
2537 2833 2704 2889 Judaei
2744 2849 2871 2889 vero
2913 2835 3059 2905 signa
3092 2835 3357 2900 viderunt,

1802 2936 1859 2982 et
1880 2926 2050 2996 ipsum
2081 2925 2174 2981 Dei
2205 2925 2392 2982 Filium
2423 2926 2722 2994 iacientem,
2755 2936 2808 2982 et
2852 2936 3028 2982 tamen
3069 2927 3218 2998 pauci
3246 2942 3360 2983 cre—

1801 3015 2047 3073 diderunt
2076 3031 2141 3072 ex
2167 3017 2265 3073 eis.

2413 3105 2637 3163 CAPUT
2684 3106 2746 3161 ν.

1876 3215 2098 3273 Diieclio
2126 3215 2421 3272 divinorum
2451 3217 2799 3287 eloquiorum,
2833 3227 2886 3272 et
2911 3216 3136 3272 dulcedo
3163 3217 3354 3271 intelli-

1803 3314 1991 3380 gentia:
2030 3321 2232 3366 sanctae
2261 3312 2572 3382 Scriptum,
2601 3323 2652 3366 et
2680 3312 2907 3366 maxime
2949 3311 3160 3366 humilis
3201 3325 3357 3366 evan-

1801 3402 1982 3471 gelica
2024 3405 2283 3471 veritatis,
2331 3403 2383 3458 in
2426 3419 2527 3472 qua
2577 3403 2860 3458 verborum
2903 3401 3121 3457 honesta
3158 3402 3356 3469 simpli-

1799 3494 1931 3546 citas
1961 3504 2122 3562 patet,
2154 3504 2207 3550 et
2251 3509 2499 3549 sensuum
2545 3496 2648 3548 alta
2682 3495 3005 3563 profunditas
3037 3495 3182 3558 latet,
3211 3493 3361 3564 adju-

1799 3592 1956 3637 vante
1997 3583 2111 3652 ipso
2140 3584 2363 3638 Domino
2388 3585 2476 3654 qui
2501 3583 2590 3638 dat
2617 3585 2954 3649 suavitatem,
2988 3591 3046 3637 ut
3077 3591 3215 3636 terra
3263 3598 3358 3635 no-

1800 3679 1910 3726 stra
1961 3673 2050 3726 det
2091 3673 2318 3728 fructum
2357 3688 2534 3738 suum.
2581 3682 2635 3730 et
2685 3691 2780 3730 nos
2823 3675 2887 3728 ad
2937 3673 3275 3742 loquendum,
3308 3685 3360 3729 et

1799 3773 1894 3813 vos
1935 3759 2000 3814 arl
2046 3761 2365 3816 audiendum
2415 3764 2740 3818 exhortatur.
2787 3765 2956 3831 Atque
3003 3763 3206 3817 utinam
3254 3771 3361 3815 tam

1797 3849 1989 3906 efficax
2033 3852 2186 3908 nobis
2231 3865 2374 3909 esset
2419 3856 2670 3925 loquendi
2714 3870 2941 3922 sensus,
2989 3869 3148 3926 quam
3211 3856 3361 3910 vobis

1798 3943 2032 3999 studiose
2079 3947 2327 4002 audiendi
2369 3948 2492 4003 data
2522 3958 2604 4005 est
2645 3951 3013 4020 intelligentia,
3041 3951 3167 4007 dum
3209 3952 3361 4006 video

1797 4035 1910 4090 sine
1956 4035 2169 4092 fastidio
2218 4054 2313 4093 vos
2359 4041 2560 4106 audire,
2609 4051 2662 4095 et
2707 4042 2896 4111 gaudio
2945 4043 3148 4110 placato
3185 4041 3360 4097 cordis

1797 4127 1981 4192 vestri,
2033 4142 2062 4180 a
2104 4143 2209 4197 quo
2260 4128 2310 4182 id
2344 4129 2482 4198 quod
2527 4129 2740 4184 salubre
2786 4139 2888 4197 est,
2933 4145 3036 4185 non
3069 4133 3352 4200 respuitur,

1794 4216 1887 4271 sed
1919 4232 2038 4271 cum
2083 4218 2335 4273 aviditate
2365 4220 2669 4289 percipitur,
2713 4232 2764 4276 et
2794 4224 3355 4279 utiliter'continetnr.

1795 4303 2100 4373 Loquamur
2159 4323 2286 4377 ergo
2335 4309 2481 4363 vobis
2535 4319 2585 4364 et
2635 4325 2773 4364 nunc
2818 4296 2885 4366 de
2933 4313 3230 4384 evangeliea
3281 4315 3354 4368 le-

1794 4394 1989 4448 ctione.
2023 4395 2135 4449 Duo
2165 4399 2359 4465 pariter
2411 4399 2660 4453 miracula
2707 4400 2949 4454 ltumante
2999 4403 3236 4455 sanitatis
3284 4403 3356 4459 lc-

172 4465 290 4519 τίνω
317 4483 399 4565 €35
435 4483 573 4537 δυιη»
608 4473 847 4540 ρνοΐεοιο
893 4474 1141 4528 interiora
1188 4476 1404 4530 minime
1444 4477 1690 4544 perVidc-
1720 4495 2022 4565 Dguutttr,
2072 4504 2232 4542 unum
2284 4490 2617 4545 invisibiliter
2662 4507 2752 4558 per
2795 4493 3086 4562 angelicam
3134 4495 3356 4548 admini-

175 4569 286 4608 ωας.
330 4555 447 4610 Dum
475 4575 532 4613 ea
562 4562 957 4615 consideramus
985 4579 1102 4630 quae
1146 4563 1196 4616 in
1242 4565 1550 4630 corporibus
1598 4565 1689 4618 de-

175 4657 324 4711 specta
350 4658 479 4715 sunt,
516 4653 824 4720 negligimus
871 4668 1093 4719 pensare
1122 4655 1242 4724 quid
1276 4665 1418 4709 sunt.
1462 4655 1693 4710 Redem-

176 4745 274 4798 βιοτ
298 4753 404 4792 vero
429 4754 622 4806 numer,
670 4753 727 4796 ut
770 4746 1076 4799 ostenderet
1118 4748 1237 4814 quia
1271 4761 1388 4814 quae
1418 4747 1520 4800 alta
1567 4756 1692 4800 sunt

178 4827 404 4886 hominum
434 4839 624 4891 sanctis
651 4838 994 4906 despicienda
1035 4853 1176 4909 sunt,
1210 4852 1261 4896 et
1292 4857 1407 4914 qua:
1444 4844 1690 4912 despecut

177 4930 275 4971 sunt
313 4923 560 4980 hominum
591 4929 931 4997 despicienda
976 4946 1078 4984 non
1112 4943 1267 4995 sunt,
1311 4935 1375 4986 ad
1407 4935 1566 4987 lilium
1601 4948 1688 4989 re-

175 5009 263 5071 guli
297 5009 362 5064 ire
403 5016 583 5080 noluit,
614 5017 933 5072 ad'servum
989 5022 1313 5075 centurionis
1356 5023 1432 5077 ire
1479 5033 1692 5091 paratus

177 5093 272 5148 luit.
320 5101 568 5173 increpata
601 5118 682 5163 est
713 5124 839 5178 ergo
866 5111 1113 5179 superbia
1148 5126 1346 5178 noswa,
1381 5130 1494 5182 qum
1524 5117 1693 5171 nescit

179 5200 361 5250 [ensure
387 5195 614 5251 homines
648 5209 865 5268 propter
889 5200 1151 5265 homines,
1182 5204 1315 5266 sola,
1352 5215 1408 5257 ut
1432 5203 1681 5269 diximus,

179 5292 272 5340 quae
313 5283 630 5341 circumstant
686 5292 991 5346 hominibus
1040 5307 1240 5361 pensat.
1290 5295 1539 5347 Naturam
1586 5312 1690 5350 non

177 5370 348 5434 aspicit,
389 5375 631 5432 honorem
682 5381 769 5433 Dei
821 5383 871 5434 in
925 5382 1226 5434 hominibus
1280 5399 1392 5436 non,
1423 5389 1690 5453 agnoscit.

182 5456 292 5514 Ecce
333 5465 400 5518 ire
428 5482 522 5521 non
557 5473 666 5522 vult
696 5472 860 5524 Filius
892 5474 980 5526 Dei
1012 5473 1074 5526 ad
1108 5472 1272 5526 tilium
1304 5476 1489 5542 reguli,
1526 5488 1572 5528 et
1610 5486 1690 5530 ta-

180 5561 274 5599 men
301 5554 459 5608 venire
501 5572 711 5625 paratus
748 5571 826 5614 est
876 5563 940 5616 ad
993 5564 1215 5617 salutem
1260 5566 1419 5619 servi.
1470 5567 1575 5620 lloe
1613 5576 1695 5622 est

177 5640 290 5701 (Ιτιιιά
323 5645 583 5710 Apostolus
624 5654 734 5702 ait:
793 5652 1006 5720 lnftrma
1038 5656 1214 5710 mundi
1246 5658 1389 5727 elegit
1434 5657 1586 5728 Dens,
1640 5668 1692 5712 ut

177 5733 408 5798 confundat
439 5741 582 5804 {orta
611 5741 661 5811 (Ι
697 5742 813 5796 Cor.
849 5745 906 5811 1)ι

1796 4575 2125 4639 strationem,
2155 4576 2376 4632 alterum
2420 4595 2513 4646 per
2553 4579 2867 4634 dominicam
2902 4582 3232 4651 presentiam
3275 4587 3352 4639 vi-

1793 4663 2016 4718 sibiliter
2043 4665 2360 4720 exhibitum.
2406 4667 2509 4722 Sed
2540 4671 2810 4739 utriusque
2846 4672 2999 4726 nobis
3031 4682 3155 4726 sunt
3184 4674 3354 4729 brevi-

1796 4761 1874 4805 ter
1902 4756 2211 4821 exponenda
2262 4761 2534 4826 mysteria,
2590 4774 2656 4814 ne
2696 4761 2918 4828 prolixae
2967 4762 3206 4818 lectionis
3238 4781 3356 4832 pro-

1794 4842 1896 4896 lixa
1927 4859 2140 4914 quoque
2168 4847 2471 4924 explanatio
2500 4851 2740 4918 cuiquam
2773 4852 2909 4906 forte
2936 4857 3114 4919 gravis
3137 4856 3349 4910 existat.

1793 4931 2068 4989 Probatica
2095 4937 2316 5003 piscina,
2345 4954 2460 5007 quae
2492 4943 2723 5010 quinque
2769 4944 3056 5011 porticibus
3099 4947 3351 5016 cingeba-

1794 5033 1897 5087 tur,
1930 5026 2150 5092 populus
2193 5036 2274 5081 est
2301 5026 2622 5093 Judaeorum,
2656 5033 2886 5102 undique
2930 5034 3061 5103 legis
3088 5038 3345 5101 custodia,

1791 5128 1860 5167 ne
1888 5130 2107 5182 peccare
2138 5117 2348 5184 debeat,
2381 5131 2629 5175 munttns.
2670 5122 2828 5178 Recte
2858 5126 3055 5180 etenim
3087 5127 3192 5192 lex,
3236 5146 3355 5197 quin

1789 5205 2020 5272 quinque
2053 5207 2202 5261 libris
2232 5209 2394 5278 Moysi
2425 5213 2685 5280 deseripta
2716 5223 2817 5280 est,
2851 5217 3090 5283 quinario
3129 5233 3353 5273 numero

1792 5294 2066 5361 ﬁguratur.
2117 5295 2276 5351 Recte
2317 5301 2538 5366 populus
2572 5304 2658 5369 qui
2702 5306 2751 5356 in
2785 5306 3095 5373 quibusdam
3141 5311 3350 5363 mundi-

1793 5388 1914 5439 t'am
1968 5386 2090 5442 vitae
2139 5403 2372 5455 servare,
2427 5393 2476 5445 in
2505 5395 2814 5460 quibusdam
2846 5412 2973 5452 vero
3001 5399 3206 5454 solebat
3249 5403 3344 5454 itit-

1790 5478 2106 5531 muudoruin
2134 5481 2414 5546 spirituum
2447 5487 2781 5537 tentauientis
2804 5488 3008 5554 agitari,
3042 5503 3135 5558 per
3156 5503 3344 5558 aquam

1790 5570 2024 5634 signatur
2074 5572 2294 5636 piscina,
2350 5589 2463 5639 ρειαί·
2519 5591 2656 5629 nunc
2707 5577 2905 5641 placida
2959 5581 3129 5636 ventis
3173 5591 3336 5648 stare,

1793 5675 1935 5714 nunc
1974 5660 2052 5714 cis
2092 5661 2414 5715 irruentibus
2456 5667 2650 5719 turbari
2691 5683 3056 5728 consueverat.
3108 5671 3171 5727 Et
3213 5672 3350 5729 bene

1796 5751 1995 5820 piscina
2047 5751 2229 5809 eadem
2281 5754 2546 5823 probatica
2592 5769 2806 5816 vocatur
2837 5777 2852 5815 :
2883 5763 3121 5834 πρόϐατα
3160 5765 3347 5835 Quippe
