3822 6226
504 317 598 370 69]

921 319 1118 374 liED/E
1164 317 1603 373 VENERABIUS
1641 317 1785 371 UPP.
1829 317 2000 369 PARS
2039 314 2096 368 ΙΙ.
2137 314 2322 370 SECT.
2357 315 2394 370 Ι.
2436 346 2503 358 -
2543 317 2918 376 EXEGETICA
2959 317 3270 378 GENUINA.
3578 325 3663 385 69!

507 431 687 484 (ἤσκεε
735 446 846 482 ores
891 429 1152 493 dicuntur,
1201 430 1318 497 quia
1363 439 1510 483 erant
1561 429 1807 481 nimirum
1854 428 1906 480 in
1956 427 2042 481 illo
2069 425 2118 484 Α
2148 427 2260 492 ipso
2304 442 2447 501 unus
2475 430 2874 487 commendatur
2918 442 3146 498 sanator,
3201 449 3305 490 non
3349 449 3470 504 quia
3516 445 3656 494 ontni.

508 523 698 590 populo
727 524 811 589 qui
839 522 1012 574 dicere
1038 521 1255 573 Domino
1285 528 1495 588 possent
1524 536 1536 570 :
1588 518 1699 571 Nos
1744 527 1909 571 autem
1957 534 2046 584 po-

507 613 655 679 pulus
685 624 818 676 tuus,
849 621 893 664 et
923 627 1034 664 oves
1063 612 1224 680 gregis
1255 613 1346 675 tui,
1375 611 1721 678 conﬁtebimur
1743 611 1832 662 tibi
1867 611 1921 662 in
1952 627 2046 664 stc-

508 704 623 756 cula
649 701 812 768 (1³ςαί.
845 701 1085 770 Lssvtu).
1119 701 1282 770 Vulgo
1322 710 1496 756 autem
1540 701 1827 770 probatica,
1863 702 1913 755 id
1942 713 2043 768 est,

507 794 748 861 pecuaria
779 792 972 861 piscina
1006 793 1168 846 fertur
1209 792 1486 860 appellata,
1517 793 1654 861 quod
1702 791 1751 845 itt
1782 806 1843 845 ea
1874 806 2047 845 sacer-

508 885 658 936 dotes
705 883 903 939 hostias
949 887 1121 936 lavare
1164 893 1563 936 consueverant.
1615 883 1888 936 Multitudo
1938 885 2046 934 lan-

506 971 770 1039 guentium
804 986 919 1039 quas
958 971 1009 1025 in
1037 973 1459 1028 commemoratis
1485 973 1769 1041 porticibus
1814 974 2043 1042 jacebat,

507 1079 657 1132 aqua:
697 1073 892 1117 motum
922 1075 1266 1130 exspeCtans,
1311 1063 1563 1133 signiﬁcat
1589 1079 1768 1118 eorum
1811 1076 2048 1121 catervas

509 1155 617 1221 qui,
647 1156 774 1224 legis
803 1155 955 1209 verba
996 1153 1286 1222 audientes,
1316 1156 1423 1209 suis
1450 1169 1509 1211 se
1552 1157 1685 1211 Itane
1711 1158 1914 1213 viribus
1949 1160 2047 1212 im-

513 1247 654 1311 plere
703 1259 803 1297 non
852 1259 1006 1312 posse
1052 1244 1336 1312 dolebant,
1396 1256 1552 1316 atque
1605 1248 1724 1303 ideo
1770 1250 2046 1305 dominica:

510 1333 759 1387 auxilium
798 1334 978 1402 gratia:
1017 1335 1137 1389 totis
1173 1333 1333 1389 animi
1369 1335 1643 1392 alIectibtts
1680 1338 2046 1408 implorabant.

511 1423 649 1476 Circi
687 1432 852 1486 crant,
881 1423 968 1491 qui
1005 1425 1226 1479 necdum
1257 1424 1541 1494 perfectam
1570 1427 1724 1484 ﬁdem
1755 1429 2044 1496 habebant;

511 1511 703 1578 claudi,
749 1514 835 1582 qui
876 1514 1010 1572 bona
1048 1530 1164 1583 quae
1202 1528 1460 1573 noverant
1496 1521 1748 1589 operandi
1785 1522 2049 1590 gressibus

515 1600 736 1668 implere
787 1604 1107 1672 nequibant;
1157 1607 1309 1673 aridi,
1364 1610 1454 1678 qui
1501 1611 1788 1678 quemlibet
1842 1614 2048 1668 oculum

509 1693 741 1750 scientiae
790 1694 1061 1763 habentes,
1100 1698 1411 1770 pinguedine
1457 1710 1628 1758 tamen
1675 1707 1807 1772 spei,
1840 1716 1889 1758 et
1919 1708 2049 1761 dile-

513 1783 703 1837 ctionis
732 1784 972 1850 egebant.
1023 1757 1272 1841 Talesvin
1301 1791 1531 1856 quinque
1581 1757 1864 1859 porticibus
1909 1796 2049 1861 jace-
2083 1757 2125 1818 Β

515 1875 660 1941 bant,
718 1879 807 1930 sed
862 1893 965 1932 non
1011 1878 1110 1933 nisi
1166 1881 1214 1933 in
1269 1881 1517 1948 piscinam
1571 1886 1758 1955 angelo
1807 1890 2050 1945 veniente

510 1966 860 2028 sanabuntur,
903 1977 1018 2036 quia
1067 1985 1153 2037 per
1171 1971 1329 2039 legent
1370 1975 1585 2044 cognitio
1626 1981 1849 2046 peccati,
1891 1983 2052 2049 gratia

510 2065 670 2108 nutent
702 2059 1006 2112 remissionis
1035 2077 1135 2112 non
1177 2063 1273 2115 nisi
1311 2079 1400 2131 per
1436 2064 1609 2119 Iesum
1633 2066 1885 2123 Christum
1916 2071 2052 2139 facta

510 2153 578 2196 est
603 2142 770 2212 (Rom.
803 2147 900 2216 tu).
935 2149 1079 2202 Hunc
1104 2150 1342 2220 designat
1369 2157 1585 2224 angelus
1608 2159 1694 2226 qui
1723 2160 2054 2218 invisibiliter

511 2237 835 2290 descendens
877 2240 923 2288 in
956 2240 1228 2307 piscinam,
1261 2250 1313 2296 et
1342 2256 1629 2314 suggerens
1678 2249 1779 2302 vim
1811 2253 2047 2316 sanandi,

515 2326 754 2379 movebat
777 2341 981 2397 aquam.
1027 2331 1300 2388 Descendit
1329 2337 1466 2390 enim
1497 2351 1658 2393 carne
1688 2340 1898 2396 indutus
1943 2358 2052 2397 ma~

511 2413 596 2479 gni
628 2416 830 2469 consilii
860 2420 1096 2486 angelus,
1132 2422 1182 2475 id
1212 2434 1311 2487 est,
1348 2435 1578 2491 paternas
1608 2430 1892 2484 voluntatis
1920 2449 2049 2487 nun-

511 2505 615 2558 tius
654 2506 705 2557 in
747 2506 936 2573 populo
977 2509 1274 2566 Iudaeorum
1299 2555 1318 2580 ,
1369 2525 1423 2570 et
1461 2518 1702 2572 movebat
1755 2533 2054 2588 peccatores

513 2596 746 2649 doctrina
787 2613 914 2663 sua,
955 2601 1120 2659 ineius
1159 2613 1207 2656 ut
1249 2607 1578 2661 occideretur
1628 2611 1776 2680 ipse,
1819 2615 1906 2682 qui
1961 2629 2052 2669 sua

513 2696 682 2736 morte
723 2690 977 2754 corporali
1013 2706 1114 2742 non
1145 2693 1311 2747 solum
1343 2696 1684 2762 spiritualiter
1713 2701 2047 2770 languentem

510 2788 715 2833 Sitllat‘e,
747 2777 836 2828 sed
883 2790 931 2830 et
982 2792 1213 2835 mortuos
1244 2782 1505 2839 viviﬁcare
1543 2785 1828 2844 sufﬁceret.
1884 2792 2053 2848 Motus

516 2877 641 2931 ergo
671 2879 816 2932 aqua:
847 2870 1142 2935 passionem
1177 2871 1401 2939 Domini,
1432 2888 1544 2941 qute
1574 2888 1712 2929 mota
1746 2879 2054 2948 turbataque

510 2955 807 3008 inda-orum
858 2969 1012 3025 gente
1062 2962 1194 3015 facta
1244 2974 1342 3029 est,
1386 2966 1646 3030 insinuat;
1700 2982 1749 3022 ct
1797 2973 1914 3039 quia
1964 2990 2054 3041 per

511 3044 744 3098 catttdcm
777 3051 1070 3112 passionem
1104 3050 1357 3120 redempti
1403 3065 1527 3108 sunt
1556 3060 1829 3113 credentes
1881 3078 1906 3113 a
1942 3078 2049 3116 ma-
2077 3085 2123 3147 ς

514 3135 705 3187 ledicto
737 3136 882 3204 legis,
916 3143 1060 3208 quasi
1093 3142 1472 3201 descendentes
1518 3151 1565 3200 in
1612 3163 1803 3219 aquam
1856 3155 2050 3220 piscina

515 3224 719 3277 turbata
757 3239 1022 3295 sanantur,
1056 3232 1142 3298 qui
1182 3243 1397 3286 eatenus
1431 3236 1711 3303 jacuerunt
1751 3241 1799 3293 in
1841 3245 2054 3309 portici-

514 3313 610 3365 bus
642 3317 845 3381 a-groti.
891 3316 1039 3385 chis
1079 3321 1336 3389 siquidem
1378 3324 1571 3390 littera,
1606 3343 1721 3396 quae
1761 3335 2054 3389 nescientes

516 3401 639 3453 cuid
677 3405 954 3470 agendum,
1023 3408 1144 3474 quid
1183 3411 1446 3465 vitandum
1491 3427 1647 3481 esset,
1690 3418 1914 3484 edocuit,
1958 3438 2054 3477 nec

519 3503 693 3543 tamen
727 3494 937 3547 eductos
970 3507 1020 3548 ut
1053 3510 1144 3549 sua
1176 3498 1383 3554 decreta
1416 3506 1804 3572 complerentur
1836 3511 2052 3578 adjuvit,

519 3582 665 3647 quasi
717 3583 932 3637 eductos
987 3586 1052 3640 de
1106 3589 1316 3643 sedibus
1373 3594 1677 3660 ignorantiae
1730 3600 1943 3666 prioris,
2003 3605 2054 3657 iu

519 3673 808 3738 porticibus
847 3678 952 3726 suis
991 3679 1319 3743 continebat,
1363 3697 1454 3736 nec
1494 3687 1710 3740 sanabat
1762 3688 2053 3758 languidos.

516 3761 687 3815 Gratia
733 3777 899 3818 autem
950 3771 1247 3838 evangelica
1302 3790 1393 3842 per
1440 3777 1590 3830 ﬁdem
1642 3794 1704 3833 ac
1748 3785 2053 3852 mysterium

515 3856 788 3909 dominica:
835 3861 1089 3925 passionis
1137 3876 1288 3918 sanat
1331 3881 1510 3922 omnes
1553 3870 1827 3939 languores
1870 3873 2055 3942 iniqui-

519 3956 680 3998 tatum
714 3961 1029 4014 nosnarum,
1061 3956 1305 4022 aquibus
1337 3958 1386 4010 in
1419 3960 1533 4028 iege
1559 3962 1719 4030 Moysi
1753 3979 1855 4018 non
1891 3969 2057 4033 potui-

520 4053 633 4090 mus
679 4038 972 4105 justiticari.
1018 4043 1172 4109 Quasi
1228 4046 1423 4112 ejectos
1473 4048 1539 4102 de
1592 4053 1871 4119 porticibus
1928 4055 2058 4125 legis

519 4136 743 4193 ingratos
774 4128 825 4181 in
869 4144 1050 4197 aquam
1095 4133 1307 4200 piscinae
1352 4135 1608 4191 turbidam
1641 4151 1694 4192 ut
1722 4142 1899 4195 sanari
1934 4157 2056 4210 pns-

514 4220 614 4269 siut
661 4218 915 4285 immittit,
964 4224 1047 4288 qui
1095 4238 1120 4272 a
1165 4226 1395 4290 peccatis
1443 4242 1556 4294 qua:
1599 4230 1682 4282 lex
1731 4231 2056 4295 ostenderat,

516 4322 606 4373 per
632 4323 818 4375 aquam
843 4309 1165 4376 baptismatis
1186 4312 1371 4376 abluit,
1393 4323 1614 4369 testante
1645 4319 1914 4386 Apostolo,
1938 4321 2056 4388 quia

2149 519 2377 584 potentis
2405 517 2570 585 pietas
2600 517 2889 575 Salvatoris
2915 537 3097 577 omnes
3123 537 3256 590 quos
3281 524 3352 578 ibi
3386 523 3663 594 languentes

2147 607 2372 672 invenit,
2401 623 2587 663 sanare
2628 620 2873 679 nequeat,
2907 613 2997 666 sed
3029 622 3085 667 ut
3111 614 3323 668 doceret
3351 624 3537 681 praeter
3561 621 3662 671 uni-

2149 709 2307 754 tatem
2346 701 2616 755 catholicat
2655 700 2775 756 ﬁdei
2822 701 3016 757 nullum
3056 705 3266 760 cuilibet
3305 706 3475 759 locum
3513 717 3666 775 patere

2144 789 2348 841 salutis.

2217 878 2340 931 Erat
2369 890 2530 934 autem
2574 881 2774 947 quidam
2809 880 2977 946 homo,
3020 882 3206 952 inquit,
3256 884 3346 950 ibi,
3397 889 3589 956 triginta
3626 904 3668 942 et

2147 980 2260 1022 octo
2287 987 2445 1036 annos
2473 971 2658 1024 habent
2683 973 2735 1025 in
2763 972 3058 1035 inﬁrmitate
3082 991 3196 1029 sua.
3222 976 3391 1031 Homo
3421 980 3530 1042 iste,
3553 981 3669 1034 tuui-

2150 1069 2319 1113 torum
2357 1060 2659 1115 inﬁrmitate
2693 1062 2937 1117 detentus
2966 1077 3218 1119 annorum
3242 1113 3255 1132 ,
3290 1068 3540 1137 signiﬁcat
3567 1085 3669 1137 pec-

2146 1161 2380 1211 catorem
2411 1154 2698 1220 quemlibet
2726 1154 2930 1209 enormi
2953 1155 3209 1211 scelerum
3234 1161 3576 1224 magnitudine
3599 1161 3668 1215 vei

2148 1244 2525 1298 numerositate
2564 1242 2910 1313 depressum:
2959 1244 3108 1314 cujus
3147 1245 3482 1315 signiﬁcando
3517 1251 3666 1304 reatui

2147 1332 2302 1386 etiam
2346 1341 2493 1387 ortus
2541 1333 2795 1402 temporis
2839 1345 2947 1402 quo
2972 1333 3068 1390 iste
3114 1335 3389 1405 languebat
3429 1342 3667 1407 congruit,

2147 1437 2268 1477 nam
2298 1423 2811 1495 duodequadraginta
2838 1440 3004 1480 annos
3031 1427 3253 1481 habebat
3279 1429 3330 1481 in
3357 1427 3663 1485 infirmitate.

2147 1513 2606 1582 Quadragenarius
2633 1524 2808 1571 autem
2842 1530 3110 1583 numerus,
3141 1518 3230 1585 qui
3269 1518 3482 1572 denario
3509 1532 3669 1590 quater

2148 1605 2306 1660 ducto
2334 1605 2627 1670 coniicitur,
2674 1619 2766 1672 pro
2795 1606 3117 1674 perfectione
3147 1617 3305 1661 recte
3333 1613 3667 1664 conversatio-

2153 1697 2232 1748 nis
2275 1695 2407 1752 solet
2438 1696 2489 1748 in
2522 1695 2808 1764 Scripturis
2833 1697 3020 1766 accipi,
3051 1698 3167 1764 quia
3195 1699 3436 1768 quisquis
3466 1683 3668 1768 perlecta

2153 1787 2554 1842 conversatione
2597 1802 2657 1842 se
2684 1787 2836 1857 gerit,
2888 1787 3018 1857 legis
3048 1791 3280 1855 profecto
3307 1789 3564 1858 dialogum
3594 1807 3670 1860 per

2154 1886 2375 1944 quatuor
2411 1878 2577 1933 sancti
2624 1877 2889 1946 Evangelii
2922 1878 3083 1931 libros
3110 1879 3312 1947 implet.
3345 1881 3387 1933 Δ
3417 1895 3510 1950 qua
3540 1882 3670 1934 nitui-

2155 1982 2267 2021 rum
2300 1966 2620 2034 perfectione
2651 1967 2753 2022 duo
2780 1969 2952 2021 minus
2990 1969 3165 2033 habet,
3194 1969 3281 2037 qui
3313 1968 3407 2023 Dei
3436 1979 3487 2023 et
3512 1971 3670 2038 proti-

2154 2059 2223 2111 mi
2251 2059 2563 2122 dilectione,
2597 2074 2754 2128 quam
2785 2059 2914 2127 legis
2947 2059 3136 2124 pariter
3182 2067 3233 2112 et
3266 2059 3524 2126 Evangelii
3550 2059 3671 2112 Scri-

2155 2156 2304 2216 ptura
2332 2148 2696 2210 commendat,
2729 2162 2924 2200 vacuus
2954 2149 3164 2201 incedit.
3209 2148 3358 2212 Quod
3405 2149 3550 2202 etiam
3577 2166 3668 2218 my-

2152 2239 2285 2291 stice
2316 2237 2571 2291 Dominus
2595 2252 2785 2292 sanans
2816 2238 3080 2292 inﬁrmum
3110 2238 3303 2303 docuit,
3338 2253 3453 2292 cum
3482 2243 3580 2294 ait:

2224 2325 2406 2396 Surge,
2441 2327 2559 2382 tolle
2579 2328 2839 2398 grabatum
2869 2336 3010 2382 tuum
3033 2337 3076 2380 et
3106 2327 3326 2385 ambula.
3365 2330 3530 2390 Scncs
3552 2333 3668 2384 cuitu

2154 2417 2364 2482 dicitur,
2397 2419 2448 2471 id
2490 2427 2592 2483 est,
2640 2419 2883 2473 vitiorum
2933 2431 3228 2488 torporem,
3284 2423 3334 2474 in
3385 2424 3560 2488 quibus
3598 2425 3669 2475 diu

2157 2509 2460 2578 languebas,
2495 2519 2702 2574 excute,
2732 2519 2785 2565 et
2807 2510 2869 2564 ad
2895 2511 3197 2564 exercitium
3223 2513 3494 2579 virtutum,
3513 2515 3670 2580 quibus

2157 2609 2408 2670 perpetuo
2453 2601 2706 2665 salveris,
2759 2602 2980 2669 erigere.
3037 2603 3174 2656 Tolle
3218 2605 3481 2671 grabatum
3525 2615 3669 2668 tuum;

2156 2704 2325 2758 porta,
2359 2693 2408 2746 id
2444 2701 2546 2755 est,
2575 2693 2731 2762 dilige
2764 2697 3055 2761 proximum
3091 2703 3235 2746 tttutn
3260 2739 3273 2759 ,
3306 2697 3553 2761 patienter
3576 2699 3667 2763 ejus

2155 2782 2361 2836 infirma
2413 2783 2701 2847 tolerando,
2748 2784 2834 2853 qui
2881 2793 2932 2836 te
2958 2784 3127 2837 adhuc
3171 2785 3512 2838 tcntationum
3551 2784 3669 2839 lastis

2153 2873 2459 2941 depressum
2507 2874 2595 2928 diu
2642 2876 2998 2945 patienterque
3045 2877 3310 2930 sustinuit.
3371 2878 3513 2930 Alter
3550 2879 3666 2929 enim

2153 2964 2367 3018 alterius
2389 2979 2546 3018 onera
2570 2975 2795 3033 portate,
2817 2976 2869 3019 et
2893 2967 2966 3019 sic
2987 2966 3337 3034 adimplebitis
3365 2968 3523 3035 legem
3543 2969 3667 3021 Chii-

2155 3054 2219 3105 sti
2249 3052 2426 3122 (Rom.
2461 3053 2574 3122 stt).
2623 3054 2690 3107 Et
2719 3054 2851 3108 sicut
2879 3054 3000 3107 alibi
3035 3056 3156 3109 dicit
3185 3075 3196 3107 :
3241 3055 3666 3124 Supportantctitt-

2155 3145 2304 3197 vicem
2333 3145 2380 3196 in
2403 3142 2674 3207 charitute,
2706 3146 2905 3197 solliciti
2930 3161 3124 3198 seruare
3153 3147 3389 3200 unitatem
3426 3147 3473 3197 in
3501 3148 3667 3199 vinculo

2155 3237 2291 3303 pacis
2341 3234 2618 3305 (Ep/tes.).
2672 3235 2887 3288 Ambula
2930 3245 3134 3300 autem,
3187 3247 3293 3289 toto
3343 3238 3530 3299 corde,
3575 3247 3664 3288 tota

2156 3329 2348 3389 anima,
2380 3336 2483 3378 tota
2517 3326 2702 3380 virtute
2732 3327 2891 3379 Deum
2920 3327 3102 3392 dilige;
3136 3334 3190 3379 et
3221 3337 3275 3379 ut
3306 3327 3368 3379 ad
3400 3330 3507 3394 ejus
3536 3328 3664 3382 vitie-

2157 3430 2272 3469 nem
2305 3417 2595 3485 pertingere
2636 3416 2884 3470 merearis
2905 3455 2919 3478 ,
2947 3416 3262 3485 quotidianis
3293 3416 3539 3471 bonorum
3567 3433 3664 3484 epe-

2156 3522 2268 3561 rum
2303 3507 2540 3574 passibus
2565 3506 2630 3560 de
2651 3509 2840 3560 virtute
2865 3508 2914 3558 in
2947 3510 3194 3559 virtutem
3227 3507 3558 3573 progredere;
3589 3521 3665 3560 nec

2159 3596 2368 3648 fratrem
2398 3591 2871 3662 qnemsuﬂ‘ercndo
2909 3595 3070 3648 ducas
3091 3635 3107 3659 ,
3137 3597 3202 3648 ob
3236 3611 3464 3648 amorem
3494 3597 3594 3662 ejus
3616 3597 3666 3646 ad

2156 3702 2310 3755 quem
2355 3687 2527 3756 pergis
2551 3727 2564 3750 ,
2597 3687 2843 3741 deserens
2866 3724 2880 3750 ,
2930 3699 3025 3738 nec
3055 3686 3122 3738 ob
3153 3686 3325 3739 fratris
3347 3701 3590 3747 amorem,
3616 3686 3667 3736 ab

2160 3780 2250 3834 illo
2277 3779 2576 3847 quatrendo,
2605 3793 2720 3831 cum
2748 3793 2849 3844 quo
2881 3793 3091 3831 manere
3120 3777 3408 3840 desideras,
3452 3779 3664 3829 intentio-

2155 3885 2273 3924 neut
2302 3869 2429 3922 reeti
2461 3868 2697 3923 incessus
2727 3876 2988 3921 avertens.
3033 3865 3137 3920 Sed
3174 3876 3229 3918 ut
3261 3868 3483 3934 perfecte
3526 3868 3667 3932 possit

2156 3963 2383 4030 salvari,
2426 3977 2592 4032 surge,
2644 3961 2763 4012 tolle
2809 3961 3069 4028 grabatum
3115 3969 3274 4022 tuum,
3309 3969 3354 4011 et
3382 3960 3591 4011 ambulo.
3626 3957 3666 4008 ld

2155 4062 2255 4117 est,
2281 4052 2512 4118 relinque
2538 4060 2748 4116 peccata
2780 4049 3019 4116 pristina,
3048 4048 3444 4100 necessitatibus
3485 4046 3666 4098 fratrum

2156 4155 2422 4205 succurre,
2453 4149 2505 4194 et
2532 4138 2583 4192 iu
2622 4137 2879 4192 universis
2904 4150 3019 4203 qum
3047 4136 3156 4204 agis
3188 4136 3304 4188 vide
3333 4151 3395 4188 ne
3418 4136 3465 4187 in
3490 4133 3577 4186 hoc
3595 4149 3669 4186 sa-

2157 4235 2276 4289 culo
2301 4241 2526 4286 mentem
2553 4229 2681 4299 ﬁgas
2701 4268 2716 4294 ,
2747 4228 2840 4282 sed
2885 4227 2950 4282 ad
2979 4227 3252 4280 videndam
3299 4225 3487 4280 faciem
3516 4227 3578 4278 tui
3608 4223 3669 4276 fe-

2159 4328 2322 4380 stines
2374 4323 2759 4391 Redemptoris.
2807 4322 2991 4388 Surge,
3038 4320 3171 4372 bona
3217 4320 3510 4384 operando;
3553 4327 3668 4386 porta

509 4399 791 4464 quicunque
819 4398 1051 4465 baptizuti
1082 4415 1249 4453 sumus
1293 4401 1342 4453 in
1387 4403 1582 4456 Christo
1622 4403 1778 4468 Iesu,
1807 4407 1858 4458 in
1902 4418 2057 4460 morte
2080 4422 2132 4482 ι)
2161 4415 2434 4484 grabatum,
2463 4413 2726 4480 diligendo
2749 4410 3036 4477 proximum
3057 4425 3070 4472 ;
3094 4419 3136 4461 et
3157 4408 3380 4471 ambula,
3404 4419 3669 4474 eaSpectan-

511 4488 667 4553 ipsius
708 4488 946 4554 baptizuti
993 4507 1181 4554 sumus,
1223 4495 1500 4562 conscpulti
1546 4512 1656 4547 cum
1701 4497 1791 4549 illo
1834 4513 1921 4564 per
1971 4501 2056 4550 ba-

514 4580 745 4645 ptismum
789 4583 838 4632 in
887 4590 1128 4645 mortem,
1172 4592 1223 4632 ut
1270 4585 1519 4650 quomodo
1565 4587 1780 4638 surrexit
1829 4585 2055 4638 Christus

517 4690 545 4722 a
564 4674 769 4725 mortuis
796 4690 881 4740 per
906 4673 1114 4742 gloriam
1138 4671 1330 4738 Patris,
1362 4675 1428 4725 ita
1450 4687 1496 4728 et
1518 4691 1605 4727 nos
1638 4677 1686 4726 in
1715 4681 1926 4729 nouitate
1948 4683 2056 4729 vitta

517 4764 822 4816 ambulemus
854 4763 1022 4830 (Rom.
1051 4763 1140 4830 vt).
1187 4763 1325 4816 Bene
1367 4773 1540 4816 autem
1586 4763 1774 4817 dicitur
1815 4768 1933 4832 quia
1970 4766 2055 4828 qui

515 4857 702 4925 primus
749 4856 1077 4908 descendisset
1126 4863 1236 4923 post
1287 4864 1474 4910 motum
1518 4871 1686 4923 aqua’,
1726 4872 1879 4907 sanus
1908 4856 2057 4922 ﬁebat

514 4962 541 4995 ιι
567 4961 856 5013 quocunque
899 4946 1140 5014 languore
1169 4945 1442 5004 tenebatur,
1474 4944 1592 5008 quia
1624 4958 1754 4996 unus
1787 4947 2054 5007 Dominus,

516 5054 614 5089 una
646 5039 795 5102 fides,
841 5054 994 5091 unum
1038 5039 1313 5106 baptisma,
1371 5051 1503 5089 unus
1535 5035 1671 5091 Deus
1714 5036 1924 5103 (Ep/tes.
1960 5039 2057 5105 tv),

519 5140 568 5182 et
593 5129 677 5196 qui
707 5130 757 5180 in
786 5129 980 5182 unitate
1010 5129 1260 5182 catholica
1280 5127 1471 5180 Christi
1499 5128 1758 5197 mysteriis
1787 5128 2054 5189 imbuitur,

520 5233 678 5271 sanus
726 5219 780 5269 llt
828 5234 855 5269 a
902 5233 1208 5285 quocunque
1255 5227 1589 5285 peccatorum
1636 5217 1882 5284 languore
1925 5217 2054 5270 deti-

524 5322 724 5363 neatur.
766 5310 1006 5376 Quisquis
1047 5318 1218 5361 autem
1260 5309 1322 5360 ab
1366 5308 1562 5362 unitate
1601 5309 1882 5372 discrepat,
1917 5307 2058 5361 salu-

520 5416 653 5470 tent,
694 5417 807 5471 qua:
849 5402 911 5453 ab
947 5416 1046 5453 uno
1086 5411 1185 5461 est,
1222 5401 1470 5465 consequi
1516 5416 1614 5452 non
1650 5399 1810 5451 valet.
1846 5397 1968 5450 Ilirc
1996 5398 2060 5450 de

523 5498 688 5562 primo
737 5494 1055 5560 evangelicae
1093 5491 1332 5543 lectionis
1383 5491 1658 5552 miraculo,
1692 5506 1804 5555 qua:
1840 5488 2060 5555 Spiritus

518 5588 682 5647 dedit,
731 5586 882 5638 locuti
932 5597 1130 5636 sumus.
1183 5583 1326 5636 hunc
1376 5583 1438 5633 de
1487 5581 1714 5632 secundo
1762 5580 1900 5647 quod
1954 5581 2060 5645 ipse

520 5677 747 5737 dederit,
788 5676 828 5726 fr
867 5676 1092 5727 tct‘nilati
1125 5685 1306 5725 \trstlm
1349 5677 1639 5741 loquantur.
1685 5672 1736 5723 ltt
1772 5686 1872 5736 quo
1907 5670 2058 5721 etiam

2157 4515 2242 4559 cto
2272 4506 2475 4558 beatam
2527 4517 2697 4569 spem,
2750 4510 2802 4552 et
2837 4499 3115 4553 adventum
3163 4498 3342 4566 gloria:
3391 4499 3552 4565 magni
3598 4495 3667 4547 Dei

2157 4597 2281 4664 (Tit.
2314 4596 2396 4664 ti).
2425 4593 2526 4648 Sed
2560 4595 2687 4645 mira
2716 4591 3030 4658 perlidorum
3071 4589 3362 4649 dementia,
3390 4589 3473 4656 qui
3501 4589 3557 4638 ad
3585 4595 3666 4638 tam

2158 4686 2475 4753 inopinatam
2526 4681 2613 4735 diu
2664 4679 2965 4748 languentis
3015 4677 3344 4731 sanationem
3387 4677 3589 4730 credere
3622 4688 3666 4726 ac

2158 4774 2494 4843 spiritualiter
2517 4771 2688 4824 sanari
2714 4771 3025 4832 debuerant,
3051 4781 3080 4819 e
3100 4777 3280 4819 contra
3304 4767 3664 4823 scandalizatur.

2157 4878 2209 4921 et
2238 4868 2439 4918 salvato
2489 4866 2686 4932 pariter
2730 4874 2788 4914 ac
2832 4859 3090 4915 Salvatori
3140 4859 3427 4910 calunmias
3456 4866 3662 4910 struunt:

2154 4959 2357 5012 salvato
2381 4955 2611 5023 quidem,
2645 4953 2765 5018 quia
2800 4951 3028 5006 Sabbalo
3053 4949 3324 5015 grabatum
3357 4947 3553 5007 tulerit;
3580 4944 3667 4996 Sal-

2159 5051 2323 5102 vatori
2352 5058 2527 5101 autem
2547 5086 2562 5109 ,
2590 5049 2708 5115 quia
2737 5044 2968 5098 Sabbato
3013 5051 3067 5094 et
3095 5041 3236 5094 illum
3269 5038 3477 5101 salvari,
3507 5049 3554 5092 et
3576 5049 3667 5104 gra-

2160 5144 2333 5195 batum
2362 5139 2470 5192 tolli
2500 5137 2772 5205 prazcepit.
2802 5135 2932 5198 Quis
2956 5131 3144 5186 melius
3174 5131 3239 5184 de
3267 5131 3518 5190 Sabhato,
3544 5140 3668 5195 quam

2161 5238 2299 5279 tanta
2328 5226 2607 5279 divinitatis
2631 5223 2857 5292 potentia
2889 5220 3108 5275 nosset?

2233 5316 2489 5377 Dicebant,
2519 5317 2709 5382 inquit,
2757 5311 2956 5376 Judwi,
3007 5311 3082 5364 illi
3122 5313 3206 5379 qui
3247 5318 3454 5362 sanatus
3503 5308 3665 5374 fuerat.

2161 5411 2433 5464 Sabbutun:
2464 5419 2558 5470 est,
2607 5422 2706 5457 non
2752 5407 2863 5457 licet
2910 5403 2996 5455 tibi
3026 5401 3202 5454 tollere
3245 5402 3503 5469 grabatum
3539 5408 3666 5447 lttttttt.

2164 5504 2413 5554 Litterant
2447 5499 2575 5567 legis
2603 5500 2756 5552 stulte
2782 5494 3128 5549 defendebant
3150 5533 3162 5555 ,
3193 5491 3480 5555 ignoranti»
3505 5490 3665 5548 dispetr

2161 5596 2417 5645 sationem
2444 5592 2556 5660 ejus
2607 5589 2692 5656 qui
2724 5589 2849 5656 legis
2879 5585 3140 5653 quondam
3169 5582 3338 5635 edicta
3385 5597 3472 5648 per
3497 5593 3666 5630 servom

2164 5687 2450 5738 decernens
2532 5696 2667 5736 nunc
2720 5682 2827 5736 ipse
2879 5677 3199 5738 adveniens,
3256 5673 3491 5727 catttden
3534 5671 3664 5731 Ιρεετιι
