3822 6226
95 318 189 373 633

972 312 1036 365 ΙΝ
1074 311 1133 366 S.
1173 309 1447 366 JOANNIS
1488 311 1929 368 EVANGEUUM
1970 307 2345 364 EXPOSITIO.

3187 308 3288 363 69S

100 436 238 509 gratia
267 442 508 493 mutaret,
559 441 612 485 ut
642 429 780 499 quod
817 429 960 498 juxta
1005 427 1235 481 litteram
1268 425 1356 480 diu
1382 426 1624 480 carnales
1659 429 1700 487 Α
1729 425 1796 480 de
1820 425 2016 479 Lazaro
2047 423 2233 493 legitur
2273 421 2449 492 (Joan.
2485 438 2560 489 ix,
2589 421 2683 493 xi).
2716 421 2870 476 Novit
2903 422 3149 478 Dominus
3193 441 3290 493 pro

101 526 351 583 carnaliter
378 524 814 585 ebservaverant,
863 520 1110 586 deinceps
1137 518 1442 586 spirituales
1467 517 1623 584 spiri-

104 619 285 672 tnaliter
311 613 694 667 observandum
723 619 1122 677 cognoscerent.
1169 610 1402 664 Sabhato
1432 610 1626 677 quippe

101 704 291 767 carnali,
339 700 475 770 quod
499 700 649 769 juxta
683 700 996 771 Decalogum
1041 700 1430 763 custodiebant,
1464 712 1629 767 popu-

102 800 175 851 lus
195 798 252 850 ab
275 797 408 848 omni
437 808 600 860 opere
624 793 804 847 servili
845 794 933 847 die
961 794 1183 860 septima
1215 806 1402 846 vacare
1432 805 1629 856 prreee-

103 899 208 955 ptus
223 894 314 940 est.
339 882 619 952 Spirituale
641 891 817 937 autem
834 881 1118 938 Sabbatum
1141 892 1222 937 est
1242 883 1292 936 in
1315 881 1429 936 luce
1450 882 1632 950 gratia:

104 974 387 1045 spiritualis,
425 988 542 1040 qua:
569 971 890 1040 septiformis
938 973 1212 1042 accipitur,
1259 987 1365 1026 non
1391 987 1513 1038 una,
1539 972 1630 1028 sed

101 1066 232 1120 omni
255 1065 334 1118 die
357 1079 449 1117 nos
475 1064 545 1117 ab
568 1063 928 1131 inquietudine
955 1063 1197 1117 vitiorum
1237 1076 1451 1116 manere
1479 1059 1632 1116 feria-

101 1168 197 1209 tos.
227 1155 276 1208 Si
301 1154 432 1209 enim
455 1155 610 1222 juxta
641 1171 820 1210 vocem
852 1156 1189 1218 dominicam,
1215 1153 1373 1208 omnis
1406 1155 1489 1223 qui
1510 1154 1633 1222 [ar-it

99 1256 336 1309 peccatum
358 1261 523 1298 smus
549 1257 622 1299 est
650 1246 841 1315 peccati
878 1244 1048 1316 (Joan.
1081 1246 1196 1312 viti)
1218 1284 1232 1306 ,
1265 1252 1410 1312 patet
1437 1244 1635 1313 liquido

98 1337 209 1404 quia
253 1346 453 1405 peccata
501 1347 647 1390 recte
686 1350 843 1404 opera
890 1335 1102 1388 servilia
1159 1334 1556 1403 intelliguntur:
1605 1349 1633 1387 a

96 1426 270 1493 quibus
309 1426 445 1495 quasi
496 1427 545 1478 in
581 1425 669 1479 die
696 1426 924 1492 septimo
973 1425 1025 1478 in
1063 1425 1400 1492 perceptione
1449 1424 1634 1492 gratiae

97 1516 367 1583 spiritualis
395 1516 652 1569 immunes
689 1515 932 1569 incedere
970 1514 1239 1582 iubemur,
1286 1530 1382 1568 nec
1409 1515 1578 1569 solum
1607 1529 1636 1568 a

101 1607 261 1676 pravis
294 1607 550 1661 continere
569 1647 584 1671 ,
618 1609 710 1661 sed
738 1616 791 1660 et
817 1607 968 1662 bonis
993 1607 1244 1662 insistere
1274 1605 1427 1661 factis
1449 1649 1462 1672 ,
1497 1607 1638 1677 quod

100 1700 144 1750 in
174 1699 263 1750 hac
288 1713 480 1766 quoque
506 1697 735 1752 lectione
762 1697 1014 1751 Dominus
1037 1699 1210 1769 typice
1238 1699 1486 1764 ostendit,
1513 1713 1631 1752 cum

1725 532 1831 586 quo
1852 516 2140 586 quemlibet
2160 515 2348 585 jnbeat
2388 514 2667 580 inﬁrmari,
2709 528 2849 582 stupe
2878 515 3082 569 occulto
3110 515 3287 570 homi-

1725 609 1879 662 nibus
1907 608 2124 676 judicio,
2170 606 2264 662 sed
2322 620 2573 675 nunquam
2620 606 2838 676 injusto.
2888 607 2994 662 Sed
3021 609 3306 661 discamus.

1725 697 1946 766 ﬂagellis
1972 697 2223 764 piissimis
2255 695 2628 763 Redemptoris
2673 699 2838 752 nostri
2869 697 3140 753 humiliter
3164 695 3287 751 sub-

1726 787 1912 851 sterni,
1956 787 2272 842 arbitrantes
2316 801 2410 842 nos
2444 788 2617 842 minus
2656 789 2764 857 pati
2803 804 2958 858 quam
3000 803 3288 851 mercatus,

1727 891 1937 946 semper
1963 877 2103 932 illius
2129 878 2404 932 sententiae
2435 892 2717 944 memores,
2750 881 2869 947 quia
2898 879 3084 934 beatus
3124 879 3287 932 homo

1730 967 1820 1036 qui
1858 967 2140 1036 corripitur
2167 983 2196 1022 a
2226 969 2446 1022 Domino
2488 965 2634 1038 (Job.
2665 970 2737 1037 v).
2774 970 2839 1022 Et
2866 969 2978 1037 ipse
3006 969 3059 1023 in
3088 968 3294 1037 Apoca-

1731 1057 1899 1125 lypsi:
1933 1056 2066 1130 Ego,
2096 1059 2282 1126 inquit,
2310 1075 2436 1129 quos
2464 1075 2598 1124 amo,
2630 1076 2791 1129 arguo
2813 1068 2860 1114 et
2886 1061 3076 1132 castigo
3105 1060 3299 1131 (Apoc.

1732 1149 1833 1217 ιιι).
1883 1148 2143 1218 Longaevo
2171 1159 2344 1203 autem
2373 1149 2656 1217 languente
2705 1148 2923 1205 interius
2947 1151 3298 1219 exteriusque

1731 1253 1920 1296 sanato
1939 1282 1954 1306 ,
1987 1240 2038 1295 id
2063 1250 2144 1295 est
2166 1249 2222 1295 et
2247 1254 2278 1296 a
2307 1241 2528 1311 ﬂagellis
2549 1249 2744 1309 apertas
2770 1242 3152 1313 castigationis,
3181 1253 3235 1296 et
3265 1258 3299 1298 a

1735 1331 1963 1399 peccatis
2013 1329 2200 1399 quibus
2244 1334 2357 1385 haec
2403 1331 2722 1398 merebatur,
2777 1342 2983 1400 erepto,
3024 1331 3213 1397 Judzei,
3265 1350 3294 1388 θ

1733 1432 1916 1474 contra
1946 1421 2082 1474 male
2129 1421 2270 1474 intus
2299 1421 2645 1490 languentes,
2689 1423 2797 1488 jam
2843 1422 3078 1477 deterius
3124 1435 3294 1490 aegro.

1736 1517 1849 1565 tare
1886 1512 2176 1580 incipiunt,
2206 1514 2574 1584 persequendo
2597 1558 2611 1582 ,
2646 1515 2919 1582 videlicet,
2951 1515 3130 1571 Jesum
3154 1559 3168 1583 ,
3201 1519 3291 1586 qui

1737 1599 1851 1654 haec
1879 1601 2072 1656 iaceret
2102 1602 2154 1656 in
2181 1603 2436 1658 Sabbato.
2483 1603 2939 1674 Persequebantur
2966 1615 3138 1660 autem
3167 1622 3287 1662 eam

1738 1693 1886 1760 quasi
1916 1692 2045 1762 legis
2070 1694 2436 1749 auctoritatem
2469 1696 2626 1751 simul
2663 1706 2717 1752 et
2746 1697 2940 1753 divinat
2968 1700 3297 1767 operationis

101 1803 207 1840 cum
248 1760 335 1855 qui
376 1760 890 1857 duodequadraginta
947 1760 1115 1842 annos
1161 1789 1444 1858 languebat
1471 1760 1522 1840 in
1550 1786 1636 1841 die
1666 1760 1713 1822 Β
1738 1760 2190 1852 exempla‘secuti,
2232 1785 2354 1854 quia
2399 1795 2454 1840 et
2484 1786 2738 1844 Dominus
2777 1802 2870 1844 sex
2897 1760 3083 1844 diebus
3114 1789 3294 1844 mundi

102 1878 303 1930 Sabbati
338 1892 430 1929 non
460 1877 634 1930 solum
663 1891 901 1946 surgere,
936 1893 1118 1933 verum
1161 1880 1320 1932 etiam
1361 1878 1636 1948 grabatum

102 1968 268 2021 tollere
297 1977 340 2021 et
360 1967 623 2022 ambulare
652 1970 898 2038 pracepit
925 1987 938 2021 :
971 1970 1214 2024 videlicet
1239 1971 1518 2025 insinuans
1545 1983 1639 2024 eos

102 2053 353 2127 quilongo
395 2057 641 2112 vitiorum
690 2059 944 2128 languore
993 2059 1297 2126 tabcscunt,
1329 2069 1416 2123 et,
1454 2063 1543 2115 Dei
1578 2077 1640 2118 ac

104 2148 306 2215 proximi
327 2148 620 2204 dilectionis
649 2149 858 2215 inanes,
901 2151 1048 2220 quasi
1072 2166 1101 2205 a
1124 2153 1359 2220 perfecta
1385 2153 1637 2207 virtutum

104 2254 285 2291 summa
321 2239 419 2293 duo
463 2241 639 2294 minus
685 2240 902 2308 habent,
945 2241 1051 2312 jam
1104 2258 1198 2311 per
1236 2242 1434 2298 donum
1472 2250 1640 2301 sancti

106 2335 308 2396 Spiritus
332 2348 360 2387 a
389 2336 484 2388 viis
525 2349 681 2403 posse
725 2350 1003 2407 resurgere
1024 2378 1042 2403 ,
1070 2352 1360 2407 eorumque
1403 2340 1640 2395 discusso

109 2441 312 2496 trpore,
341 2444 456 2484 cum
499 2430 746 2484 fraternas
790 2432 1090 2485 dilectionis
1140 2434 1340 2487 honore
1383 2433 1447 2486 ad
1474 2434 1638 2488 visio-

113 2538 210 2575 nem
239 2524 419 2577 debere
448 2524 526 2576 sui
575 2538 861 2592 properare
905 2523 1230 2580 COnditoris.
1283 2525 1433 2589 Quod
1465 2534 1638 2579 autem

111 2613 146 2666 is
171 2613 247 2682 qui
267 2624 470 2669 sanatus
497 2614 677 2669 Jesum
703 2631 806 2668 non
830 2615 884 2670 in
919 2617 1067 2671 turba
1095 2616 1289 2680 adhuc.
1315 2618 1409 2672 sed
1441 2628 1558 2685 po~t
1588 2619 1638 2672 in

110 2707 280 2774 templo
324 2709 609 2779 cognoscit,
657 2709 878 2779 mystice
918 2724 1017 2763 nos
1065 2710 1313 2770 instituit,
1360 2719 1416 2763 ut
1448 2710 1492 2763 si
1520 2725 1643 2765 vere

110 2794 378 2852 Conditoris
403 2799 567 2852 nostri
608 2801 832 2867 gratiam
863 2813 1209 2868 cognoscere,
1239 2801 1284 2853 si
1308 2799 1421 2870 ejus
1460 2815 1642 2855 amore

110 2887 397 2952 conﬁrmari,
432 2891 472 2942 si
501 2889 564 2944 ad
592 2889 711 2959 ejus
753 2889 1008 2944 visionem
1057 2893 1342 2958 pervenire
1372 2891 1640 2945 desidera-

111 2994 226 3043 mus,
255 2979 498 3046 fugiamus
528 2981 759 3035 sollicite
798 2980 1024 3044 turbam,
1071 2995 1174 3034 non
1212 2983 1380 3034 solum
1431 2983 1642 3034 turban-

114 3071 217 3123 tium
248 3085 333 3124 nos
362 3073 762 3139 COgitationum,
792 3071 1181 3141 aﬂ'ectuutnque
1215 3088 1512 3140 pravorum,
1552 3088 1641 3125 ve-
1672 3100 1716 3161 ρ

110 3175 207 3212 rum
235 3163 379 3215 etiam
407 3163 674 3215 hominum
709 3177 957 3230 nequam,
989 3163 1074 3230 qui
1101 3172 1288 3217 nosine
1318 3163 1640 3218 sinceritatis

113 3252 285 3315 possint
336 3252 586 3317 impedire
645 3256 1010 3321 propositum,
1075 3249 1156 3307 vel
1211 3255 1343 3307 mala
1399 3254 1640 3308 videlicet

115 3342 324 3405 exemplo
353 3358 443 3394 suo
473 3342 837 3405 monstrando,
878 3345 956 3394 vel
984 3343 1118 3395 bona
1149 3353 1323 3396 nostra
1356 3357 1518 3411 Opera
1545 3343 1639 3394 de-

115 3432 306 3485 ridendo
347 3443 432 3486 aut
461 3434 617 3487 etiam
651 3434 1006 3501 prohibendo.
1056 3432 1432 3502 Coniugiamus
1473 3433 1642 3487 seduli

113 3526 162 3574 al
189 3525 381 3576 domum
410 3528 684 3587 orationis,
718 3526 803 3579 ubi
836 3539 1039 3580 secreta
1087 3526 1331 3580 libertate
1359 3527 1640 3579 Dominum

117 3618 405 3681 invocantes,
448 3630 497 3670 et
530 3617 598 3671 de
619 3605 887 3685 perceptis
935 3617 999 3670 ab
1026 3632 1088 3670 eo
1137 3616 1406 3670 beneﬁciis
1452 3615 1643 3685 gratias

115 3721 317 3772 agamus,
357 3717 404 3760 ct
444 3708 505 3761 de
541 3707 896 3776 percipiendis
939 3708 1120 3760 humili
1154 3710 1436 3761 devotione
1467 3721 1644 3773 prece-

115 3811 226 3846 tnur.
256 3795 359 3850 lino
387 3798 542 3851 etiam
583 3799 682 3865 ipsi
715 3797 963 3864 templum
997 3797 1090 3851 Dei
1122 3806 1385 3857 sanctum,
1421 3798 1472 3848 iu
1499 3797 1638 3866 quod

115 3889 269 3941 venire
295 3899 344 3942 et
368 3883 693 3944 mansiOnem
724 3891 898 3943 lacere
925 3889 1166 3958 dignetur
1190 3933 1202 3954 ,
1233 3890 1463 3943 existere
1492 3903 1645 3942 cure-

118 3994 238 4040 mus,
281 3982 541 4034 audientes
589 3983 655 4033 ab
699 3983 950 4048 Apostolo
994 3999 1008 4034 :
1046 3982 1177 4047 Quia
1224 3996 1434 4044 corpora
1483 3989 1645 4030 vestra

116 4069 327 4135 templum
346 4079 412 4123 est
431 4069 651 4138 Spiritus
679 4073 865 4138 sancti,
888 4073 1046 4140 quiin
1071 4071 1206 4123 vobis
1233 4079 1304 4124 est
1336 4068 1387 4136 (I
1412 4069 1527 4122 Cor.
1547 4069 1643 4136 Vl).

120 4159 236 4213 inter
262 4176 368 4228 quae
397 4161 704 4231 diligentius
745 4163 1076 4225 intuendum,
1125 4162 1312 4213 fratres
1356 4160 1479 4222 mei,
1508 4161 1646 4227 quod

123 4253 358 4307 inveniens
397 4254 447 4307 in
489 4254 688 4322 templo
724 4270 878 4323 quem
921 4262 1203 4309 sanavcrat
1251 4252 1504 4306 Dominus
1529 4292 1542 4316 ,
1575 4252 1648 4305 ait

122 4342 130 4351 .
170 4345 176 4352 .

203 4361 214 4370 .

122 4343 179 4393 llll
203 4383 213 4394 .

1735 1870 1962 1942 perfecta
1984 1874 2271 1939 creatione,
2296 1876 2507 1945 septimo
2533 1879 2770 1948 requievit
2795 1880 2858 1932 ab
2880 1879 3108 1933 omnibus
3130 1881 3298 1946 aperi-

1737 1965 1826 2016 bus
1857 1965 1959 2016 suis
1988 1962 2141 2034 (Gen.
2167 1962 2249 2035 n);
2277 1973 2332 2020 et
2357 1968 2599 2034 populum
2631 1983 2722 2023 sex
2753 1968 2938 2023 diebus
2965 1968 3189 2037 operari,
3210 1983 3296 2024 se-

1737 2050 1901 2118 ptimo
1920 2065 2108 2108 vacare
2123 2055 2370 2124 praecepit
2390 2055 2583 2123 (Exod.
2602 2057 2787 2127 xxxv).
2803 2057 2915 2112 Non
2939 2059 3296 2128 intelligente:

1737 2144 1860 2211 quia
1884 2145 2115 2198 carnalia
2158 2145 2290 2215 legis
2333 2146 2547 2202 decreta
2579 2149 2824 2216 paulatim
2855 2157 3007 2205 erant
3034 2150 3294 2219 spirituali

1739 2232 2171 2314 interpretatione
2224 2236 2507 2303 mutanda,
2570 2248 2854 2306 apparente
2902 2240 2992 2294 illo
3049 2241 3136 2309 qui
3184 2256 3288 2295 non

1743 2327 1943 2378 tantum
1975 2326 2277 2396 legislator,
2308 2328 2401 2383 sed
2432 2338 2485 2385 et
2516 2330 2633 2384 linis
2664 2331 2790 2400 legis
2822 2341 2899 2385 est
2923 2330 3159 2385 Christus
3179 2373 3194 2397 ,
3224 2332 3290 2386 ad

1735 2411 1993 2480 justitiam
2039 2417 2184 2470 omni
2219 2418 2456 2473 credenti
2501 2419 2671 2489 (Rom.
2710 2419 2791 2489 x).
2834 2419 3012 2490 Neque
3057 2422 3295 2475 animad-

1743 2510 2010 2560 vertentes
2037 2503 2156 2572 quia
2178 2507 2431 2563 Conditor
2461 2509 2513 2564 in
2539 2511 2626 2565 die
2652 2512 2875 2579 septimo
2908 2526 3012 2566 non
3033 2513 3104 2565 ab
3129 2526 3295 2582 opere

1742 2597 2024 2649 mundana:
2053 2597 2468 2667 gubernationis,
2498 2608 2549 2653 et
2577 2615 2800 2668 annum,
2834 2601 2940 2655 imo
2968 2601 3292 2670 quotidianus

1741 2698 1916 2740 rerum
1946 2696 2237 2740 creatarum
2263 2687 2682 2754 substitutionis,
2730 2691 2821 2743 sed
2854 2704 2880 2743 a
2913 2705 3050 2744 nova
3086 2699 3298 2746 creatu-

1742 2794 1918 2833 rarum
1952 2778 2282 2832 institutione
2306 2780 2554 2834 cessavit.
2597 2780 2745 2845 Quod
2774 2781 2913 2834 enim
2943 2779 3170 2836 dicitur:
3207 2781 3301 2835 ite-

1742 2868 1920 2936 quievit
1941 2865 2077 2921 Deus
2097 2868 2178 2921 die
2200 2871 2412 2937 septimo
2432 2871 2495 2924 ob
2517 2870 2744 2924 erunibus
2766 2872 3000 2940 aperibtu
3021 2872 3124 2926 suis
3147 2870 3299 2941 (Gen.

1744 2957 1821 3026 ti),
1851 2956 2245 3025 intelligendum
2275 2969 2357 3014 est
2378 2974 2616 3014 cessasse
2655 2961 2819 3015 Deum
2842 2977 2872 3015 a
2897 2976 3146 3016 novarum
3174 2977 3300 3016 con«

1744 3047 1942 3101 ditione
1970 3059 2349 3104 creaturarum.
2382 3051 2531 3116 Quod
2564 3068 2689 3106 vero
2716 3053 2799 3107 hic
2828 3054 2937 3123 ipsa
2962 3053 3167 3108 Veritas
3196 3056 3302 3108 ait:

1821 3137 1974 3192 Pater
2014 3157 2151 3194 meus
2194 3158 2351 3206 usque
2396 3144 2545 3196 modo
2589 3153 2826 3215 operatur
2871 3158 2918 3198 et
2967 3162 3057 3216 ego
3102 3162 3304 3214 apcror.

1742 3227 2006 3294 Operatur
2054 3231 2208 3286 Pater
2255 3242 2308 3286 et
2340 3231 2523 3297 Filius,
2572 3245 2629 3290 ut
2680 3247 2984 3290 naturarum
3033 3238 3307 3293 diversitas

1745 3330 2070 3386 permaneat,
2101 3336 2218 3389 qum
2247 3323 2298 3376 in
2330 3325 2495 3392 prima
2527 3326 2827 3380 conditione
2859 3328 3041 3382 mundi
3080 3331 3307 3384 Condita

1744 3418 1883 3462 Sunt.
1921 3410 2060 3465 Idem
2091 3413 2286 3466 dictum
2311 3425 2392 3469 est
2421 3415 2470 3469 in
2499 3415 2748 3471 Psalmis:
2784 3420 2883 3484 Qui
2904 3421 3048 3487 ﬁnxit
3075 3422 3309 3487 singilla-

1744 3498 1832 3548 tim
1860 3500 2012 3552 corda
2042 3517 2211 3553 eorum
2236 3502 2406 3572 (Prol.
2441 3508 2644 3575 xxxii);
2678 3523 2780 3561 non
2812 3511 3073 3580 incognita
3106 3514 3298 3566 anima-

1746 3604 1860 3642 rum
1901 3606 2115 3658 genera,
2151 3593 2244 3648 sed
2273 3594 2507 3662 ejusdem
2538 3599 2847 3653 substantia:
2887 3604 3088 3656 animas
3117 3619 3232 3670 quae
3256 3606 3307 3657 in

1748 3683 1917 3744 primo
1967 3683 2180 3738 homine
2241 3686 2454 3739 condita
2494 3699 2574 3742 est
2623 3690 2895 3744 reformat.
2970 3692 3305 3760 Quapropter

1749 3775 2025 3829 Psalmsta
2048 3793 2170 3830 cum
2195 3793 2298 3832 non
2325 3781 2498 3834 solum
2521 3783 2915 3850 primordialem
2950 3786 3127 3838 mundi
3154 3800 3305 3839 crea-

1749 3870 1977 3932 tionem,
2029 3870 2121 3923 sed
2171 3880 2222 3923 et
2270 3870 2626 3938 quotidianam
2673 3882 2935 3927 creaturis
2975 3876 3310 3943 gubernatio-

1751 3976 1869 4012 nem
1901 3963 1964 4013 ad
1990 3961 2200 4015 laudem
2230 3961 2493 4017 Creatoris
2524 3966 2766 4030 reterret,
2807 3965 2881 4019 ait
2918 3967 3053 4021 inter
3079 3977 3304 4023 caetera:

1752 4050 1933 4103 Omnia
1963 4053 2014 4102 in
2052 4054 2296 4118 sapientia
2323 4055 2485 4122 fecisti
2508 4054 2674 4122 (Psoi.
2707 4057 2845 4125 cui).
2874 4057 2929 4112 Si
2956 4069 3132 4114 autem
3156 4062 3309 4115 Chri-

1747 4153 1886 4197 stum
1921 4145 2009 4197 Dei
2043 4145 2310 4214 virtutem,
2340 4158 2392 4201 et
2423 4148 2517 4202 Dei
2544 4149 2856 4216 sapientiam
2906 4164 3048 4208 recte
3088 4155 3311 4209 conﬁte-

1749 4251 1888 4301 mur,
1918 4239 2166 4290 etomnia
2198 4237 2250 4290 in
2275 4237 2530 4304 sapientia
2562 4243 2685 4295 fecit
2727 4257 2788 4296 ac
2817 4246 2948 4310 regit
2979 4245 3148 4312 Deus,
3181 4260 3308 4303 eon—

1750 4335 1854 4380 stat
1895 4328 2138 4382 nimirum
2169 4330 2289 4395 quia
2333 4329 2487 4384 Pater
2533 4346 2698 4399 usque
2748 4334 2906 4388 modo
2947 4347 3222 4403 cperatur,
3254 4349 3311 4394 et

184 4432 297 4487 Em
323 4453 468 4489 sum“
495 4441 660 4507 fac,“
689 4452 762 4500 es.
797 4439 908 4508 iam
938 4435 1042 4489 ηοιε
1069 4451 1302 4501 μείρακ’
1335 4451 1395 4490 ηε
1425 4436 1643 4488 dum,“
1676 4445 1724 4504 Ι)
1755 4416 1931 4471 Filius.
1967 4419 2104 4486 Ergo
2134 4418 2288 4473 Pater
2315 4434 2484 4485 meus,
2518 4421 2709 4489 inquit,
2758 4440 2860 4477 non
2894 4440 2987 4479 sex
3013 4427 3186 4480 solum
3206 4471 3221 4494 ,
3250 4440 3312 4483 ut

127 4526 196 4576 tibi
221 4526 396 4592 aliquid
426 4531 698 4600 routingat.
730 4529 932 4594 Quibus
972 4527 1144 4583 verbis
1174 4541 1353 4597 aperte
1387 4539 1648 4583 monstra-

127 4624 195 4666 tur
221 4618 325 4684 quia
352 4631 558 4686 propter
589 4627 802 4688 peccata
832 4620 1134 4688 languebat,
1171 4636 1268 4675 nec
1290 4619 1390 4674 nisi
1416 4620 1647 4674 dimissis

127 4708 296 4760 eisdem
326 4720 522 4778 poterat
558 4713 754 4764 sanari.
804 4710 908 4766 Sed
937 4712 1023 4780 qui
1053 4710 1178 4765 foris
1224 4710 1290 4765 ab
1319 4711 1643 4779 inﬁrmitate,

132 4802 222 4867 ipse
248 4805 388 4856 etiam
440 4806 577 4857 intus
625 4804 846 4858 saltavit
891 4818 919 4855 a
949 4803 1171 4866 scelere,
1220 4803 1358 4857 unde
1403 4812 1454 4855 et
1495 4811 1648 4857 caute

131 4896 429 4958 premoouit,
461 4911 524 4949 ne
553 4895 782 4964 amplius
810 4893 1074 4961 peccando
1113 4893 1373 4960 gravioris
1401 4892 1499 4946 sibi
1527 4908 1646 4947 sen-

132 4984 317 5037 tentiam
338 4987 683 5043 damnationis
708 4985 1064 5039 contraheret.
1098 4983 1248 5050 Quod
1278 4999 1382 5037 nun
1415 4985 1485 5037 ita
1526 4998 1647 5036 sen-

135 5076 334 5130 tiendum
365 5089 460 5144 est,
498 5079 646 5147 quasi
691 5076 863 5132 omnis
904 5076 988 5143 qui
1016 5075 1309 5128 inﬁrmatur
1337 5078 1404 5128 ob
1434 5083 1645 5144 peccata

136 5167 415 5224 inﬁrmetur.
459 5172 611 5239 Saepe
640 5170 931 5223 inﬁrmatur
964 5168 1153 5229 humo,
1187 5182 1250 5219 ne
1278 5165 1556 5219 extollatur
1596 5164 1647 5217 in

134 5260 262 5314 donis
287 5261 389 5327 Dei,
435 5264 564 5316 sicut
596 5262 659 5315 de
699 5260 858 5314 Paulo
906 5259 1144 5327 aposmio
1181 5257 1366 5327 legitur
1396 5255 1478 5322 (il
1527 5254 1644 5308 Cor.

135 5355 233 5420 xu).
259 5353 396 5421 Sape
418 5355 568 5406 etiam
601 5361 655 5404 ut
681 5351 952 5418 probetur,
1001 5348 1301 5413 tribulatur,
1334 5347 1472 5399 sicut
1511 5345 1645 5398 beati

137 5443 219 5498 iob
244 5447 468 5513 patientia
506 5445 817 5505 tribulatur;
866 5454 920 5497 et
948 5443 1160 5512 probata
1187 5450 1269 5494 est
1314 5455 1455 5508 stupe
1497 5441 1648 5492 inﬁr-

139 5535 268 5588 mitas
294 5550 378 5603 pro
403 5538 746 5606 castigatione
775 5535 900 5588 dire
926 5551 936 5584 :
988 5532 1234 5602 Flageiint
1279 5530 1415 5583 Deus
1454 5547 1648 5582 omnem

142 5629 279 5691 (ifiunt
315 5644 447 5697 quem
491 5629 668 5698 recipit
720 5627 903 5696 (Hebr.
948 5626 1118 5691 xvui).
1165 5623 1485 5688 Quibusdam
1525 5639 1649 5676 vero

145 5718 380 5774 inﬁrmitas
404 5736 492 5790 pro
529 5721 701 5790 gloria
729 5717 818 5773 Dei
849 5718 1018 5784 datur,
1051 5725 1104 5773 ut
1149 5717 1212 5772 de
1241 5730 1382 5771 ειερο
1429 5727 1552 5773 nato
1594 5727 1640 5772 et

1749 4508 1960 4575 putatis,
2011 4508 2195 4562 diebus
2243 4508 2424 4578 primis
2469 4521 2717 4578 operatus
2759 4523 2860 4580 est,
2916 4531 3094 4570 verum
3141 4533 3309 4588 usque

1746 4599 1903 4651 modo
1949 4609 2230 4667 operatur,
2276 4617 2379 4654 non
2424 4617 2614 4657 novum
2662 4615 2916 4659 creatura:
2952 4624 3117 4676 genus
3159 4611 3309 4664 insti-

1749 4692 1961 4754 tuendo,
1996 4693 2087 4746 sed
2114 4709 2231 4759 qua:
2265 4695 2313 4747 in
2339 4694 2600 4763 principio
2621 4710 2912 4763 creaverat,
2947 4715 3014 4754 ne
3034 4701 3309 4768 deﬁciant,

1747 4786 2104 4853 propagando.
2156 4785 2218 4838 Et
2260 4804 2348 4855 ego
2379 4804 2591 4856 operor,
2619 4789 2966 4858 subauditur,
2996 4807 3163 4861 usque
3194 4812 3305 4849 ait»

1744 4876 1835 4938 do,
1868 4890 1986 4928 cum
2016 4890 2078 4929 eo
2109 4877 2612 4946 cunctadisponens
2639 4921 2652 4944 ,
2684 4897 2891 4952 regens,
2945 4886 3303 4942 accumulans.

1746 4969 1820 5021 Ac
1849 4970 1892 5020 si
1922 4981 2101 5036 aperte
2123 4970 2261 5024 dicat
2288 4987 2298 5022 :
2330 4971 2462 5038 Quid
2495 4974 2621 5026 mihi
2653 4976 2942 5031 invidetis?
2975 4993 3071 5033 cur
3111 4995 3195 5033 me
3229 4982 3308 5032 vi-

1748 5061 2019 5127 tuperatis,
2063 5061 2188 5114 caeli“
2222 5062 2355 5130 legis
2376 5063 2637 5128 doctores,
2690 5066 2826 5133 quod
2873 5068 2924 5120 in
2982 5068 3150 5122 forma
3207 5071 3306 5125 ho-

1748 5152 1902 5204 minis
1929 5152 2155 5205 Sabbato
2182 5153 2404 5206 salutem
2449 5155 2601 5207 unius
2632 5154 2861 5208 hominis
2889 5171 3135 5226 operatus
3181 5163 3314 5225 sim,

1748 5242 1833 5310 qui
1866 5241 1917 5294 in
1941 5252 2124 5295 natura
2153 5244 2441 5298 divinitatis
2486 5261 2586 5298 una
2626 5262 2743 5300 cum
2783 5248 2889 5300 Deo
2939 5247 3093 5301 Patre
3137 5260 3306 5304 totum

1747 5356 1910 5410 genus
1938 5341 2249 5408 humanum,
2298 5341 2404 5395 imo
2450 5349 2614 5396 totam
2665 5344 2845 5397 mundi
2885 5344 3204 5408 machinam,
3250 5358 3306 5401 et

1748 5448 1931 5492 cuncta
1966 5438 2186 5492 visibilis
2241 5449 2293 5492 et
2321 5438 2626 5503 invisibilia,
2673 5442 2880 5508 quietus
2926 5456 3138 5504 semper
3175 5458 3306 5507 opo-

1749 5529 1877 5583 ror?
1905 5529 2007 5583 Sed
2038 5529 2134 5595 ipsi
2165 5527 2280 5582 talis
2323 5543 2384 5580 ac
2414 5528 2540 5581 tanti
2571 5531 2802 5596 mysterii
2851 5529 3027 5582 minus
3057 5545 3302 5593 capaces,

1749 5629 2022 5688 propterea
2071 5621 2234 5687 magis
2287 5622 2594 5686 quaerebant
2638 5635 2754 5672 eum
2812 5621 3126 5682 interﬁcere,
3173 5623 3293 5687 quia

1754 5730 1853 5769 uou
1886 5715 2050 5769 solum
2081 5714 2314 5772 solvebat
2342 5715 2650 5781 Sabbatum,
2684 5714 2775 5769 sed
2813 5724 2866 5769 et
2895 5715 3103 5770 Patrem
3136 5731 3294 5770 suum-
