3822 6226
492 319 597 374 6οῆ

947 317 1151 404 BEDE
1195 318 1641 376 VENERABILIS
1679 320 1827 377 OPP.
1871 319 2049 377 PARS
2088 319 2150 374 ll.
2191 318 2383 376 SECT.
2411 323 2447 377 l.
2478 352 2544 364 -
2573 324 2958 383 EXEGETICA
3000 324 3327 384 GENUINA.
3605 330 3692 386 695

489 426 700 482 diccbat
726 424 921 492 Deum,
952 426 1202 495 :equalem
1224 440 1283 479 sc
1307 427 1503 481 faciens
1527 428 1653 481 Deo.
1703 429 1756 482 ln
1785 443 1852 484 eo
1881 429 2045 483 maxi-
2076 431 2119 484 Δ
2150 440 2240 481 sus
2267 433 2317 486 ei
2349 434 2518 487 omnis
2548 433 2599 487 in
2629 435 2825 491 virtute
2854 445 3051 492 natura:
3078 449 3179 493 est.
3218 438 3403 506 Neque
3435 442 3571 494 enim
3596 458 3697 511 par.

487 532 576 572 me
611 517 889 581 dolebant,
922 518 1041 588 quia
1090 518 1134 571 is
1162 532 1318 587 quem
1367 534 1548 574 verum
1574 535 1670 591 per
1698 521 2051 575 infirmitatem

490 612 667 662 carnis
710 608 977 663 hominem
1020 618 1403 678 cognoverant,
1444 625 1627 664 verum
1653 625 1712 665 se
1741 611 1832 665 Dei
1865 611 2050 665 Filium

494 698 637 755 credi
666 699 937 759 voluisset.
966 698 1020 754 id
1046 708 1150 766 est,
1180 715 1280 755 non
1310 703 1478 769 gratia
1506 700 1831 769 adoptatum,
1864 710 1922 755 ut
1950 717 2053 757 cs:-

492 800 635 846 teros
662 802 875 847 sanctos
902 792 1094 861 quibus
1137 792 1366 861 loquitur
1417 791 1718 861 Prtapheta:
1771 791 1880 863 Ego
1903 792 2011 845 dixi
2033 808 2053 845 :

487 885 579 940 Dii
607 885 744 949 estis,
773 894 818 938 rt
846 885 942 953 filii
974 884 1172 940 Excelsi
1207 902 1379 940 omnes
1410 884 1580 956 (Psal.
1605 887 1812 956 LXXXI),
1837 885 1929 941 sed
1961 898 2054 938 na-

491 985 608 1030 tura
643 976 779 1031 Patri
806 992 899 1043 per
935 977 1110 1032 omnia
1137 978 1429 1047 aqualem;
1471 992 1574 1033 non
1602 977 1925 1040 substantia.
1958 977 2049 1031 sed

492 1082 717 1135 persona
762 1070 1039 1125 distantem
1075 1087 1089 1123 :
1143 1071 1229 1138 qui
1270 1071 1526 1140 putabant
1570 1070 1748 1125 .lesum
1785 1070 2051 1125 Christum

491 1161 821 1230 pratdicando
850 1176 907 1217 se
936 1163 1109 1218 facere
1138 1163 1275 1231 quod
1320 1178 1423 1217 non
1448 1172 1611 1226 esset,
1661 1179 1767 1218 non
1798 1164 2053 1218 veraciter

492 1254 738 1319 intimare
765 1256 903 1325 quod
931 1265 1092 1312 esset.
1144 1255 1406 1311 Comm0ti
1448 1265 1571 1312 sunt
1610 1270 1738 1327 ergo
1765 1255 1954 1320 Judmi,
1998 1264 2052 1310 et

493 1345 746 1415 indignati
776 1356 899 1403 sunt
924 1366 937 1401 :
982 1348 1171 1404 merito
1196 1348 1429 1417 quidem,
1463 1348 1603 1417 quod
1634 1338 1861 1404 audebat
1892 1347 2053 1400 homo

493 1438 748 1507 aqualem
775 1452 835 1494 se
861 1440 1033 1496 facere
1063 1441 1207 1505 Deo;
1247 1441 1337 1496 sed
1372 1440 1491 1498 ideo
1521 1441 1815 1505 immerito,
1849 1442 1971 1510 quia
2000 1438 2052 1494 in

499 1529 711 1585 homine
748 1545 851 1584 non
882 1530 1246 1602 intelligebant
1296 1533 1482 1587 Deum.
1528 1531 1753 1588 Carnem
1785 1531 2051 1596 videbant,

496 1621 663 1676 Deum
686 1622 1007 1679 nesciebant.
1040 1622 1402 1679 Ilabitaculum
1431 1625 1752 1690 cernebant,
1793 1624 2053 1678 habitato-

498 1726 611 1766 rem
643 1714 977 1783 ignorabant.
1004 1715 1143 1770 Caro
1179 1718 1320 1771 enim
1350 1716 1440 1771 illa
1467 1716 1720 1785 templum
1749 1725 1882 1779 erat,
1919 1714 2053 1769 Dens

2160 520 2272 575 titio
2296 537 2416 577 esse
2448 534 2618 591 potest
2663 526 2713 579 in
2753 528 2977 596 simplici
3030 539 3212 582 natura
3258 531 3579 596 divinitatis,
3610 537 3695 589 sed

2158 612 2298 691 idem
2328 623 2409 668 est
2441 615 2571 669 Filio
2599 615 2802 678 videre,
2843 629 2896 669 et
2924 632 3061 671 esse.
3092 618 3211 673 Ideo
3240 620 3494 689 subjecit:

2228 705 2412 759 Omnia
2435 707 2568 759 enim
2604 722 2915 778 qutzcunque
2962 710 3084 777 facit
3120 708 3295 778 Pater,
3326 714 3498 765 eadem
3530 725 3577 767 et
3615 712 3699 767 Fi-

2156 793 2253 847 lius
2274 796 2396 865 facit
2415 797 2662 850 similiter.
2687 796 3134 866 significationem
3154 802 3309 855 unius
3328 811 3521 855 natura:
3538 812 3698 857 osten-

2155 885 2305 946 dens,
2336 893 2391 937 et
2415 885 2569 940 unius
2613 886 2959 955 operationis,
3009 890 3131 956 quia
3160 891 3457 947 communis
3482 902 3559 947 est
3583 907 3699 960 0pc-

2156 980 2291 1032 r.itio
2342 978 2509 1032 Patris
2554 988 2606 1033 et
2652 979 2790 1045 Filii,
2839 995 3067 1049 quorum
3114 991 3196 1037 est
3240 998 3341 1037 una
3371 994 3570 1050 natura,
3605 1000 3695 1039 una

2155 1069 2311 1122 etiam
2342 1070 2596 1137 operatio.
2631 1070 2752 1124 Ideo
2782 1082 3167 1141 consequenter
3195 1074 3507 1145 subiunxit:

2231 1158 2385 1214 Pater
2404 1159 2567 1231 diligit
2590 1159 2807 1231 Filium,
2830 1172 2876 1216 et
2893 1165 3062 1217 omnia
3082 1165 3397 1221 demonstrat
3415 1171 3463 1222 ei
3480 1184 3592 1237 qua
3612 1171 3699 1236 ipse

2157 1254 2303 1323 facit.
2339 1254 2406 1310 Ut
2438 1254 2741 1311 ostenderet
2770 1270 2979 1311 omnem
3010 1258 3148 1311 hanc
3188 1257 3357 1314 Patris
3385 1259 3698 1315 demonstra-

2156 1345 2378 1409 tionem,
2405 1346 2523 1400 fidei
2556 1356 2747 1401 nostra:
2772 1362 2891 1401 esse
2920 1346 3218 1403 doctrinam
3241 1390 3255 1409 .
3309 1364 3375 1403 ne
3395 1352 3596 1406 scilicet
3623 1352 3700 1405 Ps.

2158 1443 2238 1491 ter
2261 1437 2411 1491 nobis
2440 1436 2490 1490 in
2522 1438 2834 1493 confusione
2879 1447 3054 1502 esset,
3106 1447 3161 1493 et
3196 1439 3394 1504 Filius;
3429 1449 3483 1494 et
3523 1456 3590 1495 nc
3620 1456 3699 1510 qua

2158 1529 2244 1584 hic
2280 1530 2543 1595 ignoratio
2571 1530 2620 1584 in
2658 1530 2789 1585 Filio
2820 1532 2983 1599 possit
3013 1531 3231 1600 intelligi
3275 1542 3362 1585 aut
3392 1530 3545 1587 Patre
3574 1535 3700 1600 (ope-

2158 1634 2216 1674 ra
2245 1620 2386 1674 enim
2417 1620 2594 1674 omnia
2616 1665 2630 1687 ,
2663 1636 2779 1689 qua:
2808 1622 2919 1690 ipse
2950 1622 3179 1688 faceret,
3224 1623 3565 1690 monstraret)
3594 1640 3699 1679 con-

2160 1711 2306 1764 tinuo
2334 1711 2405 1764 ait
2431 1727 2442 1763 :

496 1805 820 1861 lnhabitabat
851 1809 1011 1861 intus.
1038 1808 1153 1862 Non
1186 1822 1315 1874 ergo
1355 1809 1511 1864 Jesus
1556 1776 1767 1863 carnem
1816 1807 2056 1877 aequabat
2087 1776 2130 1834 Β
2229 1802 2298 1857 Et
2326 1804 2495 1873 major
2520 1803 2701 1857 [torum
2745 1821 2897 1875 apcra
2929 1805 3291 1860 demonstrabit
3318 1808 3365 1859 ci
3386 1848 3401 1873 ,
3443 1818 3499 1861 ut
3520 1824 3603 1861 nos
3628 1813 3701 1861 ad-

497 1896 663 1961 Patri,
695 1910 799 1952 non
830 1897 1051 1953 formam
1081 1898 1219 1953 servi
1250 1899 1474 1953 Domino
1523 1898 1896 1969 comparabat;
1949 1910 2054 1952 non

498 1988 633 2053 quod
666 1990 855 2043 factum
894 1998 974 2044 est
1002 1999 1217 2058 propter
1254 2004 1385 2056 nos,
1414 1991 1506 2045 sed
1535 1991 1673 2060 quod
1701 2001 1814 2045 erat
1844 1990 2057 2060 quando

496 2078 758 2132 fecitnos.
789 2078 918 2146 Quis
968 2095 1193 2150 namque
1220 2081 1292 2135 sit
1339 2080 1603 2147 Christus,
1646 2082 1931 2137 Catltolicis
1978 2082 2052 2137 lo-

496 2184 648 2236 quor.
681 2168 858 2225 Nostis
886 2172 976 2238 qui
1012 2172 1146 2226 bene
1180 2172 1514 2238 credidistis,
1543 2174 1665 2242 quia
1693 2172 2057 2230 non.Verbutn

497 2271 715 2325 tantum,
750 2264 838 2317 sed
870 2262 1087 2317 Verbum
1106 2280 1223 2317 caro
1244 2269 1434 2335 factum
1461 2272 1531 2318 cst
1554 2272 1601 2319 ct
1632 2266 1869 2319 habitavit
1896 2266 1949 2319 in
1970 2282 2060 2320 no-

466 2352 568 2415 bis
600 2349 777 2421 (Joan.
818 2350 889 2421 t);
923 2353 1019 2405 hac
1048 2365 1209 2407 carne
1256 2352 1425 2422 major
1452 2364 1536 2408 est
1567 2354 1751 2409 Pater.
1799 2355 1872 2407 Ita
1905 2354 2061 2409 Pater

494 2444 731 2510 mqualis,
776 2454 829 2499 et
875 2443 1061 2511 major.
1120 2442 1362 2514 Equalis
1406 2445 1597 2511 Verbo,
1648 2444 1819 2515 major
1864 2460 2023 2501 carne
2031 2462 2056 2517 ⁸;

493 2535 711 2601 tequalis
740 2536 788 2589 ei
820 2550 912 2603 per
934 2550 1088 2605 quem
1135 2534 1261 2590 fecit
1290 2550 1407 2601 nos,
1453 2538 1623 2603 major
1661 2551 1725 2592 eo
1771 2536 1859 2606 qui
1891 2535 2060 2590 factus

496 2635 581 2680 est
610 2636 825 2695 propter
847 2641 966 2682 nos.
1015 2626 1301 2682 Commotis
1327 2642 1458 2683 vero
1501 2635 1553 2682 et
1592 2627 1814 2682 turbatis
1840 2626 2057 2690 .‘udzeis,

494 2718 617 2786 quia
645 2732 703 2773 se
730 2720 983 2785 aequalem
1014 2717 1257 2773 Christus
1306 2720 1443 2773 Patri
1476 2719 1617 2784 fecit,
1665 2720 1753 2789 qui
1788 2718 2057 2771 hominem

494 2817 694 2863 tantum
726 2808 1129 2873 intellexerunt,
1163 2817 1265 2863 non
1299 2809 1486 2873 Deum,
1532 2824 1744 2864 carnem
1792 2808 2055 2872 vide-runt,

494 2899 821 2955 divinitatem
855 2916 959 2956 non
984 2901 1346 2969 crediderunt,
1374 2902 1507 2956 dixit
1532 2902 1612 2957 eis
1640 2919 1655 2955 :
1688 2900 1807 2956 Non
1838 2912 1997 2971 potest
2028 2918 2059 2954 a

496 3007 549 3045 se
571 2989 734 3045 Filius
764 2994 927 3057 facere
948 2993 1220 3063 quidquam
1245 2994 1344 3046 nisi
1364 2992 1501 3061 quod
1527 2994 1703 3046 viderit
1745 2990 1948 3045 Patrem
1978 2991 2059 3057 [a-

2158 1893 2428 1948 miremini.
2461 1893 2604 1949 Sicut
2633 1896 2765 1949 enim
2798 1894 2955 1950 Pater
3000 1898 3205 1949 suscitat
3254 1908 3509 1962 mortuos,
3536 1910 3584 1952 et
3603 1902 3702 1952 riti-

2158 1988 2300 2054 ﬁcat,
2344 1987 2416 2040 sic
2462 1995 2507 2040 et
2538 1985 2704 2041 Filius
2751 2005 2875 2058 quos
2924 1989 3027 2041 ruit
3055 1989 3293 2056 civi/isat.
3350 1989 3421 2042 Ea
3462 1991 3597 2043 enim
3627 1990 3702 2043 Pa-

2161 2086 2293 2131 trem
2321 2076 2802 2133 demonstraturum
2851 2078 2984 2133 Filio
3030 2078 3157 2132 dicit
3204 2093 3323 2145 qua:
3353 2079 3623 2134 mirentur.
3650 2080 3703 2134 Et

2160 2183 2276 2240 qua:
2305 2168 2489 2224 eadem
2521 2176 2701 2223 essent
2747 2169 2857 2230 illa,
2890 2184 3008 2222 mox
3036 2168 3217 2223 docuit
3244 2187 3258 2221 :
3297 2168 3442 2224 Sicut
3471 2176 3597 2223 enim
3618 2170 3701 2223 Pa-

2162 2269 2235 2313 ter
2260 2259 2471 2313 suscitat
2507 2269 2752 2322 mortuos,
2801 2259 2873 2311 sic
2902 2267 2948 2310 et
2988 2256 3151 2311 Filius
3194 2274 3319 2328 quos
3356 2260 3459 2312 vult
3488 2260 3700 2320 vici/ictu.

2162 2349 2442 2420 Exmquata
2475 2351 2646 2405 virtus
2691 2357 2774 2403 est
2819 2366 2915 2416 per
2944 2360 3146 2404 natura
3191 2350 3519 2405 indissitnilis
3548 2354 3697 2405 unita-

2160 2452 2299 2509 tem;
2334 2441 2720 2497 demonstratio
2758 2456 3005 2507 operum,
3054 2456 3157 2495 non
3186 2442 3533 2510 ignorationis
3562 2442 3700 2496 habet

2160 2532 2588 2593 instructionem,
2621 2530 2712 2586 sed
2731 2542 2929 2586 nostra
2958 2530 3099 2595 fldei,
3129 2547 3243 2602 qua:
3267 2547 3370 2585 non
3396 2532 3523 2587 Filio
3548 2533 3697 2587 scien-

2161 2626 2284 2678 tiam
2318 2626 2673 2692 ignoratorum
2698 2664 2712 2688 ,
2742 2626 2835 2679 sed
2878 2625 3030 2679 nobis
3071 2623 3464 2680 confessionem
3507 2626 3701 2679 unitatis

2162 2715 2379 2771 invexit.
2424 2715 2797 2793 Demonstrare
2824 2716 2965 2771 enim
2993 2714 3224 2779 Patrem,
3270 2726 3351 2771 est
3396 2728 3496 2785 per
3531 2713 3697 2769 Filiam

2160 2808 2334 2863 facere
2360 2822 2478 2876 qute
2510 2805 2743 2862 facturus
2772 2817 2873 2862 est.
2905 2805 3035 2861 Nam
3068 2805 3268 2875 majora
3296 2821 3461 2875 opera
3487 2817 3601 2861 sunt
3625 2820 3696 2859 re-

2160 2901 2418 2956 surrectio
2436 2910 2787 2963 mortuorum,
2803 2913 2923 2969 qua:
2942 2898 3043 2954 erit
3064 2898 3119 2953 in
3142 2898 3428 2955 novissimo
3444 2897 3542 2963 die,
3561 2912 3698 2967 quam

2160 2990 2309 3048 istius
2336 2992 2635 3063 languentis
2676 2992 2897 3059 sanitas,
2948 2992 3033 3062 qui
3080 2991 3273 3047 Christi
3320 2993 3486 3046 verbo
3511 3003 3700 3045 sanatus

497 3085 727 3137 cientem.
760 3084 872 3137 Non
901 3084 999 3138 alia
1032 3098 1191 3154 opera
1238 3083 1361 3138 facit
1408 3085 1562 3141 Pater
1604 3100 1721 3155 quae
1764 3084 1943 3140 videat
1972 3082 2054 3139 Fi-
2087 3121 2137 3183 Ο
2163 3097 2346 3156 est,ex
2372 3101 2478 3157 quo
2507 3096 2625 3141 nata
2648 3095 2732 3143 est
2750 3086 2902 3156 hujus
2924 3086 3132 3141 occasio
3161 3095 3263 3139 tota
3286 3085 3562 3140 sermonis.
3586 3084 3703 3139 Dicit

500 3175 725 3263 liusuet
763 3177 865 3233 alia
919 3176 1078 3232 Filius
1120 3191 1237 3233 cum
1268 3177 1460 3233 viderit
1500 3178 1707 3233 Patrem
1759 3178 2055 3245 facientem,

497 3267 593 3322 sed
622 3271 805 3322 eadem
835 3283 990 3338 opera
1019 3268 1133 3335 ipse
1158 3270 1309 3324 Pater
1332 3278 1383 3324 et
1405 3270 1588 3324 Filius.
1616 3269 1867 3340 Sequitur
1891 3273 2053 3325 enim:

501 3359 824 3430 Quwcunque
863 3363 993 3415 enim
1038 3362 1146 3415 ille'
1168 3364 1369 3432 fecerit,
1402 3364 1507 3417 ἠως
1546 3373 1592 3416 et
1618 3360 1784 3417 Filius
1830 3362 2060 3417 similiter

501 3454 647 3521 facit.
680 3453 793 3508 Non
824 3468 943 3507 cum
976 3454 1061 3510 ille
1091 3455 1272 3509 fecerit
1295 3456 1414 3520 alia,
1451 3454 1611 3510 Filius
1638 3455 1883 3511 similiter
1914 3456 2058 3510 facit.

500 3544 557 3599 Si
588 3546 699 3597 hac
733 3545 853 3598 facit
884 3544 1046 3599 Filius
1094 3562 1207 3612 qua:
1238 3544 1357 3600 facit
1386 3544 1558 3610 Pater,
1606 3560 1708 3599 non
1736 3544 1837 3599 alia
1878 3544 2059 3611 Pater,

498 3636 600 3690 alia
634 3636 790 3691 Filius
820 3635 964 3702 iacit,
995 3636 1087 3691 scd
1114 3636 1298 3691 eadem
1329 3651 1490 3706 opera
1534 3646 1655 3691 sunt
1687 3636 1856 3691 Patris
1886 3644 1941 3691 et
1974 3636 2060 3690 Fi-

499 3728 592 3791 lii;
634 3727 899 3797 qnomudo
939 3740 1000 3781 ea
1043 3718 1165 3780 facit
1194 3726 1471 3781 ctFiIiusl
1498 3727 1557 3779 Et
1586 3726 1791 3790 eadem,
1837 3736 1888 3781 et
1916 3727 2061 3779 simi-

498 3818 640 3881 liter,
674 3833 740 3871 ne
769 3816 901 3870 forte
947 3817 1155 3881 eadem,
1205 3815 1297 3871 sed
1340 3816 1687 3871 dissimiliter.
1728 3814 1949 3883 Eadem,
1982 3816 2062 3870 in-

498 3910 645 3976 quit,
688 3917 732 3962 et
773 3908 1035 3973 similiter;
1077 3922 1197 3963 nam
1228 3908 1402 3961 omnia
1448 3922 1565 3976 quae
1607 3904 1760 3961 Pater
1792 3907 1934 3971 facit,
1967 3922 2060 3975 per

500 3998 688 4055 Filiutn
736 3998 880 4065 facit,
907 4000 1039 4053 sicut
1061 4000 1257 4054 dictum
1285 4009 1401 4054 est:
1452 3999 1634 4052 Omnia
1674 4015 1761 4066 per
1785 4000 1948 4063 ipsum
1975 4000 2058 4068 fa-

499 4102 579 4143 cta
606 4098 740 4155 sunt,
788 4100 830 4144 et
862 4092 967 4143 sine
997 4092 1107 4158 ipsa
1148 4094 1335 4158 factum
1364 4099 1435 4143 est
1464 4090 1590 4143 nilul
1618 4089 1795 4157 (Joan.
1830 4090 1891 4158 ι).
1939 4090 2060 4142 ldeu

498 4180 728 4235 similiter
759 4180 909 4244 dixit,
952 4181 1071 4248 quia
1103 4181 1286 4235 eadem
1336 4179 1459 4235 facit
1491 4180 1651 4233 Filius
1692 4195 1807 4249 qua:
1850 4179 1969 4232 facit
2008 4188 2062 4232 et

500 4272 687 4326 Pater:
718 4272 837 4338 quia
867 4285 968 4323 una
999 4270 1165 4324 Patris
1194 4280 1245 4324 et
1272 4269 1384 4323 Filii
1419 4270 1469 4322 in
1502 4268 1777 4324 divinitate
1816 4268 2061 4323 substan-

502 4362 569 4413 tia
602 4370 653 4415 et
684 4360 942 4429 operatio,
974 4374 1072 4411 una
1103 4358 1341 4411 voluntas
1366 4368 1417 4412 et
1459 4366 1713 4427 potestas,
1748 4373 1847 4412 una
1874 4358 1976 4412 vita
2009 4368 2061 4413 et

2162 3178 2303 3233 enim
2334 3188 2390 3232 ut
2416 3193 2511 3233 vos
2558 3178 2862 3243 miremini;
2912 3186 2967 3233 et
3007 3174 3108 3232 hoc
3153 3176 3370 3231 diflltile
3414 3188 3496 3232 est
3521 3177 3699 3237 videre,

2161 3270 2428 3340 quomodo
2456 3280 2703 3339 tanquam
2738 3268 3100 3338 temporaliter
3146 3266 3281 3322 Filio
3323 3277 3584 3322 coaeterno
3620 3266 3701 3319 ali-

2161 3378 2263 3433 qua
2294 3362 2688 3417 demonstraret
2717 3371 2948 3417 mternus
2970 3361 3128 3414 Pater
3149 3400 3165 3424 ,
3192 3360 3370 3415 omnia
3397 3358 3577 3413 scienti
3603 3372 3701 3426 qua

2162 3464 2285 3508 sunt
2308 3455 2446 3523 apud
2471 3454 2703 3509 Patrem.
2733 3453 2862 3519 Qtnc
2892 3451 2998 3505 sint
3029 3459 3205 3505 tamen
3241 3450 3333 3523 illo
3362 3448 3581 3519 majora,
3619 3448 3702 3500 hoc

2161 3546 2301 3600 enim
2332 3545 2486 3601 facile
2518 3554 2602 3601 est
2628 3541 2949 3613 intelligere.
2977 3542 3126 3597 Sicut
3152 3542 3281 3594 enim
3319 3541 3496 3605 Pater,
3538 3540 3700 3606 inquit,

2162 3638 2371 3690 suscitat
2393 3646 2639 3702 mortuos,
2666 3645 2711 3687 et
2739 3634 2976 3699 uiviﬁcat,
3009 3632 3081 3685 sic
3108 3642 3153 3683 et
3186 3630 3354 3684 Filius
3379 3647 3501 3698 quos
3525 3631 3621 3691 calt
3643 3630 3700 3681 ri-

2162 3728 2353 3795 viﬁcat.
2406 3726 2606 3796 Major:
2648 3722 2783 3795 ergo
2818 3733 2940 3780 sunt
2989 3737 3148 3791 opera
3201 3733 3437 3777 mortuos
3476 3723 3701 3776 suscitare

2163 3833 2319 3887 quam
2344 3817 2614 3887 languidos
2642 3830 2851 3869 sanare.
2885 3814 2990 3869 Sed
3019 3818 3153 3869 sicut
3174 3816 3382 3869 suscitat
3415 3814 3566 3868 Pater
3592 3830 3700 3866 utor-

2164 3918 2273 3961 tuos
2302 3917 2347 3961 et
2372 3908 2606 3974 civiﬁcat,
2640 3908 2710 3959 sic
2738 3916 2782 3959 ct
2810 3902 2981 3958 Filius
3006 3922 3129 3973 quos
3169 3905 3275 3957 τηις
3305 3906 3541 3972 viciﬁcal.
3581 3904 3701 3958 Alios

2162 4017 2287 4071 ergo
2314 3999 2486 4065 Pater,
2517 3999 2651 4053 alios
2690 3997 2897 4052 Filius?
2928 3995 3063 4061 Non,
3094 3996 3187 4051 sed
3210 3996 3386 4050 omnia
3420 4012 3513 4063 per
3533 3996 3698 4064 ipsum.

2163 4094 2309 4161 lpsrs
2332 4094 2507 4159 itaque
2538 4090 2701 4144 Filius
2729 4076 2861 4157 quos
2886 4098 2938 4141 et
2961 4087 3150 4151 Pater.
3180 4088 3301 4156 quia
3334 4102 3435 4140 non
3466 4087 3584 4151 alia,
3622 4100 3698 4139 nec

2163 4183 2351 4245 aliter,
2398 4180 2488 4234 sed
2540 4181 2651 4234 h:cc
2698 4188 2751 4233 et
2780 4178 2945 4232 Filius
2990 4178 3235 4233 similiter
3275 4176 3416 4231 facit.
3469 4176 3541 4231 lta
3570 4177 3696 4246 plane

2164 4272 2555 4341 intelligendum
2580 4280 2680 4337 εει,
2727 4279 2781 4324 et
2810 4270 2879 4323 ita
2918 4268 3222 4323 tenendum.
3268 4268 3372 4323 Sed
3410 4277 3699 4323 mementote

2165 4364 2283 4435 quia
2318 4364 2478 4418 Filius
2504 4377 2635 4432 quos
2682 4362 2790 4416 vult
2815 4362 3065 4416 vivificat.
3114 4360 3315 4414 Tenete
3345 4375 3469 4429 ergo
3502 4360 3580 4413 hic
3616 4374 3697 4411 nan

500 4455 761 4517 essentia;
805 4465 852 4505 et
882 4452 1096 4519 mqualia
1140 4450 1313 4505 omnia
1357 4462 1481 4505 sunt
1528 4452 1575 4503 in
1608 4451 1759 4505 Patre
1805 4458 1859 4505 et
1902 4451 2056 4518 Filio,
2090 4460 2333 4530 Dsolum
2374 4466 2687 4525 potestatem
2732 4454 2873 4520 Filii,
2916 4469 3099 4506 verum
3146 4461 3202 4506 et
3246 4452 3587 4505 voluntatem.
3634 4446 3699 4500 Fi-

503 4548 601 4599 tiisi
631 4546 768 4615 quod
802 4544 957 4597 Pater
998 4553 1145 4611 pater
1184 4551 1283 4604 est,
1318 4553 1363 4595 et
1400 4543 1561 4596 Filius
1593 4543 1729 4597 filius
1757 4554 1835 4597 est
1861 4562 1871 4595 :
1899 4559 2062 4611 sepa-

501 4656 637 4693 ratio
665 4648 741 4691 e~t
772 4638 821 4689 in
853 4636 1113 4703 personis,
1146 4634 1237 4688 sed
1259 4635 1427 4687 unitas
1458 4637 1506 4687 in
1538 4644 1741 4689 natura.
1789 4635 1905 4689 Non
1931 4637 2061 4689 enim

503 4741 660 4797 potest
695 4727 860 4783 Filius
889 4748 917 4782 α
944 4745 993 4781 se
1034 4733 1197 4797 facere
1234 4727 1527 4796 quidquam,
1582 4728 1676 4781 nisi
1706 4730 1840 4797 quod
1883 4730 2061 4783 viderit

506 4822 713 4874 Pn'rem
751 4823 1031 4889 facientem.
1080 4819 1193 4873 Non
1235 4819 1487 4873 debemus
1537 4820 1819 4874 carnaliter
1867 4821 2059 4874 intelli-

502 4930 624 4982 gere
668 4914 799 4965 hanc
827 4912 1173 4975 sententiam,
1218 4912 1363 4975 quasi
1400 4912 1619 4963 duorum
1656 4911 1925 4963 hominum
1972 4928 2062 4979 pa-

504 5008 599 5060 tris
628 5016 679 5060 et
703 5006 818 5070 filii,
846 5006 997 5058 unius
1018 5004 1371 5065 ostendentis,
1398 5002 1609 5057 alterius
1638 5001 1880 5065 videntis,
1911 5006 2061 5056 unius

504 5098 784 5166 loquentis,
810 5098 1027 5150 alterius
1050 5095 1329 5157 audientis,
1355 5109 1471 5160 qum
1496 5095 1666 5145 omnia
1695 5093 2058 5161 phantasmata

503 5194 674 5246 cordis
705 5202 843 5245 sunt.
875 5191 1017 5243 Talis
1057 5189 1304 5258 cogitatio
1347 5189 1529 5257 procul
1582 5188 1880 5255 pectoribus
1916 5188 2063 5241 Clui-

504 5289 688 5341 stianis
716 5285 1025 5355 expellenda
1050 5294 1149 5339 est.
1199 5284 1337 5353 Ergo
1381 5283 1445 5337 dc
1491 5283 1625 5336 Filio
1655 5292 1709 5336 et
1742 5284 1897 5336 Patre
1932 5298 2062 5349 pra:-

504 5384 674 5431 scntis
703 5379 855 5430 (ιοομι
880 5376 1117 5429 lectionis
1143 5375 1459 5442 exemplum,
1494 5374 1613 5441 quia
1662 5389 1758 5427 nec
1801 5371 1937 5425 Patri
1971 5388 2066 5425 nec

508 5469 645 5526 Filio
673 5470 770 5521 ulla
799 5468 1041 5520 distantia
1079 5466 1368 5520 divinitatis
1400 5466 1487 5523 sit.
1539 5467 1629 5518 sel
1664 5481 1763 5517 una
1796 5465 2063 5531 majestas.

504 5561 654 5626 Quod
684 5559 819 5613 enim
853 5560 920 5612 ait
955 5558 1142 5611 Filium
1190 5558 1317 5613 nihil
1352 5556 1523 5611 facere
1547 5600 1559 5621 ,
1594 5558 1689 5609 nisi
1719 5557 1852 5621 quod
1890 5557 2065 5608 viderit

510 5652 709 5706 Patrem
739 5652 1024 5717 facientem,
1061 5666 1161 5703 non
1205 5649 1254 5704 id
1286 5649 1633 5715 corporaliter
1668 5647 2065 5715 intelligendum

508 5754 606 5807 est,
640 5747 757 5813 quia
792 5758 891 5795 non
922 5742 1280 5812 corporalibus
1313 5740 1481 5795 modis
1516 5740 1650 5793 Deus
1686 5739 1843 5803 videt,
1878 5739 1965 5793 sed
1995 5739 2066 5793 vi-

2166 4552 2266 4604 lius
2296 4565 2427 4618 quos
2457 4550 2570 4601 vult
2603 4547 2865 4610 vivificat,
2893 4554 2947 4600 et
2976 4544 3135 4598 Pater
3169 4559 3303 4615 quos
3331 4543 3441 4595 vult
3485 4542 3698 4600 vivificat,

2165 4653 2215 4697 et
2240 4643 2381 4707 ipsos
2414 4642 2575 4694 Filius
2605 4655 2734 4708 quos
2763 4651 2816 4694 et
2848 4640 3037 4702 Pater;
3086 4650 3145 4689 ac
3169 4651 3262 4701 per
3296 4635 3392 4713 hoc
3417 4635 3594 4689 eadem
3623 4631 3700 4683 Pa-

2166 4734 2259 4787 tris
2284 4744 2341 4786 et
2365 4732 2476 4785 Filii
2506 4740 2558 4786 et
2588 4742 2821 4799 p0testas
2851 4740 2933 4783 est
2972 4739 3025 4783 et
3071 4728 3336 4781 voluntas.
3369 4725 3559 4780 Eadem
3599 4737 3702 4791 quo-

2164 4843 2263 4895 quc
2290 4828 2389 4879 vita
2422 4835 2473 4879 et
2502 4823 2790 4878 vivificatio
2822 4834 3166 4876 mortuorum.
3195 4820 3257 4873 Et
3291 4820 3409 4873 ideo
3432 4817 3583 4870 dicit:
3612 4814 3699 4868 Sir-

2165 4928 2216 4968 ut
2264 4916 2415 4967 Pater
2443 4917 2650 4968 suscimt
2694 4922 2922 4966 mortuos
2948 4921 2994 4965 et
3024 4911 3237 4977 ciriﬁcal
3264 4926 3389 4978 quos
3418 4910 3548 4966 rult,
3587 4906 3646 4958 sic
3666 4909 3701 4954 ct

2169 5007 2333 5059 Filius
2365 5024 2485 5073 quos
2514 5007 2611 5058 vult
2643 5004 2882 5071 cirificat.
2928 5001 3041 5055 Non
3069 5000 3210 5053 enim
3249 4999 3385 5053 alios
3417 4998 3571 5051 Filius
3595 4995 3701 5045 vivi-

2167 5102 2307 5163 ﬁcat,
2339 5100 2467 5152 alios
2496 5099 2675 5160 Pater,
2702 5098 2791 5149 sed
2830 5110 2928 5147 una
2960 5102 3192 5159 potestas
3236 5106 3396 5143 unam
3428 5087 3699 5141 viviﬁcabu-

2166 5208 2288 5246 nem
2326 5192 2480 5245 facit:
2530 5204 2648 5259 quas
2678 5188 2836 5241 etiam
2880 5192 3116 5254 putestas
3163 5198 3269 5235 uno
3294 5196 3387 5235 ore
3432 5177 3699 5235 honoranda

2168 5302 2267 5347 cst.
2305 5292 2367 5343 Et
2396 5290 2511 5341 ideo
2542 5290 2932 5353 consequenter
2972 5280 3242 5350 subjunxit
3274 5297 3284 5329 :

2242 5382 2396 5435 Pater
2427 5381 2553 5433 enim
2586 5395 2687 5431 non
2722 5376 2924 5447 judicat
2953 5387 3246 5440 quemquam
3270 5412 3281 5431 ,
3310 5370 3397 5422 sed
3430 5381 3567 5419 omne
3586 5362 3703 5433 judi-

2169 5478 2301 5529 cium
2334 5476 2469 5527 dedit
2492 5471 2652 5531 Filio,
2684 5478 2737 5522 ut
2766 5483 2937 5521 omnes
2981 5462 3314 5529 honori/iacnt
3350 5458 3558 5520 Filiam,
3598 5459 3701 5507 sicut

2172 5570 2508 5634 honoriﬁcam
2545 5564 2767 5617 Patrem.
2824 5562 2979 5615 Pater
3023 5574 3125 5612 non
3153 5554 3355 5623 judicat
3394 5562 3700 5623 quemquam.

2171 5662 2289 5731 quia
2324 5660 2490 5714 Patris
2539 5670 2764 5725 persona
2800 5654 3067 5706 hominem
3123 5663 3227 5702 non
3266 5646 3521 5713 suscepit,
3545 5656 3627 5695 nec
3662 5638 3697 5687 ia

2168 5756 2362 5826 judicio
2394 5753 2675 5821 videbitur,
2710 5751 2801 5806 sed
2830 5750 2941 5805 sola
2976 5746 3089 5801 Filii
3122 5756 3345 5814 persona
3378 5741 3431 5796 in
3477 5755 3533 5797 ea
3565 5736 3698 5791 fons:
