3822 6226
147 336 236 390 rm
1041 329 1102 384 IN
1140 310 1205 385 s.‘
1238 330 1518 386 JOANNIS
1560 328 2003 387 EVANGELIUM
2043 331 2419 390 EXPUSI‘I‘IO.
3241 337 3342 394 oss

145 464 236 516 qua
259 446 482 514 judicata
505 452 584 498 est
614 443 829 513 injuste.
853 444 992 511 juste
1008 444 1262 512 judicabit
1288 445 1432 499 vivos
1458 461 1518 499 ac
1541 459 1684 497 mor-
1712 443 1761 498 Α
1789 442 1902 496 bum
1928 461 2092 498 meum
2122 449 2285 512 audit,
2310 457 2356 501 et
2387 448 2544 502 credit
2569 449 2615 502 ei
2638 451 2725 520 qui
2751 453 2881 504 misit
2909 469 3003 517 me,
3038 453 3135 509 nisi
3159 496 3174 519 ,
3204 455 3338 522 Quia

167 553 270 593 nos.
301 537 403 591 Nec
432 536 576 592 enim
608 535 776 588 Filius
800 533 1058 588 videbitur
1104 533 1374 601 injudicio
1423 535 1474 587 in
1503 550 1564 589 ea
1593 549 1686 587 na-
1790 535 2007 589 verbum
2037 545 2119 590 est
2158 538 2210 591 in
2254 541 2378 592 me?
2422 539 2485 592 Et
2528 540 2644 608 quis
2673 550 2751 594 est
2797 544 2882 607 qui
2933 543 3078 596 audit
3119 546 3336 600 verbum

153 643 248 681 tura
285 641 382 697 qua
426 625 891 681 consubstantialis
932 633 1013 678 est
1049 623 1158 677 Deo
1204 623 1374 689 Patri,
1419 625 1509 678 sed
1543 624 1593 676 in
1625 639 1685 676 ea
1787 639 1984 688 meum,
2016 627 2113 680 nisi
2143 629 2229 696 qui
2258 628 2403 682 audit
2431 643 2539 694 me,
2571 631 2657 699 qui
2687 632 2854 684 credit
2879 633 3000 687 me?
3025 634 3206 689 Credit
3241 649 3337 690 au-

153 735 235 790 iiua
261 717 618 772 substantialis
660 726 738 771 est
770 716 946 779 matri,
992 723 1048 769 et
1087 715 1246 769 homo
1275 715 1439 770 factus
1465 724 1565 770 est.
1614 714 1684 767 lta
1787 723 1892 769 tem
1925 714 1971 768 ei
2013 715 2101 781 qui
2147 717 2289 769 misit
2319 733 2421 784 mc,
2447 719 2568 787 quia
2599 734 2717 774 cum
2773 721 2847 774 illi
2893 723 3080 787 credit,
3119 726 3336 779 verbum

153 809 522 878 intelligendum
547 816 662 861 est:
697 806 853 859 Pater
892 823 991 858 non
1016 806 1222 876 judicat
1246 822 1570 875 quamquam,
1601 805 1687 858 sed
1785 804 1900 873 ejus
1929 806 2118 858 credit.
2148 806 2279 859 Cum
2303 822 2428 876 ergo
2451 811 2610 863 verbo
2636 813 2750 880 ejus
2777 813 2967 879 credit,
2998 816 3124 869 mihi
3147 819 3335 884 credit,

151 919 274 958 οηιηι
308 901 551 968 judicium
576 899 716 952 dedit
767 898 906 951 Filio
928 940 942 963 ,
976 913 1036 953 ac
1064 898 1108 952 si
1138 898 1398 952 diceretur
1425 914 1436 949 :
1479 898 1682 951 Patrem
1785 895 1903 963 quia
1932 899 2149 950 verbum
2183 898 2351 952 Patris
2383 915 2481 967 ego
2511 917 2649 958 sum.
2683 905 2794 959 Non
2826 908 2963 960 enim
2997 911 3244 965 transiret
3270 911 3339 967 de

154 1007 288 1048 nemo
311 989 503 1044 videbit
537 992 586 1044 in
607 989 808 1058 judicio
833 990 1073 1042 vivorum
1115 1000 1170 1044 et
1193 995 1518 1042 mortuorum
1541 1025 1556 1049 ,
1592 986 1684 1040 sed
1785 996 1954 1041 morte
1991 989 2054 1042 ad
2086 989 2268 1054 vitam,
2302 993 2401 1044 nisi
2444 992 2614 1058 primo
2651 1005 2790 1050 esset
2833 997 2885 1050 in
2933 1010 3126 1068 morte,
3151 1011 3203 1056 et
3233 1017 3337 1057 non

149 1098 311 1140 omnes
335 1081 548 1144 Filium,
577 1081 698 1148 quia
742 1081 911 1135 Filius
956 1081 1183 1134 hominis
1207 1089 1310 1144 est,
1344 1089 1399 1133 ut
1428 1079 1594 1146 possit
1631 1088 1684 1132 et
1784 1094 1926 1139 esset
1951 1086 2001 1139 in
2036 1087 2159 1140 vita.
2192 1086 2322 1142 Cum
2347 1105 2474 1158 ergo
2504 1091 2769 1145 transierit
2795 1094 2844 1146 in
2878 1093 3059 1159 vitam,
3097 1111 3199 1151 non
3237 1098 3339 1153 erit

149 1178 206 1230 ab
235 1173 400 1242 impiis
429 1170 619 1228 videri.
644 1187 762 1226 cum
791 1181 847 1225 et
868 1171 943 1224 illi
975 1171 1227 1224 videbunt
1255 1169 1308 1222 in
1331 1183 1486 1236 quem
1519 1185 1683 1236 pupu~
1784 1178 1834 1231 in
1867 1187 2056 1232 morte.
2087 1177 2318 1233 Mortuus
2344 1197 2460 1251 ergo
2490 1192 2619 1247 erat,
2669 1195 2714 1236 et
2761 1185 2978 1248 revixit;
3027 1190 3262 1252 perierat,
3294 1200 3340 1243 et

150 1273 316 1338 gerunt
341 1265 520 1332 (Joan.
549 1265 688 1334 ιιι).
719 1264 867 1327 Quod
912 1279 978 1317 ne
998 1264 1262 1330 conjicere
1287 1264 1457 1331 potius
1479 1304 1492 1326 ,
1525 1277 1678 1331 quam
1781 1267 2008 1321 inventus
2033 1278 2105 1321 est
2153 1268 2304 1339 (Luc.
2337 1273 2445 1337 sv).
2477 1271 2559 1324 Fit
2585 1273 2805 1340 proinde
2838 1272 2948 1341 jam
2979 1276 3218 1344 quredam
3253 1292 3337 1330 re-

148 1367 307 1424 aperte
331 1356 698 1410 demonstrare
734 1355 1026 1417 videamur,
1070 1353 1399 1423 proferamus
1443 1354 1679 1421 ejusdem
1781 1358 2073 1418 surrectio,
2105 1367 2158 1412 et
2185 1367 2459 1413 transeunt
2489 1360 2729 1417 homines
2759 1379 2786 1416 a
2826 1375 2994 1418 morte
3020 1368 3245 1434 quadam
3269 1368 3336 1421 ad

150 1449 328 1503 Domini
349 1459 549 1503 certam
573 1450 1015 1516 manifestamque
1036 1447 1371 1506 sententiam.
1390 1462 1488 1516 qua
1514 1458 1680 1500 osten~
1781 1449 2060 1514 quamdam
2093 1450 2275 1510 vitam.
2308 1466 2334 1502 a
2367 1462 2535 1507 morte
2563 1454 2887 1509 inﬁdelitatis
2914 1457 2976 1510 ad
3003 1459 3160 1511 vitam
3192 1459 3336 1525 ﬁdei,

148 1541 309 1593 damus
333 1540 500 1606 ipsam
527 1539 684 1594 fuisse
705 1553 913 1593 causam
944 1549 996 1589 ut
1020 1539 1253 1593 diceret:
1290 1537 1442 1592 Pater
1471 1555 1568 1590 non
1587 1540 1677 1607 ju-
1781 1551 1811 1589 a
1841 1549 2007 1592 morte
2036 1538 2280 1593 falsitatis
2308 1540 2372 1594 ad
2419 1542 2579 1596 vitam
2604 1545 2855 1608 veritatis.
2889 1561 2916 1598 a
2947 1556 3115 1603 morte
3143 1549 3338 1618 iniqui-

149 1630 262 1681 dicat
288 1644 606 1697 qumquam,
633 1629 724 1680 sed
743 1643 892 1681 omne
910 1628 1159 1696 judicium
1188 1628 1326 1682 dedit
1356 1627 1524 1716 Filio,
1555 1629 1675 1696 quia
1783 1628 1903 1682 tatis
1929 1629 1994 1682 ad
2031 1631 2192 1683 vitam
2231 1631 2468 1699 justitize.
2505 1635 2593 1688 Est
2620 1650 2746 1704 ergo
2772 1645 2826 1691 et
2869 1638 2966 1691 ista
3013 1643 3336 1696 resurrectio

146 1717 279 1786 judex
320 1718 368 1770 in
395 1717 563 1771 forma
594 1715 716 1770 Filii
764 1717 990 1770 hominis
1015 1718 1324 1784 apparebit:
1365 1732 1483 1786 quae
1510 1718 1674 1770 forma
1707 1769 1756 1801 ⁵
1783 1729 2131 1773 mortuorum.
2159 1721 2375 1789 Aperiat
2400 1722 2541 1777 illam
2571 1725 2798 1795 plenius,
2826 1738 2880 1783 et
2903 1730 3137 1787 lucescat
3159 1733 3334 1801 nobis,

357 1769 550 1874 Patris,
580 1769 672 1864 sed
703 1809 817 1862 Filii
836 1769 978 1862 inec
1007 1769 1070 1861 ea
1089 1769 1220 1862 rFilii
1331 1769 1431 1875 quia
1461 1808 1677 1876 mqualis
1707 1769 1759 1830 Β
1785 1819 1840 1864 ιιι
1867 1811 2044 1880 cmpit.

148 1911 216 1954 est
243 1892 523 1963 Patri,ised
553 1901 604 1953 in
642 1914 744 1968 qua
770 1899 943 1953 minor
963 1908 1044 1952 est
1070 1897 1248 1960 Patre,
1271 1909 1337 1951 ut
1369 1897 1437 1952 sit
1465 1901 1516 1952 in
1541 1899 1677 1967 judi-

147 1989 220 2040 cio
243 1987 548 2052 conspicuus
597 1987 750 2042 bonis
786 1997 841 2043 et
870 1987 1041 2053 malis,
1095 1998 1153 2041 ut
1191 2003 1375 2043 omnes
1420 1988 1668 2042 honoriﬁ-

148 2087 250 2131 cvnt
274 2076 451 2130 Filium
472 2118 486 2136 .
520 2077 656 2131 sicut
693 2075 1038 2130 honorificam
1081 2076 1291 2132 Patrem
1313 2119 1326 2141 ,
1375 2079 1493 2143 quia
1521 2093 1676 2131 nemo

149 2167 429 2221 ltonoriiicat
458 2167 688 2231 Patrem,
739 2169 838 2222 nisi
889 2170 1030 2235 quod
1079 2168 1265 2222 habeat
1298 2168 1505 2222 Filium.
1541 2169 1674 2233 Quid

1849 1922 2006 1977 Amen
2029 1940 2174 1977 amen
2197 1924 2312 1978 dico
2341 1926 2476 1980 vobis
2491 1971 2505 1996 ,
2530 1931 2650 1997 quia
2683 1937 2815 1984 venit
2836 1934 2963 1986 liora
2980 1973 2995 2000 ,
3017 1942 3065 1986 et
3086 1951 3221 1987 nunc
3241 1945 3336 2002 est,

1777 2011 1979 2076 quando
2007 2013 2192 2068 mortui
2215 2016 2419 2068 audient
2464 2033 2629 2072 vocem
2663 2016 2790 2076 Filii
2820 2019 2950 2088 Dei;
2978 2035 3025 2076 et
3053 2025 3139 2093 qui
3161 2027 3338 2079 audie-

1777 2103 1878 2155 rint
1903 2104 2081 2157 vivent.
2126 2105 2232 2160 Hoc
2265 2109 2528 2175 praprium
2572 2122 2652 2166 est
2685 2115 2884 2179 piorum
2911 2159 2924 2182 ,
2979 2119 3064 2185 qui
3116 2119 3194 2172 sic
3242 2135 3336 2172 au-

1775 2190 1927 2245 dittnt
1955 2193 2022 2248 de
2044 2193 2407 2252 lncarnatione
2435 2200 2571 2266 ejus,
2589 2212 2642 2256 ut
2668 2204 2884 2258 credant
2907 2208 3028 2272 quia
3053 2207 3214 2262 Filius
3240 2207 3333 2264 Dei

147 2267 214 2367 est
238 2259 744 2367 C?illi.il0’li9fiﬁcal.'e
769 2260 1016 2367 Patrem...
1040 2260 1144 2361 nisi
1183 2259 1321 2329 quod
1361 2259 1674 2367 .lli‘lbcat‘Fi‘
1775 2290 1875 2346 est,
1910 2281 1959 2336 id
1990 2293 2092 2367 est,
2144 2291 2221 2340 sic
2258 2303 2378 2342 eum
2430 2259 2647 2359 propter
2683 2309 2743 2349 se
2797 2259 2994 2350 factum
3045 2259 3330 2367 accipin—oi,

147 2346 291 2400 lium?
333 2349 480 2404 Aliud
514 2359 594 2405 est
625 2351 766 2404 enim
799 2365 917 2403 cum
962 2350 1053 2403 tibi
1099 2349 1494 2403 commendatur
1537 2348 1674 2403 Deus
1776 2370 2032 2424 minorem
2075 2346 2232 2428 inﬂue
2263 2375 2314 2428 in
2361 2346 3329 2454 iu;,,,,',,,,.i,'m'gagnﬁigi';

146 2439 248 2506 quia
269 2439 396 2495 Dens
416 2449 530 2505 est,
555 2449 608 2494 et
633 2440 942 2545 aliud‘cum
974 2441 1493 2545 tibicommcndainr
1538 2441 1674 2545 Deus
1775 2461 1946 2527 qua“,
1975 2471 2055 2514 εει
2080 2461 2220 2518 pair;
2261 2464 2313 2519 in
2348 2467 2515 2522 roma
2550 2470 2658 2525 Dei,
2702 2439 2768 2526 ει
2813 2473 2934 2529 ideo
2975 2439 3228 2545 “quiiur,
3258 2439 3328 2534 Vg.

149 2534 248 2599 quia
277 2532 419 2585 Pater
442 2541 544 2588 est.
589 2532 722 2585 Cum
755 2531 844 2586 tibi
887 2533 1007 2600 quia
1051 2531 1188 2585 Deus
1216 2540 1297 2584 est
1326 2531 1673 2584 commenda-
1777 2552 1876 2608 hoc
1897 2554 2065 2623 ipsum
2094 2559 2474 2616 commendans
2497 2562 2621 2617 dici;
2651 2579 2666 2618 ε

149 2633 234 2686 tur,
262 2635 456 2683 creator
477 2626 568 2679 tibi
595 2626 1018 2690 commendatur,
1048 2627 1383 2693 omnipotens
1410 2624 1501 2677 tibi
1524 2637 1671 2677 com-

148 2715 408 2782 mendatur,
434 2717 654 2785 spiritus
682 2716 896 2785 quidam
927 2729 1186 2778 summus,
1233 2723 1486 2780 aeternus,
1530 2713 1670 2767 invi-

149 2804 306 2869 sibilis,
337 2805 778 2860 ineommatabilis
820 2803 917 2859 tibi
943 2804 1361 2859 commendatur.
1392 2802 1520 2858 Cum
1545 2819 1671 2859 vero

151 2894 225 2947 tibi
271 2897 378 2962 quia
425 2882 583 2950 Pater
625 2905 708 2950 est
749 2895 1172 2960 commendatur,
1221 2895 1349 2947 nihil
1391 2896 1480 2950 tibi
1529 2896 1669 2950 aliud

149 2998 278 3050 quam
305 2994 353 3038 et
389 2984 552 3040 Filius
573 2984 996 3051 commendatur,
1047 2985 1166 3052 quia
1208 2982 1366 3038 Pater
1409 2984 1508 3039 dici
1563 3000 1666 3039 non

149 3085 294 3144 potest
327 3074 370 3131 si
394 3074 580 3130 Filium
611 3089 716 3129 non
747 3073 934 3140 habet;
971 3074 1107 3166 sicut
1149 3088 1246 3128 nec
1275 3073 1467 3166 Filius,
1497 3075 1541 3166 si
1572 3073 1668 3126 Pa-
1694 3102 1743 3166 ρ

150 3177 259 3222 trem
280 3183 375 3222 non
405 3169 583 3222 habet.
613 3165 718 3223 Sed
747 3181 813 3221 ne
841 3166 978 3220 forte
1014 3163 1221 3221 Patrem
1258 3165 1468 3233 quidem
1498 3165 1667 3219 hono-

150 3257 298 3312 rilices
331 3266 572 3327 tanquam
603 3258 882 3325 majorem,
920 3256 1106 3309 Filium
1137 3270 1263 3311 vero
1285 3265 1531 3322 tanquam
1575 3256 1672 3308 mi-

151 3366 326 3414 norem,
351 3359 404 3402 ut
429 3349 574 3402 dicas
600 3347 730 3402 mihi
762 3365 775 3400 :
806 3346 1107 3402 Honorilico
1133 3345 1365 3411 Patrem,
1395 3347 1508 3400 scio
1529 3348 1668 3400 enim

149 3443 263 3510 quod
294 3441 474 3497 habeat
517 3441 706 3495 Filium
758 3447 812 3495 et
841 3455 944 3494 non
973 3453 1092 3494 erro
1137 3440 1188 3493 in
1231 3438 1399 3493 Patris
1434 3440 1668 3504 nomine,

151 3547 235 3584 non
261 3530 386 3585 enim
425 3531 632 3584 Patrem
667 3529 903 3597 intelligo
933 3528 1047 3581 sine
1079 3526 1232 3591 Filio,
1267 3527 1560 3582 honorifico
1592 3539 1668 3581 ta-

150 3634 249 3672 men
267 3627 314 3672 et
336 3619 518 3673 Filium
544 3628 793 3687 tanquam
822 3618 1100 3682 minorem,
1124 3617 1336 3686 corrigit
1360 3624 1412 3670 te
1440 3617 1552 3684 ipse
1578 3616 1666 3670 Fi-

150 3709 249 3773 lius,
284 3719 331 3764 et
373 3717 585 3763 revocat
623 3718 692 3773 te,
745 3707 925 3760 dicens
948 3724 973 3759 ι.
1015 3705 1079 3759 Ut
1120 3721 1293 3759 omnes
1339 3705 1669 3771 honoriﬁcent

151 3797 334 3867 Filium,
375 3815 475 3854 non
507 3797 760 3863 inferius,
792 3797 883 3852 sed
914 3799 1041 3850 sicut
1068 3797 1405 3864 honori/irent
1439 3795 1664 3850 Patrem.

152 3887 234 3953 Qui
258 3906 364 3959 ergo
387 3906 486 3944 nan
515 3890 816 3956 honori/ictu
846 3887 1039 3941 Filium
1061 3928 1074 3952 ,
1110 3903 1200 3941 nec
1226 3885 1432 3939 Patrem
1462 3885 1670 3938 honori-

150 3980 247 4044 ﬁcat
270 3982 347 4048 qui
371 3983 500 4035 misit
524 3982 691 4034 illum.
724 3979 857 4048 Ego,
882 3979 1056 4046 inquis
1081 4020 1095 4045 ,
1127 3978 1378 4047 majorem
1411 3977 1665 4034 honorem

150 4072 248 4123 vola
272 4071 385 4126 dare
419 4071 586 4132 Patri,
619 4071 881 4125 minorem
925 4069 1078 4122 Filio.
1123 4066 1195 4122 lbi
1240 4069 1378 4122 tollis
1410 4068 1664 4123 honorem

1835 4053 1900 4106 Et
1927 4054 2062 4108 dedit
2092 4055 2137 4109 ei
2171 4063 2463 4123 potestatem
2487 4058 2742 4127 judicium
2774 4059 2960 4126 facere,
3010 4059 3127 4126 quia
3159 4057 3325 4110 Filius

150 4160 286 4228 ρεπεν
312 4164 391 4217 ubi
422 4165 681 4217 minomm
728 4160 826 4215 du
854 4159 1005 4214 Fiiio.
1049 4158 1182 4225 Quid
1215 4159 1358 4213 enim
1387 4159 1483 4213 sibi
1524 4159 1664 4214 aiiud
1767 4142 1985 4196 hominis
2038 4154 2130 4196 est.
2183 4144 2315 4198 Puto
2363 4144 2487 4198 nihil
2518 4161 2637 4199 esse
2668 4146 3018 4201 manifestius.
3047 4145 3175 4201 Nam
3207 4149 3326 4216 quia

152 4254 240 4305 vult
267 4253 351 4309 ista
381 4255 633 4308 sententia
655 4292 670 4315 ,
697 4251 801 4306 nisi
831 4251 950 4319 quia
984 4250 1140 4305 Pater
1165 4250 1422 4319 aequalem
1453 4250 1551 4304 sibi
1579 4249 1667 4304 Fi-

1780 4235 1932 4290 Filius
1965 4236 2055 4290 Dei
2086 4247 2165 4292 est
2189 4239 2405 4308 aequalis
2442 4240 2616 4305 Patri,
2662 4257 2763 4296 non
2795 4243 2983 4311 accipit
3014 4243 3145 4297 hanc
3173 4253 3322 4309 pote-

152 4342 254 4392 imm
277 4356 516 4410 generare
547 4348 636 4394 aut
677 4341 864 4404 minii,
894 4347 984 4392 aui
1015 4353 1118 4393 ηοη
1161 4339 1361 4407 pomi”
1389 4339 1441 4394 Si
1475 4339 1657 4403 ηοιυίι⁹
1763 4336 1951 4382 statam
1978 4327 2232 4396 judicium
2280 4330 2519 4395 faciendi,
2548 4332 2638 4385 sed
2671 4331 2828 4387 habet
2856 4334 2991 4387 illam
3017 4350 3136 4388 cum
3170 4335 3323 4390 Patre

151 4430 330 4494 invidit;
376 4431 416 4484 si
447 4444 546 4484 non
577 4430 774 4497 potuit,
804 4429 1017 4483 defecit.
1063 4428 1175 4482 Non
1208 4444 1332 4496 ergo
1364 4429 1510 4482 vides
1538 4429 1657 4497 quia
1686 4444 1738 4506 ο
1764 4419 1815 4472 in
1843 4419 2067 4475 occulto.
2100 4421 2302 4488 Accipit
2332 4435 2504 4478 autem
2531 4423 2694 4489 illam,
2724 4435 2779 4478 ut
2823 4425 2944 4479 boui
2975 4437 3026 4479 et
3047 4427 3166 4480 mali
3197 4442 3319 4479 eum

150 4518 206 4571 ii,
250 4521 602 4574 δευιίεηάυτητ
657 4519 753 4575 [ibi
800 4519 1056 4589 majorem
1110 4517 1363 4573 honorem
1410 4521 1538 4575 dare
1581 4523 1660 4575 τίς,
1766 4511 1978 4566 videant
2019 4513 2363 4582 iudicantem,
2421 4517 2540 4582 quia
2574 4517 2738 4571 FL-lius
2785 4518 3010 4572 hominis
3039 4528 3138 4571 est.
3178 4518 3320 4571 Visio

154 4610 300 4675 Patri,
333 4613 394 4665 ibi
419 4628 474 4667 es
503 4613 914 4666 Contumeliosus
957 4611 1007 4664 in
1041 4611 1271 4665 Patrem.
1322 4613 1544 4666 Proinde
1585 4615 1661 4667 sic

1780 4604 1954 4672 iuippe
1985 4605 2100 4658 Filii
2134 4606 2360 4661 hominis
2382 4607 2714 4662 exhibebitur
2739 4620 2791 4663 et
2822 4610 2991 4663 malis.
3018 4611 3150 4664 Nam
3183 4612 3316 4664 visio

153 4699 398 4754 lmnorilica
431 4702 652 4765 Filium,
687 4703 952 4771 quomodo
985 4698 1301 4757 h‘onoriiicas
1345 4703 1571 4758 Patrem.
1605 4705 1660 4759 Si

1780 4696 1942 4748 'ormte
1972 4695 2086 4760 Dei,
2118 4713 2220 4750 non
2274 4697 2370 4750 nisi
2420 4696 2626 4752 mundis
2655 4700 2812 4753 corde
2842 4701 2981 4769 (quia
3025 4702 3119 4769 ipsi
3149 4702 3312 4758 Deum

153 4789 233 4850 τῇς,
263 4790 524 4847 honoriﬁca
550 4804 602 4847 ει
633 4793 816 4846 [cuium
851 4803 902 4847 ei
937 4795 1165 4849 panem.
1760 4786 2009 4839 videbunt
2029 4784 2239 4858 {Matt/t.
2271 4785 2347 4857 vj)
2375 4787 2423 4841 id
2455 4799 2534 4842 est
2560 4791 2683 4844 solis
2707 4791 2802 4859 piis
2819 4773 3315 4861 exhibebitur,‘quo-

214 4886 339 4935 Απιεη
363 4903 499 4939 mm
524 4887 634 4939 dico
660 4888 815 4950 υοινίε,
838 4889 956 4955 quia
987 4891 1070 4957 qui
1094 4894 1290 4943 verbum
1317 4906 1474 4942 meum
1497 4891 1658 4955 σκιάει,
1759 4892 1875 4931 rum
1906 4877 2172 4932 dilectioni
2211 4879 2309 4932 hoc
2352 4881 2520 4948 ipsum
2576 4882 2848 4949 promittit,
2901 4885 3019 4950 quia
3070 4887 3314 4938 ostendet

154 4982 189 5021 et
212 4976 343 5027 credit
371 4977 412 5029 ei
455 4981 536 5046 qui
567 4981 700 5032 misit
725 4998 822 5042 me,
871 4982 1014 5034 habet
1048 4985 1196 5036 vitam
1225 4994 1463 5037 internum
1488 5002 1504 5047 ;
1533 4995 1577 5036 et
1609 4987 1659 5038 ."n

1780 4968 1994 5035 ieipsum
2049 4970 2168 5022 illis.
2226 4969 2291 5022 Et
2322 4970 2439 5024 ideo
2490 4973 2608 5027 vide
2655 4974 2776 5042 quid
2832 4976 3107 5043 sequitur:
3145 4976 3314 5030 Nolite

152 5064 357 5131 judicium
403 5085 496 5121 non
535 5073 688 5136 venit,
745 5073 832 5126 sed
881 5075 1102 5130 transiit.
1138 5075 1248 5129 Non
1282 5092 1421 5132 nunc
1452 5078 1654 5144 transit,

1780 5060 1936 5112 nirari
1977 5060 2088 5126 hoc,
2147 5061 2334 5130 inquit.
2383 5063 2515 5127 Quid
2546 5078 2642 5119 nos
2671 5065 2911 5132 prohibet
2957 5068 3155 5136 mirari,
3214 5070 3313 5123 nisi

154 5153 228 5203 scd
249 5154 338 5219 jam
369 5160 562 5214 transiit
593 5176 620 5212 a
651 5174 823 5216 morte
851 5179 900 5216 tn
932 5166 1112 5217 vitam.
1146 5166 1207 5220 Et
1241 5167 1338 5222 hoc
1366 5169 1618 5222 attendite
1645 5188 1655 5220 :
1763 5151 1892 5205 Ῑηυά
1914 5151 2054 5220 (ἰυοά
2090 5166 2270 5206 Γενεΐθ
2299 5155 2552 5209 miram“?
2574 5156 2596 5209 ἳ
2621 5155 2803 5209 θωυίε
2831 5156 2919 5225 (Ιιιί
2953 5157 3216 5226 ἱηιθυῖείι,
3259 5169 3314 5213 υι

158 5245 235 5307 Qui
255 5249 434 5303 ταὺηιη
457 5269 617 5306 meum
646 5254 1046 5326 audi-“eumn
1075 5259 1229 5322 dim.
1270 5258 1452 5314 cred].
1505 5262 1654 5331 mihi,
1760 5242 1934 5304 video,
1971 5258 2072 5295 non
2120 5242 2318 5298 diceret
2373 5245 2576 5299 Patrem
2640 5245 2850 5301 dedisse
2902 5246 2947 5300 ei
3004 5259 3313 5315 potestatem

155 5338 406 5406 “diuidi,
433 5346 470 5396 ei
497 5346 585 5415 qui
609 5348 743 5399 mi,“
774 5363 872 5403 me.
899 5349 1126 5404 verbum
1153 5366 1279 5421 ergo
1311 5352 1425 5406 irim
1458 5354 1655 5420 audi-ai,
1755 5331 2010 5401 judicium
2057 5333 2248 5400 facere,
2289 5335 2534 5401 quoniam
2567 5335 2728 5390 Filius
2777 5338 3004 5393 hominis
3046 5349 3146 5400 est,
3193 5355 3312 5393 cum

157 5436 198 5477 ul
225 5427 339 5483 Patri
365 5436 552 5492 credat.
595 5438 769 5505 Quare
799 5440 1014 5495 verbum
1046 5443 1192 5496 audit
1221 5455 1386 5510 tuum,
1417 5455 1470 5500 et
1491 5447 1660 5501 credit
1761 5429 1928 5492 magis
1960 5425 2059 5479 "0°
2086 5437 2480 5493 θιδνθθίπυίυτ
2526 5439 2579 5480 υί
2619 5430 2906 5492 dicerem“
2943 5432 3186 5498 Ψ¹⁰¹¹ί³¹¹¹
3228 5431 3311 5484 Fi'

155 5518 505 5580 atiefnxonne
537 5545 658 5582 cum
691 5531 910 5585 viii-bum
947 5533 1171 5602 II“cuius
1195 5537 1460 5600 audimus,
1486 5540 1656 5593 eidem
1763 5517 1862 5571 lius
1907 5517 1999 5572 Dei
2024 5527 2133 5581 est;
2167 5521 2254 5572 sed
2287 5520 2404 5588 quia
2437 5521 2621 5574 Filium
2655 5523 2742 5575 Dei
2772 5523 3060 5578 secundum
3092 5524 3141 5578 id
3170 5526 3308 5594 quod

157 5613 338 5670 Verbum
383 5620 656 5686 prorem,“
689 5625 991 5680 credimus?
1021 5629 1252 5697 ioquemi
1302 5631 1456 5684 nobis
1501 5631 1656 5686 iidem
1762 5608 1813 5661 in
1858 5608 2025 5662 forma
2076 5608 2166 5663 Dei
2211 5609 2428 5679 aequalis
2456 5622 2534 5664 est
2566 5613 2704 5665 Patri
2759 5613 2939 5667 videre
2988 5613 3150 5681 iniqui
3205 5631 3309 5670 non

156 5712 607 5772 accommodamus?
636 5716 772 5784 Quid
822 5733 945 5784 emo
975 5721 1138 5777 νοιυη
1168 5721 1379 5779 dicere:
1410 5719 1509 5785 Qui
1548 5741 1653 5778 ρετ,
1761 5711 1998 5770 possunt,
2034 5711 2236 5769 oportet
2269 5712 2439 5758 autem
2473 5717 2524 5759 ut
2564 5704 2794 5771 judicem
2825 5709 3061 5762 vivorum
3090 5716 3140 5761 at
3170 5720 3308 5762 mot-

1846 2669 1992 2724 Sicut
2048 2672 2180 2726 enim
2239 2672 2394 2729 Pater
2440 2677 2585 2732 liabet
2635 2681 2787 2734 vitam
2832 2698 2883 2736 in
2931 2683 3213 2753 semetipso.
3263 2686 3333 2736 ita

1775 2759 1914 2813 dedit
1944 2771 1988 2814 et
2015 2759 2154 2817 Filio
2181 2765 2328 2818 vitam
2373 2767 2553 2821 habere
2602 2770 2653 2821 in
2702 2773 2986 2841 semetipso.
3026 2773 3175 2839 Quod
3206 2788 3336 2841 ergo

1774 2848 1870 2918 ait,
1922 2852 2059 2905 dedit
2109 2851 2250 2908 Filio
2282 2857 2428 2910 vitam
2476 2858 2660 2914 habere
2688 2861 2739 2913 in
2769 2865 3052 2928 semetipso,
3106 2864 3334 2918 breviter

1772 2940 1929 3009 dicat,
1965 2941 2152 2998 Genuit
2184 2944 2366 3000 Filium
2403 2949 2559 3002 vitam
2600 2949 2651 3003 in
2700 2965 2757 3005 se
2788 2951 3091 3008 habentem.
3151 2952 3335 3023 Neque

1773 3033 1913 3086 enim
1943 3045 2058 3087 erat
2103 3036 2217 3089 sine
2260 3039 2391 3101 vita,
2419 3049 2471 3093 et
2499 3041 2700 3110 accepit
2728 3043 2907 3106 vitam,
2941 3043 3034 3098 sed
3067 3043 3333 3098 nascendo

1775 3122 1880 3176 vita
1934 3130 2034 3177 est.
2077 3123 2230 3180 Pater
2281 3129 2387 3182 vita
2438 3142 2517 3184 est
2556 3143 2608 3186 et
2660 3149 2765 3188 non
2823 3135 3111 3200 nascendo,
3144 3134 3335 3190 ‘Filius

1772 3216 1879 3268 vita
1911 3217 2195 3271 nascendo.
2226 3218 2379 3276 Pater
2410 3223 2478 3276 de
2505 3223 2650 3278 nullo
2699 3235 2866 3293 patre,
2900 3225 3057 3280 Filius
3105 3226 3171 3280 de
3222 3227 3332 3280 Deo

1773 3305 1944 3358 Patre.
1977 3304 2134 3362 Pater
2176 3321 2391 3378 propter
2421 3311 2607 3368 Filium
2636 3323 2738 3382 est,
2766 3315 2928 3370 Filius
2959 3330 3084 3369 vero
3112 3323 3168 3368 et
3187 3316 3326 3383 quod

1772 3393 1934 3449 Filius
1961 3406 2065 3462 est,
2101 3409 2316 3466 propter
2353 3400 2560 3457 Patrem
2608 3413 2705 3468 est,
2738 3415 2790 3458 et
2811 3407 2948 3472 quod
2979 3415 3081 3472 est,
3114 3421 3141 3459 a
3177 3408 3330 3460 Patre

1763 3483 1868 3541 est.
1922 3488 2033 3542 Hoc
2083 3504 2211 3559 ergo
2240 3491 2414 3546 dixit:
2451 3495 2602 3546 vitam
2655 3495 2793 3547 dedit
2834 3493 2994 3561 Filio,
3043 3506 3100 3551 ut
3153 3499 3330 3554 habeat

1768 3593 1879 3631 eam
1908 3579 1959 3633 in
1985 3581 2269 3647 semetipso,
2317 3593 2558 3651 tanquam
2603 3584 2805 3640 diceret
2838 3603 2850 3638 :
2883 3587 3055 3652 Pater,
3107 3591 3196 3657 qui
3247 3599 3329 3644 est

1769 3670 1876 3724 vita
1902 3671 1953 3726 in
1985 3673 2296 3742 semetipso,
2326 3675 2506 3744 genuit
2551 3674 2767 3741 Filium,
2819 3679 2906 3744 qui
2935 3687 3018 3731 est
3052 3688 3105 3733 et
3138 3681 3244 3732 vita
3276 3680 3326 3734 in

1767 3761 2074 3828 semetipso.
2108 3761 2211 3817 Pro
2237 3778 2300 3817 eo
2331 3764 2472 3817 enim
2502 3765 2641 3830 quod
2671 3765 2863 3835 genuit,
2913 3767 3078 3819 voluit
3107 3767 3326 3838 intelligi

1767 3848 1922 3916 dedit,
1947 3861 2190 3919 tanquam
2220 3854 2266 3907 si
2294 3854 2535 3925 cuiquam
2561 3855 2879 3925 diceremus,
2909 3857 3044 3911 dedit
3072 3857 3160 3911 tibi
3191 3859 3326 3912 Deus

1765 3956 1891 3995 esse.
1923 3943 2173 4012 Sequitur
2196 3945 2334 3998 enim
2366 3957 2417 3998 et
2443 3945 2572 4000 dicit
2605 3965 2618 4000 :
