  <div class='ocr_page' id='page_1' title='image "/cluster/home/n/w/nwhite01/storage/ocr_20150623/92-93/uva.x000827076/357.png"; bbox 0 0 3822 6226; ppageno 0'>
   <div class='ocr_carea' id='block_1_1' title="bbox 482 318 586 376">
    <p class='ocr_par' dir='ltr' id='par_1_1' title="bbox 482 318 586 376">
     <span class='ocr_line' id='line_1_1' title="bbox 482 318 586 376; baseline 0.038 -4"><span class='ocrx_word' id='word_1_1' title='bbox 482 318 586 376; x_wconf 62' lang='grc' dir='ltr'><strong>(μω</strong></span> 
     </span>
    </p>
   </div>
   <div class='ocr_carea' id='block_1_2' title="bbox 901 304 3306 372">
    <p class='ocr_par' dir='ltr' id='par_1_2' title="bbox 901 304 3306 372">
     <span class='ocr_line' id='line_1_2' title="bbox 901 304 3306 372; baseline -0.006 0"><span class='ocrx_word' id='word_1_2' title='bbox 901 317 1102 372; x_wconf 67' lang='lat' dir='ltr'><strong>BEDE</strong></span> <span class='ocrx_word' id='word_1_3' title='bbox 1145 313 1591 370; x_wconf 73' lang='lat' dir='ltr'><strong>VENERADILIS</strong></span> <span class='ocrx_word' id='word_1_4' title='bbox 1627 312 1776 366; x_wconf 77' lang='lat' dir='ltr'><strong>OPP.</strong></span> <span class='ocrx_word' id='word_1_5' title='bbox 1819 305 1993 363; x_wconf 79' lang='lat' dir='ltr'><strong>PARS</strong></span> <span class='ocrx_word' id='word_1_6' title='bbox 2030 304 2096 361; x_wconf 84' lang='grc' dir='ltr'><strong>ΙΙ.</strong></span> <span class='ocrx_word' id='word_1_7' title='bbox 2133 307 2324 364; x_wconf 63' lang='grc' dir='ltr'><strong>θεοῖ.</strong></span> <span class='ocrx_word' id='word_1_8' title='bbox 2365 308 2403 362; x_wconf 92' lang='grc' dir='ltr'><strong>Ι.</strong></span> <span class='ocrx_word' id='word_1_9' title='bbox 2443 339 2510 351; x_wconf 88' lang='grc'><strong>-</strong></span> <span class='ocrx_word' id='word_1_10' title='bbox 2551 309 2942 365; x_wconf 74' lang='lat' dir='ltr'><strong>EXECETICA</strong></span> <span class='ocrx_word' id='word_1_11' title='bbox 2978 305 3306 361; x_wconf 71' lang='lat' dir='ltr'><strong>GENUINA.</strong></span> 
     </span>
    </p>
   </div>
   <div class='ocr_carea' id='block_1_3' title="bbox 3582 305 3674 360">
    <p class='ocr_par' dir='ltr' id='par_1_3' title="bbox 3582 305 3674 360">
     <span class='ocr_line' id='line_1_3' title="bbox 3582 305 3674 360; baseline 0.011 -2"><span class='ocrx_word' id='word_1_12' title='bbox 3582 305 3674 360; x_wconf 84' lang='lat'><strong>700</strong></span> 
     </span>
    </p>
   </div>
   <div class='ocr_carea' id='block_1_4' title="bbox 489 417 3676 496">
    <p class='ocr_par' dir='ltr' id='par_1_4' title="bbox 489 417 3676 496">
     <span class='ocr_line' id='line_1_4' title="bbox 489 417 3676 496; baseline -0.004 -10"><span class='ocrx_word' id='word_1_13' title='bbox 489 442 719 493; x_wconf 89' lang='lat' dir='ltr'><strong>tuorum,</strong></span> <span class='ocrx_word' id='word_1_14' title='bbox 750 443 872 490; x_wconf 76' lang='lat' dir='ltr'><strong>cum</strong></span> <span class='ocrx_word' id='word_1_15' title='bbox 895 443 1071 484; x_wconf 85' lang='lat' dir='ltr'><strong>coram</strong></span> <span class='ocrx_word' id='word_1_16' title='bbox 1108 427 1505 496; x_wconf 84' lang='lat' dir='ltr'><strong>judicabuntur,</strong></span> <span class='ocrx_word' id='word_1_17' title='bbox 1545 434 1598 481; x_wconf 87' lang='lat' dir='ltr'><strong>et</strong></span> <span class='ocrx_word' id='word_1_18' title='bbox 1636 425 1765 494; x_wconf 85' lang='lat' dir='ltr'><strong>justi</strong></span> <span class='ocrx_word' id='word_1_19' title='bbox 1807 423 2032 484; x_wconf 85' lang='lat' dir='ltr'><strong>videant,</strong></span> <span class='ocrx_word' id='word_1_20' title='bbox 2063 419 2112 476; x_wconf 81' lang='grc' dir='ltr'><strong>Δ</strong></span> <span class='ocrx_word' id='word_1_21' title='bbox 2139 419 2413 486; x_wconf 72' lang='lat' dir='ltr'><strong>apparebit</strong></span> <span class='ocrx_word' id='word_1_22' title='bbox 2437 420 2623 489; x_wconf 82' lang='lat' dir='ltr'><strong>judex,</strong></span> <span class='ocrx_word' id='word_1_23' title='bbox 2647 421 2816 491; x_wconf 81' lang='lat' dir='ltr'><strong>qualis</strong></span> <span class='ocrx_word' id='word_1_24' title='bbox 2847 419 3011 474; x_wconf 84' lang='lat' dir='ltr'><strong>videri</strong></span> <span class='ocrx_word' id='word_1_25' title='bbox 3054 417 3225 486; x_wconf 85' lang='lat' dir='ltr'><strong>possit</strong></span> <span class='ocrx_word' id='word_1_26' title='bbox 3248 426 3306 472; x_wconf 88' lang='lat' dir='ltr'><strong>et</strong></span> <span class='ocrx_word' id='word_1_27' title='bbox 3347 417 3416 471; x_wconf 88' lang='lat' dir='ltr'><strong>ab</strong></span> <span class='ocrx_word' id='word_1_28' title='bbox 3461 420 3534 474; x_wconf 84' lang='lat' dir='ltr'><strong>eis</strong></span> <span class='ocrx_word' id='word_1_29' title='bbox 3557 435 3676 489; x_wconf 83' lang='lat' dir='ltr'><strong>quos</strong></span> 
     </span>
    </p>
   </div>
   <div class='ocr_carea' id='block_1_5' title="bbox 485 522 747 589">
    <p class='ocr_par' dir='ltr' id='par_1_5' title="bbox 485 522 747 589">
     <span class='ocr_line' id='line_1_5' title="bbox 485 522 747 589; baseline -0.011 -12"><span class='ocrx_word' id='word_1_30' title='bbox 485 530 542 577; x_wconf 78' lang='lat' dir='ltr'><strong>ot</strong></span> <span class='ocrx_word' id='word_1_31' title='bbox 565 522 747 589; x_wconf 67' lang='lat' dir='ltr'><strong>iniqui.</strong></span> 
     </span>
    </p>
   </div>
   <div class='ocr_carea' id='block_1_6' title="bbox 564 606 2034 678">
    <p class='ocr_par' dir='ltr' id='par_1_6' title="bbox 564 606 2034 678">
     <span class='ocr_line' id='line_1_6' title="bbox 564 606 2034 678; baseline -0.003 -15"><span class='ocrx_word' id='word_1_32' title='bbox 564 609 758 673; x_wconf 82' lang='lat' dir='ltr'><strong>Nolite,</strong></span> <span class='ocrx_word' id='word_1_33' title='bbox 791 609 981 678; x_wconf 86' lang='lat' dir='ltr'><strong>inquit,</strong></span> <span class='ocrx_word' id='word_1_34' title='bbox 1008 610 1102 664; x_wconf 73' lang='lat' dir='ltr'><strong>hoc</strong></span> <span class='ocrx_word' id='word_1_35' title='bbox 1127 608 1326 675; x_wconf 77' lang='lat' dir='ltr'><strong>mirari,</strong></span> <span class='ocrx_word' id='word_1_36' title='bbox 1372 609 1606 677; x_wconf 79' lang='lat' dir='ltr'><strong>quoniam</strong></span> <span class='ocrx_word' id='word_1_37' title='bbox 1647 608 1804 660; x_wconf 85' lang='lat' dir='ltr'><strong><em>veniet</em></strong></span> <span class='ocrx_word' id='word_1_38' title='bbox 1832 606 1955 660; x_wconf 79' lang='lat' dir='ltr'><strong>hora</strong></span> <span class='ocrx_word' id='word_1_39' title='bbox 1983 606 2034 659; x_wconf 84' lang='lat' dir='ltr'><strong>in</strong></span> 
     </span>
    </p>
   </div>
   <div class='ocr_carea' id='block_1_7' title="bbox 485 700 2034 769">
    <p class='ocr_par' dir='ltr' id='par_1_7' title="bbox 485 700 2034 769">
     <span class='ocr_line' id='line_1_7' title="bbox 485 700 2034 769; baseline -0.002 -16"><span class='ocrx_word' id='word_1_40' title='bbox 485 717 585 766; x_wconf 89' lang='lat' dir='ltr'><strong>qua</strong></span> <span class='ocrx_word' id='word_1_41' title='bbox 613 717 782 754; x_wconf 84' lang='lat' dir='ltr'><strong>omnes</strong></span> <span class='ocrx_word' id='word_1_42' title='bbox 826 702 912 769; x_wconf 80' lang='lat' dir='ltr'><strong>qui</strong></span> <span class='ocrx_word' id='word_1_43' title='bbox 958 704 1011 753; x_wconf 80' lang='lat' dir='ltr'><strong>in</strong></span> <span class='ocrx_word' id='word_1_44' title='bbox 1063 702 1392 754; x_wconf 84' lang='lat' dir='ltr'><strong>monumentis</strong></span> <span class='ocrx_word' id='word_1_45' title='bbox 1447 709 1563 753; x_wconf 85' lang='lat' dir='ltr'><strong>sunt</strong></span> <span class='ocrx_word' id='word_1_46' title='bbox 1615 700 1818 752; x_wconf 76' lang='lat' dir='ltr'><strong>audient</strong></span> <span class='ocrx_word' id='word_1_47' title='bbox 1867 712 2034 750; x_wconf 80' lang='lat' dir='ltr'><strong>vocem</strong></span> 
     </span>
    </p>
   </div>
   <div class='ocr_carea' id='block_1_8' title="bbox 487 791 2035 861">
    <p class='ocr_par' dir='ltr' id='par_1_8' title="bbox 487 791 2035 861">
     <span class='ocr_line' id='line_1_8' title="bbox 487 791 2035 861; baseline -0.003 -15"><span class='ocrx_word' id='word_1_48' title='bbox 487 797 628 861; x_wconf 85' lang='lat' dir='ltr'><strong>ejus;</strong></span> <span class='ocrx_word' id='word_1_49' title='bbox 657 804 701 844; x_wconf 87' lang='lat' dir='ltr'><strong><em>et</em></strong></span> <span class='ocrx_word' id='word_1_50' title='bbox 724 793 987 858; x_wconf 76' lang='lat' dir='ltr'><strong>precedent</strong></span> <span class='ocrx_word' id='word_1_51' title='bbox 1009 792 1095 860; x_wconf 88' lang='lat' dir='ltr'><strong>qui</strong></span> <span class='ocrx_word' id='word_1_52' title='bbox 1121 793 1249 844; x_wconf 83' lang='lat' dir='ltr'><strong>bona</strong></span> <span class='ocrx_word' id='word_1_53' title='bbox 1289 802 1512 861; x_wconf 80' lang='lat' dir='ltr'><strong>egerunt,</strong></span> <span class='ocrx_word' id='word_1_54' title='bbox 1539 792 1590 844; x_wconf 84' lang='lat' dir='ltr'><strong>iu</strong></span> <span class='ocrx_word' id='word_1_55' title='bbox 1629 791 2035 844; x_wconf 72' lang='lat' dir='ltr'><strong>resurrectionem</strong></span> 
     </span>
    </p>
   </div>
   <div class='ocr_carea' id='block_1_9' title="bbox 493 878 2034 952">
    <p class='ocr_par' dir='ltr' id='par_1_9' title="bbox 493 878 2034 952">
     <span class='ocr_line' id='line_1_9' title="bbox 493 878 2034 952; baseline -0.002 -17"><span class='ocrx_word' id='word_1_56' title='bbox 493 885 637 937; x_wconf 76' lang='lat' dir='ltr'><strong>ritte:</strong></span> <span class='ocrx_word' id='word_1_57' title='bbox 669 885 750 949; x_wconf 81' lang='lat' dir='ltr'><strong>qui</strong></span> <span class='ocrx_word' id='word_1_58' title='bbox 792 883 922 934; x_wconf 85' lang='lat' dir='ltr'><strong>mola</strong></span> <span class='ocrx_word' id='word_1_59' title='bbox 965 893 1238 952; x_wconf 78' lang='lat' dir='ltr'><strong>gesserunt,</strong></span> <span class='ocrx_word' id='word_1_60' title='bbox 1286 884 1336 935; x_wconf 85' lang='lat' dir='ltr'><strong>in</strong></span> <span class='ocrx_word' id='word_1_61' title='bbox 1390 881 1796 935; x_wconf 69' lang='lat' dir='ltr'><strong>resurrectionem</strong></span> <span class='ocrx_word' id='word_1_62' title='bbox 1830 878 2034 949; x_wconf 79' lang='lat' dir='ltr'><strong>judicii.</strong></span> 
     </span>
    </p>
   </div>
   <div class='ocr_carea' id='block_1_10' title="bbox 492 971 2035 1041">
    <p class='ocr_par' dir='ltr' id='par_1_10' title="bbox 492 971 2035 1041">
     <span class='ocr_line' id='line_1_10' title="bbox 492 971 2035 1041; baseline -0.004 -14"><span class='ocrx_word' id='word_1_63' title='bbox 492 977 570 1027; x_wconf 82' lang='lat' dir='ltr'><strong>Ad</strong></span> <span class='ocrx_word' id='word_1_64' title='bbox 604 975 702 1026; x_wconf 90' lang='lat' dir='ltr'><strong>hoc</strong></span> <span class='ocrx_word' id='word_1_65' title='bbox 730 989 855 1041; x_wconf 88' lang='lat' dir='ltr'><strong>ergo</strong></span> <span class='ocrx_word' id='word_1_66' title='bbox 882 976 1156 1041; x_wconf 82' lang='lat' dir='ltr'><strong>oportebat</strong></span> <span class='ocrx_word' id='word_1_67' title='bbox 1201 982 1258 1026; x_wconf 89' lang='lat' dir='ltr'><strong>ut</strong></span> <span class='ocrx_word' id='word_1_68' title='bbox 1303 973 1420 1028; x_wconf 89' lang='lat' dir='ltr'><strong>ideo</strong></span> <span class='ocrx_word' id='word_1_69' title='bbox 1467 973 1728 1041; x_wconf 83' lang='lat' dir='ltr'><strong>acciperet</strong></span> <span class='ocrx_word' id='word_1_70' title='bbox 1765 971 1906 1024; x_wconf 81' lang='lat' dir='ltr'><strong>illam</strong></span> <span class='ocrx_word' id='word_1_71' title='bbox 1939 984 2035 1036; x_wconf 88' lang='lat' dir='ltr'><strong>po-</strong></span> 
     </span>
    </p>
   </div>
   <div class='ocr_carea' id='block_1_11' title="bbox 491 1063 2036 1132">
    <p class='ocr_par' dir='ltr' id='par_1_11' title="bbox 491 1063 2036 1132">
     <span class='ocr_line' id='line_1_11' title="bbox 491 1063 2036 1132; baseline -0.003 -15"><span class='ocrx_word' id='word_1_72' title='bbox 491 1072 759 1129; x_wconf 88' lang='lat' dir='ltr'><strong>testatem,</strong></span> <span class='ocrx_word' id='word_1_73' title='bbox 807 1064 929 1132; x_wconf 70' lang='lat' dir='ltr'><strong>quia</strong></span> <span class='ocrx_word' id='word_1_74' title='bbox 974 1064 1134 1120; x_wconf 82' lang='lat' dir='ltr'><strong>Filius</strong></span> <span class='ocrx_word' id='word_1_75' title='bbox 1180 1063 1407 1117; x_wconf 84' lang='lat' dir='ltr'><strong>hominis</strong></span> <span class='ocrx_word' id='word_1_76' title='bbox 1456 1073 1554 1126; x_wconf 88' lang='lat' dir='ltr'><strong>est,</strong></span> <span class='ocrx_word' id='word_1_77' title='bbox 1601 1072 1657 1115; x_wconf 90' lang='lat' dir='ltr'><strong>ut</strong></span> <span class='ocrx_word' id='word_1_78' title='bbox 1704 1066 2036 1127; x_wconf 74' lang='lat' dir='ltr'><strong>resurgentes</strong></span> 
     </span>
    </p>
   </div>
   <div class='ocr_carea' id='block_1_12' title="bbox 491 1148 2038 1220">
    <p class='ocr_par' dir='ltr' id='par_1_12' title="bbox 491 1148 2038 1220">
     <span class='ocr_line' id='line_1_12' title="bbox 491 1148 2038 1220; baseline -0.003 -14"><span class='ocrx_word' id='word_1_79' title='bbox 491 1167 676 1207; x_wconf 85' lang='lat' dir='ltr'><strong>omnes</strong></span> <span class='ocrx_word' id='word_1_80' title='bbox 705 1152 944 1206; x_wconf 90' lang='lat' dir='ltr'><strong>viderent</strong></span> <span class='ocrx_word' id='word_1_81' title='bbox 972 1168 1092 1206; x_wconf 87' lang='lat' dir='ltr'><strong>eum</strong></span> <span class='ocrx_word' id='word_1_82' title='bbox 1113 1153 1162 1204; x_wconf 89' lang='lat' dir='ltr'><strong>in</strong></span> <span class='ocrx_word' id='word_1_83' title='bbox 1192 1153 1355 1206; x_wconf 68' lang='lat' dir='ltr'><strong>forma</strong></span> <span class='ocrx_word' id='word_1_84' title='bbox 1385 1152 1434 1206; x_wconf 92' lang='lat' dir='ltr'><strong>in</strong></span> <span class='ocrx_word' id='word_1_85' title='bbox 1460 1166 1561 1220; x_wconf 88' lang='lat' dir='ltr'><strong>qua</strong></span> <span class='ocrx_word' id='word_1_86' title='bbox 1593 1151 1753 1204; x_wconf 82' lang='lat' dir='ltr'><strong>videri</strong></span> <span class='ocrx_word' id='word_1_87' title='bbox 1783 1150 1846 1202; x_wconf 82' lang='lat' dir='ltr'><strong>ab</strong></span> <span class='ocrx_word' id='word_1_88' title='bbox 1877 1148 2038 1201; x_wconf 84' lang='lat' dir='ltr'><strong>omni-</strong></span> 
     </span>
    </p>
   </div>
   <div class='ocr_carea' id='block_1_13' title="bbox 495 1239 2035 1307">
    <p class='ocr_par' dir='ltr' id='par_1_13' title="bbox 495 1239 2035 1307">
     <span class='ocr_line' id='line_1_13' title="bbox 495 1239 2035 1307; baseline -0.001 -13"><span class='ocrx_word' id='word_1_89' title='bbox 495 1242 594 1295; x_wconf 89' lang='lat' dir='ltr'><strong>bus</strong></span> <span class='ocrx_word' id='word_1_90' title='bbox 625 1252 813 1307; x_wconf 79' lang='lat' dir='ltr'><strong>potest,</strong></span> <span class='ocrx_word' id='word_1_91' title='bbox 855 1244 943 1296; x_wconf 89' lang='lat' dir='ltr'><strong>sed</strong></span> <span class='ocrx_word' id='word_1_92' title='bbox 978 1246 1063 1299; x_wconf 95' lang='lat' dir='ltr'><strong>alii</strong></span> <span class='ocrx_word' id='word_1_93' title='bbox 1105 1243 1167 1297; x_wconf 90' lang='lat' dir='ltr'><strong>ad</strong></span> <span class='ocrx_word' id='word_1_94' title='bbox 1194 1243 1604 1305; x_wconf 73' lang='lat' dir='ltr'><strong>damnationem,</strong></span> <span class='ocrx_word' id='word_1_95' title='bbox 1636 1241 1724 1295; x_wconf 76' lang='lat' dir='ltr'><strong>alii</strong></span> <span class='ocrx_word' id='word_1_96' title='bbox 1772 1241 1836 1294; x_wconf 89' lang='lat' dir='ltr'><strong>ad</strong></span> <span class='ocrx_word' id='word_1_97' title='bbox 1878 1239 2035 1294; x_wconf 83' lang='lat' dir='ltr'><strong>vitam</strong></span> 
     </span>
    </p>
   </div>
   <div class='ocr_carea' id='block_1_14' title="bbox 495 1329 2039 1398">
    <p class='ocr_par' dir='ltr' id='par_1_14' title="bbox 495 1329 2039 1398">
     <span class='ocr_line' id='line_1_14' title="bbox 495 1329 2039 1398; baseline -0.003 -13"><span class='ocrx_word' id='word_1_98' title='bbox 495 1342 769 1386; x_wconf 73' lang='lat' dir='ltr'><strong>mternam.</strong></span> <span class='ocrx_word' id='word_1_99' title='bbox 803 1333 930 1397; x_wconf 64' lang='lat' dir='ltr'><strong>Quae</strong></span> <span class='ocrx_word' id='word_1_100' title='bbox 952 1341 1034 1389; x_wconf 84' lang='lat' dir='ltr'><strong>est</strong></span> <span class='ocrx_word' id='word_1_101' title='bbox 1071 1342 1241 1388; x_wconf 86' lang='lat' dir='ltr'><strong>autem</strong></span> <span class='ocrx_word' id='word_1_102' title='bbox 1271 1333 1369 1384; x_wconf 84' lang='lat' dir='ltr'><strong>vita</strong></span> <span class='ocrx_word' id='word_1_103' title='bbox 1394 1343 1610 1398; x_wconf 69' lang='lat' dir='ltr'><strong>aeterna,</strong></span> <span class='ocrx_word' id='word_1_104' title='bbox 1661 1331 1758 1382; x_wconf 85' lang='lat' dir='ltr'><strong>nisi</strong></span> <span class='ocrx_word' id='word_1_105' title='bbox 1790 1329 1874 1383; x_wconf 89' lang='lat' dir='ltr'><strong>illa</strong></span> <span class='ocrx_word' id='word_1_106' title='bbox 1908 1330 2039 1383; x_wconf 83' lang='lat' dir='ltr'><strong>visio</strong></span> 
     </span>
    </p>
   </div>
   <div class='ocr_carea' id='block_1_15' title="bbox 495 1420 2037 1492">
    <p class='ocr_par' dir='ltr' id='par_1_15' title="bbox 495 1420 2037 1492">
     <span class='ocr_line' id='line_1_15' title="bbox 495 1420 2037 1492; baseline -0.002 -18"><span class='ocrx_word' id='word_1_107' title='bbox 495 1437 610 1490; x_wconf 74' lang='lat' dir='ltr'><strong>qua:</strong></span> <span class='ocrx_word' id='word_1_108' title='bbox 641 1437 742 1478; x_wconf 91' lang='lat' dir='ltr'><strong>non</strong></span> <span class='ocrx_word' id='word_1_109' title='bbox 769 1423 1073 1478; x_wconf 75' lang='lat' dir='ltr'><strong>conceditur</strong></span> <span class='ocrx_word' id='word_1_110' title='bbox 1103 1423 1311 1488; x_wconf 77' lang='lat' dir='ltr'><strong>impiis?</strong></span> <span class='ocrx_word' id='word_1_111' title='bbox 1337 1422 1403 1476; x_wconf 83' lang='lat' dir='ltr'><strong>Ut</strong></span> <span class='ocrx_word' id='word_1_112' title='bbox 1433 1431 1734 1492; x_wconf 71' lang='lat' dir='ltr'><strong>cognoscant</strong></span> <span class='ocrx_word' id='word_1_113' title='bbox 1759 1431 1826 1485; x_wconf 91' lang='lat' dir='ltr'><strong>te,</strong></span> <span class='ocrx_word' id='word_1_114' title='bbox 1851 1420 2037 1487; x_wconf 89' lang='lat' dir='ltr'><strong>inquit,</strong></span> 
     </span>
    </p>
   </div>
   <div class='ocr_carea' id='block_1_16' title="bbox 491 1510 2040 1581">
    <p class='ocr_par' dir='ltr' id='par_1_16' title="bbox 491 1510 2040 1581">
     <span class='ocr_line' id='line_1_16' title="bbox 491 1510 2040 1581; baseline -0.001 -18"><span class='ocrx_word' id='word_1_115' title='bbox 491 1529 648 1565; x_wconf 85' lang='lat' dir='ltr'><strong>unum</strong></span> <span class='ocrx_word' id='word_1_116' title='bbox 675 1529 840 1566; x_wconf 71' lang='lat' dir='ltr'><strong><em>verum</em></strong></span> <span class='ocrx_word' id='word_1_117' title='bbox 873 1511 1052 1579; x_wconf 87' lang='lat' dir='ltr'><strong>Deum,</strong></span> <span class='ocrx_word' id='word_1_118' title='bbox 1095 1522 1142 1566; x_wconf 85' lang='lat' dir='ltr'><strong><em>et</em></strong></span> <span class='ocrx_word' id='word_1_119' title='bbox 1172 1529 1317 1581; x_wconf 82' lang='lat' dir='ltr'><strong>quem</strong></span> <span class='ocrx_word' id='word_1_120' title='bbox 1340 1514 1518 1566; x_wconf 83' lang='lat' dir='ltr'><strong>misisti</strong></span> <span class='ocrx_word' id='word_1_121' title='bbox 1571 1512 1749 1565; x_wconf 80' lang='lat' dir='ltr'><strong>Jesum</strong></span> <span class='ocrx_word' id='word_1_122' title='bbox 1787 1510 2040 1566; x_wconf 83' lang='lat' dir='ltr'><strong>Christum</strong></span> 
     </span>
    </p>
   </div>
   <div class='ocr_carea' id='block_1_17' title="bbox 496 1598 2037 1670">
    <p class='ocr_par' dir='ltr' id='par_1_17' title="bbox 496 1598 2037 1670">
     <span class='ocr_line' id='line_1_17' title="bbox 496 1598 2037 1670; baseline -0.001 -17"><span class='ocrx_word' id='word_1_123' title='bbox 496 1598 672 1669; x_wconf 84' lang='lat' dir='ltr'><strong>(Joan.</strong></span> <span class='ocrx_word' id='word_1_124' title='bbox 697 1605 845 1668; x_wconf 79' lang='lat' dir='ltr'><strong>xvu).</strong></span> <span class='ocrx_word' id='word_1_125' title='bbox 871 1602 974 1658; x_wconf 81' lang='lat' dir='ltr'><strong>Nisi</strong></span> <span class='ocrx_word' id='word_1_126' title='bbox 998 1602 1433 1670; x_wconf 81' lang='lat' dir='ltr'><strong>quemadmodum</strong></span> <span class='ocrx_word' id='word_1_127' title='bbox 1459 1616 1622 1655; x_wconf 91' lang='lat' dir='ltr'><strong>unum</strong></span> <span class='ocrx_word' id='word_1_128' title='bbox 1653 1615 1830 1655; x_wconf 88' lang='lat' dir='ltr'><strong>verum</strong></span> <span class='ocrx_word' id='word_1_129' title='bbox 1856 1599 2037 1660; x_wconf 83' lang='lat' dir='ltr'><strong>Deum,</strong></span> 
     </span>
    </p>
   </div>
   <div class='ocr_carea' id='block_1_18' title="bbox 493 1691 2040 1762">
    <p class='ocr_par' dir='ltr' id='par_1_18' title="bbox 493 1691 2040 1762">
     <span class='ocr_line' id='line_1_18' title="bbox 493 1691 2040 1762; baseline 0.001 -19"><span class='ocrx_word' id='word_1_130' title='bbox 493 1691 581 1758; x_wconf 87' lang='lat' dir='ltr'><strong>qui</strong></span> <span class='ocrx_word' id='word_1_131' title='bbox 613 1692 838 1748; x_wconf 84' lang='lat' dir='ltr'><strong>ostendit</strong></span> <span class='ocrx_word' id='word_1_132' title='bbox 860 1692 1090 1762; x_wconf 85' lang='lat' dir='ltr'><strong>seipsum</strong></span> <span class='ocrx_word' id='word_1_133' title='bbox 1117 1693 1240 1758; x_wconf 87' lang='lat' dir='ltr'><strong>illis,</strong></span> <span class='ocrx_word' id='word_1_134' title='bbox 1289 1708 1390 1746; x_wconf 91' lang='lat' dir='ltr'><strong>non</strong></span> <span class='ocrx_word' id='word_1_135' title='bbox 1417 1693 1677 1761; x_wconf 79' lang='lat' dir='ltr'><strong>quomodo</strong></span> <span class='ocrx_word' id='word_1_136' title='bbox 1717 1691 2040 1748; x_wconf 85' lang='lat' dir='ltr'><strong>seostendet</strong></span> 
     </span>
    </p>
   </div>
   <div class='ocr_carea' id='block_1_19' title="bbox 492 1783 2035 1852">
    <p class='ocr_par' dir='ltr' id='par_1_19' title="bbox 492 1783 2035 1852">
     <span class='ocr_line' id='line_1_19' title="bbox 492 1783 2035 1852; baseline 0.004 -16"><span class='ocrx_word' id='word_1_137' title='bbox 492 1784 650 1836; x_wconf 74' lang='lat' dir='ltr'><strong>etiam</strong></span> <span class='ocrx_word' id='word_1_138' title='bbox 681 1783 978 1851; x_wconf 87' lang='lat' dir='ltr'><strong>puniendis.</strong></span> <span class='ocrx_word' id='word_1_139' title='bbox 1012 1784 1062 1838; x_wconf 91' lang='lat' dir='ltr'><strong>In</strong></span> <span class='ocrx_word' id='word_1_140' title='bbox 1096 1785 1260 1839; x_wconf 77' lang='lat' dir='ltr'><strong>forma</strong></span> <span class='ocrx_word' id='word_1_141' title='bbox 1289 1785 1402 1839; x_wconf 86' lang='lat' dir='ltr'><strong>Filii</strong></span> <span class='ocrx_word' id='word_1_142' title='bbox 1445 1785 1694 1852; x_wconf 87' lang='lat' dir='ltr'><strong>hominis,</strong></span> <span class='ocrx_word' id='word_1_143' title='bbox 1745 1786 2035 1842; x_wconf 79' lang='lat' dir='ltr'><strong>secundum</strong></span> 
     </span>
    </p>
   </div>
   <div class='ocr_carea' id='block_1_20' title="bbox 493 1875 2035 1943">
    <p class='ocr_par' dir='ltr' id='par_1_20' title="bbox 493 1875 2035 1943">
     <span class='ocr_line' id='line_1_20' title="bbox 493 1875 2035 1943; baseline 0.002 -15"><span class='ocrx_word' id='word_1_144' title='bbox 493 1875 638 1928; x_wconf 82' lang='lat' dir='ltr'><strong>illam</strong></span> <span class='ocrx_word' id='word_1_145' title='bbox 669 1875 924 1929; x_wconf 81' lang='lat' dir='ltr'><strong>visionem</strong></span> <span class='ocrx_word' id='word_1_146' title='bbox 959 1875 1123 1929; x_wconf 88' lang='lat' dir='ltr'><strong>bonus</strong></span> <span class='ocrx_word' id='word_1_147' title='bbox 1154 1886 1252 1942; x_wconf 79' lang='lat' dir='ltr'><strong>est,</strong></span> <span class='ocrx_word' id='word_1_148' title='bbox 1296 1891 1450 1943; x_wconf 89' lang='lat' dir='ltr'><strong>quam</strong></span> <span class='ocrx_word' id='word_1_149' title='bbox 1495 1878 1748 1933; x_wconf 86' lang='lat' dir='ltr'><strong>visionem</strong></span> <span class='ocrx_word' id='word_1_150' title='bbox 1781 1878 1916 1931; x_wconf 86' lang='lat' dir='ltr'><strong>Deus</strong></span> <span class='ocrx_word' id='word_1_151' title='bbox 1940 1891 2035 1943; x_wconf 89' lang='lat' dir='ltr'><strong>ap-</strong></span> 
     </span>
    </p>
   </div>
   <div class='ocr_carea' id='block_1_21' title="bbox 497 1966 2038 2035">
    <p class='ocr_par' dir='ltr' id='par_1_21' title="bbox 497 1966 2038 2035">
     <span class='ocr_line' id='line_1_21' title="bbox 497 1966 2038 2035; baseline 0.001 -14"><span class='ocrx_word' id='word_1_152' title='bbox 497 1982 684 2033; x_wconf 80' lang='lat' dir='ltr'><strong>parens</strong></span> <span class='ocrx_word' id='word_1_153' title='bbox 711 1966 932 2025; x_wconf 79' lang='lat' dir='ltr'><strong>exhibet</strong></span> <span class='ocrx_word' id='word_1_154' title='bbox 973 1967 1180 2020; x_wconf 87' lang='lat' dir='ltr'><strong>mundis</strong></span> <span class='ocrx_word' id='word_1_155' title='bbox 1205 1968 1386 2032; x_wconf 81' lang='lat' dir='ltr'><strong>cordc,</strong></span> <span class='ocrx_word' id='word_1_156' title='bbox 1436 1971 1679 2035; x_wconf 82' lang='lat' dir='ltr'><strong>quoniam</strong></span> <span class='ocrx_word' id='word_1_157' title='bbox 1710 1985 1859 2035; x_wconf 78' lang='lat' dir='ltr'><strong>quam</strong></span> <span class='ocrx_word' id='word_1_158' title='bbox 1883 1968 2038 2022; x_wconf 71' lang='lat' dir='ltr'><strong>bonus</strong></span> 
     </span>
    </p>
   </div>
   <div class='ocr_carea' id='block_1_22' title="bbox 495 2055 2038 2129">
    <p class='ocr_par' dir='ltr' id='par_1_22' title="bbox 495 2055 2038 2129">
     <span class='ocr_line' id='line_1_22' title="bbox 495 2055 2038 2129; baseline 0.005 -21"><span class='ocrx_word' id='word_1_159' title='bbox 495 2055 632 2108; x_wconf 83' lang='lat' dir='ltr'><strong>Deus</strong></span> <span class='ocrx_word' id='word_1_160' title='bbox 665 2056 837 2129; x_wconf 80' lang='lat' dir='ltr'><strong>Israel</strong></span> <span class='ocrx_word' id='word_1_161' title='bbox 869 2059 1014 2112; x_wconf 83' lang='lat' dir='ltr'><strong>rectis</strong></span> <span class='ocrx_word' id='word_1_162' title='bbox 1042 2059 1189 2111; x_wconf 84' lang='lat' dir='ltr'><strong>corde</strong></span> <span class='ocrx_word' id='word_1_163' title='bbox 1219 2057 1388 2126; x_wconf 85' lang='lat' dir='ltr'><strong>(Psat.</strong></span> <span class='ocrx_word' id='word_1_164' title='bbox 1429 2060 1565 2127; x_wconf 75' lang='lat' dir='ltr'><strong>ut).</strong></span> <span class='ocrx_word' id='word_1_165' title='bbox 1607 2060 1825 2124; x_wconf 85' lang='lat' dir='ltr'><strong>Quando</strong></span> <span class='ocrx_word' id='word_1_166' title='bbox 1867 2069 2038 2116; x_wconf 83' lang='lat' dir='ltr'><strong>autem</strong></span> 
     </span>
    </p>
   </div>
   <div class='ocr_carea' id='block_1_23' title="bbox 491 2145 2039 2217">
    <p class='ocr_par' dir='ltr' id='par_1_23' title="bbox 491 2145 2039 2217">
     <span class='ocr_line' id='line_1_23' title="bbox 491 2145 2039 2217; baseline 0.002 -18"><span class='ocrx_word' id='word_1_167' title='bbox 491 2148 720 2216; x_wconf 80' lang='lat' dir='ltr'><strong>judicent</strong></span> <span class='ocrx_word' id='word_1_168' title='bbox 779 2149 1029 2204; x_wconf 87' lang='lat' dir='ltr'><strong>videbunt</strong></span> <span class='ocrx_word' id='word_1_169' title='bbox 1087 2151 1232 2212; x_wconf 89' lang='lat' dir='ltr'><strong>mali,</strong></span> <span class='ocrx_word' id='word_1_170' title='bbox 1274 2165 1377 2217; x_wconf 85' lang='lat' dir='ltr'><strong>non</strong></span> <span class='ocrx_word' id='word_1_171' title='bbox 1424 2150 1500 2203; x_wconf 80' lang='lat' dir='ltr'><strong>cis</strong></span> <span class='ocrx_word' id='word_1_172' title='bbox 1552 2145 1808 2204; x_wconf 60' lang='lat' dir='ltr'><strong>Videbitur</strong></span> <span class='ocrx_word' id='word_1_173' title='bbox 1851 2151 2039 2213; x_wconf 86' lang='lat' dir='ltr'><strong>bonus,</strong></span> 
     </span>
    </p>
   </div>
   <div class='ocr_carea' id='block_1_24' title="bbox 495 2237 2040 2307">
    <p class='ocr_par' dir='ltr' id='par_1_24' title="bbox 495 2237 2040 2307">
     <span class='ocr_line' id='line_1_24' title="bbox 495 2237 2040 2307; baseline 0.004 -18"><span class='ocrx_word' id='word_1_174' title='bbox 495 2239 615 2306; x_wconf 84' lang='lat' dir='ltr'><strong>quia</strong></span> <span class='ocrx_word' id='word_1_175' title='bbox 667 2252 768 2291; x_wconf 91' lang='lat' dir='ltr'><strong>non</strong></span> <span class='ocrx_word' id='word_1_176' title='bbox 808 2237 872 2290; x_wconf 90' lang='lat' dir='ltr'><strong>ad</strong></span> <span class='ocrx_word' id='word_1_177' title='bbox 920 2240 1385 2307; x_wconf 85' lang='lat' dir='ltr'><strong>eum_gaudebuut</strong></span> <span class='ocrx_word' id='word_1_178' title='bbox 1426 2239 1605 2304; x_wconf 87' lang='lat' dir='ltr'><strong>corde,</strong></span> <span class='ocrx_word' id='word_1_179' title='bbox 1652 2241 1744 2293; x_wconf 85' lang='lat' dir='ltr'><strong>sed</strong></span> <span class='ocrx_word' id='word_1_180' title='bbox 1803 2246 1926 2292; x_wconf 85' lang='lat' dir='ltr'><strong>tunc</strong></span> <span class='ocrx_word' id='word_1_181' title='bbox 1982 2254 2040 2295; x_wconf 83' lang='lat' dir='ltr'><strong>se</strong></span> 
     </span>
    </p>
   </div>
   <div class='ocr_carea' id='block_1_25' title="bbox 500 2327 2039 2401">
    <p class='ocr_par' dir='ltr' id='par_1_25' title="bbox 500 2327 2039 2401">
     <span class='ocr_line' id='line_1_25' title="bbox 500 2327 2039 2401; baseline 0.004 -22"><span class='ocrx_word' id='word_1_182' title='bbox 500 2327 741 2396; x_wconf 88' lang='lat' dir='ltr'><strong>plangent</strong></span> <span class='ocrx_word' id='word_1_183' title='bbox 785 2340 972 2387; x_wconf 84' lang='lat' dir='ltr'><strong>omnes</strong></span> <span class='ocrx_word' id='word_1_184' title='bbox 999 2329 1165 2382; x_wconf 90' lang='lat' dir='ltr'><strong>tribus</strong></span> <span class='ocrx_word' id='word_1_185' title='bbox 1197 2339 1350 2384; x_wconf 70' lang='lat' dir='ltr'><strong>terras</strong></span> <span class='ocrx_word' id='word_1_186' title='bbox 1380 2329 1591 2401; x_wconf 76' lang='lat' dir='ltr'><strong>(Matth.</strong></span> <span class='ocrx_word' id='word_1_187' title='bbox 1639 2331 1804 2397; x_wconf 78' lang='lat' dir='ltr'><strong>sstv),</strong></span> <span class='ocrx_word' id='word_1_188' title='bbox 1850 2331 1901 2384; x_wconf 91' lang='lat' dir='ltr'><strong>in</strong></span> <span class='ocrx_word' id='word_1_189' title='bbox 1944 2347 2039 2385; x_wconf 87' lang='lat' dir='ltr'><strong>nu-</strong></span> 
     </span>
    </p>
   </div>
   <div class='ocr_carea' id='block_1_26' title="bbox 499 2418 2045 2486">
    <p class='ocr_par' dir='ltr' id='par_1_26' title="bbox 499 2418 2045 2486">
     <span class='ocr_line' id='line_1_26' title="bbox 499 2418 2045 2486; baseline 0.003 -16"><span class='ocrx_word' id='word_1_190' title='bbox 499 2432 647 2471; x_wconf 89' lang='lat' dir='ltr'><strong>mero</strong></span> <span class='ocrx_word' id='word_1_191' title='bbox 678 2418 854 2486; x_wconf 87' lang='lat' dir='ltr'><strong>utique</strong></span> <span class='ocrx_word' id='word_1_192' title='bbox 885 2419 1137 2472; x_wconf 86' lang='lat' dir='ltr'><strong>malorum</strong></span> <span class='ocrx_word' id='word_1_193' title='bbox 1169 2418 1440 2474; x_wconf 83' lang='lat' dir='ltr'><strong>hominum</strong></span> <span class='ocrx_word' id='word_1_194' title='bbox 1471 2429 1524 2473; x_wconf 88' lang='lat' dir='ltr'><strong>et</strong></span> <span class='ocrx_word' id='word_1_195' title='bbox 1568 2419 1876 2473; x_wconf 80' lang='lat' dir='ltr'><strong>inﬁdelium.</strong></span> <span class='ocrx_word' id='word_1_196' title='bbox 1915 2421 2045 2475; x_wconf 82' lang='lat' dir='ltr'><strong>Pro-</strong></span> 
     </span>
    </p>
   </div>
   <div class='ocr_carea' id='block_1_27' title="bbox 503 2507 2041 2578">
    <p class='ocr_par' dir='ltr' id='par_1_27' title="bbox 503 2507 2041 2578">
     <span class='ocr_line' id='line_1_27' title="bbox 503 2507 2041 2578; baseline 0.003 -18"><span class='ocrx_word' id='word_1_197' title='bbox 503 2517 618 2576; x_wconf 87' lang='lat' dir='ltr'><strong>pter</strong></span> <span class='ocrx_word' id='word_1_198' title='bbox 681 2507 781 2562; x_wconf 87' lang='lat' dir='ltr'><strong>boc</strong></span> <span class='ocrx_word' id='word_1_199' title='bbox 830 2508 986 2562; x_wconf 88' lang='lat' dir='ltr'><strong>etiam</strong></span> <span class='ocrx_word' id='word_1_200' title='bbox 1046 2507 1116 2561; x_wconf 87' lang='lat' dir='ltr'><strong>illi</strong></span> <span class='ocrx_word' id='word_1_201' title='bbox 1169 2510 1258 2578; x_wconf 90' lang='lat' dir='ltr'><strong>qui</strong></span> <span class='ocrx_word' id='word_1_202' title='bbox 1310 2524 1430 2563; x_wconf 88' lang='lat' dir='ltr'><strong>eum</strong></span> <span class='ocrx_word' id='word_1_203' title='bbox 1475 2511 1685 2564; x_wconf 84' lang='lat' dir='ltr'><strong>dixerat</strong></span> <span class='ocrx_word' id='word_1_204' title='bbox 1733 2511 2041 2578; x_wconf 85' lang='lat' dir='ltr'><strong>magistrum</strong></span> 
     </span>
    </p>
   </div>
   <div class='ocr_carea' id='block_1_28' title="bbox 501 2598 2041 2668">
    <p class='ocr_par' dir='ltr' id='par_1_28' title="bbox 501 2598 2041 2668">
     <span class='ocr_line' id='line_1_28' title="bbox 501 2598 2041 2668; baseline 0.004 -18"><span class='ocrx_word' id='word_1_205' title='bbox 501 2599 712 2660; x_wconf 85' lang='lat' dir='ltr'><strong>bonum,</strong></span> <span class='ocrx_word' id='word_1_206' title='bbox 743 2611 982 2667; x_wconf 62' lang='lat' dir='ltr'><strong>quaerens</strong></span> <span class='ocrx_word' id='word_1_207' title='bbox 1008 2598 1072 2650; x_wconf 88' lang='lat' dir='ltr'><strong>ab</strong></span> <span class='ocrx_word' id='word_1_208' title='bbox 1102 2615 1165 2650; x_wconf 89' lang='lat' dir='ltr'><strong>eo</strong></span> <span class='ocrx_word' id='word_1_209' title='bbox 1204 2600 1479 2653; x_wconf 87' lang='lat' dir='ltr'><strong>consilium</strong></span> <span class='ocrx_word' id='word_1_210' title='bbox 1509 2603 1891 2668; x_wconf 76' lang='lat' dir='ltr'><strong>consequendte</strong></span> <span class='ocrx_word' id='word_1_211' title='bbox 1922 2602 2041 2656; x_wconf 67' lang='lat' dir='ltr'><strong>vitae</strong></span> 
     </span>
    </p>
   </div>
   <div class='ocr_carea' id='block_1_29' title="bbox 498 2689 2041 2761">
    <p class='ocr_par' dir='ltr' id='par_1_29' title="bbox 498 2689 2041 2761">
     <span class='ocr_line' id='line_1_29' title="bbox 498 2689 2041 2761; baseline 0.004 -22"><span class='ocrx_word' id='word_1_212' title='bbox 498 2696 730 2752; x_wconf 61' lang='lat' dir='ltr'><strong>alterum,</strong></span> <span class='ocrx_word' id='word_1_213' title='bbox 780 2689 1046 2756; x_wconf 59' lang='lat' dir='ltr'><strong>respondit</strong></span> <span class='ocrx_word' id='word_1_214' title='bbox 1075 2708 1086 2740; x_wconf 91' lang='lat'>:</span> <span class='ocrx_word' id='word_1_215' title='bbox 1124 2689 1256 2754; x_wconf 78' lang='lat' dir='ltr'><strong>Quid</strong></span> <span class='ocrx_word' id='word_1_216' title='bbox 1288 2692 1563 2761; x_wconf 69' lang='lat' dir='ltr'><strong>interreges</strong></span> <span class='ocrx_word' id='word_1_217' title='bbox 1594 2693 1652 2744; x_wconf 91' lang='lat' dir='ltr'><strong>de</strong></span> <span class='ocrx_word' id='word_1_218' title='bbox 1676 2691 1848 2745; x_wconf 84' lang='lat' dir='ltr'><strong>bono?</strong></span> <span class='ocrx_word' id='word_1_219' title='bbox 1878 2692 2041 2746; x_wconf 72' lang='lat' dir='ltr'><strong>Nemo</strong></span> 
     </span>
    </p>
   </div>
   <div class='ocr_carea' id='block_1_30' title="bbox 502 2776 2039 2848">
    <p class='ocr_par' dir='ltr' id='par_1_30' title="bbox 502 2776 2039 2848">
     <span class='ocr_line' id='line_1_30' title="bbox 502 2776 2039 2848; baseline 0.005 -21"><span class='ocrx_word' id='word_1_220' title='bbox 502 2777 659 2828; x_wconf 70' lang='lat' dir='ltr'><strong>bonus</strong></span> <span class='ocrx_word' id='word_1_221' title='bbox 704 2777 801 2829; x_wconf 81' lang='lat' dir='ltr'><strong>nisi</strong></span> <span class='ocrx_word' id='word_1_222' title='bbox 830 2793 957 2830; x_wconf 87' lang='lat' dir='ltr'><strong>unus</strong></span> <span class='ocrx_word' id='word_1_223' title='bbox 987 2776 1119 2831; x_wconf 87' lang='lat' dir='ltr'><strong>Deus</strong></span> <span class='ocrx_word' id='word_1_224' title='bbox 1167 2779 1352 2848; x_wconf 72' lang='lat' dir='ltr'><strong>(Marc.</strong></span> <span class='ocrx_word' id='word_1_225' title='bbox 1396 2781 1470 2846; x_wconf 68' lang='grc' dir='ltr'><strong>κ).</strong></span> <span class='ocrx_word' id='word_1_226' title='bbox 1514 2781 1641 2834; x_wconf 91' lang='lat' dir='ltr'><strong>Cum</strong></span> <span class='ocrx_word' id='word_1_227' title='bbox 1687 2792 1737 2834; x_wconf 90' lang='lat' dir='ltr'><strong>et</strong></span> <span class='ocrx_word' id='word_1_228' title='bbox 1781 2782 2039 2835; x_wconf 83' lang='lat' dir='ltr'><strong>hominem</strong></span> 
     </span>
    </p>
   </div>
   <div class='ocr_carea' id='block_1_31' title="bbox 505 2865 2041 2938">
    <p class='ocr_par' dir='ltr' id='par_1_31' title="bbox 505 2865 2041 2938">
     <span class='ocr_line' id='line_1_31' title="bbox 505 2865 2041 2938; baseline 0.004 -22"><span class='ocrx_word' id='word_1_229' title='bbox 505 2866 608 2917; x_wconf 83' lang='lat' dir='ltr'><strong>alio</strong></span> <span class='ocrx_word' id='word_1_230' title='bbox 640 2865 755 2918; x_wconf 88' lang='lat' dir='ltr'><strong>loco</strong></span> <span class='ocrx_word' id='word_1_231' title='bbox 784 2865 925 2919; x_wconf 87' lang='lat' dir='ltr'><strong>dicat</strong></span> <span class='ocrx_word' id='word_1_232' title='bbox 966 2866 1156 2921; x_wconf 89' lang='lat' dir='ltr'><strong>bonum</strong></span> <span class='ocrx_word' id='word_1_233' title='bbox 1188 2869 1299 2936; x_wconf 85' lang='lat' dir='ltr'><strong>ipse</strong></span> <span class='ocrx_word' id='word_1_234' title='bbox 1330 2870 1599 2923; x_wconf 85' lang='lat' dir='ltr'><strong>Dominus.</strong></span> <span class='ocrx_word' id='word_1_235' title='bbox 1648 2870 1821 2925; x_wconf 84' lang='lat' dir='ltr'><strong>Bonus</strong></span> <span class='ocrx_word' id='word_1_236' title='bbox 1873 2872 2041 2938; x_wconf 79' lang='lat' dir='ltr'><strong>homo,</strong></span> 
     </span>
    </p>
   </div>
   <div class='ocr_carea' id='block_1_32' title="bbox 497 2957 2042 3028">
    <p class='ocr_par' dir='ltr' id='par_1_32' title="bbox 497 2957 2042 3028">
     <span class='ocr_line' id='line_1_32' title="bbox 497 2957 2042 3028; baseline 0.004 -19"><span class='ocrx_word' id='word_1_237' title='bbox 497 2957 684 3024; x_wconf 89' lang='lat' dir='ltr'><strong>inquit,</strong></span> <span class='ocrx_word' id='word_1_238' title='bbox 731 2960 791 3011; x_wconf 89' lang='lat' dir='ltr'><strong>de</strong></span> <span class='ocrx_word' id='word_1_239' title='bbox 822 2959 945 3011; x_wconf 82' lang='lat' dir='ltr'><strong>bona</strong></span> <span class='ocrx_word' id='word_1_240' title='bbox 993 2960 1222 3012; x_wconf 73' lang='lat' dir='ltr'><strong>thesauro</strong></span> <span class='ocrx_word' id='word_1_241' title='bbox 1269 2961 1430 3014; x_wconf 86' lang='lat' dir='ltr'><strong>cordis</strong></span> <span class='ocrx_word' id='word_1_242' title='bbox 1460 2963 1539 3013; x_wconf 83' lang='lat' dir='ltr'><strong>sui</strong></span> <span class='ocrx_word' id='word_1_243' title='bbox 1586 2963 1773 3028; x_wconf 78' lang='lat' dir='ltr'><strong>profert</strong></span> <span class='ocrx_word' id='word_1_244' title='bbox 1802 2963 1950 3028; x_wconf 80' lang='lat' dir='ltr'><strong>bona,</strong></span> <span class='ocrx_word' id='word_1_245' title='bbox 1999 2971 2042 3017; x_wconf 82' lang='lat' dir='ltr'><strong><em>et</em></strong></span> 
     </span>
    </p>
   </div>
   <div class='ocr_carea' id='block_1_33' title="bbox 498 3047 2044 3121">
    <p class='ocr_par' dir='ltr' id='par_1_33' title="bbox 498 3047 2044 3121">
     <span class='ocr_line' id='line_1_33' title="bbox 498 3047 2044 3121; baseline 0.006 -24"><span class='ocrx_word' id='word_1_246' title='bbox 498 3047 659 3101; x_wconf 81' lang='lat' dir='ltr'><strong>malus</strong></span> <span class='ocrx_word' id='word_1_247' title='bbox 689 3049 836 3101; x_wconf 78' lang='lat' dir='ltr'><strong>homo</strong></span> <span class='ocrx_word' id='word_1_248' title='bbox 868 3052 929 3102; x_wconf 85' lang='lat' dir='ltr'><strong><em>de</em></strong></span> <span class='ocrx_word' id='word_1_249' title='bbox 958 3050 1091 3102; x_wconf 90' lang='lat' dir='ltr'><strong>malo</strong></span> <span class='ocrx_word' id='word_1_250' title='bbox 1132 3052 1362 3104; x_wconf 67' lang='lat' dir='ltr'><strong>thesauro</strong></span> <span class='ocrx_word' id='word_1_251' title='bbox 1393 3054 1556 3104; x_wconf 66' lang='lat' dir='ltr'><strong>cordis</strong></span> <span class='ocrx_word' id='word_1_252' title='bbox 1587 3056 1664 3105; x_wconf 87' lang='lat' dir='ltr'><strong>sui</strong></span> <span class='ocrx_word' id='word_1_253' title='bbox 1692 3056 1877 3121; x_wconf 75' lang='lat' dir='ltr'><strong>profert</strong></span> <span class='ocrx_word' id='word_1_254' title='bbox 1910 3057 2044 3107; x_wconf 84' lang='lat' dir='ltr'><strong>mala</strong></span> 
     </span>
    </p>
   </div>
   <div class='ocr_carea' id='block_1_34' title="bbox 504 3137 2045 3214">
    <p class='ocr_par' dir='ltr' id='par_1_34' title="bbox 504 3137 2045 3214">
     <span class='ocr_line' id='line_1_34' title="bbox 504 3137 2045 3214; baseline 0.006 -26"><span class='ocrx_word' id='word_1_255' title='bbox 504 3137 656 3203; x_wconf 87' lang='lat' dir='ltr'><strong>(Luc.</strong></span> <span class='ocrx_word' id='word_1_256' title='bbox 699 3138 794 3207; x_wconf 86' lang='lat' dir='ltr'><strong>vt).</strong></span> <span class='ocrx_word' id='word_1_257' title='bbox 828 3140 929 3193; x_wconf 86' lang='lat' dir='ltr'><strong>Sed</strong></span> <span class='ocrx_word' id='word_1_258' title='bbox 979 3140 1098 3208; x_wconf 85' lang='lat' dir='ltr'><strong>quia</strong></span> <span class='ocrx_word' id='word_1_259' title='bbox 1142 3142 1226 3195; x_wconf 90' lang='lat' dir='ltr'><strong>ille</strong></span> <span class='ocrx_word' id='word_1_260' title='bbox 1270 3144 1423 3194; x_wconf 74' lang='lat' dir='ltr'><strong>vitam</strong></span> <span class='ocrx_word' id='word_1_261' title='bbox 1468 3154 1713 3195; x_wconf 54' lang='lat' dir='ltr'><strong>atternatn</strong></span> <span class='ocrx_word' id='word_1_262' title='bbox 1760 3145 2045 3214; x_wconf 70' lang='lat' dir='ltr'><strong>quaerebat,</strong></span> 
     </span>
    </p>
   </div>
   <div class='ocr_carea' id='block_1_35' title="bbox 504 3229 2047 3302">
    <p class='ocr_par' dir='ltr' id='par_1_35' title="bbox 504 3229 2047 3302">
     <span class='ocr_line' id='line_1_35' title="bbox 504 3229 2047 3302; baseline 0.006 -23"><span class='ocrx_word' id='word_1_263' title='bbox 504 3229 606 3281; x_wconf 79' lang='lat' dir='ltr'><strong>vita</strong></span> <span class='ocrx_word' id='word_1_264' title='bbox 639 3241 810 3282; x_wconf 88' lang='lat' dir='ltr'><strong>autem</strong></span> <span class='ocrx_word' id='word_1_265' title='bbox 860 3240 1052 3284; x_wconf 64' lang='lat' dir='ltr'><strong>aeterna</strong></span> <span class='ocrx_word' id='word_1_266' title='bbox 1094 3241 1175 3285; x_wconf 84' lang='lat' dir='ltr'><strong>est</strong></span> <span class='ocrx_word' id='word_1_267' title='bbox 1217 3234 1265 3284; x_wconf 91' lang='lat' dir='ltr'><strong>in</strong></span> <span class='ocrx_word' id='word_1_268' title='bbox 1317 3234 1399 3285; x_wconf 84' lang='lat' dir='ltr'><strong>illa</strong></span> <span class='ocrx_word' id='word_1_269' title='bbox 1439 3234 1901 3301; x_wconf 83' lang='lat' dir='ltr'><strong>contemplatione,</strong></span> <span class='ocrx_word' id='word_1_270' title='bbox 1949 3250 2047 3302; x_wconf 89' lang='lat' dir='ltr'><strong>qua</strong></span> 
     </span>
    </p>
   </div>
   <div class='ocr_carea' id='block_1_36' title="bbox 502 3320 2050 3391">
    <p class='ocr_par' dir='ltr' id='par_1_36' title="bbox 502 3320 2050 3391">
     <span class='ocr_line' id='line_1_36' title="bbox 502 3320 2050 3391; baseline 0.003 -18"><span class='ocrx_word' id='word_1_271' title='bbox 502 3335 607 3373; x_wconf 90' lang='lat' dir='ltr'><strong>non</strong></span> <span class='ocrx_word' id='word_1_272' title='bbox 638 3320 700 3372; x_wconf 88' lang='lat' dir='ltr'><strong>ad</strong></span> <span class='ocrx_word' id='word_1_273' title='bbox 735 3333 940 3387; x_wconf 80' lang='lat' dir='ltr'><strong>pmnam</strong></span> <span class='ocrx_word' id='word_1_274' title='bbox 986 3322 1188 3375; x_wconf 88' lang='lat' dir='ltr'><strong>videtur</strong></span> <span class='ocrx_word' id='word_1_275' title='bbox 1223 3323 1374 3384; x_wconf 85' lang='lat' dir='ltr'><strong>Deus,</strong></span> <span class='ocrx_word' id='word_1_276' title='bbox 1408 3323 1498 3376; x_wconf 83' lang='lat' dir='ltr'><strong>St&#39;d</strong></span> <span class='ocrx_word' id='word_1_277' title='bbox 1526 3324 1588 3375; x_wconf 90' lang='lat' dir='ltr'><strong>ad</strong></span> <span class='ocrx_word' id='word_1_278' title='bbox 1636 3325 1874 3391; x_wconf 85' lang='lat' dir='ltr'><strong>gaudium</strong></span> <span class='ocrx_word' id='word_1_279' title='bbox 1912 3340 2050 3378; x_wconf 87' lang='lat' dir='ltr'><strong>sem-</strong></span> 
     </span>
    </p>
   </div>
   <div class='ocr_carea' id='block_1_37' title="bbox 501 3408 2048 3483">
    <p class='ocr_par' dir='ltr' id='par_1_37' title="bbox 501 3408 2048 3483">
     <span class='ocr_line' id='line_1_37' title="bbox 501 3408 2048 3483; baseline 0.006 -22"><span class='ocrx_word' id='word_1_280' title='bbox 501 3408 782 3474; x_wconf 85' lang='lat' dir='ltr'><strong>piternum,</strong></span> <span class='ocrx_word' id='word_1_281' title='bbox 839 3411 969 3463; x_wconf 84' lang='lat' dir='ltr'><strong>duas</strong></span> <span class='ocrx_word' id='word_1_282' title='bbox 1037 3411 1120 3464; x_wconf 86' lang='lat' dir='ltr'><strong>hic</strong></span> <span class='ocrx_word' id='word_1_283' title='bbox 1177 3418 1586 3469; x_wconf 88' lang='lat' dir='ltr'><strong>resurrectiones</strong></span> <span class='ocrx_word' id='word_1_284' title='bbox 1643 3413 1753 3483; x_wconf 90' lang='lat' dir='ltr'><strong>ipse</strong></span> <span class='ocrx_word' id='word_1_285' title='bbox 1801 3417 2048 3470; x_wconf 89' lang='lat' dir='ltr'><strong>Dominus</strong></span> 
     </span>
    </p>
   </div>
   <div class='ocr_carea' id='block_1_38' title="bbox 499 3499 2047 3571">
    <p class='ocr_par' dir='ltr' id='par_1_38' title="bbox 499 3499 2047 3571">
     <span class='ocr_line' id='line_1_38' title="bbox 499 3499 2047 3571; baseline 0.006 -20"><span class='ocrx_word' id='word_1_286' title='bbox 499 3499 735 3551; x_wconf 82' lang='lat' dir='ltr'><strong>Christus</strong></span> <span class='ocrx_word' id='word_1_287' title='bbox 774 3501 823 3551; x_wconf 89' lang='lat' dir='ltr'><strong>in</strong></span> <span class='ocrx_word' id='word_1_288' title='bbox 873 3500 954 3553; x_wconf 86' lang='lat' dir='ltr'><strong>his</strong></span> <span class='ocrx_word' id='word_1_289' title='bbox 1015 3503 1185 3554; x_wconf 78' lang='lat' dir='ltr'><strong>verbis</strong></span> <span class='ocrx_word' id='word_1_290' title='bbox 1227 3503 1371 3557; x_wconf 86' lang='lat' dir='ltr'><strong>nobis</strong></span> <span class='ocrx_word' id='word_1_291' title='bbox 1401 3505 1742 3560; x_wconf 82' lang='lat' dir='ltr'><strong>detuonsttat.</strong></span> <span class='ocrx_word' id='word_1_292' title='bbox 1801 3506 2047 3571; x_wconf 80' lang='lat' dir='ltr'><strong>Primam,</strong></span> 
     </span>
    </p>
   </div>
   <div class='ocr_carea' id='block_1_39' title="bbox 505 3588 2014 3661">
    <p class='ocr_par' dir='ltr' id='par_1_39' title="bbox 505 3588 2014 3661">
     <span class='ocr_line' id='line_1_39' title="bbox 505 3588 2014 3661; baseline 0.006 -23"><span class='ocrx_word' id='word_1_293' title='bbox 505 3604 618 3655; x_wconf 76' lang='lat' dir='ltr'><strong>qum</strong></span> <span class='ocrx_word' id='word_1_294' title='bbox 643 3588 691 3641; x_wconf 92' lang='lat' dir='ltr'><strong>in</strong></span> <span class='ocrx_word' id='word_1_295' title='bbox 724 3588 823 3641; x_wconf 80' lang='lat' dir='ltr'><strong>ﬁde</strong></span> <span class='ocrx_word' id='word_1_296' title='bbox 852 3600 949 3652; x_wconf 73' lang='grc' dir='ltr'>εει,</span> <span class='ocrx_word' id='word_1_297' title='bbox 983 3594 1304 3657; x_wconf 85' lang='lat' dir='ltr'><strong>resurgendo</strong></span> <span class='ocrx_word' id='word_1_298' title='bbox 1335 3606 1361 3644; x_wconf 89' lang='lat' dir='ltr'><strong>a</strong></span> <span class='ocrx_word' id='word_1_299' title='bbox 1392 3597 1636 3660; x_wconf 78' lang='lat' dir='ltr'><strong>peccatis,</strong></span> <span class='ocrx_word' id='word_1_300' title='bbox 1669 3596 1731 3647; x_wconf 84' lang='lat' dir='ltr'><strong>tle</strong></span> <span class='ocrx_word' id='word_1_301' title='bbox 1759 3611 1855 3661; x_wconf 86' lang='lat' dir='ltr'><strong>qua</strong></span> <span class='ocrx_word' id='word_1_302' title='bbox 1898 3597 1971 3647; x_wconf 86' lang='lat' dir='ltr'><strong>ait</strong></span> <span class='ocrx_word' id='word_1_303' title='bbox 2004 3615 2014 3647; x_wconf 92' lang='lat'>:</span> 
     </span>
    </p>
   </div>
   <div class='ocr_carea' id='block_1_40' title="bbox 577 3678 2048 3751">
    <p class='ocr_par' dir='ltr' id='par_1_40' title="bbox 577 3678 2048 3751">
     <span class='ocr_line' id='line_1_40' title="bbox 577 3678 2048 3751; baseline 0.007 -23"><span class='ocrx_word' id='word_1_304' title='bbox 577 3678 730 3730; x_wconf 77' lang='lat' dir='ltr'><strong>Amen</strong></span> <span class='ocrx_word' id='word_1_305' title='bbox 760 3694 901 3732; x_wconf 85' lang='lat' dir='ltr'><strong>amen</strong></span> <span class='ocrx_word' id='word_1_306' title='bbox 925 3681 1037 3732; x_wconf 84' lang='lat' dir='ltr'><strong>dico</strong></span> <span class='ocrx_word' id='word_1_307' title='bbox 1063 3682 1196 3733; x_wconf 85' lang='lat' dir='ltr'><strong>vobis</strong></span> <span class='ocrx_word' id='word_1_308' title='bbox 1231 3699 1348 3748; x_wconf 60' lang='lat' dir='ltr'><strong>quia</strong></span> <span class='ocrx_word' id='word_1_309' title='bbox 1375 3689 1531 3738; x_wconf 81' lang='lat' dir='ltr'><strong>veniet</strong></span> <span class='ocrx_word' id='word_1_310' title='bbox 1564 3689 1707 3749; x_wconf 79' lang='lat' dir='ltr'><strong>liora,</strong></span> <span class='ocrx_word' id='word_1_311' title='bbox 1735 3699 1777 3738; x_wconf 87' lang='lat' dir='ltr'><strong>et</strong></span> <span class='ocrx_word' id='word_1_312' title='bbox 1808 3703 1938 3738; x_wconf 84' lang='lat' dir='ltr'><strong>nunc</strong></span> <span class='ocrx_word' id='word_1_313' title='bbox 1959 3697 2048 3751; x_wconf 82' lang='lat' dir='ltr'><strong>est,</strong></span> 
     </span>
    </p>
   </div>
   <div class='ocr_carea' id='block_1_41' title="bbox 501 3772 2048 3839">
    <p class='ocr_par' dir='ltr' id='par_1_41' title="bbox 501 3772 2048 3839">
     <span class='ocr_line' id='line_1_41' title="bbox 501 3772 2048 3839; baseline 0.006 -19"><span class='ocrx_word' id='word_1_314' title='bbox 501 3774 550 3821; x_wconf 84' lang='lat' dir='ltr'><strong>in</strong></span> <span class='ocrx_word' id='word_1_315' title='bbox 591 3786 688 3836; x_wconf 83' lang='lat' dir='ltr'><strong>qua</strong></span> <span class='ocrx_word' id='word_1_316' title='bbox 712 3772 892 3821; x_wconf 85' lang='lat' dir='ltr'><strong>mortui</strong></span> <span class='ocrx_word' id='word_1_317' title='bbox 921 3775 1119 3824; x_wconf 84' lang='lat' dir='ltr'><strong>audient</strong></span> <span class='ocrx_word' id='word_1_318' title='bbox 1149 3789 1310 3826; x_wconf 73' lang='lat' dir='ltr'><strong>vomu</strong></span> <span class='ocrx_word' id='word_1_319' title='bbox 1351 3773 1473 3826; x_wconf 78' lang='lat' dir='ltr'><strong>Filii</strong></span> <span class='ocrx_word' id='word_1_320' title='bbox 1524 3775 1645 3839; x_wconf 84' lang='lat' dir='ltr'><strong>Dei;</strong></span> <span class='ocrx_word' id='word_1_321' title='bbox 1690 3779 1924 3838; x_wconf 83' lang='lat' dir='ltr'><strong>alteram,</strong></span> <span class='ocrx_word' id='word_1_322' title='bbox 1965 3778 2048 3830; x_wconf 89' lang='lat' dir='ltr'><strong>ubi</strong></span> 
     </span>
    </p>
   </div>
   <div class='ocr_carea' id='block_1_42' title="bbox 507 3859 2052 3935">
    <p class='ocr_par' dir='ltr' id='par_1_42' title="bbox 507 3859 2052 3935">
     <span class='ocr_line' id='line_1_42' title="bbox 507 3859 2052 3935; baseline 0.008 -28"><span class='ocrx_word' id='word_1_323' title='bbox 507 3859 579 3908; x_wconf 87' lang='lat' dir='ltr'><strong>ait</strong></span> <span class='ocrx_word' id='word_1_324' title='bbox 611 3875 621 3908; x_wconf 94' lang='lat'>:</span> <span class='ocrx_word' id='word_1_325' title='bbox 657 3860 809 3910; x_wconf 80' lang='lat' dir='ltr'><strong>Amen</strong></span> <span class='ocrx_word' id='word_1_326' title='bbox 838 3876 982 3912; x_wconf 81' lang='lat' dir='ltr'><strong>anteit</strong></span> <span class='ocrx_word' id='word_1_327' title='bbox 1031 3863 1140 3913; x_wconf 82' lang='lat' dir='ltr'><strong>dico</strong></span> <span class='ocrx_word' id='word_1_328' title='bbox 1187 3863 1322 3914; x_wconf 83' lang='lat' dir='ltr'><strong>vobis</strong></span> <span class='ocrx_word' id='word_1_329' title='bbox 1361 3867 1474 3930; x_wconf 86' lang='lat' dir='ltr'><strong>quia</strong></span> <span class='ocrx_word' id='word_1_330' title='bbox 1500 3866 1654 3918; x_wconf 75' lang='lat' dir='ltr'><strong>veniet</strong></span> <span class='ocrx_word' id='word_1_331' title='bbox 1691 3865 1835 3929; x_wconf 83' lang='lat' dir='ltr'><strong>hora,</strong></span> <span class='ocrx_word' id='word_1_332' title='bbox 1874 3869 1924 3919; x_wconf 88' lang='lat' dir='ltr'><strong>in</strong></span> <span class='ocrx_word' id='word_1_333' title='bbox 1953 3884 2052 3935; x_wconf 85' lang='lat' dir='ltr'><strong>qua</strong></span> 
     </span>
    </p>
   </div>
   <div class='ocr_carea' id='block_1_43' title="bbox 508 3951 2048 4014">
    <p class='ocr_par' dir='ltr' id='par_1_43' title="bbox 508 3951 2048 4014">
     <span class='ocr_line' id='line_1_43' title="bbox 508 3951 2048 4014; baseline 0.006 -15"><span class='ocrx_word' id='word_1_334' title='bbox 508 3963 676 3999; x_wconf 87' lang='lat' dir='ltr'><strong>onmes</strong></span> <span class='ocrx_word' id='word_1_335' title='bbox 702 3951 783 4014; x_wconf 84' lang='lat' dir='ltr'><strong>qui</strong></span> <span class='ocrx_word' id='word_1_336' title='bbox 809 3951 856 4001; x_wconf 85' lang='lat' dir='ltr'><strong>in</strong></span> <span class='ocrx_word' id='word_1_337' title='bbox 881 3953 1214 4004; x_wconf 81' lang='lat' dir='ltr'><strong>monumentis</strong></span> <span class='ocrx_word' id='word_1_338' title='bbox 1233 3962 1343 4003; x_wconf 86' lang='lat' dir='ltr'><strong>sunt</strong></span> <span class='ocrx_word' id='word_1_339' title='bbox 1366 3954 1568 4006; x_wconf 81' lang='lat' dir='ltr'><strong>audient</strong></span> <span class='ocrx_word' id='word_1_340' title='bbox 1597 3970 1760 4007; x_wconf 80' lang='lat' dir='ltr'><strong>vocem</strong></span> <span class='ocrx_word' id='word_1_341' title='bbox 1788 3953 1907 4007; x_wconf 85' lang='lat' dir='ltr'><strong>Filii</strong></span> <span class='ocrx_word' id='word_1_342' title='bbox 1937 3955 2048 4008; x_wconf 86' lang='lat' dir='ltr'><strong>Dei.</strong></span> 
     </span>
    </p>
   </div>
   <div class='ocr_carea' id='block_1_44' title="bbox 509 4037 2053 4114">
    <p class='ocr_par' dir='ltr' id='par_1_44' title="bbox 509 4037 2053 4114">
     <span class='ocr_line' id='line_1_44' title="bbox 509 4037 2053 4114; baseline 0.007 -26"><span class='ocrx_word' id='word_1_343' title='bbox 509 4037 596 4089; x_wconf 88' lang='lat' dir='ltr'><strong>Illa</strong></span> <span class='ocrx_word' id='word_1_344' title='bbox 655 4038 793 4102; x_wconf 82' lang='lat' dir='ltr'><strong>prior</strong></span> <span class='ocrx_word' id='word_1_345' title='bbox 842 4047 923 4092; x_wconf 80' lang='lat' dir='ltr'><strong>est</strong></span> <span class='ocrx_word' id='word_1_346' title='bbox 971 4043 1285 4094; x_wconf 87' lang='lat' dir='ltr'><strong>resurrectio</strong></span> <span class='ocrx_word' id='word_1_347' title='bbox 1336 4045 1644 4106; x_wconf 85' lang='lat' dir='ltr'><strong>animarum,</strong></span> <span class='ocrx_word' id='word_1_348' title='bbox 1688 4045 1781 4097; x_wconf 76' lang='lat' dir='ltr'><strong>isra</strong></span> <span class='ocrx_word' id='word_1_349' title='bbox 1830 4060 2053 4114; x_wconf 87' lang='lat' dir='ltr'><strong>sequens</strong></span> 
     </span>
    </p>
   </div>
   <div class='ocr_carea' id='block_1_45' title="bbox 511 4130 2050 4202">
    <p class='ocr_par' dir='ltr' id='par_1_45' title="bbox 511 4130 2050 4202">
     <span class='ocr_line' id='line_1_45' title="bbox 511 4130 2050 4202; baseline 0.008 -24"><span class='ocrx_word' id='word_1_350' title='bbox 511 4130 851 4181; x_wconf 87' lang='lat' dir='ltr'><strong>resurrrectio</strong></span> <span class='ocrx_word' id='word_1_351' title='bbox 879 4131 978 4182; x_wconf 90' lang='lat' dir='ltr'><strong>erit</strong></span> <span class='ocrx_word' id='word_1_352' title='bbox 1007 4145 1304 4195; x_wconf 76' lang='lat' dir='ltr'><strong>corporum.</strong></span> <span class='ocrx_word' id='word_1_353' title='bbox 1335 4132 1430 4198; x_wconf 90' lang='lat' dir='ltr'><strong>Qui</strong></span> <span class='ocrx_word' id='word_1_354' title='bbox 1483 4148 1606 4187; x_wconf 87' lang='lat' dir='ltr'><strong>vero</strong></span> <span class='ocrx_word' id='word_1_355' title='bbox 1639 4136 1687 4186; x_wconf 89' lang='lat' dir='ltr'><strong>in</strong></span> <span class='ocrx_word' id='word_1_356' title='bbox 1742 4139 1836 4189; x_wconf 85' lang='lat' dir='ltr'><strong>hac</strong></span> <span class='ocrx_word' id='word_1_357' title='bbox 1885 4138 2050 4202; x_wconf 89' lang='lat' dir='ltr'><strong>prima</strong></span> 
     </span>
    </p>
   </div>
   <div class='ocr_carea' id='block_1_46' title="bbox 509 4217 2051 4292">
    <p class='ocr_par' dir='ltr' id='par_1_46' title="bbox 509 4217 2051 4292">
     <span class='ocr_line' id='line_1_46' title="bbox 509 4217 2051 4292; baseline 0.008 -25"><span class='ocrx_word' id='word_1_358' title='bbox 509 4217 751 4283; x_wconf 75' lang='lat' dir='ltr'><strong>resurgit,</strong></span> <span class='ocrx_word' id='word_1_359' title='bbox 786 4218 834 4270; x_wconf 90' lang='lat' dir='ltr'><strong>in</strong></span> <span class='ocrx_word' id='word_1_360' title='bbox 879 4219 1105 4272; x_wconf 87' lang='lat' dir='ltr'><strong>secunda</strong></span> <span class='ocrx_word' id='word_1_361' title='bbox 1136 4233 1373 4288; x_wconf 79' lang='lat' dir='ltr'><strong>resurget</strong></span> <span class='ocrx_word' id='word_1_362' title='bbox 1402 4223 1464 4274; x_wconf 83' lang='lat' dir='ltr'><strong>ad</strong></span> <span class='ocrx_word' id='word_1_363' title='bbox 1508 4225 1745 4292; x_wconf 74' lang='lat' dir='ltr'><strong>gloriam.</strong></span> <span class='ocrx_word' id='word_1_364' title='bbox 1788 4226 1884 4290; x_wconf 87' lang='lat' dir='ltr'><strong>Qui</strong></span> <span class='ocrx_word' id='word_1_365' title='bbox 1929 4241 2051 4279; x_wconf 70' lang='lat' dir='ltr'><strong>vero</strong></span> 
     </span>
    </p>
   </div>
   <div class='ocr_carea' id='block_1_47' title="bbox 506 4305 2047 4385">
    <p class='ocr_par' dir='ltr' id='par_1_47' title="bbox 506 4305 2047 4385">
     <span class='ocr_line' id='line_1_47' title="bbox 506 4305 2047 4385; baseline 0.006 -29"><span class='ocrx_word' id='word_1_366' title='bbox 506 4305 556 4357; x_wconf 91' lang='lat' dir='ltr'><strong>in</strong></span> <span class='ocrx_word' id='word_1_367' title='bbox 581 4305 674 4358; x_wconf 88' lang='lat' dir='ltr'><strong>hac</strong></span> <span class='ocrx_word' id='word_1_368' title='bbox 701 4308 860 4372; x_wconf 89' lang='lat' dir='ltr'><strong>prima</strong></span> <span class='ocrx_word' id='word_1_369' title='bbox 878 4322 979 4361; x_wconf 91' lang='lat' dir='ltr'><strong>non</strong></span> <span class='ocrx_word' id='word_1_370' title='bbox 999 4312 1241 4377; x_wconf 77' lang='lat' dir='ltr'><strong>resurgit,</strong></span> <span class='ocrx_word' id='word_1_371' title='bbox 1270 4312 1318 4363; x_wconf 92' lang='lat' dir='ltr'><strong>in</strong></span> <span class='ocrx_word' id='word_1_372' title='bbox 1345 4314 1574 4365; x_wconf 81' lang='lat' dir='ltr'><strong>secunda</strong></span> <span class='ocrx_word' id='word_1_373' title='bbox 1601 4323 1772 4366; x_wconf 87' lang='lat' dir='ltr'><strong>tamen</strong></span> <span class='ocrx_word' id='word_1_374' title='bbox 1797 4326 2047 4385; x_wconf 77' lang='lat' dir='ltr'><strong>resurget,</strong></span> 
     </span>
    </p>
   </div>
   <div class='ocr_carea' id='block_1_48' title="bbox 2133 510 3674 580">
    <p class='ocr_par' dir='ltr' id='par_1_48' title="bbox 2133 510 3674 580">
     <span class='ocr_line' id='line_1_48' title="bbox 2133 510 3674 580; baseline 0.002 -17"><span class='ocrx_word' id='word_1_375' title='bbox 2133 519 2488 565; x_wconf 85' lang='lat' dir='ltr'><strong>coronaturus</strong></span> <span class='ocrx_word' id='word_1_376' title='bbox 2535 520 2637 576; x_wconf 75' lang='lat' dir='ltr'><strong>est,</strong></span> <span class='ocrx_word' id='word_1_377' title='bbox 2688 521 2745 567; x_wconf 87' lang='lat' dir='ltr'><strong>et</strong></span> <span class='ocrx_word' id='word_1_378' title='bbox 2781 512 2848 566; x_wconf 89' lang='lat' dir='ltr'><strong>ab</strong></span> <span class='ocrx_word' id='word_1_379' title='bbox 2902 511 2981 567; x_wconf 85' lang='lat' dir='ltr'><strong>eis</strong></span> <span class='ocrx_word' id='word_1_380' title='bbox 3028 525 3160 580; x_wconf 82' lang='lat' dir='ltr'><strong>quos</strong></span> <span class='ocrx_word' id='word_1_381' title='bbox 3198 510 3542 565; x_wconf 67' lang='lat' dir='ltr'><strong>damnaturus</strong></span> <span class='ocrx_word' id='word_1_382' title='bbox 3582 522 3674 568; x_wconf 85' lang='lat' dir='ltr'><strong>est.</strong></span> 
     </span>
    </p>
   </div>
   <div class='ocr_carea' id='block_1_49' title="bbox 2138 597 3679 665">
    <p class='ocr_par' dir='ltr' id='par_1_49' title="bbox 2138 597 3679 665">
     <span class='ocr_line' id='line_1_49' title="bbox 2138 597 3679 665; baseline -0.003 -9"><span class='ocrx_word' id='word_1_383' title='bbox 2138 599 2419 657; x_wconf 83' lang='lat' dir='ltr'><strong>Distinctio</strong></span> <span class='ocrx_word' id='word_1_384' title='bbox 2445 611 2525 655; x_wconf 88' lang='lat' dir='ltr'><strong>est</strong></span> <span class='ocrx_word' id='word_1_385' title='bbox 2553 601 2687 656; x_wconf 88' lang='lat' dir='ltr'><strong>inter</strong></span> <span class='ocrx_word' id='word_1_386' title='bbox 2715 601 2845 655; x_wconf 85' lang='lat' dir='ltr'><strong>illud</strong></span> <span class='ocrx_word' id='word_1_387' title='bbox 2895 601 3134 660; x_wconf 81' lang='lat' dir='ltr'><strong>verbum,</strong></span> <span class='ocrx_word' id='word_1_388' title='bbox 3163 597 3302 664; x_wconf 89' lang='lat' dir='ltr'><strong>quod</strong></span> <span class='ocrx_word' id='word_1_389' title='bbox 3335 600 3570 665; x_wconf 78' lang='lat' dir='ltr'><strong>superius</strong></span> <span class='ocrx_word' id='word_1_390' title='bbox 3608 602 3679 661; x_wconf 82' lang='lat' dir='ltr'><strong>di-</strong></span> 
     </span>
    </p>
   </div>
   <div class='ocr_carea' id='block_1_50' title="bbox 2133 688 3681 759">
    <p class='ocr_par' dir='ltr' id='par_1_50' title="bbox 2133 688 3681 759">
     <span class='ocr_line' id='line_1_50' title="bbox 2133 688 3681 759; baseline -0.001 -14"><span class='ocrx_word' id='word_1_391' title='bbox 2133 692 2228 754; x_wconf 78' lang='lat' dir='ltr'><strong>xit,</strong></span> <span class='ocrx_word' id='word_1_392' title='bbox 2259 691 2399 759; x_wconf 88' lang='lat' dir='ltr'><strong>quod</strong></span> <span class='ocrx_word' id='word_1_393' title='bbox 2440 693 2623 746; x_wconf 85' lang='lat' dir='ltr'><strong>mortui</strong></span> <span class='ocrx_word' id='word_1_394' title='bbox 2669 694 2875 748; x_wconf 80' lang='lat' dir='ltr'><strong>audient</strong></span> <span class='ocrx_word' id='word_1_395' title='bbox 2922 708 3086 747; x_wconf 77' lang='lat' dir='ltr'><strong>vocem</strong></span> <span class='ocrx_word' id='word_1_396' title='bbox 3124 689 3249 744; x_wconf 86' lang='lat' dir='ltr'><strong>Filii</strong></span> <span class='ocrx_word' id='word_1_397' title='bbox 3298 688 3412 754; x_wconf 80' lang='lat' dir='ltr'><strong>Dei,</strong></span> <span class='ocrx_word' id='word_1_398' title='bbox 3465 697 3518 744; x_wconf 90' lang='lat' dir='ltr'><strong>et</strong></span> <span class='ocrx_word' id='word_1_399' title='bbox 3554 690 3681 744; x_wconf 82' lang='lat' dir='ltr'><strong>inter</strong></span> 
     </span>
    </p>
   </div>
   <div class='ocr_carea' id='block_1_51' title="bbox 2134 781 3681 851">
    <p class='ocr_par' dir='ltr' id='par_1_51' title="bbox 2134 781 3681 851">
     <span class='ocr_line' id='line_1_51' title="bbox 2134 781 3681 851; baseline -0.004 -13"><span class='ocrx_word' id='word_1_400' title='bbox 2134 781 2260 838; x_wconf 89' lang='lat' dir='ltr'><strong>illud</strong></span> <span class='ocrx_word' id='word_1_401' title='bbox 2289 781 2425 851; x_wconf 85' lang='lat' dir='ltr'><strong>quod</strong></span> <span class='ocrx_word' id='word_1_402' title='bbox 2468 782 2552 836; x_wconf 82' lang='lat' dir='ltr'><strong>hic</strong></span> <span class='ocrx_word' id='word_1_403' title='bbox 2580 783 2699 835; x_wconf 90' lang='lat' dir='ltr'><strong>ait:</strong></span> <span class='ocrx_word' id='word_1_404' title='bbox 2737 782 2887 836; x_wconf 84' lang='lat' dir='ltr'><strong>Venit</strong></span> <span class='ocrx_word' id='word_1_405' title='bbox 2930 781 3057 834; x_wconf 77' lang='lat' dir='ltr'><strong>hora</strong></span> <span class='ocrx_word' id='word_1_406' title='bbox 3108 781 3241 847; x_wconf 86' lang='lat' dir='ltr'><strong>quod</strong></span> <span class='ocrx_word' id='word_1_407' title='bbox 3285 794 3456 833; x_wconf 81' lang='lat' dir='ltr'><strong>omnes</strong></span> <span class='ocrx_word' id='word_1_408' title='bbox 3507 781 3586 845; x_wconf 85' lang='lat' dir='ltr'><strong>qui</strong></span> <span class='ocrx_word' id='word_1_409' title='bbox 3632 782 3681 832; x_wconf 86' lang='lat' dir='ltr'><strong>in</strong></span> 
     </span>
    </p>
   </div>
   <div class='ocr_carea' id='block_1_52' title="bbox 2135 863 3678 933">
    <p class='ocr_par' dir='ltr' id='par_1_52' title="bbox 2135 863 3678 933">
     <span class='ocr_line' id='line_1_52' title="bbox 2135 863 3678 933; baseline 0 -11"><span class='ocrx_word' id='word_1_410' title='bbox 2135 870 2467 924; x_wconf 75' lang='lat' dir='ltr'><strong>monumentis</strong></span> <span class='ocrx_word' id='word_1_411' title='bbox 2493 879 2629 933; x_wconf 85' lang='lat' dir='ltr'><strong>sunt,</strong></span> <span class='ocrx_word' id='word_1_412' title='bbox 2671 871 2876 924; x_wconf 85' lang='lat' dir='ltr'><strong>audient</strong></span> <span class='ocrx_word' id='word_1_413' title='bbox 2919 886 3091 924; x_wconf 72' lang='lat' dir='ltr'><strong>vocem</strong></span> <span class='ocrx_word' id='word_1_414' title='bbox 3124 869 3252 923; x_wconf 74' lang='lat' dir='ltr'><strong>Filii</strong></span> <span class='ocrx_word' id='word_1_415' title='bbox 3300 867 3418 922; x_wconf 85' lang='lat' dir='ltr'><strong>Dei.</strong></span> <span class='ocrx_word' id='word_1_416' title='bbox 3449 868 3520 923; x_wconf 87' lang='lat' dir='ltr'><strong>lbi</strong></span> <span class='ocrx_word' id='word_1_417' title='bbox 3546 863 3678 922; x_wconf 76' lang='lat' dir='ltr'><strong>enini</strong></span> 
     </span>
    </p>
   </div>
   <div class='ocr_carea' id='block_1_53' title="bbox 2135 958 3680 1031">
    <p class='ocr_par' dir='ltr' id='par_1_53' title="bbox 2135 958 3680 1031">
     <span class='ocr_line' id='line_1_53' title="bbox 2135 958 3680 1031; baseline -0.003 -16"><span class='ocrx_word' id='word_1_418' title='bbox 2135 960 2319 1029; x_wconf 83' lang='lat' dir='ltr'><strong>adjicit</strong></span> <span class='ocrx_word' id='word_1_419' title='bbox 2365 972 2409 1016; x_wconf 83' lang='lat' dir='ltr'><strong>et</strong></span> <span class='ocrx_word' id='word_1_420' title='bbox 2448 961 2532 1031; x_wconf 87' lang='lat' dir='ltr'><strong>qui</strong></span> <span class='ocrx_word' id='word_1_421' title='bbox 2567 961 2843 1026; x_wconf 82' lang='lat' dir='ltr'><strong>audierint,</strong></span> <span class='ocrx_word' id='word_1_422' title='bbox 2882 962 3073 1023; x_wconf 80' lang='lat' dir='ltr'><strong>vivent;</strong></span> <span class='ocrx_word' id='word_1_423' title='bbox 3108 961 3190 1014; x_wconf 83' lang='lat' dir='ltr'><strong>hic</strong></span> <span class='ocrx_word' id='word_1_424' title='bbox 3219 974 3346 1014; x_wconf 88' lang='lat' dir='ltr'><strong>vero</strong></span> <span class='ocrx_word' id='word_1_425' title='bbox 3388 958 3680 1024; x_wconf 80' lang='lat' dir='ltr'><strong>simpliciter</strong></span> 
     </span>
    </p>
   </div>
   <div class='ocr_carea' id='block_1_54' title="bbox 2135 1047 3678 1116">
    <p class='ocr_par' dir='ltr' id='par_1_54' title="bbox 2135 1047 3678 1116">
     <span class='ocr_line' id='line_1_54' title="bbox 2135 1047 3678 1116; baseline -0.003 -12"><span class='ocrx_word' id='word_1_426' title='bbox 2135 1053 2227 1116; x_wconf 90' lang='lat' dir='ltr'><strong>ait,</strong></span> <span class='ocrx_word' id='word_1_427' title='bbox 2271 1052 2474 1105; x_wconf 82' lang='lat' dir='ltr'><strong>audient</strong></span> <span class='ocrx_word' id='word_1_428' title='bbox 2515 1066 2679 1104; x_wconf 80' lang='lat' dir='ltr'><strong>vocem</strong></span> <span class='ocrx_word' id='word_1_429' title='bbox 2710 1047 2835 1103; x_wconf 82' lang='lat' dir='ltr'><strong>Filii</strong></span> <span class='ocrx_word' id='word_1_430' title='bbox 2862 1049 2973 1104; x_wconf 88' lang='lat' dir='ltr'><strong>Dei.</strong></span> <span class='ocrx_word' id='word_1_431' title='bbox 3004 1050 3127 1103; x_wconf 88' lang='lat' dir='ltr'><strong>ideo</strong></span> <span class='ocrx_word' id='word_1_432' title='bbox 3153 1049 3238 1102; x_wconf 86' lang='lat' dir='ltr'><strong>illa</strong></span> <span class='ocrx_word' id='word_1_433' title='bbox 3262 1050 3573 1104; x_wconf 84' lang='lat' dir='ltr'><strong>resurrectio</strong></span> <span class='ocrx_word' id='word_1_434' title='bbox 3607 1058 3678 1100; x_wconf 78' lang='lat' dir='ltr'><strong>est</strong></span> 
     </span>
    </p>
   </div>
   <div class='ocr_carea' id='block_1_55' title="bbox 2136 1140 3676 1210">
    <p class='ocr_par' dir='ltr' id='par_1_55' title="bbox 2136 1140 3676 1210">
     <span class='ocr_line' id='line_1_55' title="bbox 2136 1140 3676 1210; baseline -0.003 -15"><span class='ocrx_word' id='word_1_435' title='bbox 2136 1143 2200 1196; x_wconf 86' lang='lat' dir='ltr'><strong>ad</strong></span> <span class='ocrx_word' id='word_1_436' title='bbox 2245 1142 2428 1207; x_wconf 82' lang='lat' dir='ltr'><strong>vitam,</strong></span> <span class='ocrx_word' id='word_1_437' title='bbox 2466 1141 2561 1195; x_wconf 87' lang='lat' dir='ltr'><strong>ista</strong></span> <span class='ocrx_word' id='word_1_438' title='bbox 2595 1157 2720 1194; x_wconf 86' lang='lat' dir='ltr'><strong>vero</strong></span> <span class='ocrx_word' id='word_1_439' title='bbox 2773 1156 2891 1210; x_wconf 69' lang='lat' dir='ltr'><strong>qua:</strong></span> <span class='ocrx_word' id='word_1_440' title='bbox 2937 1141 3110 1194; x_wconf 80' lang='lat' dir='ltr'><strong>futura</strong></span> <span class='ocrx_word' id='word_1_441' title='bbox 3164 1152 3267 1206; x_wconf 90' lang='lat' dir='ltr'><strong>est,</strong></span> <span class='ocrx_word' id='word_1_442' title='bbox 3304 1142 3369 1195; x_wconf 90' lang='lat' dir='ltr'><strong>de</strong></span> <span class='ocrx_word' id='word_1_443' title='bbox 3396 1155 3494 1209; x_wconf 87' lang='lat' dir='ltr'><strong>qua</strong></span> <span class='ocrx_word' id='word_1_444' title='bbox 3519 1140 3676 1193; x_wconf 87' lang='lat' dir='ltr'><strong>dicit:</strong></span> 
     </span>
    </p>
   </div>
   <div class='ocr_carea' id='block_1_56' title="bbox 2138 1223 3679 1301">
    <p class='ocr_par' dir='ltr' id='par_1_56' title="bbox 2138 1223 3679 1301">
     <span class='ocr_line' id='line_1_56' title="bbox 2138 1223 3679 1301; baseline -0.003 -15"><span class='ocrx_word' id='word_1_445' title='bbox 2138 1235 2361 1287; x_wconf 75' lang='lat' dir='ltr'><strong>Audiens</strong></span> <span class='ocrx_word' id='word_1_446' title='bbox 2397 1249 2563 1287; x_wconf 83' lang='lat' dir='ltr'><strong>vocem</strong></span> <span class='ocrx_word' id='word_1_447' title='bbox 2587 1223 2712 1285; x_wconf 76' lang='lat' dir='ltr'><strong>Filii</strong></span> <span class='ocrx_word' id='word_1_448' title='bbox 2742 1229 2856 1296; x_wconf 88' lang='lat' dir='ltr'><strong>Dei,</strong></span> <span class='ocrx_word' id='word_1_449' title='bbox 2885 1231 3120 1293; x_wconf 89' lang='lat' dir='ltr'><strong>audient,</strong></span> <span class='ocrx_word' id='word_1_450' title='bbox 3153 1233 3386 1301; x_wconf 85' lang='lat' dir='ltr'><strong>inquam,</strong></span> <span class='ocrx_word' id='word_1_451' title='bbox 3422 1240 3481 1285; x_wconf 89' lang='lat' dir='ltr'><strong>ut</strong></span> <span class='ocrx_word' id='word_1_452' title='bbox 3519 1245 3679 1286; x_wconf 83' lang='lat' dir='ltr'><strong>resur-</strong></span> 
     </span>
    </p>
   </div>
   <div class='ocr_carea' id='block_1_57' title="bbox 2136 1323 3678 1394">
    <p class='ocr_par' dir='ltr' id='par_1_57' title="bbox 2136 1323 3678 1394">
     <span class='ocr_line' id='line_1_57' title="bbox 2136 1323 3678 1394; baseline 0 -17"><span class='ocrx_word' id='word_1_453' title='bbox 2136 1335 2261 1393; x_wconf 87' lang='lat' dir='ltr'><strong>gant</strong></span> <span class='ocrx_word' id='word_1_454' title='bbox 2293 1325 2356 1378; x_wconf 84' lang='lat' dir='ltr'><strong>ad</strong></span> <span class='ocrx_word' id='word_1_455' title='bbox 2395 1324 2671 1394; x_wconf 85' lang='lat' dir='ltr'><strong>judicium,</strong></span> <span class='ocrx_word' id='word_1_456' title='bbox 2726 1340 2830 1378; x_wconf 90' lang='lat' dir='ltr'><strong>non</strong></span> <span class='ocrx_word' id='word_1_457' title='bbox 2867 1323 3065 1378; x_wconf 86' lang='lat' dir='ltr'><strong>addidit</strong></span> <span class='ocrx_word' id='word_1_458' title='bbox 3110 1324 3193 1379; x_wconf 89' lang='lat' dir='ltr'><strong>hic</strong></span> <span class='ocrx_word' id='word_1_459' title='bbox 3234 1323 3301 1376; x_wconf 81' lang='lat' dir='ltr'><strong>ad</strong></span> <span class='ocrx_word' id='word_1_460' title='bbox 3350 1326 3523 1387; x_wconf 76' lang='lat' dir='ltr'><strong>vitam,</strong></span> <span class='ocrx_word' id='word_1_461' title='bbox 3573 1325 3678 1392; x_wconf 87' lang='lat' dir='ltr'><strong>quia</strong></span> 
     </span>
    </p>
   </div>
   <div class='ocr_carea' id='block_1_58' title="bbox 2141 1417 3680 1485">
    <p class='ocr_par' dir='ltr' id='par_1_58' title="bbox 2141 1417 3680 1485">
     <span class='ocr_line' id='line_1_58' title="bbox 2141 1417 3680 1485; baseline 0 -15"><span class='ocrx_word' id='word_1_462' title='bbox 2141 1431 2249 1471; x_wconf 90' lang='lat' dir='ltr'><strong>non</strong></span> <span class='ocrx_word' id='word_1_463' title='bbox 2306 1430 2494 1470; x_wconf 84' lang='lat' dir='ltr'><strong>omnes</strong></span> <span class='ocrx_word' id='word_1_464' title='bbox 2567 1417 2630 1469; x_wconf 88' lang='lat' dir='ltr'><strong>ad</strong></span> <span class='ocrx_word' id='word_1_465' title='bbox 2686 1418 2908 1485; x_wconf 79' lang='lat' dir='ltr'><strong>gloriam</strong></span> <span class='ocrx_word' id='word_1_466' title='bbox 2958 1425 3251 1485; x_wconf 84' lang='lat' dir='ltr'><strong>resurgent,</strong></span> <span class='ocrx_word' id='word_1_467' title='bbox 3293 1417 3386 1472; x_wconf 82' lang='lat' dir='ltr'><strong>sed</strong></span> <span class='ocrx_word' id='word_1_468' title='bbox 3435 1417 3581 1471; x_wconf 91' lang='lat' dir='ltr'><strong>multi</strong></span> <span class='ocrx_word' id='word_1_469' title='bbox 3624 1417 3680 1471; x_wconf 86' lang='lat' dir='ltr'><strong>ad</strong></span> 
     </span>
    </p>
   </div>
   <div class='ocr_carea' id='block_1_59' title="bbox 2141 1504 3678 1576">
    <p class='ocr_par' dir='ltr' id='par_1_59' title="bbox 2141 1504 3678 1576">
     <span class='ocr_line' id='line_1_59' title="bbox 2141 1504 3678 1576; baseline -0.002 -14"><span class='ocrx_word' id='word_1_470' title='bbox 2141 1523 2383 1576; x_wconf 65' lang='lat' dir='ltr'><strong>paruam;</strong></span> <span class='ocrx_word' id='word_1_471' title='bbox 2416 1508 2534 1562; x_wconf 87' lang='lat' dir='ltr'><strong>ideo</strong></span> <span class='ocrx_word' id='word_1_472' title='bbox 2559 1507 2762 1561; x_wconf 83' lang='lat' dir='ltr'><strong>addidit</strong></span> <span class='ocrx_word' id='word_1_473' title='bbox 2798 1508 2864 1562; x_wconf 85' lang='lat' dir='ltr'><strong>de</strong></span> <span class='ocrx_word' id='word_1_474' title='bbox 2903 1508 3074 1561; x_wconf 77' lang='lat' dir='ltr'><strong>futura</strong></span> <span class='ocrx_word' id='word_1_475' title='bbox 3096 1508 3484 1562; x_wconf 83' lang='lat' dir='ltr'><strong>resurrectione</strong></span> <span class='ocrx_word' id='word_1_476' title='bbox 3513 1525 3524 1557; x_wconf 88' lang='lat'><strong>:</strong></span> <span class='ocrx_word' id='word_1_477' title='bbox 3564 1504 3678 1559; x_wconf 79' lang='lat' dir='ltr'><strong>Pro-</strong></span> 
     </span>
    </p>
   </div>
   <div class='ocr_carea' id='block_1_60' title="bbox 2139 1597 3681 1674">
    <p class='ocr_par' dir='ltr' id='par_1_60' title="bbox 2139 1597 3681 1674">
     <span class='ocr_line' id='line_1_60' title="bbox 2139 1597 3681 1674; baseline -0.003 -22"><span class='ocrx_word' id='word_1_478' title='bbox 2139 1598 2311 1652; x_wconf 79' lang='lat' dir='ltr'><strong>cedens</strong></span> <span class='ocrx_word' id='word_1_479' title='bbox 2335 1601 2421 1668; x_wconf 85' lang='lat' dir='ltr'><strong>qui</strong></span> <span class='ocrx_word' id='word_1_480' title='bbox 2470 1598 2596 1651; x_wconf 77' lang='lat' dir='ltr'><strong>bona</strong></span> <span class='ocrx_word' id='word_1_481' title='bbox 2621 1598 2847 1665; x_wconf 75' lang='lat' dir='ltr'><strong>fecerunt</strong></span> <span class='ocrx_word' id='word_1_482' title='bbox 2893 1599 2948 1650; x_wconf 80' lang='lat' dir='ltr'><strong>its</strong></span> <span class='ocrx_word' id='word_1_483' title='bbox 2981 1597 3388 1674; x_wconf 65' lang='lat' dir='ltr'><strong>resurrectionem</strong></span> <span class='ocrx_word' id='word_1_484' title='bbox 3428 1598 3572 1658; x_wconf 66' lang='lat' dir='ltr'><strong>vita;</strong></span> <span class='ocrx_word' id='word_1_485' title='bbox 3609 1599 3681 1663; x_wconf 82' lang='lat' dir='ltr'><strong>qui</strong></span> 
     </span>
    </p>
   </div>
   <div class='ocr_carea' id='block_1_61' title="bbox 2141 1687 3682 1759">
    <p class='ocr_par' dir='ltr' id='par_1_61' title="bbox 2141 1687 3682 1759">
     <span class='ocr_line' id='line_1_61' title="bbox 2141 1687 3682 1759; baseline -0.003 -17"><span class='ocrx_word' id='word_1_486' title='bbox 2141 1690 2276 1743; x_wconf 82' lang='lat' dir='ltr'><strong>mata</strong></span> <span class='ocrx_word' id='word_1_487' title='bbox 2305 1698 2531 1759; x_wconf 86' lang='lat' dir='ltr'><strong>egerunt,</strong></span> <span class='ocrx_word' id='word_1_488' title='bbox 2577 1689 2627 1742; x_wconf 83' lang='lat' dir='ltr'><strong>in</strong></span> <span class='ocrx_word' id='word_1_489' title='bbox 2677 1688 3090 1743; x_wconf 73' lang='lat' dir='ltr'><strong>resurrectionem</strong></span> <span class='ocrx_word' id='word_1_490' title='bbox 3109 1687 3325 1758; x_wconf 75' lang='lat' dir='ltr'><strong>judicii;</strong></span> <span class='ocrx_word' id='word_1_491' title='bbox 3357 1687 3408 1741; x_wconf 91' lang='lat' dir='ltr'><strong>id</strong></span> <span class='ocrx_word' id='word_1_492' title='bbox 3455 1696 3553 1754; x_wconf 85' lang='lat' dir='ltr'><strong>est,</strong></span> <span class='ocrx_word' id='word_1_493' title='bbox 3605 1690 3682 1738; x_wconf 75' lang='lat' dir='ltr'><strong>da-</strong></span> 
     </span>
    </p>
   </div>
   <div class='ocr_carea' id='block_1_62' title="bbox 2137 1778 3683 1849">
    <p class='ocr_par' dir='ltr' id='par_1_62' title="bbox 2137 1778 3683 1849">
     <span class='ocr_line' id='line_1_62' title="bbox 2137 1778 3683 1849; baseline -0.004 -14"><span class='ocrx_word' id='word_1_494' title='bbox 2137 1780 2442 1843; x_wconf 85' lang='lat' dir='ltr'><strong>mnationis,</strong></span> <span class='ocrx_word' id='word_1_495' title='bbox 2472 1780 2590 1848; x_wconf 90' lang='lat' dir='ltr'><strong>quia</strong></span> <span class='ocrx_word' id='word_1_496' title='bbox 2630 1779 2716 1833; x_wconf 87' lang='lat' dir='ltr'><strong>hic</strong></span> <span class='ocrx_word' id='word_1_497' title='bbox 2742 1778 3002 1849; x_wconf 82' lang='lat' dir='ltr'><strong>judicium</strong></span> <span class='ocrx_word' id='word_1_498' title='bbox 3027 1793 3121 1847; x_wconf 91' lang='lat' dir='ltr'><strong>pro</strong></span> <span class='ocrx_word' id='word_1_499' title='bbox 3151 1792 3303 1848; x_wconf 68' lang='lat' dir='ltr'><strong>poena</strong></span> <span class='ocrx_word' id='word_1_500' title='bbox 3331 1778 3524 1847; x_wconf 85' lang='lat' dir='ltr'><strong>posuit.</strong></span> <span class='ocrx_word' id='word_1_501' title='bbox 3553 1779 3683 1832; x_wconf 82' lang='lat' dir='ltr'><strong>Tunc</strong></span> 
     </span>
    </p>
   </div>
   <div class='ocr_carea' id='block_1_63' title="bbox 2135 1867 3686 1937">
    <p class='ocr_par' dir='ltr' id='par_1_63' title="bbox 2135 1867 3686 1937">
     <span class='ocr_line' id='line_1_63' title="bbox 2135 1867 3686 1937; baseline -0.003 -13"><span class='ocrx_word' id='word_1_502' title='bbox 2135 1868 2235 1924; x_wconf 88' lang='lat' dir='ltr'><strong>erit</strong></span> <span class='ocrx_word' id='word_1_503' title='bbox 2265 1869 2440 1922; x_wconf 87' lang='lat' dir='ltr'><strong>ultima</strong></span> <span class='ocrx_word' id='word_1_504' title='bbox 2487 1869 2651 1937; x_wconf 84' lang='lat' dir='ltr'><strong>palea,</strong></span> <span class='ocrx_word' id='word_1_505' title='bbox 2701 1879 2754 1923; x_wconf 87' lang='lat' dir='ltr'><strong>et</strong></span> <span class='ocrx_word' id='word_1_506' title='bbox 2798 1867 3065 1935; x_wconf 82' lang='lat' dir='ltr'><strong>separabit</strong></span> <span class='ocrx_word' id='word_1_507' title='bbox 3114 1867 3281 1921; x_wconf 84' lang='lat' dir='ltr'><strong>bonos</strong></span> <span class='ocrx_word' id='word_1_508' title='bbox 3309 1882 3338 1920; x_wconf 89' lang='lat' dir='ltr'><strong>a</strong></span> <span class='ocrx_word' id='word_1_509' title='bbox 3367 1868 3540 1930; x_wconf 85' lang='lat' dir='ltr'><strong>malis,</strong></span> <span class='ocrx_word' id='word_1_510' title='bbox 3570 1867 3686 1920; x_wconf 86' lang='lat' dir='ltr'><strong>triti-</strong></span> 
     </span>
    </p>
   </div>
   <div class='ocr_carea' id='block_1_64' title="bbox 2134 1959 3684 2031">
    <p class='ocr_par' dir='ltr' id='par_1_64' title="bbox 2134 1959 3684 2031">
     <span class='ocr_line' id='line_1_64' title="bbox 2134 1959 3684 2031; baseline -0.002 -15"><span class='ocrx_word' id='word_1_511' title='bbox 2134 1977 2256 2016; x_wconf 84' lang='lat' dir='ltr'><strong>cum</strong></span> <span class='ocrx_word' id='word_1_512' title='bbox 2287 1976 2316 2016; x_wconf 92' lang='lat' dir='ltr'><strong>a</strong></span> <span class='ocrx_word' id='word_1_513' title='bbox 2363 1961 2551 2031; x_wconf 83' lang='lat' dir='ltr'><strong>paleis.</strong></span> <span class='ocrx_word' id='word_1_514' title='bbox 2587 1961 2732 2015; x_wconf 85' lang='lat' dir='ltr'><strong>Tunc</strong></span> <span class='ocrx_word' id='word_1_515' title='bbox 2761 1960 2910 2014; x_wconf 84' lang='lat' dir='ltr'><strong>ibunt</strong></span> <span class='ocrx_word' id='word_1_516' title='bbox 2942 1959 3084 2027; x_wconf 88' lang='lat' dir='ltr'><strong>impii</strong></span> <span class='ocrx_word' id='word_1_517' title='bbox 3126 1959 3178 2013; x_wconf 91' lang='lat' dir='ltr'><strong>in</strong></span> <span class='ocrx_word' id='word_1_518' title='bbox 3210 1960 3382 2029; x_wconf 90' lang='lat' dir='ltr'><strong>ignem</strong></span> <span class='ocrx_word' id='word_1_519' title='bbox 3419 1969 3684 2024; x_wconf 69' lang='lat' dir='ltr'><strong>aeternum,</strong></span> 
     </span>
    </p>
   </div>
   <div class='ocr_carea' id='block_1_65' title="bbox 2134 2049 3592 2123">
    <p class='ocr_par' dir='ltr' id='par_1_65' title="bbox 2134 2049 3592 2123">
     <span class='ocr_line' id='line_1_65' title="bbox 2134 2049 3592 2123; baseline -0.002 -16"><span class='ocrx_word' id='word_1_520' title='bbox 2134 2053 2263 2123; x_wconf 75' lang='lat' dir='ltr'><strong>justi</strong></span> <span class='ocrx_word' id='word_1_521' title='bbox 2295 2062 2470 2107; x_wconf 90' lang='lat' dir='ltr'><strong>autem</strong></span> <span class='ocrx_word' id='word_1_522' title='bbox 2521 2053 2572 2106; x_wconf 93' lang='lat' dir='ltr'><strong>in</strong></span> <span class='ocrx_word' id='word_1_523' title='bbox 2601 2052 2760 2105; x_wconf 69' lang='lat' dir='ltr'><strong>vitam</strong></span> <span class='ocrx_word' id='word_1_524' title='bbox 2791 2061 3067 2105; x_wconf 57' lang='lat' dir='ltr'><strong>aeternam.</strong></span> <span class='ocrx_word' id='word_1_525' title='bbox 3094 2049 3344 2118; x_wconf 83' lang='lat' dir='ltr'><strong>Sequitur</strong></span> <span class='ocrx_word' id='word_1_526' title='bbox 3379 2061 3551 2104; x_wconf 82' lang='lat' dir='ltr'><strong>autem</strong></span> <span class='ocrx_word' id='word_1_527' title='bbox 3578 2066 3592 2103; x_wconf 92' lang='lat'><strong>:</strong></span> 
     </span>
    </p>
   </div>
   <div class='ocr_carea' id='block_1_66' title="bbox 2209 2139 3685 2209">
    <p class='ocr_par' dir='ltr' id='par_1_66' title="bbox 2209 2139 3685 2209">
     <span class='ocr_line' id='line_1_66' title="bbox 2209 2139 3685 2209; baseline -0.002 -14"><span class='ocrx_word' id='word_1_528' title='bbox 2209 2141 2330 2195; x_wconf 84' lang='lat' dir='ltr'><strong>Non</strong></span> <span class='ocrx_word' id='word_1_529' title='bbox 2356 2158 2556 2206; x_wconf 81' lang='lat' dir='ltr'><strong>possunt</strong></span> <span class='ocrx_word' id='word_1_530' title='bbox 2604 2158 2634 2192; x_wconf 80' lang='grc' dir='ltr'><em>α</em></span> <span class='ocrx_word' id='word_1_531' title='bbox 2669 2141 2854 2208; x_wconf 83' lang='lat' dir='ltr'><strong>nteipso</strong></span> <span class='ocrx_word' id='word_1_532' title='bbox 2883 2145 3048 2204; x_wconf 81' lang='lat' dir='ltr'><strong>facere</strong></span> <span class='ocrx_word' id='word_1_533' title='bbox 3074 2139 3390 2209; x_wconf 82' lang='lat' dir='ltr'><strong>quidquam;</strong></span> <span class='ocrx_word' id='word_1_534' title='bbox 3442 2140 3533 2192; x_wconf 87' lang='lat' dir='ltr'><strong>sed</strong></span> <span class='ocrx_word' id='word_1_535' title='bbox 3566 2141 3685 2192; x_wconf 72' lang='lat' dir='ltr'><strong>sicut</strong></span> 
     </span>
    </p>
   </div>
   <div class='ocr_carea' id='block_1_67' title="bbox 2137 2228 3684 2300">
    <p class='ocr_par' dir='ltr' id='par_1_67' title="bbox 2137 2228 3684 2300">
     <span class='ocr_line' id='line_1_67' title="bbox 2137 2228 3684 2300; baseline -0.003 -16"><span class='ocrx_word' id='word_1_536' title='bbox 2137 2233 2313 2295; x_wconf 78' lang='lat' dir='ltr'><strong>audio,</strong></span> <span class='ocrx_word' id='word_1_537' title='bbox 2335 2232 2540 2300; x_wconf 79' lang='lat' dir='ltr'><strong>judico.</strong></span> <span class='ocrx_word' id='word_1_538' title='bbox 2575 2229 2839 2283; x_wconf 83' lang='lat' dir='ltr'><strong>Fortassis</strong></span> <span class='ocrx_word' id='word_1_539' title='bbox 2857 2229 2978 2283; x_wconf 87' lang='lat' dir='ltr'><strong>ideo</strong></span> <span class='ocrx_word' id='word_1_540' title='bbox 2994 2229 3143 2294; x_wconf 75' lang='lat' dir='ltr'><strong>dixit,</strong></span> <span class='ocrx_word' id='word_1_541' title='bbox 3178 2228 3298 2282; x_wconf 85' lang='lat' dir='ltr'><strong>Non</strong></span> <span class='ocrx_word' id='word_1_542' title='bbox 3312 2245 3519 2297; x_wconf 77' lang='lat' dir='ltr'><strong>possunt</strong></span> <span class='ocrx_word' id='word_1_543' title='bbox 3542 2245 3572 2280; x_wconf 91' lang='lat' dir='ltr'><strong>a</strong></span> <span class='ocrx_word' id='word_1_544' title='bbox 3597 2245 3684 2280; x_wconf 78' lang='lat' dir='ltr'><strong>rne-</strong></span> 
     </span>
    </p>
   </div>
   <div class='ocr_carea' id='block_1_68' title="bbox 2139 2320 3681 2391">
    <p class='ocr_par' dir='ltr' id='par_1_68' title="bbox 2139 2320 3681 2391">
     <span class='ocr_line' id='line_1_68' title="bbox 2139 2320 3681 2391; baseline -0.001 -15"><span class='ocrx_word' id='word_1_545' title='bbox 2139 2325 2244 2391; x_wconf 81' lang='lat' dir='ltr'><strong>ipso</strong></span> <span class='ocrx_word' id='word_1_546' title='bbox 2273 2327 2436 2391; x_wconf 81' lang='lat' dir='ltr'><strong>facere</strong></span> <span class='ocrx_word' id='word_1_547' title='bbox 2463 2323 2754 2391; x_wconf 81' lang='lat' dir='ltr'><strong>quidquam,</strong></span> <span class='ocrx_word' id='word_1_548' title='bbox 2804 2323 2953 2389; x_wconf 83' lang='lat' dir='ltr'><strong>quasi</strong></span> <span class='ocrx_word' id='word_1_549' title='bbox 2987 2321 3213 2375; x_wconf 50' lang='lat' dir='ltr'><strong>dixisset</strong></span> <span class='ocrx_word' id='word_1_550' title='bbox 3242 2339 3255 2372; x_wconf 91' lang='lat'><strong>:</strong></span> <span class='ocrx_word' id='word_1_551' title='bbox 3285 2322 3327 2373; x_wconf 88' lang='lat' dir='ltr'><strong>A</strong></span> <span class='ocrx_word' id='word_1_552' title='bbox 3360 2320 3567 2388; x_wconf 86' lang='lat' dir='ltr'><strong>meipso</strong></span> <span class='ocrx_word' id='word_1_553' title='bbox 3593 2336 3681 2374; x_wconf 87' lang='lat' dir='ltr'><strong>non</strong></span> 
     </span>
    </p>
   </div>
   <div class='ocr_carea' id='block_1_69' title="bbox 2138 2411 3684 2474">
    <p class='ocr_par' dir='ltr' id='par_1_69' title="bbox 2138 2411 3684 2474">
     <span class='ocr_line' id='line_1_69' title="bbox 2138 2411 3684 2474; baseline -0.001 -9"><span class='ocrx_word' id='word_1_554' title='bbox 2138 2425 2276 2474; x_wconf 81' lang='lat' dir='ltr'><strong>sum,</strong></span> <span class='ocrx_word' id='word_1_555' title='bbox 2305 2413 2397 2465; x_wconf 86' lang='lat' dir='ltr'><strong>sed</strong></span> <span class='ocrx_word' id='word_1_556' title='bbox 2422 2426 2449 2463; x_wconf 88' lang='lat' dir='ltr'><strong>a</strong></span> <span class='ocrx_word' id='word_1_557' title='bbox 2476 2412 2656 2466; x_wconf 82' lang='lat' dir='ltr'><strong>Patre.</strong></span> <span class='ocrx_word' id='word_1_558' title='bbox 2692 2412 2850 2465; x_wconf 87' lang='lat' dir='ltr'><strong>Pater</strong></span> <span class='ocrx_word' id='word_1_559' title='bbox 2882 2412 3022 2465; x_wconf 89' lang='lat' dir='ltr'><strong>enim</strong></span> <span class='ocrx_word' id='word_1_560' title='bbox 3052 2424 3081 2463; x_wconf 88' lang='lat' dir='ltr'><strong>a</strong></span> <span class='ocrx_word' id='word_1_561' title='bbox 3113 2411 3257 2464; x_wconf 92' lang='lat' dir='ltr'><strong>nullo</strong></span> <span class='ocrx_word' id='word_1_562' title='bbox 3284 2411 3389 2464; x_wconf 89' lang='lat' dir='ltr'><strong>alio</strong></span> <span class='ocrx_word' id='word_1_563' title='bbox 3413 2420 3512 2472; x_wconf 86' lang='lat' dir='ltr'><strong>est,</strong></span> <span class='ocrx_word' id='word_1_564' title='bbox 3540 2411 3684 2465; x_wconf 76' lang='lat' dir='ltr'><strong>Filias</strong></span> 
     </span>
    </p>
   </div>
   <div class='ocr_carea' id='block_1_70' title="bbox 2140 2499 3682 2570">
    <p class='ocr_par' dir='ltr' id='par_1_70' title="bbox 2140 2499 3682 2570">
     <span class='ocr_line' id='line_1_70' title="bbox 2140 2499 3682 2570; baseline -0.003 -14"><span class='ocrx_word' id='word_1_565' title='bbox 2140 2517 2170 2556; x_wconf 77' lang='grc' dir='ltr'><strong>ε</strong></span> <span class='ocrx_word' id='word_1_566' title='bbox 2209 2503 2361 2558; x_wconf 84' lang='lat' dir='ltr'><strong>Patre</strong></span> <span class='ocrx_word' id='word_1_567' title='bbox 2394 2512 2495 2557; x_wconf 85' lang='lat' dir='ltr'><strong>est.</strong></span> <span class='ocrx_word' id='word_1_568' title='bbox 2536 2502 2660 2557; x_wconf 90' lang='lat' dir='ltr'><strong>ldeo</strong></span> <span class='ocrx_word' id='word_1_569' title='bbox 2701 2502 2832 2556; x_wconf 74' lang='lat' dir='ltr'><strong>dixit</strong></span> <span class='ocrx_word' id='word_1_570' title='bbox 2875 2517 2892 2556; x_wconf 87' lang='lat'><strong>:</strong></span> <span class='ocrx_word' id='word_1_571' title='bbox 2926 2502 3069 2556; x_wconf 84' lang='lat' dir='ltr'><strong>Sicut</strong></span> <span class='ocrx_word' id='word_1_572' title='bbox 3120 2501 3295 2565; x_wconf 81' lang='lat' dir='ltr'><strong>audio,</strong></span> <span class='ocrx_word' id='word_1_573' title='bbox 3336 2501 3540 2570; x_wconf 80' lang='lat' dir='ltr'><strong>judico,</strong></span> <span class='ocrx_word' id='word_1_574' title='bbox 3578 2499 3682 2567; x_wconf 84' lang='lat' dir='ltr'><strong>quia</strong></span> 
     </span>
    </p>
   </div>
   <div class='ocr_carea' id='block_1_71' title="bbox 2141 2589 3682 2660">
    <p class='ocr_par' dir='ltr' id='par_1_71' title="bbox 2141 2589 3682 2660">
     <span class='ocr_line' id='line_1_71' title="bbox 2141 2589 3682 2660; baseline -0.003 -14"><span class='ocrx_word' id='word_1_575' title='bbox 2141 2608 2299 2646; x_wconf 85' lang='lat' dir='ltr'><strong>unum</strong></span> <span class='ocrx_word' id='word_1_576' title='bbox 2329 2607 2462 2660; x_wconf 81' lang='lat' dir='ltr'><strong>Opus</strong></span> <span class='ocrx_word' id='word_1_577' title='bbox 2489 2601 2572 2646; x_wconf 88' lang='lat' dir='ltr'><strong>est</strong></span> <span class='ocrx_word' id='word_1_578' title='bbox 2597 2592 2781 2656; x_wconf 80' lang='lat' dir='ltr'><strong>Patris,</strong></span> <span class='ocrx_word' id='word_1_579' title='bbox 2799 2602 2851 2646; x_wconf 87' lang='lat' dir='ltr'><strong>et</strong></span> <span class='ocrx_word' id='word_1_580' title='bbox 2868 2590 3007 2657; x_wconf 85' lang='lat' dir='ltr'><strong>Filii,</strong></span> <span class='ocrx_word' id='word_1_581' title='bbox 3028 2603 3081 2646; x_wconf 81' lang='lat' dir='ltr'><strong>et</strong></span> <span class='ocrx_word' id='word_1_582' title='bbox 3099 2589 3325 2659; x_wconf 84' lang='lat' dir='ltr'><strong>Spiritus</strong></span> <span class='ocrx_word' id='word_1_583' title='bbox 3347 2591 3528 2644; x_wconf 84' lang='lat' dir='ltr'><strong>sancti.</strong></span> <span class='ocrx_word' id='word_1_584' title='bbox 3556 2589 3682 2645; x_wconf 82' lang='lat' dir='ltr'><strong>Sicut</strong></span> 
     </span>
    </p>
   </div>
   <div class='ocr_carea' id='block_1_72' title="bbox 2139 2682 3682 2751">
    <p class='ocr_par' dir='ltr' id='par_1_72' title="bbox 2139 2682 3682 2751">
     <span class='ocr_line' id='line_1_72' title="bbox 2139 2682 3682 2751; baseline -0.001 -14"><span class='ocrx_word' id='word_1_585' title='bbox 2139 2685 2302 2749; x_wconf 88' lang='lat' dir='ltr'><strong>audit,</strong></span> <span class='ocrx_word' id='word_1_586' title='bbox 2354 2684 2594 2751; x_wconf 87' lang='lat' dir='ltr'><strong>judicat;</strong></span> <span class='ocrx_word' id='word_1_587' title='bbox 2639 2683 2805 2748; x_wconf 89' lang='lat' dir='ltr'><strong>audit,</strong></span> <span class='ocrx_word' id='word_1_588' title='bbox 2839 2682 3098 2749; x_wconf 85' lang='lat' dir='ltr'><strong>videlicet,</strong></span> <span class='ocrx_word' id='word_1_589' title='bbox 3150 2697 3245 2751; x_wconf 89' lang='lat' dir='ltr'><strong>per</strong></span> <span class='ocrx_word' id='word_1_590' title='bbox 3298 2682 3548 2735; x_wconf 89' lang='lat' dir='ltr'><strong>unitatem</strong></span> <span class='ocrx_word' id='word_1_591' title='bbox 3574 2684 3682 2736; x_wconf 68' lang='lat' dir='ltr'><strong>stib-</strong></span> 
     </span>
    </p>
   </div>
   <div class='ocr_carea' id='block_1_73' title="bbox 2140 2770 3683 2840">
    <p class='ocr_par' dir='ltr' id='par_1_73' title="bbox 2140 2770 3683 2840">
     <span class='ocr_line' id='line_1_73' title="bbox 2140 2770 3683 2840; baseline -0.003 -12"><span class='ocrx_word' id='word_1_592' title='bbox 2140 2777 2363 2837; x_wconf 69' lang='lat' dir='ltr'><strong>stantiat,</strong></span> <span class='ocrx_word' id='word_1_593' title='bbox 2432 2785 2482 2827; x_wconf 89' lang='grc' dir='ltr'><strong>ει</strong></span> <span class='ocrx_word' id='word_1_594' title='bbox 2543 2775 2914 2840; x_wconf 86' lang='lat' dir='ltr'><strong>proprietatem</strong></span> <span class='ocrx_word' id='word_1_595' title='bbox 2963 2772 3212 2826; x_wconf 71' lang='lat' dir='ltr'><strong>scientim.</strong></span> <span class='ocrx_word' id='word_1_596' title='bbox 3262 2770 3376 2825; x_wconf 81' lang='lat' dir='ltr'><strong>Non</strong></span> <span class='ocrx_word' id='word_1_597' title='bbox 3427 2773 3617 2839; x_wconf 75' lang='lat' dir='ltr'><strong>iudicat</strong></span> <span class='ocrx_word' id='word_1_598' title='bbox 3659 2787 3683 2823; x_wconf 87' lang='lat' dir='ltr'><strong>a</strong></span> 
     </span>
    </p>
   </div>
   <div class='ocr_carea' id='block_1_74' title="bbox 2141 2859 3684 2929">
    <p class='ocr_par' dir='ltr' id='par_1_74' title="bbox 2141 2859 3684 2929">
     <span class='ocr_line' id='line_1_74' title="bbox 2141 2859 3684 2929; baseline -0.003 -14"><span class='ocrx_word' id='word_1_599' title='bbox 2141 2862 2448 2926; x_wconf 85' lang='lat' dir='ltr'><strong>semetipso,</strong></span> <span class='ocrx_word' id='word_1_600' title='bbox 2481 2863 2598 2929; x_wconf 82' lang='lat' dir='ltr'><strong>quia</strong></span> <span class='ocrx_word' id='word_1_601' title='bbox 2655 2877 2758 2914; x_wconf 92' lang='lat' dir='ltr'><strong>non</strong></span> <span class='ocrx_word' id='word_1_602' title='bbox 2790 2870 2870 2914; x_wconf 88' lang='lat' dir='ltr'><strong>est</strong></span> <span class='ocrx_word' id='word_1_603' title='bbox 2907 2874 2935 2911; x_wconf 88' lang='lat' dir='ltr'><strong>a</strong></span> <span class='ocrx_word' id='word_1_604' title='bbox 2979 2861 3288 2926; x_wconf 83' lang='lat' dir='ltr'><strong>semetipso.</strong></span> <span class='ocrx_word' id='word_1_605' title='bbox 3334 2859 3484 2913; x_wconf 83' lang='lat' dir='ltr'><strong>Pater</strong></span> <span class='ocrx_word' id='word_1_606' title='bbox 3513 2861 3684 2929; x_wconf 87' lang='lat' dir='ltr'><strong>quippe</strong></span> 
     </span>
    </p>
   </div>
   <div class='ocr_carea' id='block_1_75' title="bbox 2144 2949 3673 3018">
    <p class='ocr_par' dir='ltr' id='par_1_75' title="bbox 2144 2949 3673 3018">
     <span class='ocr_line' id='line_1_75' title="bbox 2144 2949 3673 3018; baseline -0.003 -13"><span class='ocrx_word' id='word_1_607' title='bbox 2144 2955 2288 3006; x_wconf 84' lang='lat' dir='ltr'><strong>solus</strong></span> <span class='ocrx_word' id='word_1_608' title='bbox 2331 2952 2396 3005; x_wconf 87' lang='lat' dir='ltr'><strong>tle</strong></span> <span class='ocrx_word' id='word_1_609' title='bbox 2433 2952 2538 3005; x_wconf 88' lang='lat' dir='ltr'><strong>alio</strong></span> <span class='ocrx_word' id='word_1_610' title='bbox 2577 2966 2680 3006; x_wconf 91' lang='lat' dir='ltr'><strong>non</strong></span> <span class='ocrx_word' id='word_1_611' title='bbox 2715 2960 2818 3014; x_wconf 87' lang='lat' dir='ltr'><strong>est,</strong></span> <span class='ocrx_word' id='word_1_612' title='bbox 2870 2949 3034 3004; x_wconf 84' lang='lat' dir='ltr'><strong>Filius</strong></span> <span class='ocrx_word' id='word_1_613' title='bbox 3073 2964 3100 3004; x_wconf 90' lang='lat' dir='ltr'><strong>a</strong></span> <span class='ocrx_word' id='word_1_614' title='bbox 3142 2949 3296 3003; x_wconf 87' lang='lat' dir='ltr'><strong>Patre</strong></span> <span class='ocrx_word' id='word_1_615' title='bbox 3332 2952 3536 3018; x_wconf 83' lang='lat' dir='ltr'><strong>genitus</strong></span> <span class='ocrx_word' id='word_1_616' title='bbox 3587 2960 3673 3013; x_wconf 83' lang='lat' dir='ltr'><strong>est,</strong></span> 
     </span>
    </p>
   </div>
   <div class='ocr_carea' id='block_1_76' title="bbox 2150 3040 3684 3110">
    <p class='ocr_par' dir='ltr' id='par_1_76' title="bbox 2150 3040 3684 3110">
     <span class='ocr_line' id='line_1_76' title="bbox 2150 3040 3684 3110; baseline -0.002 -13"><span class='ocrx_word' id='word_1_617' title='bbox 2150 3053 2207 3097; x_wconf 90' lang='lat' dir='ltr'><strong>ut</strong></span> <span class='ocrx_word' id='word_1_618' title='bbox 2265 3043 2518 3096; x_wconf 79' lang='lat' dir='ltr'><strong>diximus.</strong></span> <span class='ocrx_word' id='word_1_619' title='bbox 2562 3045 2641 3097; x_wconf 83' lang='lat' dir='ltr'><strong>Ab</strong></span> <span class='ocrx_word' id='word_1_620' title='bbox 2682 3043 2794 3110; x_wconf 90' lang='lat' dir='ltr'><strong>ipso</strong></span> <span class='ocrx_word' id='word_1_621' title='bbox 2831 3043 2970 3095; x_wconf 90' lang='lat' dir='ltr'><strong>enim</strong></span> <span class='ocrx_word' id='word_1_622' title='bbox 3011 3041 3158 3094; x_wconf 90' lang='lat' dir='ltr'><strong>audit</strong></span> <span class='ocrx_word' id='word_1_623' title='bbox 3197 3040 3360 3094; x_wconf 85' lang='lat' dir='ltr'><strong>Filius</strong></span> <span class='ocrx_word' id='word_1_624' title='bbox 3409 3055 3436 3093; x_wconf 91' lang='lat' dir='ltr'><strong>a</strong></span> <span class='ocrx_word' id='word_1_625' title='bbox 3475 3056 3576 3109; x_wconf 92' lang='lat' dir='ltr'><strong>quo</strong></span> <span class='ocrx_word' id='word_1_626' title='bbox 3608 3056 3684 3109; x_wconf 87' lang='lat' dir='ltr'><strong>ge-</strong></span> 
     </span>
    </p>
   </div>
   <div class='ocr_carea' id='block_1_77' title="bbox 2152 3131 3684 3203">
    <p class='ocr_par' dir='ltr' id='par_1_77' title="bbox 2152 3131 3684 3203">
     <span class='ocr_line' id='line_1_77' title="bbox 2152 3131 3684 3203; baseline -0.003 -17"><span class='ocrx_word' id='word_1_627' title='bbox 2152 3134 2289 3187; x_wconf 85' lang='lat' dir='ltr'><strong>nitus</strong></span> <span class='ocrx_word' id='word_1_628' title='bbox 2329 3143 2427 3198; x_wconf 84' lang='lat' dir='ltr'><strong>est,</strong></span> <span class='ocrx_word' id='word_1_629' title='bbox 2470 3135 2590 3203; x_wconf 88' lang='lat' dir='ltr'><strong>quia</strong></span> <span class='ocrx_word' id='word_1_630' title='bbox 2620 3148 2720 3186; x_wconf 91' lang='lat' dir='ltr'><strong>non</strong></span> <span class='ocrx_word' id='word_1_631' title='bbox 2749 3141 2830 3186; x_wconf 87' lang='lat' dir='ltr'><strong>est</strong></span> <span class='ocrx_word' id='word_1_632' title='bbox 2869 3146 2896 3184; x_wconf 89' lang='lat' dir='ltr'><strong>a</strong></span> <span class='ocrx_word' id='word_1_633' title='bbox 2937 3133 3136 3197; x_wconf 84' lang='lat' dir='ltr'><strong>seipso,</strong></span> <span class='ocrx_word' id='word_1_634' title='bbox 3177 3132 3270 3185; x_wconf 87' lang='lat' dir='ltr'><strong>sed</strong></span> <span class='ocrx_word' id='word_1_635' title='bbox 3311 3132 3377 3184; x_wconf 89' lang='lat' dir='ltr'><strong>ab</strong></span> <span class='ocrx_word' id='word_1_636' title='bbox 3414 3131 3501 3184; x_wconf 92' lang='lat' dir='ltr'><strong>illo</strong></span> <span class='ocrx_word' id='word_1_637' title='bbox 3537 3147 3561 3182; x_wconf 90' lang='lat' dir='ltr'><strong>a</strong></span> <span class='ocrx_word' id='word_1_638' title='bbox 3597 3147 3684 3198; x_wconf 88' lang='lat' dir='ltr'><strong>quo</strong></span> 
     </span>
    </p>
   </div>
   <div class='ocr_carea' id='block_1_78' title="bbox 2149 3221 3684 3293">
    <p class='ocr_par' dir='ltr' id='par_1_78' title="bbox 2149 3221 3684 3293">
     <span class='ocr_line' id='line_1_78' title="bbox 2149 3221 3684 3293; baseline -0.005 -15"><span class='ocrx_word' id='word_1_639' title='bbox 2149 3225 2356 3293; x_wconf 87' lang='lat' dir='ltr'><strong>genitus</strong></span> <span class='ocrx_word' id='word_1_640' title='bbox 2385 3235 2484 3276; x_wconf 76' lang='grc' dir='ltr'>εει.</span> <span class='ocrx_word' id='word_1_641' title='bbox 2523 3225 2562 3275; x_wconf 79' lang='grc' dir='ltr'><strong>Α</strong></span> <span class='ocrx_word' id='word_1_642' title='bbox 2588 3237 2690 3289; x_wconf 89' lang='lat' dir='ltr'><strong>quo</strong></span> <span class='ocrx_word' id='word_1_643' title='bbox 2717 3222 2786 3276; x_wconf 93' lang='lat' dir='ltr'><strong>illi</strong></span> <span class='ocrx_word' id='word_1_644' title='bbox 2816 3232 2894 3275; x_wconf 86' lang='lat' dir='ltr'><strong>est</strong></span> <span class='ocrx_word' id='word_1_645' title='bbox 2917 3221 3284 3290; x_wconf 81' lang='lat' dir='ltr'><strong>intelligentia,</strong></span> <span class='ocrx_word' id='word_1_646' title='bbox 3317 3221 3384 3272; x_wconf 88' lang='lat' dir='ltr'><strong>ab</strong></span> <span class='ocrx_word' id='word_1_647' title='bbox 3411 3221 3498 3272; x_wconf 88' lang='lat' dir='ltr'><strong>illo</strong></span> <span class='ocrx_word' id='word_1_648' title='bbox 3527 3221 3684 3284; x_wconf 81' lang='lat' dir='ltr'><strong>utique</strong></span> 
     </span>
    </p>
   </div>
   <div class='ocr_carea' id='block_1_79' title="bbox 2150 3315 3681 3386">
    <p class='ocr_par' dir='ltr' id='par_1_79' title="bbox 2150 3315 3681 3386">
     <span class='ocr_line' id='line_1_79' title="bbox 2150 3315 3681 3386; baseline -0.005 -14"><span class='ocrx_word' id='word_1_649' title='bbox 2150 3329 2202 3373; x_wconf 89' lang='lat' dir='ltr'><strong>et</strong></span> <span class='ocrx_word' id='word_1_650' title='bbox 2229 3321 2468 3372; x_wconf 65' lang='lat' dir='ltr'><strong>scientia.</strong></span> <span class='ocrx_word' id='word_1_651' title='bbox 2503 3318 2689 3371; x_wconf 80' lang='lat' dir='ltr'><strong>Abillo</strong></span> <span class='ocrx_word' id='word_1_652' title='bbox 2724 3318 2883 3386; x_wconf 80' lang='lat' dir='ltr'><strong>igitur</strong></span> <span class='ocrx_word' id='word_1_653' title='bbox 2914 3317 3202 3380; x_wconf 85' lang='lat' dir='ltr'><strong>audientia,</strong></span> <span class='ocrx_word' id='word_1_654' title='bbox 3249 3317 3380 3370; x_wconf 88' lang='lat' dir='ltr'><strong>nihil</strong></span> <span class='ocrx_word' id='word_1_655' title='bbox 3434 3325 3513 3371; x_wconf 82' lang='lat' dir='ltr'><strong>est</strong></span> <span class='ocrx_word' id='word_1_656' title='bbox 3558 3315 3681 3370; x_wconf 80' lang='lat' dir='ltr'><strong>aliud</strong></span> 
     </span>
    </p>
   </div>
   <div class='ocr_carea' id='block_1_80' title="bbox 2148 3404 3682 3478">
    <p class='ocr_par' dir='ltr' id='par_1_80' title="bbox 2148 3404 3682 3478">
     <span class='ocr_line' id='line_1_80' title="bbox 2148 3404 3682 3478; baseline -0.005 -16"><span class='ocrx_word' id='word_1_657' title='bbox 2148 3426 2303 3478; x_wconf 87' lang='lat' dir='ltr'><strong>quam</strong></span> <span class='ocrx_word' id='word_1_658' title='bbox 2331 3410 2572 3463; x_wconf 86' lang='lat' dir='ltr'><strong>scientia.</strong></span> <span class='ocrx_word' id='word_1_659' title='bbox 2602 3409 2775 3462; x_wconf 68' lang='lat' dir='ltr'><strong>Poterit</strong></span> <span class='ocrx_word' id='word_1_660' title='bbox 2805 3422 3013 3475; x_wconf 90' lang='lat' dir='ltr'><strong>quoque</strong></span> <span class='ocrx_word' id='word_1_661' title='bbox 3046 3407 3146 3460; x_wconf 85' lang='lat' dir='ltr'><strong>hoc</strong></span> <span class='ocrx_word' id='word_1_662' title='bbox 3179 3408 3349 3474; x_wconf 86' lang='lat' dir='ltr'><strong>ipsum</strong></span> <span class='ocrx_word' id='word_1_663' title='bbox 3400 3406 3532 3474; x_wconf 87' lang='lat' dir='ltr'><strong>quod</strong></span> <span class='ocrx_word' id='word_1_664' title='bbox 3553 3404 3682 3463; x_wconf 73' lang='grc' dir='ltr'><strong>ὼιὶι,</strong></span> 
     </span>
    </p>
   </div>
   <div class='ocr_carea' id='block_1_81' title="bbox 2150 3496 3677 3568">
    <p class='ocr_par' dir='ltr' id='par_1_81' title="bbox 2150 3496 3677 3568">
     <span class='ocr_line' id='line_1_81' title="bbox 2150 3496 3677 3568; baseline -0.006 -15"><span class='ocrx_word' id='word_1_665' title='bbox 2150 3511 2276 3553; x_wconf 79' lang='lat' dir='ltr'><strong>sicut</strong></span> <span class='ocrx_word' id='word_1_666' title='bbox 2304 3501 2479 3563; x_wconf 86' lang='lat' dir='ltr'><strong>audio,</strong></span> <span class='ocrx_word' id='word_1_667' title='bbox 2522 3499 2722 3568; x_wconf 85' lang='lat' dir='ltr'><strong>judico,</strong></span> <span class='ocrx_word' id='word_1_668' title='bbox 2760 3497 2826 3552; x_wconf 91' lang='lat' dir='ltr'><strong>de</strong></span> <span class='ocrx_word' id='word_1_669' title='bbox 2861 3497 3199 3552; x_wconf 86' lang='lat' dir='ltr'><strong>humanitatis</strong></span> <span class='ocrx_word' id='word_1_670' title='bbox 3249 3507 3431 3550; x_wconf 87' lang='lat' dir='ltr'><strong>natura</strong></span> <span class='ocrx_word' id='word_1_671' title='bbox 3461 3496 3677 3562; x_wconf 70' lang='lat' dir='ltr'><strong>intelligi,</strong></span> 
     </span>
    </p>
   </div>
   <div class='ocr_carea' id='block_1_82' title="bbox 2151 3587 3680 3659">
    <p class='ocr_par' dir='ltr' id='par_1_82' title="bbox 2151 3587 3680 3659">
     <span class='ocr_line' id='line_1_82' title="bbox 2151 3587 3680 3659; baseline -0.003 -17"><span class='ocrx_word' id='word_1_672' title='bbox 2151 3606 2308 3659; x_wconf 86' lang='lat' dir='ltr'><strong>quam</strong></span> <span class='ocrx_word' id='word_1_673' title='bbox 2357 3591 2448 3642; x_wconf 84' lang='lat' dir='ltr'><strong>Dei</strong></span> <span class='ocrx_word' id='word_1_674' title='bbox 2482 3589 2641 3643; x_wconf 80' lang='lat' dir='ltr'><strong>Filius</strong></span> <span class='ocrx_word' id='word_1_675' title='bbox 2673 3603 2735 3641; x_wconf 84' lang='lat' dir='ltr'><strong>ex</strong></span> <span class='ocrx_word' id='word_1_676' title='bbox 2771 3587 2983 3656; x_wconf 78' lang='lat' dir='ltr'><strong>Virgine</strong></span> <span class='ocrx_word' id='word_1_677' title='bbox 3012 3588 3253 3656; x_wconf 86' lang='lat' dir='ltr'><strong>sumpsit.</strong></span> <span class='ocrx_word' id='word_1_678' title='bbox 3282 3589 3414 3642; x_wconf 85' lang='lat' dir='ltr'><strong>Cum</strong></span> <span class='ocrx_word' id='word_1_679' title='bbox 3461 3596 3680 3655; x_wconf 81' lang='lat' dir='ltr'><strong>ageretur</strong></span> 
     </span>
    </p>
   </div>
   <div class='ocr_carea' id='block_1_83' title="bbox 2154 3677 3684 3745">
    <p class='ocr_par' dir='ltr' id='par_1_83' title="bbox 2154 3677 3684 3745">
     <span class='ocr_line' id='line_1_83' title="bbox 2154 3677 3684 3745; baseline -0.003 -10"><span class='ocrx_word' id='word_1_680' title='bbox 2154 3682 2220 3735; x_wconf 90' lang='lat' dir='ltr'><strong>de</strong></span> <span class='ocrx_word' id='word_1_681' title='bbox 2271 3681 2653 3734; x_wconf 90' lang='lat' dir='ltr'><strong>resurrectione</strong></span> <span class='ocrx_word' id='word_1_682' title='bbox 2702 3682 3014 3745; x_wconf 86' lang='lat' dir='ltr'><strong>animarum,</strong></span> <span class='ocrx_word' id='word_1_683' title='bbox 3047 3695 3148 3733; x_wconf 87' lang='lat' dir='ltr'><strong>non</strong></span> <span class='ocrx_word' id='word_1_684' title='bbox 3180 3680 3390 3734; x_wconf 88' lang='lat' dir='ltr'><strong>dicebat</strong></span> <span class='ocrx_word' id='word_1_685' title='bbox 3417 3681 3572 3743; x_wconf 79' lang='lat' dir='ltr'><strong>video,</strong></span> <span class='ocrx_word' id='word_1_686' title='bbox 3607 3677 3684 3731; x_wconf 81' lang='lat' dir='ltr'><strong>sed</strong></span> 
     </span>
    </p>
   </div>
   <div class='ocr_carea' id='block_1_84' title="bbox 2152 3773 3685 3842">
    <p class='ocr_par' dir='ltr' id='par_1_84' title="bbox 2152 3773 3685 3842">
     <span class='ocr_line' id='line_1_84' title="bbox 2152 3773 3685 3842; baseline -0.002 -17"><span class='ocrx_word' id='word_1_687' title='bbox 2152 3775 2323 3826; x_wconf 87' lang='lat' dir='ltr'><strong>audio.</strong></span> <span class='ocrx_word' id='word_1_688' title='bbox 2358 3775 2524 3826; x_wconf 82' lang='lat' dir='ltr'><strong>Audio</strong></span> <span class='ocrx_word' id='word_1_689' title='bbox 2552 3773 2689 3826; x_wconf 89' lang='lat' dir='ltr'><strong>enim</strong></span> <span class='ocrx_word' id='word_1_690' title='bbox 2725 3784 2968 3840; x_wconf 89' lang='lat' dir='ltr'><strong>tanquam</strong></span> <span class='ocrx_word' id='word_1_691' title='bbox 3002 3775 3353 3842; x_wconf 75' lang='lat' dir='ltr'><strong>praecipientis</strong></span> <span class='ocrx_word' id='word_1_692' title='bbox 3401 3774 3561 3827; x_wconf 85' lang='lat' dir='ltr'><strong>Patris</strong></span> <span class='ocrx_word' id='word_1_693' title='bbox 3604 3773 3685 3824; x_wconf 88' lang='lat' dir='ltr'><strong>im-</strong></span> 
     </span>
    </p>
   </div>
   <div class='ocr_carea' id='block_1_85' title="bbox 2154 3863 3686 3932">
    <p class='ocr_par' dir='ltr' id='par_1_85' title="bbox 2154 3863 3686 3932">
     <span class='ocr_line' id='line_1_85' title="bbox 2154 3863 3686 3932; baseline -0.001 -16"><span class='ocrx_word' id='word_1_694' title='bbox 2154 3864 2375 3932; x_wconf 85' lang='lat' dir='ltr'><strong>perium.</strong></span> <span class='ocrx_word' id='word_1_695' title='bbox 2405 3863 2521 3916; x_wconf 87' lang='lat' dir='ltr'><strong>.lam</strong></span> <span class='ocrx_word' id='word_1_696' title='bbox 2546 3879 2672 3927; x_wconf 79' lang='lat' dir='ltr'><strong>ergo</strong></span> <span class='ocrx_word' id='word_1_697' title='bbox 2703 3864 2836 3915; x_wconf 87' lang='lat' dir='ltr'><strong>sicut</strong></span> <span class='ocrx_word' id='word_1_698' title='bbox 2867 3864 3044 3927; x_wconf 85' lang='lat' dir='ltr'><strong>homo,</strong></span> <span class='ocrx_word' id='word_1_699' title='bbox 3092 3865 3225 3917; x_wconf 72' lang='lat' dir='ltr'><strong>sicut</strong></span> <span class='ocrx_word' id='word_1_700' title='bbox 3270 3880 3374 3931; x_wconf 88' lang='lat' dir='ltr'><strong>quo</strong></span> <span class='ocrx_word' id='word_1_701' title='bbox 3420 3864 3580 3932; x_wconf 79' lang='lat' dir='ltr'><strong>major</strong></span> <span class='ocrx_word' id='word_1_702' title='bbox 3619 3870 3686 3915; x_wconf 86' lang='lat' dir='ltr'><strong>est</strong></span> 
     </span>
    </p>
   </div>
   <div class='ocr_carea' id='block_1_86' title="bbox 2161 3951 3686 4020">
    <p class='ocr_par' dir='ltr' id='par_1_86' title="bbox 2161 3951 3686 4020">
     <span class='ocr_line' id='line_1_86' title="bbox 2161 3951 3686 4020; baseline 0 -16"><span class='ocrx_word' id='word_1_703' title='bbox 2161 3952 2339 4015; x_wconf 81' lang='lat' dir='ltr'><strong>Pater,</strong></span> <span class='ocrx_word' id='word_1_704' title='bbox 2365 3952 2470 4020; x_wconf 87' lang='lat' dir='ltr'><strong>jam</strong></span> <span class='ocrx_word' id='word_1_705' title='bbox 2499 3967 2562 4006; x_wconf 80' lang='lat' dir='ltr'><strong>ex</strong></span> <span class='ocrx_word' id='word_1_706' title='bbox 2606 3951 2772 4006; x_wconf 78' lang='lat' dir='ltr'><strong>for-tua</strong></span> <span class='ocrx_word' id='word_1_707' title='bbox 2818 3954 2977 4017; x_wconf 81' lang='lat' dir='ltr'><strong>servi,</strong></span> <span class='ocrx_word' id='word_1_708' title='bbox 3026 3969 3127 4006; x_wconf 88' lang='lat' dir='ltr'><strong>non</strong></span> <span class='ocrx_word' id='word_1_709' title='bbox 3170 3968 3234 4008; x_wconf 79' lang='lat' dir='ltr'><strong>ex</strong></span> <span class='ocrx_word' id='word_1_710' title='bbox 3267 3956 3431 4006; x_wconf 74' lang='lat' dir='ltr'><strong>[arma</strong></span> <span class='ocrx_word' id='word_1_711' title='bbox 3466 3953 3554 4007; x_wconf 88' lang='lat' dir='ltr'><strong>Dei</strong></span> <span class='ocrx_word' id='word_1_712' title='bbox 3580 3953 3686 4005; x_wconf 82' lang='lat' dir='ltr'><strong>sicut</strong></span> 
     </span>
    </p>
   </div>
   <div class='ocr_carea' id='block_1_87' title="bbox 2153 4043 2526 4111">
    <p class='ocr_par' dir='ltr' id='par_1_87' title="bbox 2153 4043 2526 4111">
     <span class='ocr_line' id='line_1_87' title="bbox 2153 4043 2526 4111; baseline 0 -16"><span class='ocrx_word' id='word_1_713' title='bbox 2153 4044 2309 4095; x_wconf 85' lang='lat' dir='ltr'><strong>audio</strong></span> <span class='ocrx_word' id='word_1_714' title='bbox 2328 4043 2526 4111; x_wconf 85' lang='lat' dir='ltr'><strong>judico.</strong></span> 
     </span>
    </p>
   </div>
   <div class='ocr_carea' id='block_1_88' title="bbox 2226 4132 3684 4205">
    <p class='ocr_par' dir='ltr' id='par_1_88' title="bbox 2226 4132 3684 4205">
     <span class='ocr_line' id='line_1_88' title="bbox 2226 4132 3684 4205; baseline -0.001 -20"><span class='ocrx_word' id='word_1_715' title='bbox 2226 4133 2290 4187; x_wconf 80' lang='lat' dir='ltr'><strong>Et</strong></span> <span class='ocrx_word' id='word_1_716' title='bbox 2307 4134 2561 4205; x_wconf 85' lang='lat' dir='ltr'><strong>judicium</strong></span> <span class='ocrx_word' id='word_1_717' title='bbox 2605 4149 2766 4185; x_wconf 85' lang='lat' dir='ltr'><strong>meum</strong></span> <span class='ocrx_word' id='word_1_718' title='bbox 2804 4136 3000 4203; x_wconf 82' lang='lat' dir='ltr'><strong>justum</strong></span> <span class='ocrx_word' id='word_1_719' title='bbox 3042 4143 3135 4185; x_wconf 89' lang='lat' dir='ltr'><strong>est.</strong></span> <span class='ocrx_word' id='word_1_720' title='bbox 3177 4132 3327 4188; x_wconf 89' lang='lat' dir='ltr'><strong>Unde</strong></span> <span class='ocrx_word' id='word_1_721' title='bbox 3356 4134 3684 4200; x_wconf 83' lang='lat' dir='ltr'><strong>estjndirium</strong></span> 
     </span>
    </p>
   </div>
   <div class='ocr_carea' id='block_1_89' title="bbox 2149 4225 3685 4292">
    <p class='ocr_par' dir='ltr' id='par_1_89' title="bbox 2149 4225 3685 4292">
     <span class='ocr_line' id='line_1_89' title="bbox 2149 4225 3685 4292; baseline -0.003 -15"><span class='ocrx_word' id='word_1_722' title='bbox 2149 4225 2347 4292; x_wconf 86' lang='lat' dir='ltr'><strong>justum</strong></span> <span class='ocrx_word' id='word_1_723' title='bbox 2383 4226 2648 4278; x_wconf 85' lang='lat' dir='ltr'><strong>hominis?</strong></span> <span class='ocrx_word' id='word_1_724' title='bbox 2685 4227 2930 4292; x_wconf 89' lang='lat' dir='ltr'><strong>Sequitur</strong></span> <span class='ocrx_word' id='word_1_725' title='bbox 2961 4244 2970 4278; x_wconf 96' lang='lat'>:</span> <span class='ocrx_word' id='word_1_726' title='bbox 3006 4227 3132 4290; x_wconf 79' lang='lat' dir='ltr'><strong>Quia</strong></span> <span class='ocrx_word' id='word_1_727' title='bbox 3159 4242 3258 4277; x_wconf 82' lang='lat' dir='ltr'><strong>non</strong></span> <span class='ocrx_word' id='word_1_728' title='bbox 3287 4241 3454 4290; x_wconf 64' lang='lat' dir='ltr'><strong>quem</strong></span> <span class='ocrx_word' id='word_1_729' title='bbox 3483 4226 3685 4277; x_wconf 77' lang='lat' dir='ltr'><strong>uolunta-</strong></span> 
     </span>
    </p>
   </div>
   <div class='ocr_carea' id='block_1_90' title="bbox 2154 4315 3682 4384">
    <p class='ocr_par' dir='ltr' id='par_1_90' title="bbox 2154 4315 3682 4384">
     <span class='ocr_line' id='line_1_90' title="bbox 2154 4315 3682 4384; baseline -0.003 -16"><span class='ocrx_word' id='word_1_730' title='bbox 2154 4328 2249 4368; x_wconf 85' lang='lat' dir='ltr'><strong>tem</strong></span> <span class='ocrx_word' id='word_1_731' title='bbox 2293 4333 2450 4369; x_wconf 77' lang='lat' dir='ltr'><strong>meam</strong></span> <span class='ocrx_word' id='word_1_732' title='bbox 2480 4358 2494 4381; x_wconf 91' lang='lat'><strong>,</strong></span> <span class='ocrx_word' id='word_1_733' title='bbox 2544 4317 2632 4370; x_wconf 87' lang='lat' dir='ltr'><strong>sed</strong></span> <span class='ocrx_word' id='word_1_734' title='bbox 2678 4316 2984 4368; x_wconf 80' lang='lat' dir='ltr'><strong>voluntatem</strong></span> <span class='ocrx_word' id='word_1_735' title='bbox 3032 4317 3139 4384; x_wconf 80' lang='lat' dir='ltr'><strong>ejus</strong></span> <span class='ocrx_word' id='word_1_736' title='bbox 3180 4317 3264 4382; x_wconf 88' lang='lat' dir='ltr'><strong>qui</strong></span> <span class='ocrx_word' id='word_1_737' title='bbox 3310 4317 3441 4368; x_wconf 84' lang='lat' dir='ltr'><strong>misit</strong></span> <span class='ocrx_word' id='word_1_738' title='bbox 3480 4333 3569 4368; x_wconf 81' lang='lat' dir='ltr'><strong>me.</strong></span> <span class='ocrx_word' id='word_1_739' title='bbox 3602 4315 3682 4367; x_wconf 78' lang='lat' dir='ltr'><strong>Ista</strong></span> 
     </span>
    </p>
   </div>
   <div class='ocr_carea' id='block_1_91' title="bbox 507 4396 3681 4480">
    <p class='ocr_par' dir='ltr' id='par_1_91' title="bbox 507 4396 3681 4480">
     <span class='ocr_line' id='line_1_91' title="bbox 507 4396 3681 4480; baseline 0.003 -35"><span class='ocrx_word' id='word_1_740' title='bbox 507 4398 594 4446; x_wconf 76' lang='lat' dir='ltr'><strong>sed</strong></span> <span class='ocrx_word' id='word_1_741' title='bbox 627 4396 689 4447; x_wconf 88' lang='lat' dir='ltr'><strong>ad</strong></span> <span class='ocrx_word' id='word_1_742' title='bbox 735 4411 962 4463; x_wconf 73' lang='lat' dir='ltr'><strong>postiam.</strong></span> <span class='ocrx_word' id='word_1_743' title='bbox 1000 4398 1282 4466; x_wconf 82' lang='lat' dir='ltr'><strong>Utrumque</strong></span> <span class='ocrx_word' id='word_1_744' title='bbox 1313 4402 1432 4456; x_wconf 81' lang='lat' dir='ltr'><strong>iacit</strong></span> <span class='ocrx_word' id='word_1_745' title='bbox 1473 4405 1610 4457; x_wconf 85' lang='lat' dir='ltr'><strong>Deus</strong></span> <span class='ocrx_word' id='word_1_746' title='bbox 1640 4421 1729 4472; x_wconf 83' lang='lat' dir='ltr'><strong>per</strong></span> <span class='ocrx_word' id='word_1_747' title='bbox 1758 4406 2044 4462; x_wconf 87' lang='lat' dir='ltr'><strong>Christum.</strong></span> <span class='ocrx_word' id='word_1_748' title='bbox 2082 4423 2125 4480; x_wconf 79' lang='grc' dir='ltr'><strong>υ</strong></span> <span class='ocrx_word' id='word_1_749' title='bbox 2158 4409 2337 4461; x_wconf 87' lang='lat' dir='ltr'><strong>missio</strong></span> <span class='ocrx_word' id='word_1_750' title='bbox 2369 4408 2662 4461; x_wconf 90' lang='lat' dir='ltr'><strong>incarnatio</strong></span> <span class='ocrx_word' id='word_1_751' title='bbox 2686 4417 2765 4460; x_wconf 83' lang='lat' dir='ltr'><strong>est</strong></span> <span class='ocrx_word' id='word_1_752' title='bbox 2809 4405 3020 4469; x_wconf 86' lang='lat' dir='ltr'><strong>Christi,</strong></span> <span class='ocrx_word' id='word_1_753' title='bbox 3050 4421 3168 4474; x_wconf 71' lang='lat' dir='ltr'><strong>quae</strong></span> <span class='ocrx_word' id='word_1_754' title='bbox 3194 4406 3257 4458; x_wconf 79' lang='lat' dir='ltr'><strong>ad</strong></span> <span class='ocrx_word' id='word_1_755' title='bbox 3289 4407 3387 4459; x_wconf 89' lang='lat' dir='ltr'><strong>hoc</strong></span> <span class='ocrx_word' id='word_1_756' title='bbox 3430 4408 3560 4458; x_wconf 80' lang='lat' dir='ltr'><strong>facta</strong></span> <span class='ocrx_word' id='word_1_757' title='bbox 3599 4415 3681 4464; x_wconf 82' lang='lat' dir='ltr'><strong>est,</strong></span> 
     </span>
    </p>
   </div>
   <div class='ocr_carea' id='block_1_92' title="bbox 512 4485 2058 4566">
    <p class='ocr_par' dir='ltr' id='par_1_92' title="bbox 512 4485 2058 4566">
     <span class='ocr_line' id='line_1_92' title="bbox 512 4485 2058 4566; baseline 0.012 -32"><span class='ocrx_word' id='word_1_758' title='bbox 512 4486 608 4548; x_wconf 88' lang='lat' dir='ltr'><strong>Qui</strong></span> <span class='ocrx_word' id='word_1_759' title='bbox 639 4485 723 4536; x_wconf 83' lang='lat' dir='ltr'><strong>hic</strong></span> <span class='ocrx_word' id='word_1_760' title='bbox 769 4489 994 4554; x_wconf 80' lang='lat' dir='ltr'><strong>resurgit</strong></span> <span class='ocrx_word' id='word_1_761' title='bbox 1023 4503 1115 4554; x_wconf 87' lang='lat' dir='ltr'><strong>per</strong></span> <span class='ocrx_word' id='word_1_762' title='bbox 1145 4505 1282 4555; x_wconf 82' lang='lat' dir='ltr'><strong>eum,</strong></span> <span class='ocrx_word' id='word_1_763' title='bbox 1317 4493 1383 4545; x_wconf 89' lang='lat' dir='ltr'><strong>ibi</strong></span> <span class='ocrx_word' id='word_1_764' title='bbox 1415 4505 1647 4565; x_wconf 88' lang='lat' dir='ltr'><strong>resurget</strong></span> <span class='ocrx_word' id='word_1_765' title='bbox 1680 4496 1744 4549; x_wconf 88' lang='lat' dir='ltr'><strong>ad</strong></span> <span class='ocrx_word' id='word_1_766' title='bbox 1790 4513 1939 4562; x_wconf 87' lang='lat' dir='ltr'><strong>eum;</strong></span> <span class='ocrx_word' id='word_1_767' title='bbox 1970 4500 2058 4566; x_wconf 90' lang='lat' dir='ltr'><strong>qui</strong></span> 
     </span>
    </p>
   </div>
   <div class='ocr_carea' id='block_1_93' title="bbox 522 4577 2054 4654">
    <p class='ocr_par' dir='ltr' id='par_1_93' title="bbox 522 4577 2054 4654">
     <span class='ocr_line' id='line_1_93' title="bbox 522 4577 2054 4654; baseline 0.01 -28"><span class='ocrx_word' id='word_1_768' title='bbox 522 4577 601 4626; x_wconf 85' lang='lat' dir='ltr'><strong>hic</strong></span> <span class='ocrx_word' id='word_1_769' title='bbox 631 4590 722 4641; x_wconf 88' lang='lat' dir='ltr'><strong>per</strong></span> <span class='ocrx_word' id='word_1_770' title='bbox 744 4591 860 4630; x_wconf 91' lang='lat' dir='ltr'><strong>eum</strong></span> <span class='ocrx_word' id='word_1_771' title='bbox 905 4594 1006 4631; x_wconf 91' lang='lat' dir='ltr'><strong>non</strong></span> <span class='ocrx_word' id='word_1_772' title='bbox 1031 4582 1276 4648; x_wconf 83' lang='lat' dir='ltr'><strong>resurgit,</strong></span> <span class='ocrx_word' id='word_1_773' title='bbox 1317 4599 1410 4638; x_wconf 91' lang='lat' dir='ltr'><strong>nec</strong></span> <span class='ocrx_word' id='word_1_774' title='bbox 1452 4586 1518 4638; x_wconf 88' lang='lat' dir='ltr'><strong>ibi</strong></span> <span class='ocrx_word' id='word_1_775' title='bbox 1548 4587 1609 4639; x_wconf 86' lang='lat' dir='ltr'><strong>ad</strong></span> <span class='ocrx_word' id='word_1_776' title='bbox 1635 4602 1753 4640; x_wconf 91' lang='lat' dir='ltr'><strong>eum</strong></span> <span class='ocrx_word' id='word_1_777' title='bbox 1797 4600 2054 4654; x_wconf 84' lang='lat' dir='ltr'><strong>resurget.</strong></span> 
     </span>
    </p>
   </div>
   <div class='ocr_carea' id='block_1_94' title="bbox 513 4663 2056 4744">
    <p class='ocr_par' dir='ltr' id='par_1_94' title="bbox 513 4663 2056 4744">
     <span class='ocr_line' id='line_1_94' title="bbox 513 4663 2056 4744; baseline 0.013 -31"><span class='ocrx_word' id='word_1_778' title='bbox 513 4663 648 4715; x_wconf 88' lang='lat' dir='ltr'><strong>llora</strong></span> <span class='ocrx_word' id='word_1_779' title='bbox 681 4677 851 4717; x_wconf 86' lang='lat' dir='ltr'><strong>autem</strong></span> <span class='ocrx_word' id='word_1_780' title='bbox 899 4683 1037 4722; x_wconf 87' lang='lat' dir='ltr'><strong>nunc</strong></span> <span class='ocrx_word' id='word_1_781' title='bbox 1085 4683 1183 4737; x_wconf 87' lang='lat' dir='ltr'><strong>est,</strong></span> <span class='ocrx_word' id='word_1_782' title='bbox 1239 4683 1293 4725; x_wconf 89' lang='lat' dir='ltr'><strong>ut</strong></span> <span class='ocrx_word' id='word_1_783' title='bbox 1343 4685 1618 4744; x_wconf 85' lang='lat' dir='ltr'><strong>resurgant</strong></span> <span class='ocrx_word' id='word_1_784' title='bbox 1664 4679 1873 4732; x_wconf 85' lang='lat' dir='ltr'><strong>mortui.</strong></span> <span class='ocrx_word' id='word_1_785' title='bbox 1922 4679 2056 4732; x_wconf 76' lang='lat' dir='ltr'><strong>“ora</strong></span> 
     </span>
    </p>
   </div>
   <div class='ocr_carea' id='block_1_95' title="bbox 506 4757 2054 4833">
    <p class='ocr_par' dir='ltr' id='par_1_95' title="bbox 506 4757 2054 4833">
     <span class='ocr_line' id='line_1_95' title="bbox 506 4757 2054 4833; baseline 0.009 -25"><span class='ocrx_word' id='word_1_786' title='bbox 506 4758 600 4808; x_wconf 86' lang='lat' dir='ltr'><strong>erit</strong></span> <span class='ocrx_word' id='word_1_787' title='bbox 632 4757 678 4809; x_wconf 91' lang='lat' dir='ltr'><strong>in</strong></span> <span class='ocrx_word' id='word_1_788' title='bbox 713 4757 813 4811; x_wconf 81' lang='lat' dir='ltr'><strong>line</strong></span> <span class='ocrx_word' id='word_1_789' title='bbox 867 4760 1070 4822; x_wconf 64' lang='lat' dir='ltr'><strong>saeculi,</strong></span> <span class='ocrx_word' id='word_1_790' title='bbox 1114 4771 1167 4815; x_wconf 91' lang='lat' dir='ltr'><strong>ut</strong></span> <span class='ocrx_word' id='word_1_791' title='bbox 1197 4776 1470 4833; x_wconf 82' lang='lat' dir='ltr'><strong>resurgant</strong></span> <span class='ocrx_word' id='word_1_792' title='bbox 1500 4771 1724 4822; x_wconf 88' lang='lat' dir='ltr'><strong>mortui:</strong></span> <span class='ocrx_word' id='word_1_793' title='bbox 1756 4771 1847 4822; x_wconf 88' lang='lat' dir='ltr'><strong>sed</strong></span> <span class='ocrx_word' id='word_1_794' title='bbox 1881 4785 2054 4822; x_wconf 86' lang='lat' dir='ltr'><strong>resur-</strong></span> 
     </span>
    </p>
   </div>
   <div class='ocr_carea' id='block_1_96' title="bbox 506 4851 2058 4928">
    <p class='ocr_par' dir='ltr' id='par_1_96' title="bbox 506 4851 2058 4928">
     <span class='ocr_line' id='line_1_96' title="bbox 506 4851 2058 4928; baseline 0.012 -32"><span class='ocrx_word' id='word_1_795' title='bbox 506 4857 632 4912; x_wconf 80' lang='lat' dir='ltr'><strong>gant</strong></span> <span class='ocrx_word' id='word_1_796' title='bbox 659 4864 794 4902; x_wconf 86' lang='lat' dir='ltr'><strong>nunc</strong></span> <span class='ocrx_word' id='word_1_797' title='bbox 822 4851 869 4902; x_wconf 91' lang='lat' dir='ltr'><strong>in</strong></span> <span class='ocrx_word' id='word_1_798' title='bbox 898 4858 1088 4916; x_wconf 90' lang='lat' dir='ltr'><strong>mente,</strong></span> <span class='ocrx_word' id='word_1_799' title='bbox 1125 4863 1242 4906; x_wconf 87' lang='lat' dir='ltr'><strong>tunc</strong></span> <span class='ocrx_word' id='word_1_800' title='bbox 1275 4856 1324 4906; x_wconf 92' lang='lat' dir='ltr'><strong>in</strong></span> <span class='ocrx_word' id='word_1_801' title='bbox 1365 4871 1539 4909; x_wconf 85' lang='lat' dir='ltr'><strong>carne.</strong></span> <span class='ocrx_word' id='word_1_802' title='bbox 1574 4859 1869 4928; x_wconf 78' lang='lat' dir='ltr'><strong>Resurgant</strong></span> <span class='ocrx_word' id='word_1_803' title='bbox 1919 4877 2058 4916; x_wconf 83' lang='lat' dir='ltr'><strong>nunc</strong></span> 
     </span>
    </p>
   </div>
   <div class='ocr_carea' id='block_1_97' title="bbox 515 4943 2057 5020">
    <p class='ocr_par' dir='ltr' id='par_1_97' title="bbox 515 4943 2057 5020">
     <span class='ocr_line' id='line_1_97' title="bbox 515 4943 2057 5020; baseline 0.009 -27"><span class='ocrx_word' id='word_1_804' title='bbox 515 4943 566 4994; x_wconf 90' lang='lat' dir='ltr'><strong>in</strong></span> <span class='ocrx_word' id='word_1_805' title='bbox 599 4952 773 4994; x_wconf 80' lang='lat' dir='ltr'><strong>mente</strong></span> <span class='ocrx_word' id='word_1_806' title='bbox 798 4958 890 5010; x_wconf 90' lang='lat' dir='ltr'><strong>per</strong></span> <span class='ocrx_word' id='word_1_807' title='bbox 929 4944 1154 4997; x_wconf 83' lang='lat' dir='ltr'><strong>Verbum</strong></span> <span class='ocrx_word' id='word_1_808' title='bbox 1185 4947 1272 4999; x_wconf 85' lang='lat' dir='ltr'><strong>Dei</strong></span> <span class='ocrx_word' id='word_1_809' title='bbox 1309 4948 1514 5013; x_wconf 82' lang='lat' dir='ltr'><strong>Filium,</strong></span> <span class='ocrx_word' id='word_1_810' title='bbox 1555 4963 1827 5020; x_wconf 77' lang='lat' dir='ltr'><strong>resurgant</strong></span> <span class='ocrx_word' id='word_1_811' title='bbox 1863 4963 1983 5006; x_wconf 89' lang='lat' dir='ltr'><strong>tunc</strong></span> <span class='ocrx_word' id='word_1_812' title='bbox 2007 4954 2057 5006; x_wconf 89' lang='lat' dir='ltr'><strong>in</strong></span> 
     </span>
    </p>
   </div>
   <div class='ocr_carea' id='block_1_98' title="bbox 509 5034 2052 5102">
    <p class='ocr_par' dir='ltr' id='par_1_98' title="bbox 509 5034 2052 5102">
     <span class='ocr_line' id='line_1_98' title="bbox 509 5034 2052 5102; baseline 0.008 -15"><span class='ocrx_word' id='word_1_813' title='bbox 509 5048 664 5087; x_wconf 82' lang='lat' dir='ltr'><strong>carne</strong></span> <span class='ocrx_word' id='word_1_814' title='bbox 693 5050 783 5102; x_wconf 86' lang='lat' dir='ltr'><strong>per</strong></span> <span class='ocrx_word' id='word_1_815' title='bbox 809 5034 1033 5089; x_wconf 81' lang='lat' dir='ltr'><strong>Verbum</strong></span> <span class='ocrx_word' id='word_1_816' title='bbox 1078 5038 1168 5092; x_wconf 89' lang='lat' dir='ltr'><strong>Dei</strong></span> <span class='ocrx_word' id='word_1_817' title='bbox 1196 5055 1352 5093; x_wconf 81' lang='lat' dir='ltr'><strong>carne</strong></span> <span class='ocrx_word' id='word_1_818' title='bbox 1384 5042 1571 5096; x_wconf 81' lang='lat' dir='ltr'><strong>factum</strong></span> <span class='ocrx_word' id='word_1_819' title='bbox 1599 5045 1780 5098; x_wconf 88' lang='lat' dir='ltr'><strong>Filium</strong></span> <span class='ocrx_word' id='word_1_820' title='bbox 1808 5046 2052 5099; x_wconf 88' lang='lat' dir='ltr'><strong>hominis.</strong></span> 
     </span>
    </p>
   </div>
   <div class='ocr_carea' id='block_1_99' title="bbox 513 5122 2056 5193">
    <p class='ocr_par' dir='ltr' id='par_1_99' title="bbox 513 5122 2056 5193">
     <span class='ocr_line' id='line_1_99' title="bbox 513 5122 2056 5193; baseline 0.01 -20"><span class='ocrx_word' id='word_1_821' title='bbox 513 5122 686 5190; x_wconf 66' lang='lat' dir='ltr'><strong>Neque</strong></span> <span class='ocrx_word' id='word_1_822' title='bbox 717 5125 853 5176; x_wconf 90' lang='lat' dir='ltr'><strong>enim</strong></span> <span class='ocrx_word' id='word_1_823' title='bbox 883 5125 945 5177; x_wconf 87' lang='lat' dir='ltr'><strong>ad</strong></span> <span class='ocrx_word' id='word_1_824' title='bbox 969 5124 1217 5193; x_wconf 89' lang='lat' dir='ltr'><strong>judicium</strong></span> <span class='ocrx_word' id='word_1_825' title='bbox 1251 5129 1488 5183; x_wconf 83' lang='lat' dir='ltr'><strong>vivorum</strong></span> <span class='ocrx_word' id='word_1_826' title='bbox 1511 5140 1564 5185; x_wconf 89' lang='lat' dir='ltr'><strong>et</strong></span> <span class='ocrx_word' id='word_1_827' title='bbox 1603 5143 1926 5186; x_wconf 88' lang='lat' dir='ltr'><strong>mortuorum</strong></span> <span class='ocrx_word' id='word_1_828' title='bbox 1960 5133 2056 5188; x_wconf 83' lang='lat' dir='ltr'><strong>Pa-</strong></span> 
     </span>
    </p>
   </div>
   <div class='ocr_carea' id='block_1_100' title="bbox 512 5212 2055 5279">
    <p class='ocr_par' dir='ltr' id='par_1_100' title="bbox 512 5212 2055 5279">
     <span class='ocr_line' id='line_1_100' title="bbox 512 5212 2055 5279; baseline 0.012 -19"><span class='ocrx_word' id='word_1_829' title='bbox 512 5221 589 5262; x_wconf 90' lang='lat' dir='ltr'><strong>ter</strong></span> <span class='ocrx_word' id='word_1_830' title='bbox 643 5212 754 5279; x_wconf 87' lang='lat' dir='ltr'><strong>ipse</strong></span> <span class='ocrx_word' id='word_1_831' title='bbox 797 5223 1044 5268; x_wconf 85' lang='lat' dir='ltr'><strong>venturus</strong></span> <span class='ocrx_word' id='word_1_832' title='bbox 1091 5227 1192 5278; x_wconf 84' lang='lat' dir='ltr'><strong>est,</strong></span> <span class='ocrx_word' id='word_1_833' title='bbox 1243 5233 1340 5272; x_wconf 89' lang='lat' dir='ltr'><strong>nec</strong></span> <span class='ocrx_word' id='word_1_834' title='bbox 1389 5229 1560 5273; x_wconf 86' lang='lat' dir='ltr'><strong>tamen</strong></span> <span class='ocrx_word' id='word_1_835' title='bbox 1609 5225 1804 5277; x_wconf 81' lang='lat' dir='ltr'><strong>recedit</strong></span> <span class='ocrx_word' id='word_1_836' title='bbox 1848 5238 1876 5274; x_wconf 90' lang='lat' dir='ltr'><strong>a</strong></span> <span class='ocrx_word' id='word_1_837' title='bbox 1927 5223 2055 5279; x_wconf 89' lang='lat' dir='ltr'><strong>Filio</strong></span> 
     </span>
    </p>
   </div>
   <div class='ocr_carea' id='block_1_101' title="bbox 516 5302 2054 5379">
    <p class='ocr_par' dir='ltr' id='par_1_101' title="bbox 516 5302 2054 5379">
     <span class='ocr_line' id='line_1_101' title="bbox 516 5302 2054 5379; baseline 0.008 -25"><span class='ocrx_word' id='word_1_838' title='bbox 516 5302 686 5355; x_wconf 53' lang='lat' dir='ltr'><strong>Pater.</strong></span> <span class='ocrx_word' id='word_1_839' title='bbox 721 5304 992 5369; x_wconf 83' lang='lat' dir='ltr'><strong>Quomodo</strong></span> <span class='ocrx_word' id='word_1_840' title='bbox 1022 5321 1146 5376; x_wconf 89' lang='lat' dir='ltr'><strong>ergo</strong></span> <span class='ocrx_word' id='word_1_841' title='bbox 1177 5324 1278 5362; x_wconf 89' lang='lat' dir='ltr'><strong>non</strong></span> <span class='ocrx_word' id='word_1_842' title='bbox 1329 5311 1438 5379; x_wconf 82' lang='lat' dir='ltr'><strong>ipse</strong></span> <span class='ocrx_word' id='word_1_843' title='bbox 1485 5322 1735 5366; x_wconf 89' lang='lat' dir='ltr'><strong>venturus</strong></span> <span class='ocrx_word' id='word_1_844' title='bbox 1783 5317 1898 5367; x_wconf 81' lang='lat' dir='ltr'><strong>est?</strong></span> <span class='ocrx_word' id='word_1_845' title='bbox 1925 5314 2054 5378; x_wconf 87' lang='lat' dir='ltr'><strong>Quia</strong></span> 
     </span>
    </p>
   </div>
   <div class='ocr_carea' id='block_1_102' title="bbox 510 5395 2055 5469">
    <p class='ocr_par' dir='ltr' id='par_1_102' title="bbox 510 5395 2055 5469">
     <span class='ocr_line' id='line_1_102' title="bbox 510 5395 2055 5469; baseline 0.01 -27"><span class='ocrx_word' id='word_1_846' title='bbox 510 5411 609 5444; x_wconf 75' lang='lat' dir='ltr'><strong>non</strong></span> <span class='ocrx_word' id='word_1_847' title='bbox 668 5395 775 5459; x_wconf 87' lang='lat' dir='ltr'><strong>ipse</strong></span> <span class='ocrx_word' id='word_1_848' title='bbox 828 5396 1081 5450; x_wconf 86' lang='lat' dir='ltr'><strong>videbitur</strong></span> <span class='ocrx_word' id='word_1_849' title='bbox 1137 5401 1185 5451; x_wconf 88' lang='lat' dir='ltr'><strong>in</strong></span> <span class='ocrx_word' id='word_1_850' title='bbox 1240 5402 1458 5468; x_wconf 74' lang='lat' dir='ltr'><strong>judicio.</strong></span> <span class='ocrx_word' id='word_1_851' title='bbox 1519 5403 1766 5456; x_wconf 76' lang='lat' dir='ltr'><strong>Videbunt</strong></span> <span class='ocrx_word' id='word_1_852' title='bbox 1822 5407 1873 5457; x_wconf 87' lang='lat' dir='ltr'><strong>in</strong></span> <span class='ocrx_word' id='word_1_853' title='bbox 1911 5421 2055 5469; x_wconf 84' lang='lat' dir='ltr'><strong>quem</strong></span> 
     </span>
    </p>
   </div>
   <div class='ocr_carea' id='block_1_103' title="bbox 507 5485 2050 5561">
    <p class='ocr_par' dir='ltr' id='par_1_103' title="bbox 507 5485 2050 5561">
     <span class='ocr_line' id='line_1_103' title="bbox 507 5485 2050 5561; baseline 0.009 -27"><span class='ocrx_word' id='word_1_854' title='bbox 507 5495 903 5549; x_wconf 75' lang='lat' dir='ltr'><strong>Conipunxcrunt</strong></span> <span class='ocrx_word' id='word_1_855' title='bbox 943 5485 1117 5554; x_wconf 85' lang='lat' dir='ltr'><strong>(Joan.</strong></span> <span class='ocrx_word' id='word_1_856' title='bbox 1152 5492 1320 5556; x_wconf 74' lang='lat' dir='ltr'><strong>xxiv).</strong></span> <span class='ocrx_word' id='word_1_857' title='bbox 1353 5491 1538 5544; x_wconf 85' lang='lat' dir='ltr'><strong>Forma</strong></span> <span class='ocrx_word' id='word_1_858' title='bbox 1585 5492 1666 5546; x_wconf 89' lang='lat' dir='ltr'><strong>illa</strong></span> <span class='ocrx_word' id='word_1_859' title='bbox 1714 5495 1814 5549; x_wconf 89' lang='lat' dir='ltr'><strong>erit</strong></span> <span class='ocrx_word' id='word_1_860' title='bbox 1863 5493 2050 5561; x_wconf 84' lang='lat' dir='ltr'><strong>judex,</strong></span> 
     </span>
    </p>
   </div>
   <div class='ocr_carea' id='block_1_104' title="bbox 513 5580 2051 5653">
    <p class='ocr_par' dir='ltr' id='par_1_104' title="bbox 513 5580 2051 5653">
     <span class='ocr_line' id='line_1_104' title="bbox 513 5580 2051 5653; baseline 0.008 -26"><span class='ocrx_word' id='word_1_861' title='bbox 513 5593 623 5640; x_wconf 64' lang='lat' dir='ltr'><strong>quae</strong></span> <span class='ocrx_word' id='word_1_862' title='bbox 655 5581 798 5628; x_wconf 77' lang='lat' dir='ltr'><strong>stetit</strong></span> <span class='ocrx_word' id='word_1_863' title='bbox 830 5580 924 5630; x_wconf 87' lang='lat' dir='ltr'><strong>sub</strong></span> <span class='ocrx_word' id='word_1_864' title='bbox 973 5580 1167 5648; x_wconf 81' lang='lat' dir='ltr'><strong>judice.</strong></span> <span class='ocrx_word' id='word_1_865' title='bbox 1223 5583 1306 5636; x_wconf 86' lang='lat' dir='ltr'><strong>Illa</strong></span> <span class='ocrx_word' id='word_1_866' title='bbox 1347 5583 1626 5651; x_wconf 78' lang='lat' dir='ltr'><strong>judicubit,</strong></span> <span class='ocrx_word' id='word_1_867' title='bbox 1669 5604 1783 5653; x_wconf 72' lang='lat' dir='ltr'><strong>qua:</strong></span> <span class='ocrx_word' id='word_1_868' title='bbox 1823 5588 2051 5652; x_wconf 85' lang='lat' dir='ltr'><strong>jutlicata</strong></span> 
     </span>
    </p>
   </div>
   <div class='ocr_carea' id='block_1_105' title="bbox 508 5666 2052 5743">
    <p class='ocr_par' dir='ltr' id='par_1_105' title="bbox 508 5666 2052 5743">
     <span class='ocr_line' id='line_1_105' title="bbox 508 5666 2052 5743; baseline 0.013 -30"><span class='ocrx_word' id='word_1_869' title='bbox 508 5677 607 5716; x_wconf 73' lang='lat' dir='ltr'><strong>cst.</strong></span> <span class='ocrx_word' id='word_1_870' title='bbox 641 5666 876 5723; x_wconf 82' lang='lat' dir='ltr'><strong>Judtcata</strong></span> <span class='ocrx_word' id='word_1_871' title='bbox 904 5681 984 5724; x_wconf 74' lang='lat' dir='ltr'><strong>est</strong></span> <span class='ocrx_word' id='word_1_872' title='bbox 1014 5677 1150 5726; x_wconf 74' lang='lat' dir='ltr'><strong>enim</strong></span> <span class='ocrx_word' id='word_1_873' title='bbox 1202 5676 1399 5743; x_wconf 78' lang='lat' dir='ltr'><strong>inique,</strong></span> <span class='ocrx_word' id='word_1_874' title='bbox 1439 5677 1692 5742; x_wconf 68' lang='lat' dir='ltr'><strong>iudicabit</strong></span> <span class='ocrx_word' id='word_1_875' title='bbox 1715 5681 1869 5742; x_wconf 77' lang='lat' dir='ltr'><strong>justc.</strong></span> <span class='ocrx_word' id='word_1_876' title='bbox 1907 5681 2052 5733; x_wconf 79' lang='lat' dir='ltr'><strong>&#39;l&#39;alis</strong></span> 
     </span>
    </p>
   </div>
   <div class='ocr_carea' id='block_1_106' title="bbox 2166 4496 3682 4565">
    <p class='ocr_par' dir='ltr' id='par_1_106' title="bbox 2166 4496 3682 4565">
     <span class='ocr_line' id='line_1_106' title="bbox 2166 4496 3682 4565; baseline -0.004 -13"><span class='ocrx_word' id='word_1_877' title='bbox 2166 4509 2220 4552; x_wconf 91' lang='lat' dir='ltr'><strong>ut</strong></span> <span class='ocrx_word' id='word_1_878' title='bbox 2247 4509 2457 4565; x_wconf 88' lang='lat' dir='ltr'><strong>paterna</strong></span> <span class='ocrx_word' id='word_1_879' title='bbox 2490 4499 2730 4552; x_wconf 90' lang='lat' dir='ltr'><strong>voluntas</strong></span> <span class='ocrx_word' id='word_1_880' title='bbox 2757 4497 2812 4551; x_wconf 90' lang='lat' dir='ltr'><strong>ln</strong></span> <span class='ocrx_word' id='word_1_881' title='bbox 2855 4503 3074 4550; x_wconf 88' lang='lat' dir='ltr'><strong>salutem</strong></span> <span class='ocrx_word' id='word_1_882' title='bbox 3123 4496 3333 4549; x_wconf 84' lang='lat' dir='ltr'><strong>humani</strong></span> <span class='ocrx_word' id='word_1_883' title='bbox 3375 4498 3575 4563; x_wconf 81' lang='lat' dir='ltr'><strong>generis</strong></span> <span class='ocrx_word' id='word_1_884' title='bbox 3608 4510 3682 4561; x_wconf 80' lang='lat' dir='ltr'><strong>per</strong></span> 
     </span>
    </p>
   </div>
   <div class='ocr_carea' id='block_1_107' title="bbox 2160 4585 3683 4643">
    <p class='ocr_par' dir='ltr' id='par_1_107' title="bbox 2160 4585 3683 4643">
     <span class='ocr_line' id='line_1_107' title="bbox 2160 4585 3683 4643; baseline -0.003 0"><span class='ocrx_word' id='word_1_885' title='bbox 2160 4604 2279 4643; x_wconf 90' lang='lat' dir='ltr'><strong>eum</strong></span> <span class='ocrx_word' id='word_1_886' title='bbox 2326 4588 2641 4642; x_wconf 77' lang='lat' dir='ltr'><strong>el‘liceretur.</strong></span> <span class='ocrx_word' id='word_1_887' title='bbox 2690 4588 2904 4642; x_wconf 70' lang='lat' dir='ltr'><strong>Vidi-tur</strong></span> <span class='ocrx_word' id='word_1_888' title='bbox 2945 4585 3084 4641; x_wconf 89' lang='lat' dir='ltr'><strong>enim</strong></span> <span class='ocrx_word' id='word_1_889' title='bbox 3136 4586 3186 4638; x_wconf 90' lang='lat' dir='ltr'><strong>in</strong></span> <span class='ocrx_word' id='word_1_890' title='bbox 3237 4586 3334 4639; x_wconf 86' lang='lat' dir='ltr'><strong>hoc</strong></span> <span class='ocrx_word' id='word_1_891' title='bbox 3376 4588 3492 4640; x_wconf 89' lang='lat' dir='ltr'><strong>loco</strong></span> <span class='ocrx_word' id='word_1_892' title='bbox 3527 4600 3587 4640; x_wconf 75' lang='lat' dir='ltr'><strong>ex</strong></span> <span class='ocrx_word' id='word_1_893' title='bbox 3618 4585 3683 4638; x_wconf 83' lang='lat' dir='ltr'><strong>his</strong></span> 
     </span>
    </p>
   </div>
   <div class='ocr_carea' id='block_1_108' title="bbox 2160 4678 3685 4746">
    <p class='ocr_par' dir='ltr' id='par_1_108' title="bbox 2160 4678 3685 4746">
     <span class='ocr_line' id='line_1_108' title="bbox 2160 4678 3685 4746; baseline -0.001 -15"><span class='ocrx_word' id='word_1_894' title='bbox 2160 4679 2332 4733; x_wconf 84' lang='lat' dir='ltr'><strong>verbis</strong></span> <span class='ocrx_word' id='word_1_895' title='bbox 2375 4679 2659 4733; x_wconf 86' lang='lat' dir='ltr'><strong>Salvatoris</strong></span> <span class='ocrx_word' id='word_1_896' title='bbox 2704 4682 2888 4746; x_wconf 85' lang='lat' dir='ltr'><strong>nostri,</strong></span> <span class='ocrx_word' id='word_1_897' title='bbox 2918 4681 3056 4734; x_wconf 91' lang='lat' dir='ltr'><strong>velle</strong></span> <span class='ocrx_word' id='word_1_898' title='bbox 3097 4694 3215 4734; x_wconf 89' lang='lat' dir='ltr'><strong>eum</strong></span> <span class='ocrx_word' id='word_1_899' title='bbox 3259 4680 3524 4733; x_wconf 83' lang='lat' dir='ltr'><strong>insinuare</strong></span> <span class='ocrx_word' id='word_1_900' title='bbox 3560 4678 3685 4733; x_wconf 84' lang='lat' dir='ltr'><strong>nobis</strong></span> 
     </span>
    </p>
   </div>
   <div class='ocr_carea' id='block_1_109' title="bbox 2156 4771 3683 4833">
    <p class='ocr_par' dir='ltr' id='par_1_109' title="bbox 2156 4771 3683 4833">
     <span class='ocr_line' id='line_1_109' title="bbox 2156 4771 3683 4833; baseline -0.003 -9"><span class='ocrx_word' id='word_1_901' title='bbox 2156 4773 2287 4824; x_wconf 86' lang='lat' dir='ltr'><strong>duas</strong></span> <span class='ocrx_word' id='word_1_902' title='bbox 2319 4781 2529 4823; x_wconf 89' lang='lat' dir='ltr'><strong>naturas</strong></span> <span class='ocrx_word' id='word_1_903' title='bbox 2557 4771 2608 4823; x_wconf 92' lang='lat' dir='ltr'><strong>in</strong></span> <span class='ocrx_word' id='word_1_904' title='bbox 2639 4785 2697 4823; x_wconf 90' lang='lat' dir='ltr'><strong>se</strong></span> <span class='ocrx_word' id='word_1_905' title='bbox 2726 4786 2862 4833; x_wconf 80' lang='lat' dir='ltr'><strong>esse,</strong></span> <span class='ocrx_word' id='word_1_906' title='bbox 2896 4783 2951 4824; x_wconf 90' lang='lat' dir='ltr'><strong>et</strong></span> <span class='ocrx_word' id='word_1_907' title='bbox 2995 4787 3170 4825; x_wconf 75' lang='lat' dir='ltr'><strong>verum</strong></span> <span class='ocrx_word' id='word_1_908' title='bbox 3220 4771 3414 4824; x_wconf 80' lang='lat' dir='ltr'><strong>habere</strong></span> <span class='ocrx_word' id='word_1_909' title='bbox 3462 4771 3683 4830; x_wconf 83' lang='lat' dir='ltr'><strong>animata,</strong></span> 
     </span>
    </p>
   </div>
   <div class='ocr_carea' id='block_1_110' title="bbox 2157 4859 3683 4928">
    <p class='ocr_par' dir='ltr' id='par_1_110' title="bbox 2157 4859 3683 4928">
     <span class='ocr_line' id='line_1_110' title="bbox 2157 4859 3683 4928; baseline -0.003 -14"><span class='ocrx_word' id='word_1_910' title='bbox 2157 4864 2206 4914; x_wconf 94' lang='lat' dir='ltr'><strong>in</strong></span> <span class='ocrx_word' id='word_1_911' title='bbox 2242 4877 2339 4924; x_wconf 88' lang='lat' dir='ltr'><strong>qua</strong></span> <span class='ocrx_word' id='word_1_912' title='bbox 2371 4861 2504 4914; x_wconf 87' lang='lat' dir='ltr'><strong>solet</strong></span> <span class='ocrx_word' id='word_1_913' title='bbox 2532 4861 2777 4915; x_wconf 82' lang='lat' dir='ltr'><strong>voluntas</strong></span> <span class='ocrx_word' id='word_1_914' title='bbox 2808 4876 2925 4914; x_wconf 69' lang='lat' dir='ltr'><strong>esse</strong></span> <span class='ocrx_word' id='word_1_915' title='bbox 2958 4877 2969 4910; x_wconf 91' lang='lat'><strong>:</strong></span> <span class='ocrx_word' id='word_1_916' title='bbox 2996 4877 3109 4926; x_wconf 71' lang='lat' dir='ltr'><strong>quae</strong></span> <span class='ocrx_word' id='word_1_917' title='bbox 3151 4874 3281 4913; x_wconf 88' lang='lat' dir='ltr'><strong>sane</strong></span> <span class='ocrx_word' id='word_1_918' title='bbox 3329 4870 3466 4912; x_wconf 86' lang='lat' dir='ltr'><strong>tanta</strong></span> <span class='ocrx_word' id='word_1_919' title='bbox 3495 4859 3683 4928; x_wconf 84' lang='lat' dir='ltr'><strong>conjun-</strong></span> 
     </span>
    </p>
   </div>
   <div class='ocr_carea' id='block_1_111' title="bbox 2156 4952 3682 5015">
    <p class='ocr_par' dir='ltr' id='par_1_111' title="bbox 2156 4952 3682 5015">
     <span class='ocr_line' id='line_1_111' title="bbox 2156 4952 3682 5015; baseline -0.002 -10"><span class='ocrx_word' id='word_1_920' title='bbox 2156 4958 2328 5007; x_wconf 89' lang='lat' dir='ltr'><strong>ctione</strong></span> <span class='ocrx_word' id='word_1_921' title='bbox 2357 4954 2630 5008; x_wconf 89' lang='lat' dir='ltr'><strong>commista</strong></span> <span class='ocrx_word' id='word_1_922' title='bbox 2662 4964 2739 5006; x_wconf 87' lang='lat' dir='ltr'><strong>est</strong></span> <span class='ocrx_word' id='word_1_923' title='bbox 2767 4954 3042 5015; x_wconf 86' lang='lat' dir='ltr'><strong>divinitati,</strong></span> <span class='ocrx_word' id='word_1_924' title='bbox 3076 4961 3131 5005; x_wconf 91' lang='lat' dir='ltr'><strong>ut</strong></span> <span class='ocrx_word' id='word_1_925' title='bbox 3162 4962 3265 5005; x_wconf 87' lang='lat' dir='ltr'><strong>tota</strong></span> <span class='ocrx_word' id='word_1_926' title='bbox 3296 4952 3530 5005; x_wconf 83' lang='lat' dir='ltr'><strong>voluntas</strong></span> <span class='ocrx_word' id='word_1_927' title='bbox 3568 4952 3611 5003; x_wconf 89' lang='lat' dir='ltr'><strong>in</strong></span> <span class='ocrx_word' id='word_1_928' title='bbox 3637 4964 3682 5002; x_wconf 78' lang='lat' dir='ltr'><strong>es</strong></span> 
     </span>
    </p>
   </div>
   <div class='ocr_carea' id='block_1_112' title="bbox 2153 5041 3681 5113">
    <p class='ocr_par' dir='ltr' id='par_1_112' title="bbox 2153 5041 3681 5113">
     <span class='ocr_line' id='line_1_112' title="bbox 2153 5041 3681 5113; baseline -0.003 -14"><span class='ocrx_word' id='word_1_929' title='bbox 2153 5046 2404 5113; x_wconf 86' lang='lat' dir='ltr'><strong>spiritalis</strong></span> <span class='ocrx_word' id='word_1_930' title='bbox 2456 5045 2563 5108; x_wconf 78' lang='lat' dir='ltr'><strong>ﬁat,</strong></span> <span class='ocrx_word' id='word_1_931' title='bbox 2611 5060 2715 5098; x_wconf 92' lang='lat' dir='ltr'><strong>non</strong></span> <span class='ocrx_word' id='word_1_932' title='bbox 2764 5045 3024 5103; x_wconf 81' lang='lat' dir='ltr'><strong>animalis.</strong></span> <span class='ocrx_word' id='word_1_933' title='bbox 3077 5045 3128 5097; x_wconf 89' lang='lat' dir='ltr'><strong>id</strong></span> <span class='ocrx_word' id='word_1_934' title='bbox 3175 5055 3276 5103; x_wconf 76' lang='lat' dir='ltr'><strong>est.</strong></span> <span class='ocrx_word' id='word_1_935' title='bbox 3309 5045 3548 5098; x_wconf 88' lang='lat' dir='ltr'><strong>carnalis.</strong></span> <span class='ocrx_word' id='word_1_936' title='bbox 3576 5041 3681 5098; x_wconf 77' lang='lat' dir='ltr'><strong>Nam</strong></span> 
     </span>
    </p>
   </div>
   <div class='ocr_carea' id='block_1_113' title="bbox 2154 5136 2539 5204">
    <p class='ocr_par' dir='ltr' id='par_1_113' title="bbox 2154 5136 2539 5204">
     <span class='ocr_line' id='line_1_113' title="bbox 2154 5136 2539 5204; baseline -0.01 -14"><span class='ocrx_word' id='word_1_937' title='bbox 2154 5136 2496 5204; x_wconf 87' lang='lat' dir='ltr'><strong>consequitur</strong></span> <span class='ocrx_word' id='word_1_938' title='bbox 2528 5149 2539 5186; x_wconf 90' lang='lat'>:</span> 
     </span>
    </p>
   </div>
   <div class='ocr_carea' id='block_1_114' title="bbox 2224 5220 3681 5292">
    <p class='ocr_par' dir='ltr' id='par_1_114' title="bbox 2224 5220 3681 5292">
     <span class='ocr_line' id='line_1_114' title="bbox 2224 5220 3681 5292; baseline -0.003 -16"><span class='ocrx_word' id='word_1_939' title='bbox 2224 5225 2284 5276; x_wconf 85' lang='lat' dir='ltr'><strong>Si</strong></span> <span class='ocrx_word' id='word_1_940' title='bbox 2313 5239 2430 5292; x_wconf 82' lang='lat' dir='ltr'><strong>ergo</strong></span> <span class='ocrx_word' id='word_1_941' title='bbox 2460 5224 2795 5275; x_wconf 80' lang='lat' dir='ltr'><strong>testimonium</strong></span> <span class='ocrx_word' id='word_1_942' title='bbox 2840 5222 3070 5290; x_wconf 79' lang='lat' dir='ltr'><strong>perhibeo</strong></span> <span class='ocrx_word' id='word_1_943' title='bbox 3118 5224 3182 5277; x_wconf 81' lang='lat' dir='ltr'><strong>de</strong></span> <span class='ocrx_word' id='word_1_944' title='bbox 3224 5224 3445 5291; x_wconf 80' lang='lat' dir='ltr'><strong>meipso,</strong></span> <span class='ocrx_word' id='word_1_945' title='bbox 3489 5220 3681 5276; x_wconf 73' lang='lat' dir='ltr'><strong>testimo-</strong></span> 
     </span>
    </p>
   </div>
   <div class='ocr_carea' id='block_1_115' title="bbox 2155 5313 3680 5381">
    <p class='ocr_par' dir='ltr' id='par_1_115' title="bbox 2155 5313 3680 5381">
     <span class='ocr_line' id='line_1_115' title="bbox 2155 5313 3680 5381; baseline -0.003 -15"><span class='ocrx_word' id='word_1_946' title='bbox 2155 5315 2291 5366; x_wconf 86' lang='lat' dir='ltr'><strong>nium</strong></span> <span class='ocrx_word' id='word_1_947' title='bbox 2321 5328 2484 5365; x_wconf 87' lang='lat' dir='ltr'><strong>meum</strong></span> <span class='ocrx_word' id='word_1_948' title='bbox 2514 5329 2611 5365; x_wconf 80' lang='lat' dir='ltr'><strong>non</strong></span> <span class='ocrx_word' id='word_1_949' title='bbox 2635 5322 2705 5366; x_wconf 89' lang='lat' dir='ltr'><strong>est</strong></span> <span class='ocrx_word' id='word_1_950' title='bbox 2734 5329 2923 5377; x_wconf 81' lang='lat' dir='ltr'><strong>rerum,</strong></span> <span class='ocrx_word' id='word_1_951' title='bbox 2953 5316 3026 5380; x_wconf 85' lang='lat' dir='ltr'><strong>(et</strong></span> <span class='ocrx_word' id='word_1_952' title='bbox 3064 5314 3220 5381; x_wconf 88' lang='lat' dir='ltr'><strong>paulo</strong></span> <span class='ocrx_word' id='word_1_953' title='bbox 3268 5323 3386 5380; x_wconf 87' lang='lat' dir='ltr'><strong>post</strong></span> <span class='ocrx_word' id='word_1_954' title='bbox 3418 5333 3427 5363; x_wconf 96' lang='lat'>:</span> <span class='ocrx_word' id='word_1_955' title='bbox 3456 5313 3472 5380; x_wconf 93' lang='lat'>)</span> <span class='ocrx_word' id='word_1_956' title='bbox 3505 5313 3597 5378; x_wconf 79' lang='lat' dir='ltr'><strong>Qui</strong></span> <span class='ocrx_word' id='word_1_957' title='bbox 3619 5323 3680 5361; x_wconf 73' lang='lat' dir='ltr'><strong>sit</strong></span> 
     </span>
    </p>
   </div>
   <div class='ocr_carea' id='block_1_116' title="bbox 2153 5404 3679 5474">
    <p class='ocr_par' dir='ltr' id='par_1_116' title="bbox 2153 5404 3679 5474">
     <span class='ocr_line' id='line_1_116' title="bbox 2153 5404 3679 5474; baseline -0.005 -15"><span class='ocrx_word' id='word_1_958' title='bbox 2153 5408 2284 5461; x_wconf 84' lang='lat' dir='ltr'><strong>misit</strong></span> <span class='ocrx_word' id='word_1_959' title='bbox 2308 5405 2481 5470; x_wconf 79' lang='lat' dir='ltr'><strong>Pater,</strong></span> <span class='ocrx_word' id='word_1_960' title='bbox 2517 5407 2619 5474; x_wconf 84' lang='lat' dir='ltr'><strong>ipse</strong></span> <span class='ocrx_word' id='word_1_961' title='bbox 2661 5407 2996 5459; x_wconf 83' lang='lat' dir='ltr'><strong>testimonium</strong></span> <span class='ocrx_word' id='word_1_962' title='bbox 3027 5405 3244 5471; x_wconf 71' lang='lat' dir='ltr'><strong>perhibet</strong></span> <span class='ocrx_word' id='word_1_963' title='bbox 3272 5407 3335 5459; x_wconf 77' lang='lat' dir='ltr'><strong><em>de</em></strong></span> <span class='ocrx_word' id='word_1_964' title='bbox 3360 5417 3458 5459; x_wconf 67' lang='lat' dir='ltr'><strong>ne.</strong></span> <span class='ocrx_word' id='word_1_965' title='bbox 3488 5404 3619 5458; x_wconf 65' lang='lat' dir='ltr'><strong>It‘itmc</strong></span> <span class='ocrx_word' id='word_1_966' title='bbox 3640 5407 3679 5453; x_wconf 89' lang='lat' dir='ltr'><strong>in</strong></span> 
     </span>
    </p>
   </div>
   <div class='ocr_carea' id='block_1_117' title="bbox 2153 5495 3678 5558">
    <p class='ocr_par' dir='ltr' id='par_1_117' title="bbox 2153 5495 3678 5558">
     <span class='ocr_line' id='line_1_117' title="bbox 2153 5495 3678 5558; baseline -0.005 -10"><span class='ocrx_word' id='word_1_967' title='bbox 2153 5511 2212 5549; x_wconf 89' lang='lat' dir='ltr'><strong>se</strong></span> <span class='ocrx_word' id='word_1_968' title='bbox 2243 5505 2480 5549; x_wconf 88' lang='lat' dir='ltr'><strong>naturam</strong></span> <span class='ocrx_word' id='word_1_969' title='bbox 2532 5495 2758 5548; x_wconf 87' lang='lat' dir='ltr'><strong>hominis</strong></span> <span class='ocrx_word' id='word_1_970' title='bbox 2788 5496 3176 5558; x_wconf 84' lang='lat' dir='ltr'><strong>demonstrans,</strong></span> <span class='ocrx_word' id='word_1_971' title='bbox 3206 5510 3344 5548; x_wconf 86' lang='lat' dir='ltr'><strong>nunc</strong></span> <span class='ocrx_word' id='word_1_972' title='bbox 3375 5497 3426 5548; x_wconf 93' lang='lat' dir='ltr'><strong>in</strong></span> <span class='ocrx_word' id='word_1_973' title='bbox 3458 5495 3542 5548; x_wconf 90' lang='lat' dir='ltr'><strong>Dei</strong></span> <span class='ocrx_word' id='word_1_974' title='bbox 3585 5507 3678 5543; x_wconf 75' lang='lat' dir='ltr'><strong>tua-</strong></span> 
     </span>
    </p>
   </div>
   <div class='ocr_carea' id='block_1_118' title="bbox 2148 5583 3677 5655">
    <p class='ocr_par' dir='ltr' id='par_1_118' title="bbox 2148 5583 3677 5655">
     <span class='ocr_line' id='line_1_118' title="bbox 2148 5583 3677 5655; baseline -0.003 -17"><span class='ocrx_word' id='word_1_975' title='bbox 2148 5588 2342 5655; x_wconf 83' lang='lat' dir='ltr'><strong>jestate</strong></span> <span class='ocrx_word' id='word_1_976' title='bbox 2372 5585 2623 5653; x_wconf 71' lang='lat' dir='ltr'><strong>a‘qualcm</strong></span> <span class='ocrx_word' id='word_1_977' title='bbox 2652 5599 2709 5638; x_wconf 88' lang='lat' dir='ltr'><strong>se</strong></span> <span class='ocrx_word' id='word_1_978' title='bbox 2750 5585 3049 5652; x_wconf 78' lang='lat' dir='ltr'><strong>signiﬁcans</strong></span> <span class='ocrx_word' id='word_1_979' title='bbox 3082 5585 3237 5637; x_wconf 79' lang='lat' dir='ltr'><strong>Patri.</strong></span> <span class='ocrx_word' id='word_1_980' title='bbox 3275 5583 3426 5638; x_wconf 73' lang='lat' dir='ltr'><strong>Nunc</strong></span> <span class='ocrx_word' id='word_1_981' title='bbox 3461 5583 3677 5637; x_wconf 69' lang='lat' dir='ltr'><strong>auitalenl</strong></span> 
     </span>
    </p>
   </div>
   <div class='ocr_carea' id='block_1_119' title="bbox 2153 5673 3678 5737">
    <p class='ocr_par' dir='ltr' id='par_1_119' title="bbox 2153 5673 3678 5737">
     <span class='ocr_line' id='line_1_119' title="bbox 2153 5673 3678 5737; baseline -0.004 -6"><span class='ocrx_word' id='word_1_982' title='bbox 2153 5679 2248 5732; x_wconf 61' lang='lat' dir='ltr'><strong>sibi</strong></span> <span class='ocrx_word' id='word_1_983' title='bbox 2280 5675 2563 5730; x_wconf 78' lang='lat' dir='ltr'><strong>divinitatis</strong></span> <span class='ocrx_word' id='word_1_984' title='bbox 2595 5690 2708 5729; x_wconf 83' lang='lat' dir='ltr'><strong>cum</strong></span> <span class='ocrx_word' id='word_1_985' title='bbox 2744 5675 2849 5732; x_wconf 89' lang='lat' dir='ltr'><strong>Dco</strong></span> <span class='ocrx_word' id='word_1_986' title='bbox 2891 5675 3044 5735; x_wconf 81' lang='lat' dir='ltr'><strong>Patre</strong></span> <span class='ocrx_word' id='word_1_987' title='bbox 3077 5673 3350 5732; x_wconf 76' lang='lat' dir='ltr'><strong>vindicans</strong></span> <span class='ocrx_word' id='word_1_988' title='bbox 3377 5716 3391 5737; x_wconf 89' lang='lat'><strong>.</strong></span> <span class='ocrx_word' id='word_1_989' title='bbox 3439 5691 3566 5734; x_wconf 78' lang='lat' dir='ltr'><strong>nunc</strong></span> <span class='ocrx_word' id='word_1_990' title='bbox 3595 5673 3678 5727; x_wconf 78' lang='lat' dir='ltr'><strong>lt;-</strong></span> 
     </span>
    </p>
   </div>
  </div>
