3822 6226
73 349 155 402 ‘i'Ol
969 340 1036 397 IN
1074 340 1132 397 S.
1173 336 1450 396 JOANNIS
1483 330 1933 392 EVANGELIUII
1973 330 2350 390 EXPOSITIU.

3172 337 3279 391 τοι

75 464 324 526 ᾳίιίιειθιη
353 461 593 511 humana:
615 454 788 510 carnis
815 453 1122 508 ostendens.
1150 451 1297 505 Nunc
1325 447 1618 504 doctrinam
1645 443 1700 507 Δ
1721 443 1946 513 scilicet,
1968 443 2065 503 Dei
2117 444 2412 504 ministrata
2457 444 2560 504 sibi
2621 457 2714 516 per
2762 444 2975 515 Moysen
3024 441 3276 500 famulum

75 565 210 602 suam
259 562 322 600 se
369 563 468 600 non
516 546 734 610 docere,
777 559 912 597 nunc
959 543 1282 596 voluntatem
1329 554 1476 594 suam
1515 551 1626 595 non

79 653 327 711 quzerere.
359 637 509 690 Nunc
551 637 906 689 testimmiinm
955 648 1104 686 suum
1141 646 1321 685 verum
1351 644 1454 688 non
1482 642 1624 692 esse,

82 743 203 783 nunc
252 744 436 783 verum
485 742 601 781 esse
647 725 970 796 signiﬁcans.
1013 724 1144 779 Nam
1191 723 1274 778 hic
1303 724 1374 778 ait
1403 742 1415 774 :
1449 721 1510 779 Si
1535 737 1628 792 ego

78 820 404 871 testimonium
426 817 659 886 perhibeo
679 816 741 868 de
763 816 972 882 meipso,
989 814 1324 868 testimonium
1344 828 1505 869 meum
1526 828 1626 864 non

79 922 143 961 est
166 925 330 961 rerum
362 905 536 973 (Joan.
576 905 689 975 vin)
711 924 725 972 ;
771 915 823 960 et
872 906 1024 974 paulo
1068 913 1187 974 post
1219 922 1232 957 :
1266 903 1327 958 Si
1362 920 1451 972 ego
1488 902 1626 955 testi-

82 1002 290 1049 moin'um
318 997 552 1066 per-Iubeo
582 999 644 1050 de
675 1013 770 1062 me,
801 1011 972 1048 verum
999 1004 1068 1049 est
1096 994 1434 1050 testimonium
1461 1007 1630 1047 meum

82 1085 275 1154 (lbid.).
303 1085 580 1152 Quomodo
620 1069 744 1154 ergo
793 1098 895 1138 non
937 1093 1018 1139 est
1056 1097 1238 1137 verum
1271 1081 1625 1136 testimonium

84 1185 240 1236 tuutn,
283 1175 523 1234 Domine,
558 1174 658 1227 nisi
699 1172 988 1226 secundum
1036 1171 1360 1239 fragilitatem
1409 1168 1627 1222 carnis?

82 1261 199 1314 Nam
221 1273 268 1315 et
301 1261 426 1314 illud
457 1263 597 1328 quod
640 1262 765 1315 dixit
798 1280 809 1315 :
843 1261 961 1314 Non
1004 1262 1111 1313 veni
1134 1265 1298 1328 facere
1326 1261 1625 1312 uoluntatem

82 1365 230 1399 meam
262 1348 440 1416 (Joan.
470 1351 578 1416 vr);
607 1359 659 1403 et
691 1369 704 1402 :
737 1349 906 1403 Filius
944 1366 976 1400 a
1019 1365 1070 1400 se
1110 1348 1239 1401 nihil
1279 1359 1435 1416 potest
1463 1351 1627 1416 facere

83 1439 198 1502 (his,
227 1443 444 1506 supra);
494 1451 546 1493 et
591 1441 692 1494 alia
741 1441 899 1494 multa
951 1438 1280 1508 hujnsmodi;
1313 1439 1424 1493 hmc
1452 1439 1625 1492 omnia

83 1543 178 1578 non
211 1527 476 1583 inﬁrmant
505 1530 719 1598 Filium,
752 1545 921 1598 neque
941 1530 1259 1598 depretiant,
1289 1545 1386 1583 nec
1414 1544 1441 1582 a
1474 1529 1626 1582 Patre

84 1616 398 1683 disiungunt.
450 1619 719 1687 Siquidem
765 1628 819 1674 et
864 1619 975 1672 bro
1026 1620 1142 1672 ideo
1189 1619 1355 1685 posita
1384 1625 1539 1682 sunt,
1573 1625 1628 1669 ut

81 1722 193 1760 vera
222 1707 333 1774 ejus
368 1710 662 1764 incarnatio
691 1721 956 1765 noscatur.
991 1711 1118 1764 Nam
1149 1709 1286 1779 quod
1316 1708 1442 1763 dicit
1470 1726 1487 1764 :
1515 1708 1623 1779 Ego

83 1801 138 1850 de
167 1797 317 1851 Patre
345 1801 476 1854 exivi
495 1817 514 1865 ;
545 1817 635 1870 ego
661 1804 716 1855 in
753 1803 926 1867 Patre,
967 1813 1013 1855 et
1052 1802 1206 1855 Pater
1228 1803 1278 1854 in
1323 1818 1400 1854 me
1423 1817 1441 1865 ,'
1461 1817 1555 1869 ego
1582 1809 1628 1853 et

84 1884 224 1938 Pater
245 1905 404 1941 unum
431 1907 635 1956 sumus;
664 1902 738 1955 et,
763 1891 858 1957 Qui
875 1908 950 1944 me
978 1892 1131 1957 videt,
1159 1889 1289 1944 videt
1313 1901 1356 1942 et
1381 1888 1584 1941 Patrem
1609 1905 1627 1952 ,'

84 1990 149 2042 et,
176 1978 314 2032 Sicut
341 1980 494 2033 Pater
513 1985 720 2036 suscitat
741 1995 960 2036 mortuos
981 1994 1023 2037 et
1047 1983 1280 2050 rivi/icat,
1305 1982 1372 2033 ita
1393 1991 1438 2035 et
1462 1979 1508 2034 F
1512 1982 1628 2034 ilius

85 2085 194 2130 quos
224 2069 326 2121 uult
373 2072 589 2137 vieiﬁcat
618 2088 637 2122 :
668 2087 787 2126 vera
831 2073 945 2142 ejus
992 2075 1242 2128 divinitas
1283 2075 1626 2142 approbatur,

86 2161 192 2222 quia
225 2159 465 2213 voluntas
496 2160 667 2215 Patris
698 2170 748 2218 et
777 2162 889 2217 Filii
920 2179 1018 2217 una
1048 2165 1301 2231 operatio,
1337 2181 1435 2217 una
1479 2164 1630 2217 deni-

87 2268 180 2318 que
208 2252 398 2320 gratia,
431 2253 727 2320 eademque
752 2254 1060 2322 gubernatio
1091 2263 1193 2318 est,
1225 2253 1357 2306 sicut
1383 2255 1630 2322 magister

92 2349 307 2410 gentium
355 2347 509 2399 docet
558 2346 628 2400 ita
673 2347 948 2402 scribens:
982 2348 1161 2401 Gratia
1207 2348 1341 2401 vobis
1376 2358 1421 2399 et
1462 2363 1562 2414 pax
1597 2362 1628 2398 a

92 2436 184 2488 Deo
209 2436 356 2488 Patre
395 2446 586 2498 nostro,
615 2444 661 2489 et
700 2435 914 2491 Domino
952 2436 1073 2491 Jesu
1100 2435 1297 2491 Christo
1325 2437 1372 2506 (Ι
1417 2436 1534 2489 Cor.
1568 2438 1626 2504 ι).

156 2529 285 2579 Atius
306 2538 377 2579 est
406 2528 487 2592 qui
519 2527 856 2580 testimonium
879 2527 1097 2597 perhibet
1123 2528 1185 2580 de
1209 2543 1302 2580 me.
1331 2525 1385 2579 In
1406 2540 1630 2593 sequen-

93 2621 215 2673 t;bus
242 2621 467 2675 ostendit
493 2623 610 2691 quis
637 2623 704 2675 sit
732 2623 816 2678 ille
844 2621 976 2676 alius
1006 2623 1090 2692 qui
1125 2623 1478 2677 teStimoniutn
1512 2637 1632 2688 per-

97 2711 221 2763 hibet
246 2711 306 2765 de
335 2726 417 2775 se,
453 2712 538 2764 ubi
573 2712 646 2764 ait
674 2728 687 2764 :
718 2714 816 2776 Qui
852 2714 983 2766 misit
1012 2729 1091 2768 me
1139 2712 1314 2774 Pater,
1345 2715 1451 2780 ipse
1493 2714 1629 2765 testi-

95 2803 292 2851 monium
340 2802 562 2866 perhibet
607 2804 668 2854 de
713 2819 787 2854 me
836 2801 1046 2870 (Matth.
1099 2801 1198 2869 nt).
1248 2802 1626 2856 TestimOniutn

98 2889 245 2943 Patris
273 2903 348 2943 cst
379 2891 444 2945 de
475 2871 608 2945 Filii)
641 2892 689 2944 in
724 2892 1002 2958 baptismo,
1034 2891 1121 2944 ubi
1157 2907 1253 2944 vox
1298 2891 1427 2945 facta
1455 2900 1534 2945 est
1563 2892 1628 2945 de

96 2984 213 3033 (διεό
240 2999 249 3032 :
293 2980 391 3033 llic
420 2991 488 3035 est
525 2980 689 3034 Filias
721 2998 856 3034 meus
887 2983 1112 3046 dilectus,
1144 2984 1195 3034 in
1225 2999 1320 3052 quo
1356 2984 1479 3036 mihi
1506 2983 1626 3036 bene

98 3071 370 3138 campiacui.
402 3072 585 3126 Simile
617 3087 824 3139 quoque
851 3073 1206 3126 testimonium
1233 3073 1281 3126 in
1309 3083 1484 3125 monte
1512 3088 1627 3125 san—

97 3173 168 3214 clo
195 3163 449 3229 perhibuit
482 3162 641 3216 Pater
685 3163 1018 3218 audientibus
1050 3165 1213 3217 tribus
1244 3164 1512 3231 discipulis
1559 3163 1626 3218 de

101 3253 211 3306 Filio
237 3268 346 3306 suo.

158 3346 215 3393 tit
235 3345 332 3394 scio
357 3344 472 3408 quia
504 3345 843 3395 testimonium
867 3360 974 3413 ejus
999 3359 1165 3396 verum
1191 3355 1260 3397 est
1289 3343 1462 3413 (Jonn.
1495 3345 1622 3406 xrv).

101 3433 245 3484 Uume
273 3446 443 3483 verum
475 3446 502 3483 a
539 3434 759 3487 veritate
791 3450 969 3486 verum
1001 3445 1097 3488 est.
1147 3433 1285 3488 Deus
1316 3437 1454 3487 enim
1486 3436 1617 3487 veri-

103 3531 165 3571 tas
212 3531 314 3578 est;
354 3530 406 3573 et
451 3520 705 3588 quidquid
741 3538 918 3575 verum
959 3531 1043 3576 est
1085 3538 1113 3575 a
1156 3524 1260 3578 Deo
1307 3539 1484 3577 verum
1525 3532 1622 3577 est.

101 3609 248 3676 Atque
267 3611 314 3662 id
345 3612 706 3665 testimonium
735 3611 864 3664 dixit
889 3613 1010 3680 quid
1037 3615 1122 3666 sit.

162 3699 670 3768 0;-era,inquit,qutz
687 3703 945 3769 rgofacio,
988 3703 1324 3754 testimonium
1373 3701 1628 3767 perhibent

101 3797 150 3841 de
170 3805 238 3841 me
266 3791 474 3857 (deinde
505 3791 768 3859 adiunxit)
803 3811 813 3843 :
843 3790 906 3843 Et
952 3795 1286 3845 testimonium
1318 3793 1537 3862 perhibet
1566 3795 1628 3846 de

102 3899 181 3943 tne,
211 3885 284 3949 qui
304 3884 432 3935 misit
459 3900 532 3936 me
557 3883 735 3938 Pater.
762 3885 873 3953 Ipsa
888 3900 1093 3954 quoque
1113 3900 1270 3952 opera
1294 3900 1409 3954 qua:
1429 3885 1572 3947 iecit,
1598 3897 1628 3936 a

105 3972 234 4026 l’atre
260 3992 313 4028 se
338 3977 606 4042 accepisse
628 3976 1168 4030 dicit.’l‘estimouium
1192 3992 1317 4046 ergo
1350 3977 1628 4043 perhibent

102 4081 238 4130 opera
266 4084 277 4128 ;
309 4067 660 4120 testimonium
711 4067 954 4134 perhibet
996 4067 1148 4120 Pater
1194 4068 1280 4133 qui
1313 4067 1456 4118 misit
1487 4081 1622 4118 eum.

105 4155 344 4208 l‘crhibuit
362 4155 589 4209 Joannes
607 4158 965 4209 testimonium
983 4159 1045 4209 tle
1065 4155 1274 4209 Christo
1293 4165 1536 4224 tanquam
1555 4157 1628 4208 lu-

105 4262 254 4310 terna,
283 4264 380 4300 non
407 4248 470 4301 ad
493 4248 758 4301 sanandos
777 4249 995 4309 amiios,
1032 4245 1123 4300 sed
1143 4245 1206 4298 ad
1229 4247 1624 4300 contundendos

105 4341 334 4394 inimicos.
357 4343 409 4394 ld
441 4342 578 4395 enim
609 4352 762 4394 antea
795 4341 1100 4407 praedictum
1117 4349 1228 4394 erat
1245 4356 1269 4391 a
1288 4355 1509 4408 persona
1525 4340 1626 4391 Pa-

1723 532 1843 592 Dei.
2432 585 2438 594 .

1796 620 2131 688 Scrutamint,
2158 622 2352 694 inquit,
2386 619 2736 690 Scripturam,
2765 625 2817 676 in
2845 639 2944 691 qua
2971 640 3056 679 vos
3084 625 3277 692 putatis

1725 713 1876 766 vitam
1905 723 2142 767 internum
2171 712 2385 775 habere;
2431 713 2544 780 ipsa
2595 715 2935 767 testimonium
2963 715 3188 784 perhibet
3215 715 3278 768 de

1725 819 1835 866 me;
1863 814 1908 859 et
1938 820 2040 858 non
2067 804 2218 857 vultis
2248 805 2414 859 venire
2439 804 2505 857 ad
2533 820 2630 868 me,
2655 816 2706 857 ut
2734 816 2888 860 vitam
2917 817 3153 860 internum
3180 804 3278 859 ha—

1726 893 1904 948 beatis.
1937 895 2036 962 Qui
2091 907 2185 948 vos
2217 895 2409 962 putatis
2439 893 2638 950 habere
2686 896 2738 949 in
2790 895 3063 964 Scriptura
3118 896 3278 950 vitam

1726 992 2012 1051 eternium,
2042 983 2212 1055 ipsam
2241 983 2565 1053 interrogate
2609 985 2694 1040 cui
2746 986 2991 1056 perbibet
3044 988 3280 1044 lenime-

1728 1074 1898 1145 nium,
1949 1085 2004 1132 et
2055 1075 2331 1145 intelligite
2384 1092 2501 1144 qua:
2546 1078 2620 1132 sit
2665 1077 2769 1130 vita
2813 1086 3032 1134 attenta.
3065 1078 3134 1134 ιιι
3158 1077 3278 1146 quis

1731 1174 1948 1234 promer
2013 1165 2230 1235 Moysen
2258 1156 2599 1222 ‘videbantur
2639 1168 2920 1235 repudiare
2961 1166 3231 1225 Christum
3263 1208 3283 1233 ,

1731 1261 1978 1321 tanquam
2017 1253 2376 1311 adversarium
2431 1257 2686 1312 institutis
2732 1268 2786 1314 et
2843 1260 3119 1326 ltrcreptis
3165 1273 3282 1324 qtae

1726 1342 1936 1411 Moyses
1969 1346 2216 1414 tradidit,
2264 1362 2448 1403 rursus
2476 1348 2686 1403 eosdem
2721 1349 2832 1415 ipse
2861 1349 3125 1404 convincit
3158 1357 3282 1402 tan-

1727 1447 1887 1500 quam
1912 1433 1977 1487 de
1998 1435 2099 1488 alia
2123 1436 2358 1492 lucerna.
2378 1438 2572 1492 Omnes
2592 1439 2730 1492 enim
2757 1439 2996 1494 homines
3027 1440 3280 1504 lucernae,

1729 1522 1851 1590 quia
1881 1532 1936 1577 et
1964 1524 2173 1581 incendi
2207 1538 2446 1594 possunt,
2502 1540 2554 1582 et
2608 1531 2888 1598 exstingui.
2941 1531 3005 1586 Et
3059 1531 3283 1588 lucernas

1729 1614 1945 1685 quidem
1976 1632 2094 1669 cum
2125 1618 2354 1686 sapiunt.
2380 1619 2572 1686 lucent,
2600 1628 2655 1677 et
2683 1621 2867 1689 spiritu
2900 1623 3121 1677 fervent.
3153 1621 3283 1677 Nam

1731 1705 1777 1760 si
1832 1705 2110 1772 ardebant,
2163 1719 2218 1764 et
2269 1711 2541 1764 exstinctae
2598 1722 2759 1774 sunt,
2800 1712 2912 1783 jam
2970 1723 3024 1768 et
3079 1723 3282 1782 puteus.

1662 1774 1707 1832 Β
1733 1795 2299 1855 Permanseruotenim
2332 1803 2467 1856 servi
2499 1803 2593 1858 Dei
2626 1805 2855 1858 lucerna
2881 1806 3032 1859 bona:
3063 1823 3125 1861 es
3161 1808 3280 1862 oleo

1731 1889 2110 1944 misericordia).
2148 1893 2304 1958 illius,
2362 1909 2466 1947 non
2524 1909 2589 1950 ex
2650 1897 2852 1950 viribus
2908 1899 3039 1950 suis.
3100 1897 3278 1950 Gratia

1730 1980 1924 2048 quippe
1956 1981 2046 2036 Dei
2076 1983 2320 2052 gratuita,
2354 1984 2437 2036 illa
2466 1985 2641 2040 oleum
2672 1986 3008 2042 lucernarum
3025 1997 3125 2040 est.
3155 1987 3282 2040 Plus

1729 2074 1863 2126 enim
1895 2074 1998 2126 illis
2030 2076 2256 2128 omnibus
2287 2077 2536 2142 laboravi,
2563 2079 2634 2132 ait
2675 2079 2913 2147 quadarn
2945 2080 3155 2132 lucerna
3186 2097 3198 2142 ;
3231 2088 3282 2131 et

1733 2177 1798 2213 ne
1852 2164 2053 2217 viribus
2106 2165 2216 2219 suis
2271 2166 2460 2220 ardore
2509 2168 2794 2234 videretur,
2846 2168 3086 2236 adiunxit
3117 2186 3130 2220 :
3167 2168 3283 2220 Non

1729 2266 1896 2306 autent
1926 2271 2035 2324 ego,
2061 2257 2148 2308 sed
2175 2258 2339 2326 gratia
2371 2258 2463 2310 Dei
2493 2275 2683 2312 mecum
2727 2257 2779 2327 (1
2803 2258 2920 2312 Cor.
2959 2261 3071 2326 sv).
3095 2259 3279 2312 Omnis

1731 2361 1859 2415 ergo
1888 2351 2150 2415 propheta
2179 2360 2300 2403 ante
2332 2351 2534 2403 Domini
2567 2350 2849 2404 adventum
2897 2351 3109 2404 lucerna
3154 2359 3234 2402 est
3266 2392 3279 2414 ,

1731 2437 1796 2488 de
1826 2451 1930 2503 quo
1961 2438 2086 2490 dicit
2117 2438 2301 2491 Petrus
2328 2442 2597 2504 apostolus
2650 2458 2662 2492 :
2708 2439 2966 2492 Habemus
3014 2441 3275 2492 certiorem

1730 2529 2077 2597 propheticum
2108 2548 2384 2585 sermonem
2408 2571 2422 2595 ,
2463 2535 2543 2586 cui
2582 2534 2869 2600 benefacitis
2904 2576 2915 2597 ,
2973 2533 3284 2584 intendentss

1731 2621 2151 2686 quemadmodum
2182 2624 2398 2674 lucernis
2427 2625 2610 2675 lucenti
2638 2624 2688 2674 in
2723 2624 2932 2676 obscuro
2961 2623 3090 2685 loco,
3125 2623 3284 2671 donec

1732 2711 1835 2760 des
1882 2711 2121 2772 lucescat,
2153 2721 2196 2763 et
2243 2713 2423 2776 Ιιιειίθν
2477 2716 2666 2764 oriatur
2726 2715 2773 2764 in
2830 2712 3063 2764 cordibus
3111 2710 3282 2762 vestris

1737 2800 1817 2867 (II
1857 2800 1997 2854 Petr.
2035 2803 2093 2872 i).
2128 2804 2384 2857 Lucerna:
2426 2805 2600 2870 itaque
2649 2806 2914 2872 prolihetze
2944 2844 2957 2865 ,
3009 2812 3061 2857 et
3112 2803 3284 2854 omnis

1738 2890 2015 2957 prophetia
2076 2908 2174 2945 una
2226 2909 2410 2960 magna
2463 2893 2694 2946 lueerna.
2726 2893 2858 2960 Quid
2886 2891 3280 2959 apostoli?tiort

1741 2981 1969 3034 lucerna:
2001 2981 2158 3035 etiam
2195 2983 2337 3048 ipsi?
2370 2985 2621 3036 Lucerna:
2654 2984 2822 3051 plane.
2855 2982 3008 3035 Solus
3035 2982 3172 3033 enim
3200 2981 3284 3034 ille

1733 3086 1834 3122 non
1882 3071 2116 3124 lucerna.
2151 3070 2263 3124 Non
2296 3076 2433 3125 enim
2467 3073 2769 3125 accenditur
2804 3082 2856 3125 et
2889 3071 3236 3137 esstinguitnr
3266 3108 3283 3135 ,

1729 3161 1819 3212 sed
1853 3170 1933 3213 est
1965 3161 2054 3212 lux
2083 3175 2215 3224 vera,
2263 3178 2371 3230 quat
2401 3164 2662 3237 illuminat
2699 3179 2891 3213 onmem
2923 3161 3174 3213 hominem
3214 3175 3289 3214 tte-

1728 3253 1942 3303 nientetn
1993 3255 2043 3305 in
2080 3253 2216 3306 [tunc
2258 3258 2500 3305 munitum
2529 3253 2704 3320 (Joan.
2734 3253 2793 3319 ι).
2829 3255 2898 3306 De
2928 3253 3131 3306 Joanne
3152 3253 3285 3305 dici-

1730 3353 1813 3397 tur
1848 3361 1861 3398 :
1895 3345 2017 3398 Non
2041 3355 2148 3398 erat
2177 3346 2262 3398 ille
2291 3349 2483 3408 lumen,
2522 3345 2609 3397 scd
2659 3357 2711 3397 ut
2743 3346 3079 3397 testimonium
3115 3344 3286 3413 periti-

1728 3437 1860 3489 beret
1895 3439 1955 3489 de
1985 3438 2174 3489 lumine
2205 3435 2411 3505 (Jbi.t.).
2463 3437 2536 3490 De
2562 3435 2773 3488 Christo
2801 3446 2976 3486 autem
3012 3453 3021 3484 :
3055 3433 3176 3484 Erat
3199 3437 3288 3485 tua:

1729 3544 1844 3580 vera
1917 3545 2030 3598 quw
2060 3528 2314 3580 illuminat
2367 3545 2561 3581 omnem
2617 3529 2865 3580 hominem
2910 3529 3184 3579 venientem
3233 3528 3284 3578 in

1729 3620 1859 3671 hunc
1903 3623 2164 3670 mundum.
2219 3619 2352 3684 Quid
2384 3630 2462 3672 est
2496 3621 2632 3688 quod
2669 3619 2731 3673 de
2760 3619 3011 3686 apostolis
3039 3619 3148 3684 ipsa
3180 3618 3285 3671 Ve-

1725 3710 1859 3761 ritas
1903 3710 1994 3772 ait,
2051 3708 2147 3762 Vos
2189 3711 2304 3762 estis
2349 3713 2438 3761 lar
2492 3712 2664 3761 mandi
2713 3709 2922 3778 (Matth.
2959 3710 3041 3774 xv)
3067 3711 3088 3758 ’ἰ
3122 3710 3183 3760 Et
3215 3709 3282 3760 de

1726 3799 1925 3851 Joanne
1956 3799 2279 3865 Evangelista
2313 3816 2326 3852 :
2358 3799 2476 3851 Non
2507 3810 2611 3850 erat
2644 3799 2730 3850 ille
2775 3801 2940 3849 tamen
2978 3796 3152 3865 (Jonn.
3183 3800 3234 3858 γ)
3262 3799 3284 3848 τ

1727 3886 1833 3940 Nec
1876 3888 2105 3940 Joannes
2135 3902 2226 3953 per
2255 3901 2311 3939 se
2343 3896 2457 3939 erat
2500 3888 2735 3948 lucerna,
2794 3902 2888 3939 nec
2929 3889 3157 3953 apostoli
3193 3903 3285 3951 per

1727 3992 1784 4030 se
1818 3977 2022 4041 lumen;
2075 3977 2167 4030 sed
2196 3993 2221 4026 a
2257 3978 2450 4028 lumine
2484 3977 2693 4029 Christo
2725 3978 2810 4029 ifle
2859 3978 3092 4040 lucerna,
3124 3989 3175 4028 et
3209 3978 3283 4030 illi

1728 4066 2028 4130 illuminati,
2063 4064 2148 4133 qui
2179 4078 2260 4120 est
2289 4067 2375 4120 Sol
2411 4081 2564 4119 Verus
2591 4067 2766 4120 oriens
2795 4068 2845 4120 in
2875 4068 3122 4122 cordibus
3153 4081 3276 4121 cre—

1727 4156 1985 4210 dentium.

1798 4249 1906 4318 Ego
1934 4259 2100 4300 autem
2134 4250 2284 4301 habeo
2311 4249 2647 4301 testimonium
2672 4254 2836 4318 majus
2865 4249 3081 4301 Joanne.
3118 4248 3286 4316 Opera

1727 4341 1858 4390 enim
1887 4354 2001 4408 qua:
2029 4339 2164 4390 dedit
2189 4340 2309 4391 mihi
2333 4339 2511 4402 Pater,
2545 4340 2655 4405 ipsa
2687 4355 2838 4405 apem
2869 4356 2980 4406 qute
3009 4356 3097 4408 ego
3125 4341 3281 4406 facio,

107 4433 183 4481 :ris
203 4451 210 4479 :
228 4429 406 4483 I’arari
422 4433 675 4484 lucernam
694 4429 891 4482 Christo
909 4431 1278 4495 meo,‘inimicos
1298 4431 1623 4500 ejusinduam
1655 4448 1703 4507 ι)
1730 4430 2063 4482 testimonium
2099 4429 2356 4498 perhibent
2385 4430 2446 4481 de
2492 4446 2567 4482 me
2593 4470 2605 4491 ,
2652 4432 2769 4498 quia
2806 4429 2960 4481 Pater
2987 4447 3061 4481 me
3112 4431 3280 4491 misit;

108 4524 366 4589 confusione
410 4521 582 4589 (Psal.
629 4523 815 4589 cxut)
846 4540 857 4585 ;
890 4536 1046 4589 super
1077 4523 1243 4588 ipsum
1271 4531 1443 4575 autem
1475 4521 1624 4574 efﬂo-

109 4611 222 4662 rcbit
260 4612 598 4664 sanctificatio
640 4626 779 4664 mea.
823 4611 948 4664 Esto
980 4622 1227 4679 tanquam
1257 4611 1307 4663 in
1343 4622 1493 4663 nocte
1528 4625 1621 4677 po-

110 4705 237 4764 situs,
258 4703 516 4756 attendisti
543 4703 594 4756 in
622 4704 912 4763 lucernam,
929 4712 985 4755 et
1010 4702 1227 4756 miratus
1251 4716 1308 4755 es
1332 4703 1620 4766 lucernam,

109 4803 148 4840 cl
185 4795 433 4847 exsultasti
488 4793 555 4846 ad
601 4794 778 4847 lumen
831 4793 1096 4856 lucernae;
1140 4793 1232 4847 sed
1277 4793 1364 4846 illa
1413 4794 1623 4846 lucerna

111 4883 214 4932 dicit
241 4899 349 4936 t-sse
378 4885 552 4938 Solem
581 4886 630 4937 in
655 4900 757 4951 quo
781 4887 1048 4940 exsultare
1064 4885 1256 4939 debeas
1276 4902 1291 4949 ;
1314 4893 1363 4936 et
1386 4888 1623 4953 quamvis

112 4971 264 5022 ardeat
286 4973 330 5022 in
357 4984 527 5035 nocte,
562 4976 702 5028 diem
732 4986 780 5028 te
805 4976 953 5043 jubet
993 4986 1325 5041 exspectare.
1354 4975 1467 5027 Non
1498 4992 1624 5043 ergo

112 5077 211 5126 quia
239 5064 364 5117 illius
392 5068 617 5120 hominis
650 5070 1006 5120 testimonium
1041 5083 1143 5121 non
1175 5078 1291 5121 erat
1316 5083 1447 5135 Opus
1480 5072 1622 5135 (nam

116 5155 290 5218 utquid
317 5158 626 5218 mitteretur,
660 5159 701 5208 si
760 5171 862 5210 non
896 5158 1083 5224 erat?)
1113 5158 1205 5210 sed
1235 5172 1302 5210 ne
1334 5159 1385 5210 in
1415 5159 1623 5210 lucerna

117 5253 350 5295 remaneat
393 5248 587 5310 homo,
640 5256 690 5297 et
729 5246 902 5298 lumen
955 5247 1182 5299 lucerna:
1238 5247 1336 5299 sibi
1385 5247 1626 5300 sul‘licere

115 5335 386 5400 arbitretur,
419 5339 534 5392 ideo
564 5354 661 5393 nec
694 5339 943 5393 Dominus
971 5341 1240 5394 lucernam
1265 5341 1403 5394 illam
1436 5356 1625 5408 super-

119 5423 251 5477 tluam
274 5427 394 5481 dicit
417 5428 598 5496 fuisse,
628 5445 724 5483 nec
773 5441 944 5484 tamen
1000 5432 1157 5486 edicit
1187 5434 1240 5485 in
1273 5434 1484 5486 lucerna
1518 5449 1626 5486 ma-

119 5530 220 5568 nere
237 5519 436 5572 debere.
462 5522 598 5574 Dicit
626 5522 765 5573 aliud
806 5523 1165 5575 testimonium
1188 5522 1461 5589 Scriptura
1492 5525 1581 5578 Dei
1609 5569 1622 5591 ,

120 5606 188 5654 uiti
217 5608 374 5674 utique
400 5610 530 5662 Deus
558 5611 825 5677 perhibuit
870 5613 1229 5666 testimonium
1263 5613 1396 5666 Filio
1419 5631 1513 5666 suo
1535 5655 1548 5674 ,
1574 5626 1625 5667 ct

121 5703 158 5736 λέ
188 5697 258 5746 till
295 5701 548 5759 Scriptura
591 5699 758 5754 ,ιδιιωί
803 5718 943 5763 spem
982 5714 1303 5769 posuerant,
1360 5705 1408 5758 in
1461 5705 1574 5769 lege
1607 5748 1620 5769 ,

1725 4530 1769 4572 et
1796 4523 1879 4584 qui
1911 4521 2042 4573 misit
2082 4536 2158 4572 me
2199 4520 2374 4582 Pater,
2417 4523 2522 4586 ipse
2553 4523 2888 4574 testiinonium
2939 4523 3163 4589 perhibet
3221 4525 3281 4574 de

1725 4628 1819 4665 me.
1859 4611 2114 4678 Superius
2156 4611 2287 4664 dixit
2322 4630 2331 4662 :
2365 4609 2721 4664 Testimonium
2753 4629 2848 4663 non
2879 4614 3072 4676 accipio
3103 4615 3163 4663 ab
3190 4614 3279 4663 ho-

1726 4705 1872 4755 mine.
1901 4705 1994 4757 llic
2026 4720 2237 4757 causam
2270 4704 2441 4758 reddit
2470 4720 2560 4757 cur
2585 4706 2650 4756 ab
2675 4707 2886 4759 homine
2918 4707 3274 4759 testimonium

1726 4810 1828 4848 non
1863 4796 2174 4864 accepisset,
2207 4797 2331 4863 quia
2383 4797 2538 4849 habet
2580 4799 2936 4851 testimonium
2988 4799 3176 4862 Patris,
3228 4809 3280 4852 et

1728 4901 1944 4952 operum
2020 4887 2313 4939 testimonia
2348 4926 2362 4949 ,
2418 4888 2508 4939 sed
2544 4889 2699 4941 habet
2746 4889 2911 4956 majus
2950 4905 3105 4955 quam
3156 4899 3279 4942 sunt

1728 4977 2016 5028 hominum.
2053 4977 2190 5046 Ergo
2218 4977 2327 5030 haec
2358 4979 2540 5029 missio
2571 4978 2863 5032 incarnatio
2908 4988 2987 5032 est
3035 4979 3229 5032 Christi
3260 5025 3274 5044 ,

1728 5065 2023 5133 redemptio
2053 5075 2131 5119 est
2165 5079 2361 5118 nostra.
2395 5066 2704 5133 Redemptio
2733 5083 2856 5119 vero
2884 5078 3060 5120 nostra
3104 5080 3184 5122 est
3228 5071 3277 5122 in

1727 5156 1834 5220 ipsa
1867 5155 2106 5216 veritate,
2143 5155 2232 5222 qui
2263 5155 2332 5207 ait
2364 5173 2376 5206 ί
2413 5154 2523 5223 Ego
2551 5157 2662 5208 veni
2700 5166 2753 5206 ut
2784 5157 2940 5207 vitam
2971 5158 3207 5222 habeant,
3233 5170 3281 5211 et

1725 5248 2063 5300 abundantius
2095 5248 2310 5299 habeant
2349 5246 2522 5316 (Joan.
2574 5248 2651 5312 χ).
2687 5248 2969 5314 Subjtmxit
3007 5266 3130 5303 vero
3162 5252 3281 5304 huic

1727 5337 2032 5392 testimonio
2064 5335 2256 5401 Patris,
2285 5337 2351 5391 de
2382 5340 2496 5406 ipSo
2529 5338 2679 5392 Patre
2703 5380 2717 5404 ,
2761 5344 2896 5407 quod
2943 5341 3108 5394 Judaei
3134 5380 3147 5401 ,
3194 5337 3276 5389 νεὶ

1727 5429 1895 5497 magis
1926 5443 2113 5482 omnes
2140 5430 2397 5492 inﬁdeles,
2447 5431 2721 5483 excaecatis
2772 5432 3058 5495 mentibus,
3091 5435 3281 5487 verita-

1729 5529 1830 5573 tem
1867 5521 2155 5573 divinitatis
2185 5536 2286 5572 non
2322 5531 2540 5588 possunt
2566 5521 2833 5588 accipere,
2862 5524 3043 5576 dicens
3072 5541 3083 5574 :

1799 5611 1974 5677 Neque
2002 5613 2129 5662 enim
2159 5628 2320 5663 vacem
2348 5615 2454 5680 ejus
2486 5615 2696 5664 audislis
2721 5631 2968 5680 unquam,
2996 5633 3151 5680 neque
3171 5623 3280 5672 διιε-

1727 5708 1847 5760 cicm
1872 5711 1978 5759 eius
2007 5706 2219 5769 vidistis,
2266 5716 2309 5756 et
2343 5708 2538 5758 .tcrbum
2577 5710 2683 5776 ejus
2726 5726 2821 5760 non
2855 5710 3043 5762 habetis
3068 5711 3113 5760 in
3149 5711 3278 5760 tubis
