3822 6226
524 356 626 413 703

940 353 1137 410 DEDAE
1174 351 1615 411 VENERABILIS
1649 352 1798 409 OPP.
1841 352 2012 409 PARS
2049 350 2111 407 li.
2144 351 2337 409 SECT.
2368 351 2410 408 ῐ.
2450 380 2516 395 --
2557 352 2939 410 EXEGETICA
2983 354 3304 411 GENUINA.

3627 359 3716 413 7οι

521 485 747 523 manens.
778 468 914 523 Dicit
942 469 1230 537 Apostolus
1264 486 1277 522 :
1313 467 1431 522 Non
1475 468 1605 521 enim
1633 467 1891 522 auditores
1945 466 2067 535 legis
2098 468 2139 523 Α
2168 464 2369 520 odiosae
2396 466 2799 535 vituperationis
2826 482 2953 521 aura
2984 467 3147 522 ﬂante
3186 468 3440 523 ﬂexibilis
3470 468 3586 534 fuit,
3611 469 3719 523 ideo

523 561 791 628 justi/icati
820 571 937 613 sunt
964 602 980 627 ,
1010 560 1097 613 sed
1126 560 1342 630 factores
1382 560 1514 613 uerbi
1566 558 1657 611 Dei
1684 558 1859 628 (Rom.
1901 559 1986 627 ιι).
2016 557 2069 611 id

523 662 627 717 est,
657 650 819 704 Filius
863 650 951 704 Dei
1008 664 1109 703 non
1137 656 1317 703 manet
1366 649 1417 701 in
1461 648 1669 703 illorum
1702 649 1954 703 cordibus
1981 648 2068 717 qui

526 758 629 795 non
660 751 873 794 servant
893 756 1009 808 qua:
1031 741 1269 793 audiunt.
1294 738 1444 804 Quod
1491 750 1618 793 vero
1646 737 1717 789 ait
1743 757 1756 792 :
1787 736 1961 805 Neque
1987 753 2071 790 uo-

522 847 633 885 cem
662 835 771 900 ejus
794 832 1025 895 audistis,
1072 847 1230 899 neque
1269 832 1482 898 speciem
1510 831 1624 899 ejus
1652 830 1859 894 uidistis,
1892 831 1944 882 in
1975 830 2074 885 hoc

526 919 755 973 ostendit
781 920 1125 973 substantiam
1155 919 1441 972 divinitatis
1484 916 2071 985 incomprehensibilem

524 1024 667 1074 esse,
690 1020 741 1065 et
767 1011 1105 1073 invisibilem,
1150 1020 1204 1065 et
1253 1023 1432 1065 vocem
1478 1009 1593 1077 ejus
1631 1023 1734 1062 non
1774 1008 2071 1064 carnalibus

526 1100 694 1154 audiri
726 1102 958 1170 potuisse
999 1102 1236 1168 auribus,
1284 1104 1377 1159 sed
1431 1103 1688 1171 spirituali
1728 1104 2070 1171 intelligentia

527 1207 622 1259 per
650 1192 870 1262 gratiam
916 1194 1080 1246 sancti
1108 1189 1361 1263 Spiritus
1389 1193 1611 1264 intelligi
1662 1194 1743 1249 vel
1772 1193 1957 1259 amari,
1989 1209 2072 1248 se-

524 1283 751 1337 cundum
780 1285 916 1351 quod
945 1283 1226 1353 unicuique
1255 1284 1433 1339 datum
1456 1294 1585 1340 erat.

599 1372 911 1426 Scrutamini
942 1373 1255 1441 Scripturas,
1302 1375 1421 1443 quia
1446 1389 1528 1427 vos
1557 1375 1742 1441 putatis
1772 1376 1824 1425 in
1850 1375 1973 1441 ipsis
1998 1374 2071 1426 ui-

522 1471 626 1516 tam
652 1472 889 1516 wternom
918 1464 1134 1529 habere;
1183 1474 1229 1517 et
1258 1464 1362 1518 illa:
1408 1475 1524 1518 sunt
1575 1479 1687 1533 qut:
1731 1465 2070 1519 testimonium

524 1551 779 1621 perhibent
809 1553 869 1605 de
900 1568 1013 1618 me;
1039 1563 1084 1605 et
1118 1569 1218 1607 non
1250 1552 1396 1607 uultis
1419 1555 1597 1608 uenire
1626 1556 1693 1607 ad
1722 1571 1821 1621 me,
1842 1563 1894 1606 ut
1918 1556 2068 1607 vitam

528 1643 771 1698 habeatis.
821 1645 933 1698 Non
964 1646 1124 1699 vultis
1154 1647 1335 1699 venire
1362 1686 1374 1707 ,
1408 1646 1457 1699 id
1486 1652 1567 1701 est
1592 1688 1605 1712 ,
1639 1660 1743 1699 non
1773 1644 1931 1699 vultis
1956 1660 2069 1699 cre-

520 1735 650 1787 dere
678 1776 693 1798 ,
742 1738 863 1805 quia
912 1735 1218 1804 impossibile
1262 1746 1333 1789 est
1404 1736 1511 1790 sine
1568 1738 1669 1804 ﬁde
1717 1737 1915 1808 placere
1962 1736 2067 1790 Deo

2169 554 2391 623 gloriam
2445 557 2682 612 habuita
2734 558 2840 613 Deo
2869 558 3098 626 Christo,
3153 559 3276 628 quia
3341 560 3565 626 gloriam
3619 576 3715 615 non

2171 645 2419 713 quaesivit
2448 646 2752 704 humanam.

2246 735 2417 787 Nolite
2439 746 2615 805 putare
2636 739 2753 804 quia
2784 754 2873 804 ego
2899 747 3220 792 accusaturus
3240 738 3335 792 sim
3360 754 3447 792 vos
3468 742 3602 806 apud
3628 738 3718 794 Pe-

2172 834 2313 879 trem.
2344 824 2433 878 Est
2455 828 2542 895 qui
2561 840 2761 882 accusat
2800 845 2884 883 vos
2914 829 3132 900 Moyses,
3164 830 3226 882 de
3253 845 3353 899 quo
3380 846 3469 883 vos
3509 832 3718 883 maxime

2170 922 2402 983 speratis.
2435 917 2558 972 ideo
2611 934 2713 973 non
2760 935 2971 985 accuso,
3001 922 3123 989 quia
3149 936 3252 974 non
3288 920 3407 975 veni
3447 920 3714 988 damnare,

2173 1008 2264 1060 sed
2316 1008 2543 1062 salvare.
2598 1010 2806 1080 Moyses
2854 1028 2981 1067 vero
3035 1022 3264 1077 accusat,
3317 1013 3439 1078 quia
3472 1014 3716 1067 increduli

2173 1098 2307 1152 estis
2337 1101 2451 1154 voci
2484 1099 2647 1155 illius.
2698 1102 2769 1156 De
2794 1119 2878 1155 me
2910 1106 3146 1171 scripsit,
3178 1104 3303 1157 dum
3337 1106 3408 1159 ait
3452 1122 3463 1157 :
3500 1103 3716 1173 Prop/te-

2173 1196 2274 1240 tam
2294 1189 2431 1243 vobis
2451 1190 2706 1243 suscitabit
2728 1191 2978 1245 Dominus
3017 1193 3149 1247 Deus
3174 1195 3236 1246 de
3263 1194 3504 1261 fratribus
3532 1196 3713 1255 vestris,

2172 1286 2407 1340 tanquam
2435 1280 2677 1345 meipsum
2722 1282 2938 1333 audietis
2987 1298 3098 1334 eum
3141 1284 3315 1352 (Deut.
3376 1286 3550 1352 svnt).
3598 1284 3714 1350 Quid

2174 1384 2298 1422 vero
2324 1378 2577 1438 sequatur
2603 1372 2863 1426 attendite
2892 1389 2907 1425 :
2934 1370 3069 1435 Erit,
3094 1375 3255 1427 omnis
3285 1376 3457 1428 animo
3476 1392 3592 1443 quc
3631 1393 3713 1427 non

2172 1457 2415 1511 obedierit
2436 1460 2693 1527 prophetae
2726 1460 2824 1525 illi,
2855 1462 3261 1515 exterminabitur
3298 1465 3362 1515 de
3399 1467 3592 1532 populo
3618 1464 3711 1517 Dei.

2172 1574 2241 1585 —
2258 1545 2317 1601 Si
2342 1547 2478 1602 illius
2501 1549 2680 1601 litteris
2710 1565 2811 1601 non
2838 1551 3058 1614 creditis,
3093 1552 3339 1617 quomodo
3371 1552 3497 1604 meis
3519 1553 3712 1604 credetis

2171 1637 2327 1689 verbis
2348 1639 2373 1690 ?
2395 1638 2662 1707 Quidquid
2692 1642 2830 1692 enim
2864 1639 2946 1694 lex
2972 1642 3052 1693 vel
3079 1641 3349 1709 prophetae
3373 1642 3709 1709 scripserunt,

2173 1729 2349 1779 Omnia
2371 1723 2637 1779 Christum
2660 1735 2936 1781 venturum
2959 1742 3076 1781 esse
3100 1727 3472 1797 designabant.
3504 1727 3563 1782 Si
3586 1730 3709 1781 enim

523 1795 709 1892 (Hebr.
738 1795 837 1893 xi).
874 1795 1066 1877 Venire
1109 1835 1346 1879 nostrum
1370 1826 1433 1879 ad
1456 1795 1743 1891 Christum,
1774 1828 1823 1880 id
1849 1837 1929 1881 est
1950 1841 2067 1882 cre-

2180 1814 2341 1869 ludaei
2366 1815 2467 1885 legi
2493 1816 2575 1869 vel
2624 1817 2893 1885 prOphetis
2942 1795 3325 1879 credidissent,
3375 1818 3711 1898 credidissent

526 1910 653 1965 dere
676 1927 857 1965 verum
881 1914 1023 1967 illurn
1049 1913 1235 1968 Filium
1261 1915 1373 1979 Dei,
1396 1923 1448 1969 et
1473 1929 1651 1969 veram
1682 1931 1778 1970 nos
1804 1932 1897 1985 per
1923 1918 2069 1971 illum

527 2001 722 2056 habere
751 2004 994 2059 salutem.
1021 2005 1203 2059 Omnis
1234 2007 1373 2059 enim
1407 2007 1678 2075 Scriptura
1712 2018 1891 2063 sancta
1922 2011 2070 2064 testi-

524 2096 759 2146 monium
785 2096 1050 2162 perhibuit
1070 2090 1299 2172 Christo,
1330 2098 1441 2151 sive
1467 2112 1560 2166 per
1591 2099 1803 2167 ﬁguras,
1836 2103 1949 2157 sive
1980 2116 2075 2168 per

526 2183 856 2251 pr0phetias,
904 2187 1015 2239 sive
1040 2201 1133 2255 per
1161 2188 1466 2257 angelorum
1512 2190 1823 2244 miniSteria.
1858 2191 1995 2259 Ergo
2022 2200 2074 2245 et

523 2271 734 2340 nyses
758 2271 1022 2340 perhibuit
1057 2275 1414 2329 testiinonium
1463 2274 1697 2345 Christo,
1740 2287 1792 2331 et
1840 2278 2074 2333 Joannes

524 2363 792 2429 perhibuit
816 2364 1173 2418 testimonium
1202 2363 1435 2428 Christo,
1472 2375 1528 2419 et
1576 2367 1753 2420 caeteri
1802 2370 2072 2435 prOpheta:

523 2461 579 2507 et
614 2452 833 2518 apostoli
877 2454 1256 2519 perhibuerunt
1302 2455 1663 2508 testimonium
1700 2456 1938 2511 Christo.
1983 2458 2074 2511 llis

522 2542 769 2597 omnibus
810 2545 1124 2599 testimoniis
1166 2545 1427 2613 praeponit
1471 2546 1827 2599 testimonium
1856 2560 2072 2615 operum

524 2653 770 2702 suorum,
793 2639 909 2705 quia
943 2653 1035 2706 per
1064 2638 1182 2692 illos
1212 2653 1315 2692 non
1344 2637 1439 2692 nisi
1472 2637 1609 2693 Deus
1634 2638 1899 2707 perhibuit
1928 2642 2075 2695 testi-

527 2729 758 2781 monium
794 2727 928 2782 Filio
956 2741 1073 2782 suo.

596 2818 890 2873 Claritatem
922 2819 982 2870 ab
1012 2818 1297 2873 hominibus
1340 2835 1440 2873 non
1480 2818 1691 2891 recipio.
1736 2820 1791 2875 Id
1822 2828 1921 2883 est,
1963 2822 2073 2876 lau-

524 2909 645 2963 dem
682 2911 960 2962 humanam
987 2924 1092 2963 non
1117 2923 1317 2979 quacro,
1350 2912 1468 2980 quia
1491 2927 1591 2965 non
1621 2913 1731 2967 ueni
1773 2912 2070 2980 ministrari,

524 3002 613 3054 sed
634 3002 921 3054 ministrare
952 3001 1164 3072 (Matth.
1193 3003 1286 3071 xx)
1318 3018 1331 3067 ;
1368 3002 1418 3055 id
1448 3013 1548 3067 est,
1593 3018 1695 3058 non
1726 3004 1849 3059 veni
1878 3014 1933 3058 ut
1979 3005 2073 3060 ho-

525 3107 703 3147 norem
755 3093 820 3147 ab
850 3092 1151 3147 hominibus
1212 3093 1513 3163 acciperem
1563 3095 1848 3162 carnalem,
1893 3096 1987 3151 sed
2018 3106 2071 3151 ut
2099 3123 2146 3190 ο

524 3182 775 3236 honorem
808 3182 1050 3237 omnibus
1079 3181 1258 3237 darem
1297 3184 1651 3251 spiritualem.

596 3272 700 3327 Sed
722 3274 924 3340 cognovi
952 3288 1057 3336 vos,
1086 3274 1204 3342 quia
1224 3273 1337 3326 dile.
1354 3275 1535 3327 tionem
1572 3275 1664 3329 Dei
1684 3292 1784 3331 non
1809 3276 1998 3331 habetis
2021 3278 2073 3333 in

526 3361 679 3415 vobis.
714 3361 835 3415 Ideo
862 3361 1198 3415 dilectionem
1228 3362 1316 3415 Dei
1342 3378 1443 3416 non
1476 3362 1791 3433 habuerunt,
1817 3368 1938 3434 quia
1969 3382 2073 3422 non

525 3450 855 3505 crediderunt
884 3450 932 3503 in
956 3465 1077 3503 eum
1110 3451 1199 3519 qui
1232 3466 1332 3503 non
1366 3453 1509 3506 venit
1547 3453 1721 3508 facere
1752 3454 2073 3510 voluntatem

526 3558 699 3607 suam,
743 3542 833 3595 sed
865 3543 1191 3597 voluntatem
1243 3543 1361 3611 ejus
1392 3545 1478 3613 qui
1512 3544 1657 3599 misit
1705 3544 1850 3600 illum
1894 3545 2069 3618 (Joan.

526 3633 626 3701 vt).
659 3632 779 3686 Ideo
808 3631 1108 3701 subjuusit;

597 3722 707 3791 Ego
737 3722 845 3774 ueni
873 3723 925 3775 in
948 3723 1147 3775 nomine
1169 3720 1339 3776 Patris
1362 3725 1477 3789 mei,
1498 3735 1543 3776 et
1568 3741 1668 3777 non
1688 3725 1949 3793 accepistis
1977 3740 2074 3779 me.

526 3810 583 3865 ιιι
613 3794 713 3874 est,
740 3825 841 3865 non
870 3811 1169 3865 credidistis
1199 3814 1250 3867 in
1274 3827 1381 3877 me,
1425 3815 1514 3884 qui
1548 3814 1668 3870 ideo
1716 3817 1990 3871 veniebam
2021 3814 2073 3871 in

530 3903 803 3965 mundum,
833 3914 889 3955 ut
944 3905 1326 3971 gloriﬁcaretur
1358 3921 1546 3961 nomen
1576 3906 1765 3960 Patris.

602 3994 663 4048 Si
713 3995 847 4047 alius
888 3996 1072 4047 venerit
1115 3996 1164 4047 in
1195 3997 1394 4049 nomine
1447 4013 1572 4063 suo,
1607 3998 1753 4051 illum
1800 3999 2070 4067 accipietis.

530 4084 658 4151 Quis
688 4093 769 4138 est
799 4085 897 4139 iste
928 4085 1012 4153 qui
1046 4086 1186 4139 venit
1214 4086 1265 4139 in
1299 4086 1513 4141 nomine
1559 4100 1678 4147 suo.
1718 4089 1817 4141 nisi
1869 4089 1959 4143 ille
1987 4089 2074 4156 qui

529 4174 794 4244 propriam
852 4176 1070 4245 gloriam
1122 4177 1330 4245 qumrit,
1361 4186 1415 4232 et
1459 4193 1563 4231 non
1616 4178 1753 4233 illius
1800 4180 1884 4249 qui
1933 4180 2077 4233 misit

532 4267 677 4321 illum
702 4268 723 4319 ‘l
751 4268 876 4332 Quis
907 4276 988 4320 est
1020 4282 1175 4335 quem
1216 4269 1482 4334 accepturi
1537 4281 1687 4322 erant
1743 4267 1905 4323 Judzci
1927 4313 1940 4335 ,
1975 4270 2075 4323 nisi

533 4359 910 4419 Antichristus,
964 4360 1049 4423 qui
1100 4369 1352 4412 venturus
1405 4368 1485 4412 est
1534 4362 1801 4429 propriam
1855 4364 2071 4431 glutiam

2174 1905 2352 1973 utique
2377 1916 2432 1960 et
2452 1906 2739 1961 Christum.
2775 1908 2899 1962 Post
2928 1908 3040 1962 haec
3070 1908 3226 1962 verba
3252 1909 3497 1979 mystica,
3530 1920 3583 1963 et
3609 1925 3712 1978 pro-

2174 1998 2497 2053 lundissimaa
2525 1999 2882 2071 intelligentia:
2915 2001 3115 2053 Domini
3149 2002 3314 2054 nostri
3344 2000 3470 2055 Iesu
3502 2000 3707 2063 Christi,

2172 2089 2361 2158 quibus
2388 2089 2577 2157 partim
2600 2104 2709 2142 sua:
2734 2089 3047 2149 divinitatis.
3085 2093 3269 2157 partim
3299 2101 3352 2144 et
3377 2092 3711 2144 humanitatis

2174 2194 2368 2235 arcana
2400 2181 2672 2248 mysteria,
2706 2182 2785 2234 vel
2818 2190 2941 2233 tunc
2971 2182 3324 2246 audientibus,
3358 2182 3440 2234 vel
3488 2196 3625 2235 nunc
3651 2183 3711 2234 lc-

2172 2272 2420 2340 gentibus
2452 2272 2819 2325 demonstrare
2855 2272 3038 2337 voluit,
3068 2273 3300 2341 quinque
3334 2287 3524 2337 panum
3560 2273 3705 2325 mira-

2172 2364 2292 2416 culo
2321 2362 2552 2430 seipsum
2580 2363 2863 2416 ostendere
2890 2366 2978 2430 qui
3013 2374 3153 2417 esset
3184 2364 3368 2417 voluit.
3407 2363 3612 2417 Idcirco
3638 2378 3708 2419 se.

2172 2466 2397 2523 quenter
2425 2452 2747 2522 evangelista
2775 2453 3033 2520 adjunxit.

2777 2540 2995 2595 CAPUT
3036 2540 3117 2595 Vl.

2244 2627 2370 2683 Post
2417 2630 2523 2683 haec
2575 2631 2697 2683 abiit
2749 2628 2899 2683 Iesus
2951 2640 3088 2683 trans
3130 2647 3269 2683 mare
3306 2630 3570 2692 Galiltztz.
3620 2641 3706 2685 etc.

2174 2718 2315 2773 Abiit
2341 2719 2495 2773 Jesus
2522 2729 2665 2772 trans
2704 2735 2849 2773 mare
2879 2720 3124 2782 Galilmte,
3152 2722 3289 2789 quod
3324 2725 3504 2775 multis
3530 2738 3618 2789 pro
3642 2723 3707 2777 di-

2172 2800 2431 2866 versitate
2452 2812 2933 2882 circumjacentium
2962 2816 3234 2883 regionum
3254 2815 3521 2867 vocabulis
3545 2815 3709 2868 distin-

2174 2900 2379 2969 guitur;
2416 2902 2522 2956 illis
2547 2913 2745 2957 tantum
2772 2905 2899 2957 locis
2940 2920 3086 2959 mare
3138 2906 3453 2976 Tiberiadisl
3486 2920 3706 2969 vocatur,

2173 2996 2265 3056 ubi
2312 2996 2643 3052 Tiberiadem
2688 2998 2951 3052 civitatem
2987 2999 3137 3067 aquis
3186 3000 3275 3069 (ut
3316 3002 3497 3071 aiunt)
3542 3003 3707 3055 calidis

2175 3089 2441 3143 Salubrem
2474 3090 2848 3145 habitationem
2905 3100 3295 3153 praemonstrat.
3343 3092 3612 3161 Siquidem
3643 3095 3708 3146 in-

2177 3177 2453 3231 terﬂuente
2482 3176 2722 3243 Jordane,
2752 3178 3110 3249 duodeviginti
3143 3197 3389 3250 passuum
3421 3184 3644 3237 millibus
3666 3186 3707 3237 in

2176 3267 2413 3337 longum,
2468 3277 2518 3324 et
2572 3268 2803 3339 quinque
2859 3272 3163 3326 extenditur
3192 3274 3243 3326 in
3296 3274 3479 3327 latum.
3513 3274 3708 3343 Mystice

2174 3368 2351 3417 autem
2396 3377 2544 3417 mare
2593 3363 2800 3419 turbida
2850 3379 2913 3420 ac
2942 3365 3194 3420 tumentia
3226 3367 3402 3420 steculi
3456 3366 3605 3433 hujus
3631 3380 3710 3418 vo-

2174 3450 2371 3505 lumina
2422 3452 2699 3522 signllicat,
2756 3454 2807 3508 in
2848 3454 3038 3523 quibus
3078 3457 3223 3523 pravi
3270 3456 3492 3525 quilibet
3537 3455 3710 3525 injuste

2174 3542 2447 3608 delectati,
2477 3546 2624 3613 quasi
2660 3544 2933 3612 profundis
2954 3546 3115 3600 dediti
3162 3546 3359 3615 pisces,
3408 3556 3629 3602 mentem
3654 3548 3706 3600 ad

2175 3646 2402 3701 superna
2455 3634 2640 3702 gaudia
2684 3649 2788 3689 non
2846 3636 3144 3691 intendunt.
3196 3638 3347 3699 Unde
3395 3639 3533 3695 bene
3582 3640 3702 3692 idem

2176 3737 2322 3779 mare
2350 3723 2670 3789 Galilzeaa,id
2697 3734 2776 3779 est
2806 3733 2939 3791 rota,
2960 3727 3389 3794 cognominatur,
3417 3730 3537 3798 quia
3566 3730 3704 3783 nimi-

2176 3828 2291 3867 rum
2322 3826 2471 3867 amor
2495 3813 2719 3868 labentis
2740 3814 2919 3869 saeculi
2945 3816 2998 3870 in
3027 3816 3340 3885 vertiginem
3361 3818 3522 3872 corda
3545 3818 3704 3879 mittit,

2174 3918 2293 3974 qua:
2320 3903 2385 3958 ad
2417 3907 2663 3972 perennis
2703 3906 2822 3960 vitae
2850 3905 3112 3961 desideria
3144 3920 3248 3961 non
3280 3908 3534 3976 permittit
3561 3907 3705 3975 erigi;

2176 3996 2255 4051 de.
2289 3996 2534 4064 qualibus
2578 3996 2853 4053 Psalmista
2878 4039 2894 4065 ,
2935 3997 3001 4051 In
3043 3999 3299 4065 circuitu,
3344 3999 3547 4067 inquit,
3587 4000 3707 4064 impii

2176 4088 2436 4142 ambulant
2483 4086 2674 4159 (Psal.
2734 4090 2851 4158 st).
2901 4089 3004 4144 Sed
3060 4091 3339 4144 abeuntem
3389 4100 3535 4145 trans
3585 4104 3706 4143 mare

2179 4179 2410 4234 Galilaaae
2438 4178 2617 4235 Jesum
2650 4180 2935 4235 multitudo
2965 4181 3191 4235 maxima
3225 4182 3575 4249 sequebatur,
3606 4194 3702 4248 qur:

2176 4269 2455 4333 doctrinm,
2489 4271 2783 4323 sanationis
2814 4280 2867 4325 et
2907 4270 3215 4325 refectionis
3270 4272 3337 4324 ab
3384 4286 3448 4323 eo
3501 4271 3705 4324 celestis

2182 4378 2399 4415 munera
2434 4376 2636 4415 summa
2699 4363 3011 4431 perciperet.
3042 4362 3159 4417 Sola
3204 4364 3347 4415 illum
3379 4378 3509 4431 gens
3554 4362 3703 4414 Juda‘a

531 4463 767 4517 quaerere
794 4450 810 4499 τ
845 4452 905 4503 Et
930 4450 1023 4502 hoc
1054 4450 1149 4503 crit
1180 4450 1282 4505 illis
1314 4466 1468 4519 pmna
1493 4454 1715 4520 peccati,
1750 4455 1867 4521 quia
1894 4456 2077 4509 nolue-
2109 4463 2159 4523 D
2184 4453 2505 4519 sequebatur
2536 4452 2803 4506 credendo
2837 4469 2848 4503 ε
2885 4463 3165 4520 postquam
3200 4466 3325 4505 vero
3367 4466 3463 4519 per
3490 4451 3704 4503 incarna—

532 4550 654 4592 runt
684 4540 886 4593 veritati
922 4541 1156 4605 credere,
1187 4551 1239 4594 et
1266 4542 1484 4595 credent
1510 4544 1863 4597 mendacium.

606 4632 867 4693 Quomodo
894 4632 1093 4699 potestis
1125 4647 1207 4683 vos
1235 4634 1451 4697 credere,
1490 4631 1573 4700 qui
1611 4634 1823 4696 qloriam
1854 4636 1919 4687 ad
1962 4638 2082 4690 invi-

535 4737 637 4773 cem
664 4720 888 4787 apcipitis
914 4738 929 4783 ;
954 4730 1001 4772 et
1029 4723 1240 4789 gloriam
1270 4738 1378 4789 quae
1407 4740 1435 4775 α
1457 4723 1565 4777 solo
1593 4726 1698 4778 Deo
1720 4736 1793 4778 est
1822 4744 1919 4779 non
1948 4744 2081 4795 qua:-

535 4809 650 4862 ritis
678 4811 702 4861 ?
731 4810 1181 4863 Considerandhm
1206 4821 1286 4864 est
1318 4812 1567 4867 intentius
1606 4825 1859 4881 quantum
1892 4818 1959 4869 sit
2002 4819 2082 4884 ja-

547 4902 757 4955 ctautim
789 4911 841 4953 ct
873 4900 1111 4955 humana:
1136 4902 1309 4957 laudis
1339 4904 1556 4957 ambitio
1586 4904 1801 4970 malum,
1855 4923 1950 4975 pro
1980 4922 2085 4975 quo

542 4993 650 5058 ipsa
676 4991 895 5052 Veritas,
923 5000 1011 5043 aut
1035 4992 1251 5045 credere
1280 5008 1381 5045 non
1414 5008 1565 5060 posse
1586 4996 1838 5061 quosdam
1864 4994 2084 5065 [Supple

536 5081 813 5153 declarat],
860 5082 979 5149 quia
1016 5084 1278 5136 sa>cularis
1326 5083 1506 5152 gloria:
1532 5096 1699 5137 erant.
1730 5086 1861 5151 Quid
1886 5098 1962 5137 est
1993 5087 2085 5139 hu-

537 5187 706 5225 mana:
741 5172 908 5224 laudis
950 5174 1235 5241 cupiditas,
1264 5174 1360 5226 nisi
1401 5176 1637 5241 superba:
1670 5176 1858 5228 tuentis
1886 5178 2086 5231 elatio?

545 5261 661 5312 Vult
703 5260 767 5313 dc
790 5274 845 5312 se
874 5261 1142 5324 :estitnari,
1172 5261 1309 5329 quod
1336 5261 1385 5314 in
1413 5276 1469 5315 sc
1500 5263 1690 5315 habere
1742 5280 1841 5317 non
1890 5267 2083 5321 studet.

540 5352 684 5406 Alter
710 5360 791 5404 est
816 5352 1057 5417 interius,
1082 5353 1212 5404 alter
1238 5350 1367 5405 foris
1396 5353 1562 5405 videri
1590 5354 1870 5407 desiderat.
1908 5357 2087 5409 llutni-

537 5442 653 5496 litas
707 5458 834 5496 vero
888 5444 1107 5509 gloriam
1164 5446 1350 5513 qumrit
1376 5461 1401 5497 a
1440 5446 1554 5498 solo
1582 5447 1709 5509 Deo,
1745 5452 1984 5514 superbia
2018 5452 2085 5503 ab

538 5533 855 5585 hominibus.
891 5532 1039 5585 Unde
1075 5533 1305 5587 Joannes
1355 5534 1582 5601 Baptista
1616 5537 1680 5587 ab
1712 5536 1822 5603 ipsa
1858 5538 2087 5595 Veritate

538 5626 860 5679 excellenter
886 5624 1124 5676 laudatus
1150 5626 1391 5693 cst,quod
1418 5640 1517 5678 non
1546 5636 1685 5679 esset
1710 5628 1910 5679 arundo
1933 5642 2086 5684 vento

543 5721 730 5785 agitata
768 5716 980 5786 (Matth.
1026 5719 1100 5785 st)
1140 5734 1150 5770 τ
1181 5721 1296 5786 quia
1331 5734 1431 5773 non
1468 5720 1706 5773 humanm
1761 5720 1956 5788 laudis,
1992 5740 2086 5780 nec

2186 4544 2339 4596 tionis
2368 4558 2473 4595 suae
2506 4544 2956 4612 dispensationem
2997 4542 3190 4597 ﬂuctus
3220 4543 3340 4597 vitae
3382 4542 3705 4610 corruptibiis

2185 4636 2332 4697 adiit,
2360 4637 2605 4698 calcavit,
2641 4636 2869 4699 transiit,
2898 4638 3126 4689 maxima
3152 4651 3269 4689 mox
3304 4652 3422 4690 eum
3456 4634 3703 4688 multitudo

2186 4729 2512 4782 credentium
2543 4737 2722 4782 secuta
2780 4740 2860 4782 est
2914 4730 3205 4792 nationum,
3255 4730 3595 4796 spiritualitcr
3644 4726 3705 4778 in.

2185 4821 2340 4882 strui,
2365 4820 2533 4872 sanari
2566 4836 2622 4871 ac
2651 4821 2829 4873 satiari
2863 4821 3192 4883 desiderans,
3226 4831 3277 4873 et
3305 4838 3423 4875 cunt
3460 4823 3700 4877 Psalmista

2186 4907 2412 4961 dicens:
2464 4908 2717 4973 Domine,
2778 4910 2842 4959 ad
2888 4920 2932 4962 te
2976 4910 3221 4978 confugi,
3274 4910 3397 4961 doce
3449 4927 3525 4962 me
3569 4914 3703 4976 facere

2185 5001 2486 5051 uoluntatem
2534 5009 2671 5051 tunm
2718 4999 2882 5067 (Psul.
2926 5003 3134 5068 cutv);
3168 5011 3219 5053 et
3250 5003 3436 5053 iterum
3467 5018 3479 5053 :
3506 5001 3705 5051 Miserrre

2188 5091 2302 5154 mei,
2332 5090 2559 5155 Domine,
2588 5094 2819 5160 quoniam
2864 5092 3091 5157 inﬁrmus
3134 5109 3245 5144 sum
3268 5110 3289 5153 ;
3338 5109 3458 5144 sana
3506 5108 3592 5154 me,
3623 5090 3704 5141 Do-

2188 5180 2354 5243 mine,
2410 5182 2643 5248 quoniam
2710 5182 3001 5234 conturbata
3053 5192 3167 5234 sunt
3236 5184 3406 5234 omnia
3457 5198 3565 5235 ossa
3617 5196 3702 5229 met

2189 5268 2356 5335 (Psal.
2395 5276 2501 5340 vt);
2556 5281 2605 5324 et
2650 5273 2841 5324 iterum
2892 5272 2957 5325 de
3010 5271 3363 5339 percipiendis
3391 5274 3456 5324 ab
3499 5287 3556 5323 eo
3605 5272 3699 5318 τηε

2189 5369 2456 5426 perpetua:
2496 5362 2756 5414 alimouiis
2785 5362 2982 5413 conlisa
3015 5379 3027 5413 :
3062 5361 3330 5428 Dominus,
3364 5364 3546 5429 inquit,
3574 5362 3702 5428 poscit

2190 5468 2303 5513 me,
2351 5460 2394 5502 et
2438 5450 2563 5501 nihil
2602 5451 2724 5502 mihi
2769 5453 2922 5504 drerit
2960 5465 2977 5510 ;
3021 5454 3072 5501 in
3122 5451 3233 5503 loco
3297 5468 3499 5519 pascua:
3543 5452 3603 5501 ibi
3645 5465 3702 5499 me

2188 5541 2447 5593 collocarit
2495 5539 2661 5609 (Psal.
2696 5541 2843 5608 xxii).
2879 5539 3025 5605 Quod
3057 5552 3232 5593 autem
3265 5542 3479 5593 subiens
3512 5542 3556 5591 in
3582 5552 3700 5589 mou-

2190 5643 2292 5685 tem
2341 5631 2513 5692 Jesus,
2543 5632 2609 5682 ibi
2644 5630 2861 5684 sedebat
2890 5647 3009 5683 cum
3038 5631 3312 5699 discipulis
3341 5630 3474 5693 suis,
3525 5628 3604 5681 sed
3633 5641 3700 5677 ve-

2192 5726 2367 5779 uicule
2415 5724 2476 5777 ad
2510 5738 2625 5777 cum
2660 5722 3017 5788 multitudine,
3051 5723 3348 5790 descendit,
3399 5732 3547 5791 atque
3595 5720 3700 5774 hanc
