3822 6226
57 369 146 424 ῗο5
963 361 1027 416 IN
1067 363 1125 418 S.
1166 360 1446 420 JOANNIS
1486 360 1926 418 EVANGELIUM
1968 361 2338 422 EXPOSITIO.

3172 373 3274 428 706

60 486 101 533 in
130 478 471 533 inferioribus
502 477 711 540 refecit,
757 491 912 546 quam
946 477 996 528 in
1058 476 1398 529 inferioribus
1449 477 1609 544 paulo
1637 477 1689 538 Α
1717 476 1966 544 magistro
2009 479 2210 531 sciente
2243 479 2356 544 ipse
2386 478 2674 542 nesciebat,
2713 488 2942 536 tentatus
2991 497 3270 554 agnoscat,

57 583 166 623 ante
191 578 512 632 curaverat,
563 580 895 634 nequaquam
946 567 1136 618 frustra
1188 565 1382 618 factum
1425 565 1610 618 creda-

57 678 180 721 Inus,
204 660 297 712 sed
318 661 388 712 ad
411 658 816 728 significandum
841 661 1060 725 mystice
1086 658 1204 724 quia
1237 656 1532 710 doctrinam
1560 665 1613 711 et

59 748 374 801 charismata
399 763 492 801 sua
525 747 777 800 Dominus
803 747 952 814 juxta
984 745 1384 813 percipientium
1406 746 1613 812 capaci-

62 850 208 890 tatem
255 837 556 900 distribuit,
610 837 836 891 inlirmis
884 837 1097 906 quidem
1139 837 1314 890 adhuc
1345 838 1613 892 mentibus

61 928 280 997 parvulis
312 927 507 995 spiritu
537 927 864 994 simpliciora
917 928 1118 980 monita
1150 928 1512 986 committens.
1560 934 1614 980 et

63 1025 314 1088 apertiora
361 1019 594 1074 credens
640 1029 1006 1072 sacramenta:
1066 1019 1381 1074 celsioribus
1432 1027 1614 1071 autem

63 1113 370 1180 quibusque,
406 1121 463 1164 et
519 1108 921 1179 perfectioribus
968 1126 1129 1164 sensu
1159 1111 1451 1164 secretiora
1503 1123 1615 1162 suae

66 1203 344 1268 inajestatis
374 1216 570 1254 arcana
600 1214 865 1266 reserans,
909 1201 1098 1255 altiora
1142 1202 1348 1254 devotte
1395 1215 1615 1254 conver-

66 1303 272 1345 sationis
303 1292 497 1345 itinera
529 1306 838 1361 suggerens,
862 1303 913 1347 et
939 1293 1124 1346 altiora
1143 1292 1481 1360 praemiorum
1508 1308 1616 1347 cat-

69 1386 264 1436 lestinm
297 1385 438 1436 dona
469 1385 801 1453 promittens.
832 1385 1069 1453 Denique
1097 1385 1305 1438 cuidam
1325 1383 1615 1438 sciscitanti

67 1475 180 1539 quid
213 1475 411 1528 iaciens
440 1476 602 1528 vitam
631 1486 884 1529 aeternam
943 1477 1258 1542 possideret,
1289 1477 1439 1543 quasi
1492 1476 1615 1530 inle-

67 1568 163 1616 ritts
190 1564 359 1619 adhuc
415 1567 613 1632 posito,
645 1568 945 1618 communia
993 1566 1298 1619 sure-dona
1351 1565 1614 1634 largitatis

68 1656 326 1721 impendit,
351 1656 543 1710 dicens
569 1655 711 1709 :Non
746 1655 964 1719 occides,
994 1673 1095 1710 non
1140 1656 1486 1720 mttcltaberis,
1515 1673 1616 1709 non

69 1752 248 1816 furiam
291 1724 475 1817 facies,
502 1765 600 1800 non
645 1749 828 1816 falsum
871 1750 1209 1802 testimonium
1237 1750 1392 1803 dices.
1437 1747 1620 1801 Hono-

1716 577 1768 620 et
1791 569 2046 622 miraculo
2076 569 2213 622 facto
2244 572 2482 640 castiget.
2525 570 2703 641 Neque
2735 576 2873 626 enim
2903 576 3144 631 dubitare
3172 579 3268 633 de-

1716 656 1923 717 buerat.
1955 668 2214 726 prasente
2246 675 2419 712 rerum
2466 673 2725 725 creatore,
2755 665 2839 731 qui
2871 666 3041 718 educit
3087 684 3271 734 panem

1713 747 1777 799 de
1803 757 1954 812 terra,
1987 757 2031 800 et
2062 750 2171 801 vino
2195 748 2415 816 laetiﬁcat
2440 767 2526 804 cor
2545 751 2762 806 hominis
2785 752 2955 824 (Psal.
2976 755 3114 824 CIII),
3147 773 3276 822 pau-
3310 767 3316 773 ’

1714 849 1895 888 corum
1927 836 2260 889 denariorum
2293 854 2455 906 panes
2483 840 2727 895 sttfticere
2751 847 3022 897 turbarum
3042 847 3271 901 millibus

1718 941 1820 978 non
1851 927 2051 993 paucis,
2085 939 2146 980 ιιι
2171 931 2528 998 unusquisque
2556 933 2883 988 sufficienter
2903 937 3187 1004 acciperet,
3216 951 3273 992 et

1715 1014 1825 1084 jam
1857 1028 2120 1070 saturatos
2149 1018 2337 1073 abiret.
2370 1020 2613 1088 Quinque
2642 1033 2821 1076 autem
2873 1040 3034 1092 panes
3077 1028 3270 1096 quibus

1717 1105 2109 1158 multitudinem
2145 1109 2321 1175 populi
2380 1113 2662 1176 saturavit,
2695 1114 2928 1183 quinque
2984 1128 3107 1171 sunt
3157 1117 3278 1174 libri

1720 1195 1910 1266 Moysi,
1927 1197 2116 1264 quibus
2139 1201 2398 1264 spirituali
2421 1201 2688 1256 intellectu
2715 1207 3011 1270 patefactis,
3031 1218 3084 1261 et
3109 1211 3276 1262 abun-

1718 1287 1960 1343 dantiore
1983 1288 2091 1357 jam
2125 1305 2282 1344 sensu
2307 1293 2690 1360 multiplicatis,
2713 1297 3014 1350 auditorum
3040 1298 3273 1354 lidelium

1720 1378 1958 1443 quotid;e
1989 1379 2149 1431 corda
2204 1381 2390 1435 reiicit.
2443 1383 2541 1446 Qui
2597 1383 2730 1437 bene
2785 1385 3062 1441 ltortlescei
3112 1387 3273 1445 fuisse

1721 1465 2049 1535 referuntur,
2078 1481 2292 1537 propter
2322 1471 2570 1525 nimirum
2597 1476 2889 1529 austeriora
2919 1477 3048 1546 legis
3077 1479 3273 1548 edicta,

1718 1566 1774 1614 et
1821 1559 2178 1628 integumenta
2233 1560 2423 1614 littera:
2469 1565 2757 1631 grossiora,
2807 1581 2923 1631 quas
2975 1568 3278 1625 interiorem

1726 1647 2018 1716 spiritualis
2049 1662 2236 1702 sensus
2265 1650 2414 1718 quasi
2438 1653 2721 1705 medullam
2751 1656 3014 1709 celabant.
3057 1658 3166 1711 Duo
3195 1675 3280 1713 au-

1725 1750 1828 1794 tem
1863 1742 2058 1809 pisces,
2081 1756 2213 1809 quos
2243 1741 2467 1807 addidit,
2499 1745 2892 1811 psalmistarum
2939 1762 3043 1801 non
3090 1747 3278 1804 incon-

69 1854 121 1888 rs
149 1847 508 1904 parentatum
529 1848 574 1889 et
596 1847 803 1892 matrem
832 1837 1021 1907 (Matt-
1051 1836 1188 1906 sta).
1235 1837 1330 1891 Cui
1386 1837 1618 1904 postmo-
1655 1835 1696 1892 Β
1723 1829 2000 1884 venienter
2047 1837 2102 1884 et
2155 1831 2530 1899 prophetarum
2559 1837 2751 1904 scripta
2800 1837 3121 1906 signiﬁcant,
3153 1855 3283 1910 quo-

68 1930 182 1983 dum
212 1929 411 1998 majora
439 1932 724 1997 quaerenti,
756 1939 809 1984 et
839 1931 980 1984 velut
1001 1930 1064 1983 ad
1099 1936 1332 1982 montem
1355 1929 1614 1981 virtutum

69 2023 344 2076 ascendere
393 2021 664 2090 cupienti;
698 2019 759 2075 Si
802 2021 897 2086 eis,
941 2019 1133 2087 inquit,
1181 2020 1432 2086 perfectus
1489 2032 1620 2080 esse,

70 2115 178 2168 rode
199 2123 240 2166 et
267 2114 429 2167 vende
448 2129 565 2182 qua
588 2114 759 2175 habes,
790 2123 835 2166 et
866 2115 931 2166 da
979 2112 1304 2182 pauperibus,
1337 2120 1384 2164 et
1417 2111 1619 2164 habebis

71 2207 341 2256 thesaurum
368 2205 422 2256 in
445 2204 572 2257 caelo
600 2220 620 2257 :
645 2215 693 2257 et
718 2205 848 2270 ueni,
866 2219 1092 2272 sequere,
1118 2219 1196 2256 me
1217 2200 1424 2273 (Ibid.).
1457 2202 1619 2272 Cujus

71 2293 432 2348 discretionem
467 2293 856 2347 moderaminis
889 2307 994 2346 non
1035 2306 1129 2360 per
1149 2291 1408 2345 se-solum
1437 2290 1615 2344 Domi-

76 2400 162 2438 nus
184 2385 230 2437 in
256 2398 417 2437 carne
441 2385 644 2438 docens
671 2383 931 2448 exhibuit,
981 2382 1164 2436 verum
1219 2395 1361 2436 nunc
1407 2396 1619 2450 quoque

76 2488 156 2542 per
176 2474 314 2526 verbi
343 2475 427 2527 sui
481 2472 754 2528 ministros
787 2472 1043 2528 exhibere
1071 2489 1176 2528 non
1207 2483 1404 2528 cessat.
1465 2471 1619 2528 Unde

75 2568 241 2620 iisdem
268 2566 366 2620 sub
398 2566 558 2620 unius
587 2565 714 2620 boni
741 2566 880 2618 servi
913 2578 1139 2633 persona
1191 2573 1438 2629 testatur,
1490 2563 1616 2632 quia

77 2662 189 2712 dare
234 2659 463 2713 debeant
506 2659 783 2713 conservis
813 2657 866 2711 in
917 2667 1155 2725 tempore
1188 2655 1348 2711 tritici
1406 2669 1620 2710 mensu-

79 2767 198 2813 ram,
230 2750 277 2803 id
332 2759 435 2812 est,
496 2765 594 2818 pro
637 2761 794 2819 captu
846 2748 1174 2803 audientium
1228 2757 1528 2817 opportune
1566 2755 1619 2802 et

82 2849 359 2895 mensurate
391 2840 544 2894 verbi
591 2841 754 2908 dapes
804 2854 1110 2908 suggerere.
1150 2837 1298 2905 Quod
1347 2851 1478 2892 vero
1526 2851 1620 2905 apo

83 2933 442 3004 prepinquante
475 2933 681 2987 Pascha
708 2931 964 2986 Dominus
1011 2933 1189 2986 turbas
1223 2933 1398 2996 docet,
1431 2939 1610 2998 sanat,

83 3035 127 3076 ct
153 3024 328 3089 reﬁcit,
365 3038 652 3091 possumus
712 3025 782 3077 ita
814 3022 1035 3092 mystice
1079 3020 1438 3091 interpretari,
1494 3021 1616 3090 quia

84 3115 258 3166 Pascha
305 3123 549 3167 nostrum
593 3113 846 3167 transitus
898 3113 1120 3177 dicitur;
1176 3121 1230 3166 et
1276 3121 1619 3181 quoscunque

85 3206 307 3257 Dominus
337 3206 390 3258 in
417 3214 620 3258 eterna
654 3219 929 3258 munerum
975 3218 1190 3257 suorum
1244 3201 1500 3256 suavitate
1529 3217 1616 3257 re-

87 3305 298 3363 cuperat,
325 3297 386 3349 ad
411 3299 688 3351 salubrem
720 3297 960 3363 profecto
1001 3296 1276 3348 transitum
1311 3304 1573 3364 praeparat
1602 3310 1617 3347 :

89 3396 132 3435 ut
157 3390 380 3440 carnales
410 3387 664 3440 videlicet
716 3385 1177 3455 concupiscentias
1206 3387 1400 3439 mentis
1439 3386 1614 3439 subli-

89 3475 242 3528 mitate
271 3480 670 3539 transcendant,
731 3476 941 3530 infirma
973 3476 1157 3531 mundi
1189 3475 1449 3531 desideria
1485 3479 1620 3544 pari-

89 3575 154 3617 ter
177 3576 222 3619 et
248 3569 463 3620 adversa
497 3567 731 3621 cmleStis
761 3567 910 3636 regni
941 3582 1039 3636 spe
1069 3576 1121 3621 et
1161 3581 1344 3621 amore
1393 3567 1618 3620 concul-

87 3666 208 3720 cettt,
237 3666 287 3710 et
314 3660 353 3710 si
379 3661 609 3712 necdum
641 3661 814 3711 anima
866 3658 945 3711 vel
977 3672 1137 3711 carne
1175 3657 1238 3709 ad
1272 3670 1500 3722 superna
1532 3671 1622 3708 va-

92 3750 212 3798 leant
235 3748 550 3813 pertingere,
597 3747 717 3812 quia
752 3746 852 3797 boc
883 3745 1128 3798 nimirum
1184 3744 1236 3798 in
1288 3744 1462 3798 futuro
1491 3759 1615 3814 pro-

91 3833 302 3887 mittitur.
328 3835 594 3903 Quidquid
629 3847 803 3887 tan;en
834 3836 1074 3888 carnales
1110 3835 1259 3903 quasi
1311 3836 1472 3888 altum
1505 3850 1621 3888 am-

93 3929 226 3991 plecti
256 3929 604 3994 conspiciunt,
656 3927 1050 3994 comparatione
1096 3936 1418 3980 teterrimum
1471 3927 1618 3995 quasi

93 4020 203 4068 nihil
229 4021 536 4086 despiciant,
587 4017 736 4084 juxta
789 4018 1095 4084 exemplum
1129 4019 1273 4071 illius
1304 4018 1391 4085 qui
1439 4019 1621 4071 videns

94 4112 274 4176 impium
313 4111 742 4175 superexultatum
766 4119 814 4162 et
842 4107 1091 4160 eleuatum
1133 4110 1262 4161 sicut
1305 4111 1480 4161 cedros
1536 4108 1622 4160 Li-

97 4200 192 4248 bant
217 4199 374 4266 (Paul.
421 4202 640 4267 nm),
673 4199 879 4253 transiit
910 4199 1218 4267 temporalia
1261 4201 1623 4268 contemplan-

97 4293 168 4349 du,
193 4301 239 4340 et
264 4293 402 4356 quasi
425 4289 537 4358 jam
563 4305 670 4342 non
693 4304 810 4343 esse
836 4289 1065 4352 videbat,
1099 4303 1255 4356 quem
1288 4289 1392 4341 cito
1422 4289 1621 4341 tollen-

97 4383 200 4428 tium
225 4382 552 4444 pravidcbat.

157 4467 266 4519 Cum
299 4473 592 4522 sublet'asset
637 4469 804 4521 oculos
849 4467 1021 4520 Jestts.
1055 4469 1118 4522 Et
1147 4469 1444 4522 venientem
1472 4469 1536 4522 ad
1566 4483 1622 4521 se

104 4560 455 4614 multitudinem
479 4562 677 4614 vidisse
709 4561 1036 4627 perhibetur,
1087 4559 1278 4613 divina:
1305 4561 1513 4628 pietatis
1543 4561 1620 4612 in-

103 4647 268 4702 tltcitttn
291 4661 367 4704 est
394 4669 405 4702 :
431 4652 550 4718 quia
584 4651 828 4704 videlicet
850 4649 1054 4703 cunctis
1085 4653 1151 4703 ad
1183 4666 1240 4704 se
1270 4652 1447 4704 venire
1471 4665 1618 4718 qua:-

109 4744 336 4808 rentibus,
390 4747 556 4812 gtatia
613 4742 993 4797 misericordia:
1050 4743 1282 4796 caelestis
1329 4757 1612 4795 occurrere

107 4836 356 4898 consuevit,
388 4846 438 4890 et
469 4850 534 4889 ne
562 4835 846 4902 quaerendo
876 4849 1057 4888 errare
1080 4835 1307 4903 possint,
1339 4835 1505 4888 lucem
1539 4837 1618 4889 sui

109 4925 300 4989 Spiritus
324 4929 523 4994 aperire
553 4928 913 4982 cut-rentibus.
947 4927 1074 4980 Nam
1108 4927 1247 4996 quod
1296 4929 1431 4982 oculi
1463 4928 1618 4983 Jesus

110 5015 222 5066 dona
270 5017 482 5084 Spiritus
523 5018 636 5084 ejus
694 5021 915 5087 mystice
966 5020 1265 5086 designent,
1314 5030 1534 5072 testatur
1572 5021 1622 5072 ιιι

112 5109 382 5177 Apocalypsi
413 5109 664 5175 Joannes,
700 5111 789 5180 qui
820 5112 1040 5179 ligurate
1069 5113 1292 5180 loquens
1313 5111 1378 5164 de
1402 5112 1492 5164 illo
1524 5129 1534 5162 :
1561 5109 1624 5163 Et

112 5200 211 5261 ridi,
237 5199 405 5267 inquit,
431 5217 618 5270 agnum
641 5212 852 5254 stantem
883 5213 1121 5266 tanquam
1160 5204 1396 5264 occisum,
1431 5202 1625 5254 haben-

115 5299 195 5341 tem
211 5305 381 5344 cernua
411 5304 615 5360 septem,
665 5300 710 5343 et
745 5293 913 5344 oculos
960 5303 1147 5358 septem
1190 5293 1367 5361 (Apoc.
1402 5293 1487 5362 v):
1537 5294 1626 5362 qui

120 5395 220 5436 sunt
245 5395 426 5451 septem
455 5385 674 5455 spiritus
708 5383 798 5437 Dei
833 5384 982 5438 missi
1013 5385 1063 5437 in
1089 5400 1298 5437 omnem
1337 5394 1552 5438 terram.

177 5475 303 5535 Quod
340 5485 523 5527 tentans
568 5474 870 5543 Philippum
921 5475 1191 5538 Dominus,
1244 5474 1409 5542 Unde,
1443 5476 1624 5543 inquit,

119 5583 300 5619 emeatus
337 5585 498 5637 partes,
551 5577 604 5621 ut
651 5569 952 5621 manducent
997 5571 1046 5618 Iti
1093 5567 1116 5618 ?
1168 5566 1387 5618 Provida
1443 5567 1626 5636 utique

123 5655 460 5720 dispensatione
491 5659 634 5723 facit,
697 5675 802 5712 non
855 5671 908 5712 ut
959 5660 1070 5726 ipse
1096 5674 1212 5728 qua:
1261 5674 1362 5710 non
1412 5669 1627 5712 noverat

123 5743 276 5811 discat,
304 5749 755 5818 sedutl’mlippus
800 5750 1097 5805 tarditatem
1129 5764 1238 5805 sua:
1280 5749 1424 5818 ﬁdei,
1471 5765 1626 5814 quam

1643 3169 1690 3232 C

1720 1921 1860 1976 niam
1889 1924 1975 1976 ttni
2004 1924 2268 1989 canendo,
2295 1926 2446 1980 alteri
2476 1927 2825 1996 colloquendo
2876 1934 2990 1985 suis
3019 1932 3281 1987 auditori-

1723 2016 1818 2069 bus
1841 2016 2014 2070 fntura
2039 2017 2233 2072 Cbristi
2260 2030 2313 2072 et
2343 2019 2594 2073 Ecclesiae
2623 2032 2953 2076 sacramenta
2974 2025 3281 2080 narrabant.

1721 2106 1786 2160 Et
1815 2106 1951 2160 bene
1982 2121 2074 2174 per
2097 2109 2342 2176 aquatilia
2366 2109 2656 2165 animantia
2690 2111 2986 2182 ﬁgurantur
3007 2115 3149 2170 illius
3176 2118 3277 2172 aevi

1725 2207 2023 2263 prtecones,
2047 2195 2100 2250 in
2128 2211 2236 2272 (quo
2265 2199 2486 2267 populos
2518 2199 2748 2255 ﬁdelium
2778 2187 2893 2257 sine
2918 2205 3072 2273 aquis
3103 2205 3278 2274 bapti-

1719 2286 1826 2338 smi
1853 2288 2355 2366 vivexenullatenus
2402 2298 2598 2358 posset.
2631 2290 2765 2346 Sunt
2791 2293 2879 2361 qui
2911 2304 3097 2361 putant
3145 2296 3280 2350 duos

1723 2377 1920 2445 pisces,
1953 2377 2040 2446 qui
2069 2393 2314 2447 saporem
2346 2396 2560 2436 suavent
2611 2384 2737 2452 pani
2787 2385 3005 2449 dabant,
3037 2389 3168 2441 duas
3197 2388 3277 2444 illi

1721 2481 1975 2535 personas
1997 2469 2318 2537 signiﬁcare,
2353 2473 2545 2540 quibus
2576 2475 2798 2542 populus
2828 2477 2919 2531 ille
2973 2478 3278 2548 regebatur,

1719 2569 1779 2613 ut
1807 2574 1901 2627 per
1918 2573 2009 2614 eas
2034 2561 2374 2617 consiliorum
2404 2564 2744 2621 moderamen
2765 2569 3050 2638 acciperet,
3080 2573 3279 2640 regiam

1719 2650 1924 2704 scilicet
1951 2653 2432 2718 etsacetdotalem,
2463 2655 2529 2709 ad
2562 2671 2694 2723 quas
2724 2659 2881 2712 etiam
2937 2671 3278 2715 sacrosancta

1720 2741 1811 2795 illa
1854 2743 2032 2797 unctio
2092 2744 2431 2811 pertinebat:
2465 2762 2686 2816 quarum
2727 2749 2964 2804 ofﬁcium
3020 2760 3136 2805 erat
3165 2767 3284 2818 pro-

1719 2833 1873 2888 cellis
1891 2844 1943 2888 et
1973 2834 2219 2890 ﬂuctibus
2250 2839 2590 2905 popularibus
2621 2854 2886 2910 nunquam
2917 2840 3083 2911 frangi
3117 2854 3280 2912 atque

1720 2927 2009 2992 corrumpi,
2043 2935 2096 2980 et
2118 2927 2377 2982 violentas
2404 2929 2678 2982 turbarum
2705 2932 3141 2986 contradict'ones
3171 2942 3285 2986 tan-

1720 3032 1876 3084 quam
1913 3019 2257 3074 adversantes
2282 3021 2448 3074 undas
2470 3037 2611 3091 smpe
2636 3023 2992 3092 disrumpere,
3017 3027 3281 3081 interdum

1721 3110 1822 3175 eis,
1853 3110 2116 3164 custodita
2143 3126 2235 3165 sua
2261 3113 2586 3183 integritate,
2614 3116 2841 3170 cedere:
2874 3131 3088 3184 prorsus
3138 3132 3288 3173 more

1725 3202 1942 3272 piscium
1971 3213 2222 3273 tanquam
2253 3205 2306 3258 in
2355 3206 2652 3272 procelloso
2681 3210 2835 3270 mari,
2870 3207 2949 3264 sic
3000 3209 3050 3261 in
3098 3209 3283 3262 turbu-

1724 3289 1865 3344 lenta
1915 3292 2092 3359 populi
2146 3292 2604 3348 administratione
2659 3296 2899 3348 versari:
2934 3311 3052 3362 qua:
3105 3306 3284 3352 tamen

1722 3382 1841 3435 dure
1890 3397 2132 3449 personae
2199 3382 2479 3436 Dominum
2542 3396 2780 3438 nostrum
2851 3385 3283 3455 prscligorabant.

1725 3470 1921 3524 Atnbas
1953 3472 2095 3525 enim
2123 3472 2268 3526 solus
2295 3472 2384 3526 ille
2416 3475 2686 3539 sustinuit,
2714 3484 2769 3528 et
2799 3489 2901 3527 non
2925 3476 3164 3543 ﬁgurate,
3187 3479 3282 3532 sed

1726 3564 1938 3632 proprie
1967 3567 2114 3619 solus
2143 3565 2395 3632 implevit.
2426 3564 2562 3619 Puer
2610 3567 2701 3634 qui
2751 3567 2986 3632 quinque
3019 3582 3184 3635 panes
3231 3579 3287 3623 ct

1722 3655 1857 3710 duos
1887 3656 2059 3723 pisces
2091 3655 2306 3721 habuit,
2337 3671 2432 3710 nec
2461 3665 2636 3710 tamen
2664 3659 2759 3709 bos
2788 3657 3147 3711 esurientibus
3179 3667 3290 3712 tur-

1726 3746 1805 3800 bis
1860 3745 2146 3809 distribuit,
2204 3747 2296 3800 sed
2352 3747 2574 3799 Domino
2623 3745 3014 3802 diStribuendos
3069 3748 3288 3817 obtu'it,

1724 3838 1950 3906 populus
1978 3845 2061 3891 est
2086 3837 2416 3902 Judaaorum,
2453 3837 2673 3890 litterali
2720 3853 2879 3892 sensu
2925 3839 3165 3906 puerilis,
3197 3842 3289 3908 qui

1723 3929 2115 3996 Scripturarum
2147 3929 2284 3981 dicta
2311 3929 2487 3981 clausa
2512 3942 2693 3982 secum
2721 3931 2888 3982 tenuit
2918 3947 2930 3982 :
2954 3945 3070 3998 quae
3103 3941 3283 3984 tamen
3310 3909 3321 3944 '

1726 4017 1983 4072 Dominus
2024 4019 2074 4070 itt
2103 4033 2263 4070 carne
2297 4031 2557 4086 apparens
2606 4018 2829 4085 accepit,
2876 4028 2929 4072 et
2979 4019 3102 4088 quid
3149 4021 3292 4074 intus

1727 4109 1985 4163 baberent
2010 4109 2254 4162 utilitatis
2282 4124 2343 4163 ac
2373 4109 2690 4174 dulcedinis,
2731 4109 2988 4176 ostendit,
3021 4124 3289 4180 quamque

1725 4203 2002 4271 multiplici
2036 4202 2253 4270 spiritus
2273 4203 2460 4270 gratia,
2493 4218 2611 4270 quae
2635 4218 2796 4271 pauca
2839 4219 2902 4259 ac
2931 4205 3180 4272 despecta
3210 4207 3285 4259 vi-

1724 4293 2006 4356 debantur,
2032 4292 2372 4358 exuberaret,
2406 4290 2659 4359 patefecit
2693 4309 2705 4344 :
2758 4292 2870 4347 haec
2899 4309 2991 4362 per
3019 4295 3288 4363 apostolos

1727 4396 1851 4436 suos
1879 4383 2354 4448 apostolorumque
2379 4396 2717 4435 successores
2744 4385 2948 4436 cunctis
2980 4385 3284 4438 nationibus

1654 4507 1703 4570 υ
1730 4472 2077 4528 ministranda
2109 4474 2363 4541 porrexit.
2399 4475 2550 4528 Unde
2582 4474 2714 4528 bene
2735 4475 2823 4528 alii
2853 4476 3088 4529 referunt
3131 4493 3291 4530 evan-

1731 4565 1931 4634 gelista:
1965 4564 2084 4631 quia
2111 4579 2274 4632 panes
2305 4573 2359 4618 et
2387 4563 2558 4630 pisces
2585 4564 2834 4619 Dominus
2852 4566 3123 4633 discipulis
3152 4571 3290 4631 suis,

1731 4658 1972 4726 discipuli
2005 4667 2179 4710 autem
2211 4657 2640 4709 ministraverunt
2686 4657 2852 4711 turbis
2899 4657 3109 4725 (Matth.
3145 4673 3234 4711 xiv
3264 4674 3281 4722 ;

1732 4748 1898 4800 Marc.
1926 4763 2006 4801 xw
2032 4765 2044 4811 ;
2077 4747 2197 4799 Luc.
2227 4745 2322 4814 ix).
2347 4747 2479 4800 Cum
2520 4747 2659 4800 enirn
2698 4749 3004 4816 mysterium
3050 4749 3290 4800 humanae

1731 4839 1920 4892 salutis
1949 4841 2245 4906 accepisset
2269 4837 2502 4890 enarrari
2531 4851 2626 4904 per
2659 4836 2958 4903 Dominum,
2991 4840 3055 4888 ab
3094 4851 3172 4889 e:s
3200 4839 3289 4904 qni

1729 4929 2012 4983 audierunt
2035 4929 2086 4982 in
2112 4943 2207 4982 nos
2235 4932 2606 4980 conlirmatum
2629 4938 2731 4980 est.
2757 4926 3000 4994 Quinque
3024 4927 3284 4993 siquidem

1730 5033 1892 5087 panes
1916 5028 1970 5071 et
1993 5020 2124 5070 duos
2157 5019 2328 5084 pisces
2363 5018 2535 5082 fregit,
2571 5026 2624 5070 et
2663 5016 2938 5068 distribuit
2989 5015 3284 5080 discipulis,

1729 5111 1942 5179 quando
1969 5108 2162 5176 aperuit
2207 5109 2308 5160 illis
2358 5123 2590 5172 sensum,
2646 5116 2700 5158 ut
2745 5105 3077 5172 intelligerent
3118 5105 3292 5155 omnia

1728 5217 1840 5271 qua?
1863 5203 2048 5266 scripta
2073 5208 2229 5251 essent
2262 5200 2312 5250 in
2358 5200 2462 5268 lege
2494 5197 2680 5265 Moysi,
2711 5209 2754 5248 et
2787 5197 3041 5263 prophetis
3063 5205 3110 5245 et
3152 5194 3293 5261 psal-

1730 5297 1822 5346 mis
1844 5295 1906 5344 de
1931 5293 2038 5358 ipso
2065 5288 2215 5357 (Luc.
2238 5288 2400 5356 XXIV).
2427 5286 2680 5353 Discipuli
2702 5294 3062 5351 apposuerunt
3102 5284 3289 5344 turbis,

1730 5386 1938 5452 quando
1968 5381 2179 5451 ποίει-εἱ
2217 5379 2616 5448 ρι’ωάιταινενιιηι
2654 5376 2832 5443 ubique
2868 5373 3084 5425 Domino
3112 5387 3293 5441 coope-

1730 5485 1907 5537 rante,
1956 5485 2004 5527 ct
2049 5487 2326 5524 sermonem
2379 5473 2709 5535 con/irritante
2767 5469 3083 5532 sequentibus
3136 5466 3293 5534 signis

1733 5567 1923 5636 (Marc.
1973 5562 2101 5625 xvi).
2137 5564 2332 5617 Fcnum
2367 5565 2418 5616 in
2464 5578 2566 5627 quo
2593 5562 2934 5614 discumbens
2977 5559 3126 5610 turba
3175 5556 3294 5609 reii-

1733 5668 1891 5722 ctlur,
1924 5654 2348 5721 concupiscentia
2375 5653 2602 5705 carnalis
2635 5649 2973 5718 intelligitur,
3001 5663 3155 5714 quam
3185 5647 3266 5700 cal

1735 5765 1856 5806 care
1885 5763 1946 5803 ac
1978 5761 2219 5814 premere
2253 5747 2407 5801 debet
2439 5745 2612 5799 omnis
2665 5743 2755 5808 qui
2804 5738 3170 5806 Spiritualibus
3203 5739 3282 5789 ali-
