3822 6226
554 408 658 463 ⁸1θῖ

980 398 1179 457 ΒΕΒᾹΞ
1218 392 1661 452 VENERABILIS
1696 389 1842 445 OPP.
1886 387 2058 443 PARS
2098 386 2157 440 Il.
2200 386 2391 443 SECT.
2424 386 2466 440 l.
2507 380 2971 439 —EXEGETlC.\
3012 375 3330 433 GENUINA.
3656 368 3739 422 γωδ

567 520 756 577 tuentis
777 516 953 571 satiari
982 512 1267 568 desiderat.
1304 508 1483 561 Omnis
1514 507 1643 559 enim
1672 519 1787 557 caro
1828 501 2017 569 fenum,
2056 509 2101 552 et
2128 499 2177 557 Δ
2204 498 2431 564 apostoli
2456 506 2510 553 et
2534 497 2890 567 evangelistze,
2923 510 3027 548 non
3052 508 3217 562 pauca
3241 492 3373 558 legis
3394 499 3446 543 et
3473 488 3740 555 propheta.

567 611 725 665 omnis
763 606 924 673 gloria
967 618 1077 672 ejus
1104 611 1339 668 tanquam
1378 600 1472 667 ﬂos
1504 596 1605 664 feni
1638 592 1789 664 (luti.
1822 593 1934 660 ιι).
1986 589 2107 643 Dis-

570 698 780 753 cumbat
806 706 932 762 ergo
958 702 1115 758 super
1155 689 1356 750 fenum,
1396 686 1577 739 liorem
1610 684 1712 737 feni
1756 689 2021 744 conterat,
2055 679 2107 733 id

570 794 652 843 est
672 784 892 851 castiget
912 792 1101 847 corpus
1130 788 1282 831 suum
1314 785 1367 830 et
1396 773 1633 828 servituti
1676 768 1941 839 subjiciat,
1966 771 2111 824 volu—

571 886 740 945 ptates
764 872 940 928 carnis
970 869 1196 931 edomet,
1225 866 1442 920 luxuria:
1471 861 1606 917 fluxa
1632 862 1939 929 restringat,
1963 860 2107 928 quis-

571 966 688 1035 quis
717 962 865 1030 panis
892 959 994 1012 vivi
1033 956 1177 1024 cupit
1230 954 1484 1008 suavitate
1536 951 1701 1005 reﬁci.
1745 949 1989 1018 Quisquis
2027 962 2113 1002 su-

578 1067 751 1122 perna:
778 1049 959 1120 gratim
1012 1045 1233 1113 dapibus
1283 1039 1531 1096 renovari
1577 1039 1742 1108 cupit,
1793 1038 1861 1092 ab
1909 1037 2112 1092 inﬁrma

575 1151 827 1199 vetustate
851 1138 1079 1194 deﬁciat.
1109 1134 1346 1202 Quinque
1376 1132 1537 1187 millia
1570 1131 1663 1185 viri
1690 1129 1780 1198 qui
1820 1127 2111 1209 manduca-

578 1238 786 1293 verunt,
823 1227 1166 1283 refectionem
1189 1225 1309 1277 vita:
1337 1235 1520 1276 eorum
1553 1220 1640 1289 qui
1670 1219 1834 1273 verbo
1866 1216 2115 1272 reﬁciun-

577 1332 681 1385 tur,
726 1319 1017 1372 insinuant.
1068 1315 1307 1367 Virorum
1348 1314 1539 1380 quippe
1588 1309 1800 1364 nomine
1843 1308 2013 1362 solent
2062 1308 2112 1359 in

580 1412 865 1478 Scripturis
897 1406 1239 1476 perfectiores
1269 1404 1459 1471 quique
1484 1400 1711 1469 ﬁgurari,
1734 1412 1862 1467 quos
1891 1397 2112 1451 feminea

578 1500 829 1553 mollities
860 1498 995 1551 nulla
1027 1494 1309 1555 corrumpit
1334 1509 1346 1545 :
1379 1490 1557 1559 quales
1576 1504 1692 1543 esse
1717 1490 1863 1557 cupit
1890 1500 1981 1541 eos
1999 1489 2115 1554 qui-

577 1590 675 1644 bus
702 1588 831 1643 dicit
877 1585 1198 1653 Apostolus:
1241 1582 1479 1650 Vigilate,
1522 1589 1648 1633 state
1674 1581 1725 1631 in
1757 1579 1875 1645 ﬁde,
1905 1576 2115 1630 viriliter

579 1679 735 1745 agite,
782 1684 831 1729 et
864 1672 1211 1741 confortamini
1266 1670 1312 1738 (ι
1355 1668 1470 1723 Cor.
1518 1668 1643 1736 xvr).
1676 1667 1996 1720 hlillenarius
2021 1680 2114 1716 au-

582 1762 687 1821 tem
716 1778 987 1825 numerus.
1019 1762 1154 1816 ultra
1206 1774 1358 1828 quem
1411 1760 1547 1811 nulla
1579 1765 1755 1811 nostra
1786 1760 2108 1823 computatio

579 1854 884 1917 succrescit,
935 1849 1305 1919 plenitudinem
1338 1863 1513 1903 rerqu
1564 1846 1626 1900 de
1673 1846 1863 1915 quibus
1917 1846 2107 1914 agitur,

577 1943 812 1997 indicare
832 1940 1124 1995 consuevit.
1157 1938 1407 2005 Quinario
1432 1950 1555 1991 vero
1581 1936 1811 2005 quinque
1854 1935 2110 1988 notissimi

580 2032 817 2099 corporis
849 2032 1014 2084 nostri
1041 2044 1227 2084 sensus
1250 2030 1609 2096 exprimuntur
1634 2044 1645 2077 :
1674 2026 1814 2079 visus
1847 2024 2113 2090 videlicet,

579 2121 806 2185 auditus,
838 2132 1039 2190 gustus,
1068 2120 1310 2181 olfactus,
1334 2129 1387 2172 et
1418 2125 1606 2171 tactus.
1642 2115 1695 2169 In
1722 2115 1910 2183 quibus
1938 2117 2116 2184 singu-

578 2208 643 2263 lis
667 2210 964 2277 quicunque
996 2206 1213 2261 viriliter
1242 2221 1399 2275 agere
1453 2214 1503 2259 et
1532 2204 1817 2258 confortari
1848 2213 2111 2273 satagunt,

584 2297 785 2362 sobrie,
816 2308 869 2351 et
891 2298 1056 2366 juste,
1088 2306 1137 2349 et
1170 2297 1251 2365 pie
1284 2296 1526 2357 vivendo,
1556 2302 1612 2347 ut
1658 2294 1885 2348 cmicsris
1913 2296 2117 2361 sapien-

583 2394 668 2441 tia:
702 2396 999 2442 mereantur
1026 2387 1300 2441 dulcedine
1330 2386 1581 2448 recreari,
1614 2386 1862 2438 nimirum
1888 2386 2117 2453 quinque

586 2478 818 2531 millibus
849 2478 1101 2541 virorum,
1158 2490 1287 2543 quos
1334 2475 1583 2528 Dominus
1618 2476 1853 2544 mysticis
1899 2476 2117 2543 dapibus

584 2566 810 2629 satiavit,
864 2566 1167 2633 ﬁgurantur.
1201 2564 1306 2618 Nec
1336 2566 1761 2633 przetcreundum
1816 2565 1954 2632 quod
1984 2566 2119 2618 refe-

584 2665 762 2707 cturus
794 2654 1199 2717 multitudinem,
1232 2653 1425 2720 gratias
1457 2655 1580 2723 egit.
1615 2653 1732 2722 Egit
1777 2654 1965 2722 quippe
2014 2667 2121 2721 ἕως

581 2746 703 2811 tias,
737 2756 787 2798 ut
819 2754 869 2798 et
899 2758 993 2797 nos
1021 2744 1085 2797 de
1105 2744 1361 2813 perceptis
1380 2745 1585 2799 coalitus
1606 2745 1909 2798 muneribus
1925 2746 2120 2814 gratias

586 2849 795 2901 semper
826 2847 980 2903 agere
1002 2833 1231 2898 doceret,
1264 2842 1315 2887 et
1365 2836 1476 2901 ipse
1528 2842 1777 2902 quantum
1831 2834 1897 2887 de
1926 2832 2119 2887 nostris

586 2923 912 2991 profectibus
941 2922 1244 2991 gratuletur,
1294 2922 1438 2976 etde
1477 2932 1658 2979 nostra
1696 2921 1951 2991 spirituali
1984 2920 2119 2977 refe.

589 3013 761 3067 ctione
787 3012 1032 3081 gaudeat,
1064 3010 1348 3064 intimaret.
1386 3010 1552 3065 Vultis
1573 3010 1766 3065 etenim
1808 3024 1985 3071 nosse,
2016 3008 2119 3061 fra-

589 3109 717 3164 tres,
741 3108 989 3168 quantum
1006 3100 1244 3155 Salvator
1266 3109 1443 3153 noster
1464 3111 1660 3153 nostra:
1686 3098 1910 3168 gaudeat
1930 3098 2120 3155 saluti!

586 3188 776 3244 Narrat
824 3187 1142 3257 evangelista
1175 3186 1361 3253 Lucas,
1420 3186 1632 3244 dedisse
1677 3201 1797 3241 eum
1850 3185 2120 3253 discipulis

586 3288 898 3349 potestatem
927 3279 1160 3333 calcandi
1182 3293 1339 3348 super
1373 3292 1583 3333 onmem
1613 3279 1857 3333 virtutem
1886 3277 2119 3342 inimici;

588 3384 873 3437 eorumque
904 3371 1115 3422 nomina
1144 3372 1335 3433 scripta
1359 3384 1475 3425 esse
1496 3370 1547 3423 in
1578 3370 1726 3425 calls
1754 3369 2046 3429 indicasse;
2072 3376 2126 3420 et

584 3460 758 3513 statim
783 3458 940 3512 infert
962 3475 973 3509 :
998 3456 1064 3510 In
1091 3459 1201 3525 ipsa
1223 3460 1344 3509 liora
1361 3460 1622 3511 exsultavit
1642 3460 1695 3510 in
1717 3457 1913 3526 Spiritu
1928 3464 2123 3519 sancto,

580 3560 626 3602 et
649 3550 773 3602 dixit
798 3548 1082 3617 :Conﬁteor
1102 3548 1209 3611 tibi,
1224 3545 1616 3620 Pata,Domine
1635 3548 1745 3601 celi
1757 3557 1804 3601 et
1824 3545 2125 3614 tcrrte,quod

580 3643 883 3699 abscondisti
907 3645 1009 3695 hac
1031 3658 1061 3694 a
1082 3642 1385 3710 sapientibus
1405 3652 1450 3693 et
1473 3640 1818 3708 prudentibus,
1835 3648 1883 3693 et
1899 3640 2127 3694 revelasti

588 3750 645 3786 ea
677 3734 894 3801 parvulis
919 3732 1062 3801 (Luc.
1095 3732 1170 3800 x).
1202 3730 1375 3783 Claret
1404 3745 1530 3798 ergo
1558 3729 1676 3797 quia
1722 3727 1878 3782 saluti
1906 3742 1966 3781 ac
2005 3729 2126 3781 vita

593 3820 823 3873 lideliutn
847 3818 1270 3887 congratuletur,
1294 3819 1380 3885 qui
1414 3817 1621 3871 Patrem
1672 3816 1869 3884 gratias
1922 3816 2125 3883 agendo

593 3908 891 3973 collaudat,
923 3907 1060 3975 quod
1106 3920 1166 3960 ea
1210 3920 1328 3973 qua:
1366 3905 1790 3975 superbientibus
1821 3903 2122 3971 abscondit,

593 3995 878 4051 humilibus
906 3996 1092 4063 spiritu
1120 4002 1324 4050 secreta
1370 3994 1711 4049 revelaverat.
1756 3991 1904 4059 Quod
1952 4003 2123 4045 autem

589 4096 824 4141 saturata
857 4085 1212 4148 multitudine,
1239 4086 1393 4153 jussit
1422 4085 1705 4152 discipulos
1731 4085 1984 4153 colligere
2007 4098 2126 4152 quae

588 4181 970 4243 superaverunt
1011 4173 1444 4243 fragmentorum,
1487 4189 1550 4228 ne
1582 4174 1836 4241 perirent,
1868 4173 1966 4227 hoc
2007 4187 2129 4242 pro-

588 4265 727 4321 fecto
759 4268 929 4335 signat
977 4266 1097 4333 quia
1152 4266 1401 4333 pleraque
1428 4276 1549 4319 sunt
1588 4279 1774 4319 arcana
1828 4265 2123 4319 divinorum

585 4357 940 4426 eloquiorum,
964 4371 1081 4425 qua:
1107 4356 1243 4423 vulgi
1291 4370 1476 4410 sensus
1529 4370 1631 4409 non
1680 4357 1841 4425 capit,
1875 4358 2122 4412 nonnulla

2212 590 2327 640 ru'm
2357 585 2501 640 dicta
2546 588 2678 652 suis,
2736 584 3161 655 interpretatione
3213 578 3427 641 addita,
3473 577 3743 632 inserendo

2210 676 2498 744 opusculis,
2527 677 2627 731 hoc
2656 691 2909 746 sequaces
2954 688 3136 729 eorum
3180 670 3436 727 Ecclesiae
3495 678 3609 722 toto
3635 668 3743 722 orbe

2211 763 2467 833 magistri,
2521 766 2677 818 etiam
2711 765 2943 833 integros
2990 760 3226 817 nonnulli
3262 760 3541 823 utriusque
3572 756 3736 811 Testa-

2211 855 2374 908 menti
2406 854 2568 908 libros
2618 855 2951 923 diligentiore
2975 852 3349 921 explanatione
3397 848 3739 911 discutienda,

2212 946 2302 1012 qui
2330 944 2710 1011 quantumlibet
2726 943 3025 999 hominibus
3045 941 3298 1010 despecti,
3328 939 3571 993 cmlestis
3590 950 3738 989 tamen

2214 1034 2401 1101 gratiae
2450 1040 2569 1085 sunt
2618 1045 2752 1099 pane
2797 1030 3033 1086 fecundi.
3080 1029 3208 1084 Nam
3258 1026 3467 1082 servilia
3524 1026 3741 1091 c0phims

2213 1122 2388 1174 solent
2409 1134 2566 1188 opera
2596 1118 2733 1174 ﬁeri.
2768 1118 2918 1173 Unde
2947 1120 3013 1173 de
3036 1118 3229 1185 populo
3254 1118 3343 1185 qui
3368 1116 3418 1169 in
3472 1115 3589 1167 luto
3612 1128 3665 1166 ac
3688 1115 3742 1165 la-

2214 1213 2415 1267 teribus
2438 1212 2697 1267 serviebat
2725 1212 2775 1265 itt
2805 1205 3037 1280 Egyptu
3065 1210 3195 1263 dicit
3242 1208 3549 1270 Psalmista,
3587 1204 3741 1257 Heaut

2212 1310 2321 1375 ejus
2351 1305 2400 1356 in
2430 1304 2643 1371 cophino
2670 1301 2942 1356 servierat
2986 1299 3153 1367 (Prol.
3193 1298 3307 1368 xx).

2283 1392 2375 1446 Illi
2420 1408 2537 1457 ergo
2579 1391 2800 1444 homines
2840 1406 2953 1443 cum
3004 1389 3241 1441 vidissent
3284 1387 3421 1455 quod
3476 1390 3659 1453 fecerat
3688 1401 3741 1433 n-

2212 1498 2387 1552 gnum,
2415 1482 2664 1542 dicebant,
2700 1480 2831 1544 Quia
2859 1480 2936 1531 hic
2959 1488 3029 1532 est
3061 1493 3170 1530 vere
3205 1478 3450 1543 prapltcta
3483 1481 3571 1542 qui
3602 1483 3743 1525 rentu-

2212 1588 2303 1624 ναι
2350 1572 2494 1623 estin
2541 1571 2800 1623 mundum.
2849 1568 3007 1622 Recte
3050 1567 3261 1635 quidem
3294 1566 3544 1619 dicebant
3598 1564 3741 1615 Detur

2216 1678 2343 1715 num
2375 1663 2684 1731 prephetam
2728 1673 2994 1728 magnum,
3024 1673 3227 1725 magna;
3258 1656 3443 1711 salutis
3472 1669 3741 1723 prmeoncm

2210 1752 2317 1819 jam
2366 1752 2558 1804 mundo
2613 1748 2864 1804 futurum.
2898 1750 3026 1803 Nam
3077 1759 3128 1803 et
3178 1750 3290 1816 ipse
3345 1746 3659 1815 prophetam
3703 1761 3741 1795 se

2222 1856 2409 1895 Vocare
2438 1841 2702 1908 dignatur,
2732 1840 2818 1893 ubi
2848 1840 2919 1891 ait
2949 1857 2959 1889 :
2996 1839 3124 1903 Quia
3165 1854 3264 1889 non
3304 1838 3439 1905 capit
3474 1834 3741 1901 preparatus:

2216 1931 2375 1997 perire
2428 1939 2570 1983 extra
2616 1929 2896 1982 Jerusalem
2950 1928 3107 1997 (Luc.
3168 1928 3316 1993 xttt).
3375 1924 3485 1977 Sed
3538 1923 3737 1974 nondum

2217 2022 2367 2089 plena
2395 2018 2495 2073 ﬁde
2525 2019 2885 2086 proﬁciebant,
2918 2018 3005 2085 qui
3034 2016 3170 2069 hunc
3200 2016 3357 2069 etiam
3390 2014 3562 2065 Deum
3595 2013 3741 2063 dicere

2219 2112 2537 2165 nesciebant.
2569 2108 2701 2177 Ergo
2725 2109 2800 2160 illi
2832 2109 3050 2161 videntes
3078 2108 3272 2174 signum
3297 2106 3431 2173 quod
3465 2108 3647 2172 fecerat
3678 2102 3741 2151 ἐί-

2218 2216 2323 2262 sua,
2370 2200 2628 2262 dixerunt,
2657 2200 2789 2263 Quia
2821 2200 2899 2249 hic
2924 2208 2995 2250 est
3019 2214 3127 2250 uere
3162 2198 3402 2265 prapheta
3422 2196 3513 2261 qui
3542 2204 3741 2245 emtum

2216 2301 2289 2342 est
2334 2290 2384 2342 in
2411 2292 2670 2341 mundum.
2705 2288 2807 2342 Nos
2852 2287 3064 2340 certiori
3115 2287 3379 2354 agnitiooe
3431 2281 3665 2335 veritatis
3706 2292 3742 2330 ct

2220 2382 2344 2437 ﬁdei
2370 2382 2607 2435 videntes
2636 2381 2887 2435 mundum
2941 2394 3094 2447 quem
3146 2377 3266 2431 fecit
3296 2378 3480 2439 Jesus,
3524 2386 3575 2427 et
3625 2378 3739 2441 signa

2218 2472 2408 2541 quibus
2431 2472 2575 2525 illum
2608 2472 2845 2537 replevit,
2877 2470 3114 2524 dicamus
3149 2487 3159 2520 :
3194 2468 3323 2533 Quia
3376 2468 3463 2520 hic
3516 2474 3598 2519 est
3646 2480 3739 2517 ver..-

2220 2564 2474 2619 Mediator
2506 2564 2597 2620 Dei
2627 2572 2679 2617 et
2706 2562 2997 2625 hominum,
3023 2563 3108 2627 qui
3136 2563 3187 2613 iu
3222 2560 3416 2611 mundo
3444 2564 3563 2611 erat
3585 2558 3739 2606 άίγίτιί-

2222 2662 2347 2716 tate,
2374 2660 2428 2705 et
2456 2650 2679 2706 mundus
2704 2666 2795 2718 per
2819 2650 2990 2719 ipsum
3018 2649 3184 2701 factus
3210 2656 3324 2712 est;
3353 2648 3439 2713 qui
3474 2647 3528 2697 in
3564 2660 3701 2712 propr
3720 2658 3737 2691 ε

2222 2743 2368 2798 venit
2395 2742 2720 2795 humanitate
2749 2754 2987 2809 quaerere
3018 2748 3070 2791 et
3091 2740 3293 2791 salxare
3334 2737 3475 2804 quod
3522 2737 3739 2801 perierat,

2222 2848 2282 2889 ac
2310 2846 2556 2888 recreare
2586 2832 2837 2885 mundum
2866 2845 3019 2899 quem
3074 2829 3309 2883 fecerat:
3364 2828 3451 2897 qui
3501 2841 3615 2879 cum
3659 2826 3741 2875 suis

2228 2922 2469 2976 ﬁdelibus
2500 2937 2593 2990 per
2628 2921 2955 2990 praesentiam
3011 2918 3297 2973 divinitatis
3350 2927 3431 2971 est
3477 2918 3529 2969 in
3575 2916 3740 2968 mundo

2221 3014 2471 3069 euntibus
2503 3012 2711 3075 diebus,
2745 3027 2911 3081 usque
2940 3010 3003 3065 ad
3034 3008 3548 3064 cutISummationem
3574 3009 3737 3059 muli.

2292 3102 2440 3159 Jews
2469 3114 2635 3156 autem
2674 3118 2785 3154 cum
2814 3102 3120 3169 cognovisset
3148 3100 3269 3167 quia
3300 3099 3497 3151 uenturi
3528 3110 3675 3151 eum
3703 3106 3742 3145 at

2224 3203 2452 3261 raperent
2480 3208 2618 3255 eum,
2646 3202 2691 3244 et
2729 3194 2949 3259 facerent
2976 3206 3088 3243 eum
3126 3205 3310 3258 regem,
3342 3190 3475 3258 fugit
3510 3189 3676 3240 iterum
3704 3189 3742 3235 ir:

2222 3300 2437 3340 montem
2456 3287 2561 3354 ipse
2585 3286 2741 3338 solus.
2776 3284 2939 3337 Datur
2966 3297 3092 3352 ergo
3116 3281 3490 3351 intelligiquod
3525 3279 3742 3333 Dominus

2222 3390 2339 3427 cum
2370 3375 2580 3429 sederet
2607 3374 2658 3428 in
2682 3381 2861 3427 monte
2882 3387 3001 3427 cum
3032 3371 3309 3438 discipulis
3338 3371 3470 3433 suis,
3496 3382 3545 3422 et
3573 3368 3744 3420 videret

2225 3464 2405 3519 turbas
2438 3464 2503 3517 ad
2529 3477 2587 3519 se
2635 3464 2929 3528 venientes,
2982 3460 3330 3517 descenderat
3379 3460 3445 3512 de
3479 3468 3664 3519 monte,
3706 3464 3744 3507 cl

2224 3558 2363 3610 circa
2398 3556 2648 3610 inferiora
2699 3556 2815 3609 loca
2870 3552 3048 3607 turbas
3081 3560 3310 3619 paverat.
3347 3549 3479 3603 Nam
3510 3546 3744 3617 quomodo

2226 3646 2338 3700 fieri
2372 3656 2546 3713 posset
2566 3654 2824 3697 utrursus
2842 3642 2966 3696 illuc
2987 3639 3211 3709 fugeret,
3242 3640 3339 3693 nisi
3361 3650 3485 3692 ante
3506 3636 3571 3691 de
3597 3646 3742 3688 monte

2226 3732 2584 3787 descendisset
2608 3733 2630 3784 ‘i
2660 3732 2933 3801 Signiﬁcat
2955 3746 3081 3800 ergo
3109 3730 3327 3799 aliquid,
3359 3730 3500 3798 quod
3526 3728 3741 3782 Dominus

2227 3823 2293 3879 de
2311 3824 2416 3879 alto
2435 3823 2708 3879 descendit
2727 3825 2790 3878 ad
2812 3822 3099 3892 pascendae
3124 3822 3299 3877 turbas
3314 3822 3509 3889 :pavit,
3526 3830 3576 3875 et
3592 3832 3743 3871 ascen-

2227 3912 2325 3967 dit.
2372 3912 2545 3979 Quare
2584 3922 2759 3967 autem
2805 3912 3045 3967 ascendit
3084 3927 3203 3967 cum
3253 3913 3597 3980 cognovisset
3631 3910 3739 3975 quod

2226 4003 2421 4057 vellent
2448 4017 2567 4056 eum
2597 4017 2809 4071 rapere,
2858 4012 2911 4056 et
2959 4017 3134 4072 regem
3159 4003 3381 4057 facere?
3421 4000 3557 4067 Quid
3610 4001 3737 4057 enim.

2228 4107 2332 4146 non
2357 4100 2471 4145 erat
2498 4107 2611 4155 rex,
2641 4091 2731 4160 qui
2784 4092 3000 4147 timebat
3036 4092 3145 4146 ﬁeri
3189 4093 3325 4147 rex?
3369 4092 3498 4147 Erat
3540 4095 3738 4148 omnino,

2233 4195 2331 4235 nec
2361 4180 2479 4236 talis
2500 4194 2590 4235 rex
2616 4181 2705 4249 qui
2734 4180 2801 4234 ab
2833 4178 3130 4234 hominibus
3162 4182 3330 4247 ﬁeret,
3379 4182 3477 4235 sed
3527 4180 3638 4233 talis
3672 4178 3740 4241 qui

2227 4268 2531 4323 hominibus
2561 4285 2781 4339 regnum
2806 4268 2975 4324 daret.
3000 4269 3243 4339 Nunquid
3279 4270 3414 4325 forte
3445 4280 3501 4324 et
3550 4271 3629 4323 hic
3667 4270 3739 4320 ali-

2226 4358 2349 4425 quid
2376 4357 2635 4426 signiﬁcat
2658 4358 2815 4412 nobis
2845 4358 3020 4427 Jesus,
3054 4360 3203 4429 cujus
3232 4359 3388 4422 facta,
3423 4361 3580 4414 verba
3608 4360 3740 4412 sunt'

588 4462 703 4516 qua:
741 4461 837 4517 per
864 4461 922 4500 se
973 4446 1183 4514 quidem
1217 4446 1387 4499 minus
1414 4445 1550 4499 docti
1577 4446 1786 4513 assequi
1836 4456 2119 4515 nequeunt.
2151 4475 2203 4535 ι)
2230 4447 2369 4517 Ergo
2401 4448 2453 4501 in
2478 4449 2576 4502 hoc
2626 4448 2763 4517 quod
2792 4449 3073 4503 voluerunt
3101 4464 3222 4503 eum
3263 4464 3474 4516 rapere,
3513 4459 3567 4505 et
3595 4462 3735 4516 regem

590 4536 715 4591 Ilaec
742 4552 865 4606 ergo
892 4551 1105 4592 necesse
1133 4547 1211 4591 est
1258 4537 1346 4603 qui
1376 4538 1570 4602 valent,
1622 4536 1923 4607 diligentius
1972 4552 2121 4593 scru-

590 4626 748 4680 tando
772 4626 1039 4695 colligant,
1070 4636 1123 4679 et
1146 4625 1210 4678 ad
1242 4625 1585 4679 eruditionem
1618 4628 1876 4681 minorum
1908 4642 2124 4683 suorum

588 4717 670 4770 vel
694 4717 855 4782 dicto,
889 4717 971 4769 vel
1000 4716 1197 4782 scripto
1228 4716 1417 4769 faciant
1448 4717 1743 4783 pervenire,
1784 4732 1850 4772 ne
1879 4719 2125 4773 alimenta

587 4807 749 4869 verbi,
785 4806 988 4859 illorum
1040 4805 1235 4859 desidia
1270 4816 1504 4873 pereant,
1551 4805 1905 4874 plebibusque‘
1940 4807 2127 4861 tollan-

588 4902 688 4959 tur,
718 4895 806 4960 qui
836 4893 949 4947 hrec
978 4894 1195 4948 Domino
1214 4893 1441 4949 donante
1460 4893 1857 4962 interpretando
1879 4896 2126 4963 colligere

586 4995 797 5038 norunt.

664 5073 979 5143 Collegerunt
1018 5091 1151 5145 ergo,
1202 5076 1387 5144 Inquit,
1414 5084 1459 5129 et
1506 5072 1827 5145 impleverunt
1867 5074 2126 5127 duodecim

592 5166 829 5233 caphirros
892 5167 1299 5235 fragmentorum.
1357 5167 1486 5232 Quia
1536 5165 1854 5220 duodenario
1908 5179 2126 5219 numero

591 5263 729 5316 solet
778 5261 1111 5329 perfectionis
1158 5262 1440 5331 cujuslibet
1463 5276 1667 5315 summa
1698 5261 1927 5330 ﬁgurari,
1984 5270 2127 5314 recte

592 5366 687 5420 per
709 5351 981 5405 duodecim
1010 5353 1267 5420 cophinos
1292 5350 1699 5419 fragmentorum
1729 5353 1931 5419 plenos,
1956 5352 2125 5404 omnis

594 5442 863 5494 doctorum
891 5443 1199 5509 spiritalium
1222 5443 1413 5496 chorus
1440 5444 1767 5509 exprimitur,
1791 5446 1875 5512 qui
1904 5445 2125 5498 obscura

588 5531 993 5597 Scripturarum,
1023 5549 1136 5601 qua:
1166 5549 1257 5601 per
1286 5548 1342 5587 se
1374 5536 1537 5587 turba:
1567 5544 1850 5603 nequeunt,
1883 5546 1933 5589 et
1964 5538 2126 5589 medi-

588 5625 747 5673 tando
778 5622 1049 5691 colligere,
1074 5635 1123 5676 et
1169 5626 1406 5678 mandata
1441 5625 1645 5689 litteris,
1701 5640 1795 5678 suo
1846 5627 2036 5692 pariter
2065 5642 2125 5679 ac

590 5714 853 5766 turbarum
888 5714 1000 5767 usui
1032 5729 1344 5770 conservare
1369 5716 1638 5785 jubentur,
1673 5718 1783 5774 lloc
1813 5719 1906 5776 iosi
1948 5716 2122 5775 fecere

2230 4536 2429 4601 facere,
2464 4546 2517 4590 et
2546 4545 2758 4605 propter
2789 4538 2887 4591 hoc
2924 4535 3053 4606 fugit
3092 4536 3144 4589 in
3186 4545 3419 4591 montem
3469 4539 3578 4605 ipse
3605 4536 3733 4590 solus.

2229 4625 2331 4677 hoc
2362 4626 2413 4678 in
2442 4626 2534 4679 illo
2564 4624 2784 4690 factum,
2811 4634 2969 4692 tacet,
3000 4622 3127 4679 nihil
3175 4626 3425 4694 loquitur,
3459 4627 3581 4679 nihil
3608 4624 3738 4694 signi.

2227 4714 2399 4767 ticali
2451 4718 2531 4769 An
2582 4714 2719 4769 forte
2766 4714 2866 4769 hoc
2892 4724 3005 4770 erat
3061 4730 3247 4783 rapere
3292 4730 3450 4782 eum,
3485 4716 3738 4784 prmrenite

2226 4802 2366 4855 velle
2394 4811 2597 4871 tempus
2624 4805 2771 4871 regni
2803 4804 2918 4871 ejus
2945 4803 3192 4859 lEtenim
3224 4814 3442 4859 venerat
3488 4804 3634 4858 modo
3658 4817 3735 4855 non

2221 4891 2329 4959 jam
2360 4902 2606 4959 regnare,
2646 4894 2911 4961 quomodo
2940 4904 3250 4963 regnaturus
3298 4903 3380 4949 est
3420 4897 3473 4948 in
3528 4910 3588 4949 eo
3628 4898 3736 4962 quod

2226 4982 2472 5049 dicimus,
2503 4984 2746 5037 Adveniat
2769 4983 2977 5054 riguum
3006 4994 3149 5038 tuum
3176 4985 3385 5054 (Matth.
3409 5002 3494 5049 vr;
3528 4986 3641 5039 Luc.
3660 4987 3733 5047 vt).

2226 5077 2449 5145 Semper
2472 5078 2682 5147 quidem
2730 5078 2815 5133 ille
2863 5092 2983 5131 cum
3033 5078 3185 5133 Patre
3233 5087 3438 5145 regnat,
3488 5078 3735 5131 secundum

2228 5169 2367 5239 quod
2394 5180 2474 5227 est
2502 5169 2666 5225 Filius
2692 5169 2807 5234 Dei,
2837 5169 3065 5231 Verbum
3099 5168 3211 5236 Dei,
3243 5168 3479 5223 Verbum
3522 5184 3605 5237 per
3629 5168 3734 5235 quo!

2231 5258 2369 5311 facta
2394 5266 2517 5313 sunt
2538 5260 2732 5313 omnia.
2764 5259 3125 5323 Przedixerunt
3153 5268 3327 5315 autem
3374 5259 3635 5328 propheta
3670 5273 3734 5307 re»

2233 5364 2391 5418 gnum
2420 5349 2532 5419 ejus
2565 5350 2721 5403 etiam
2768 5350 3054 5405 secundum
3105 5350 3243 5419 quod
3277 5352 3434 5404 homo
3482 5350 3635 5402 factus
3678 5358 3735 5398 est

2225 5446 2490 5509 Christus,
2521 5454 2573 5499 et
2595 5444 2720 5499 fecit
2752 5445 2936 5499 ﬁdeles
2973 5460 3096 5499 suos
3127 5444 3478 5499 Christianos.
3507 5445 3610 5497 Erit
3641 5453 3733 5505 erg:

2228 5551 2443 5605 regnum
2472 5536 2913 5602 Christianorum,
2937 5535 3076 5603 quod
3106 5534 3262 5588 modo
3307 5535 3586 5603 colligitur,
3626 5534 3731 5595 quivi

2228 5626 2385 5679 modo
2437 5636 2808 5694 comparatur,
2867 5625 3008 5693 quod
3068 5626 3222 5678 modo
3278 5627 3473 5679 emitur
3525 5620 3733 5688 sanguirv

2229 5718 2420 5773 Christi
2456 5738 2466 5749 ·
2493 5722 2591 5775 erit
2624 5718 2900 5787 aliquando
2929 5718 3259 5773 manifestum
3293 5732 3536 5787 regnum,
3566 5712 3729 5782 quatri-
