3822 6226
434 369 535 427 7H

872 362 1074 419 BEDIE
1112 355 1565 417 V'ENERABHJS
1602 353 1751 410 OPP.
1789 349 1965 408 PARS
2003 346 2067 403 ll.
2112 346 2303 404 SECT.
2348 348 2387 403 Ι.
2418 347 2895 405 wEXEGETlCA
2934 345 3258 403 GENUINA.
3579 348 3670 402 71!

439 484 772 553 confugerat.
804 479 1037 534 Omnino
1065 474 1350 530 conﬁrmat
1392 480 1449 527 et
1495 468 1728 524 insinuat
1776 465 1929 520 nobis
1958 462 2010 516 in
2042 466 2088 522 Α
2117 476 2218 514 non
2247 462 2413 515 cibum
2432 462 2517 530 qui
2547 464 2695 531 perit,
2740 462 2829 515 sed
2866 462 2953 530 qui
2985 470 3239 528 permanet
3279 461 3333 511 in
3366 469 3514 513 vitam
3541 475 3672 518 teter.

442 576 699 648 mysterio
725 574 865 628 dicta
894 586 1015 627 esse
1043 569 1132 624 illa
1164 566 1341 622 omnia
1372 573 1427 619 et
1450 564 1583 617 facta
1626 561 1678 614 in
1710 572 1899 627 magno
1922 571 2015 648 sa-

441 647 735 732 cramento,
766 674 823 718 ut
871 661 1073 731 aliquid
1104 658 1485 731 signiﬁcarent.
1532 652 1671 706 Ecce
1719 650 1809 705 ille
1844 647 1932 715 qui
1964 649 2015 699 in

443 769 677 815 montem
709 756 917 825 fugerat
952 752 1171 819 turbas,
1217 762 1394 803 nonne
1436 758 1556 798 cum
1586 743 1712 811 ipsis
1739 740 1907 795 turbis
1942 739 2018 794 lo~

442 849 654 921 quitur?
678 847 833 903 Modo
863 853 1103 908 teneant,
1129 841 1287 895 modo
1316 852 1492 907 regem
1521 835 1733 889 iaciant.

518 962 582 1014 Et
629 977 743 1014 cum
780 958 1080 1013 invenissent
1129 969 1242 1007 eum
1290 960 1430 1004 trans
1468 962 1627 1012 mare,
1671 944 1905 998 dixerunt
1951 942 2017 1007 ei,

449 1053 630 1113 Rabbi,
658 1050 861 1121 quando
887 1048 988 1099 huc
1028 1043 1245 1099 venisti?
1269 1042 1360 1095 Ille
1403 1046 1524 1108 post
1561 1034 1799 1089 miraculi
1847 1046 2021 1121 sact‘af

446 1120 703 1202 mentum.
736 1150 788 1192 et
818 1150 1119 1192 sermonem
1150 1131 1309 1186 infert
1337 1145 1371 1215 :_
1378 1138 1436 1182 ut
1464 1126 1510 1181 si
1554 1123 1667 1180 lteri
1709 1130 1900 1193 potest,
1932 1120 2021 1190 qui

449 1238 583 1309 pasti
625 1244 770 1299 sunt,
802 1244 1088 1299 pascantur
1123 1247 1135 1282 :
1166 1238 1239 1281 et~
1265 1239 1491 1295 quorum
1522 1217 1751 1309 satiavit
1800 1216 2022 1309 panibus

450 1307 714 1391 ventrem,
747 1325 900 1379 saliet
935 1318 1273 1377 sermonibus
1297 1324 1550 1374 mentem,
1588 1309 1679 1364 sed
1704 1308 1748 1363 si
1776 1307 2021 1375 capiunt;

452 1432 504 1476 et
525 1420 569 1473 si
596 1433 701 1473 non
723 1416 962 1484 capiunt,
985 1417 1198 1465 sumant
1221 1405 1361 1477 quod
1385 1404 1621 1471 capiunt,
1642 1413 1708 1453 ne
1733 1395 2023 1468 fragmenta

452 1517 691 1581 pereant.
723 1508 990 1576 Loquatur
1010 1514 1161 1573 ergo,
1183 1508 1236 1554 et
1266 1496 1564 1549 audiamus.

529 1619 809 1692 Respondit
854 1616 1028 1678 Iesus,
1075 1621 1122 1668 et
1167 1610 1318 1673 dixit,
1350 1609 1507 1661 Amen
1534 1618 1679 1657 amen
1717 1600 1832 1653 dico
1870 1596 2026 1692 vobis,

454 1688 692 1779 Quieritis
725 1726 824 1774 me,
856 1723 959 1761 non
986 1705 1108 1772 quia
1138 1702 1331 1757 vidistis
1361 1698 1529 1769 signa,
1557 1692 1645 1748 sed
1675 1692 1797 1758 quia
1823 1688 2031 1779 mandu-

453 1776 606 1860 castis
633 1820 695 1859 cz
722 1802 937 1875 panibus
972 1799 1116 1852 meis.
1150 1795 1371 1862 Propter
1399 1801 1612 1843 carnem
1650 1798 1736 1838 me
1767 1776 2023 1875 quaeritis,
2053 1813 2102 1873 Β

454 1912 561 1953 non
593 1870 809 1967 propter
831 1891 1097 1957 spiritum.
1141 1885 1310 1953 Quam
1344 1880 1494 1967 multi
1522 1892 1625 1933 non
1660 1880 1903 1967 quaerunt
1928 1870 2022 1967 le-

456 1960 610 2051 sum;
624 1960 725 2039 nisi
749 1990 806 2035 ut
830 1981 933 2035 illis
960 1976 1115 2031 faciat
1137 1975 1273 2028 bene
1294 1966 1585 2025 secundum
1611 1962 1850 2032 tempus!
1884 1960 2032 2015 Alius

462 2076 730 2146 negotium
764 2071 942 2136 habet,
976 2064 1165 2137 quierit
1193 2058 1631 2117 intercessionem
1682 2054 2027 2146 clericorum;

462 2145 601 2225 alius
625 2165 883 2235 premitur
902 2176 932 2214 a
963 2158 1281 2229 potentiore,
1306 2152 1433 2222 fugit
1454 2150 1519 2205 ad
1550 2148 1873 2209 Ecclesiam;
1896 2145 2033 2199 altus

458 2260 574 2314 vult
605 2275 702 2327 pro
730 2270 789 2310 se
816 2248 1123 2307 interveniri
1154 2244 1292 2315 apud
1323 2257 1443 2298 eum
1479 2242 1617 2309 apud
1645 2251 1802 2307 quem
1847 2248 2031 2327 parum

460 2323 635 2414 valeti;
670 2348 756 2402 ille
801 2345 904 2410 sic,
964 2342 1049 2394 ille
1096 2337 1194 2391 sic.
1246 2333 1499 2403 ltnpietur
1548 2326 1785 2397 quotidie
1841 2323 2033 2414 talibus

462 2413 723 2497 Ecclesia.
753 2434 848 2488 \‘ix
870 2429 1123 2501 qmeritur
1142 2427 1296 2482 Jesus
1322 2429 1537 2492 prapter
1563 2418 1765 2473 Jesum.
1792 2413 2033 2481 Quwritis

462 2551 561 2597 me,
593 2548 695 2585 non
721 2528 842 2598 quia
868 2522 1061 2579 vidistis
1104 2520 1276 2590 signa,
1313 2514 1400 2569 sed
1448 2512 1563 2583 quia
1590 2509 1935 2564 manducastis
1973 2522 2037 2561 es

465 2626 677 2699 panibus
706 2620 847 2674 meis.

541 2734 833 2811 Operamini
862 2748 961 2785 non
990 2728 1155 2783 cibum
1177 2725 1263 2787 qui
1293 2720 1443 2788 perit,
1472 2718 1559 2773 sed
1699 2718 1961 2811 permanet
1982 2710 2036 2811 in

465 2804 620 2885 vitam
661 2838 918 2881 ccternam.
947 2816 1194 2885 Quairitis
1235 2828 1321 2867 me
1353 2819 1566 2882 propter
1601 2805 1766 2861 illud?
1792 2804 2037 2871 Qttreritis

471 2934 578 2982 me,
613 2925 825 2985 propter
855 2925 961 2965 me.
992 2906 1169 2975 Ipsum
1201 2905 1340 2956 enim
1371 2899 1603 2954 insinuat
1640 2894 1801 2950 istum
1835 2892 2035 2957 cibum,

467 3025 574 3080 quo
596 3008 647 3060 itt
676 2996 1125 3066 consequentibus
1155 2994 1446 3048 illucescat.

545 3120 707 3184 Quem
732 3113 897 3183 Filius
919 3108 1135 3163 hominis
1157 3107 1243 3158 dat
1265 3104 1420 3158 vobis.
1446 3099 1819 3168 Exspectabat,
1849 3098 2033 3165 credo,

469 3216 659 3269 iterum
687 3220 850 3278 panes
871 3202 1213 3264 manducare,
1244 3200 1435 3252 iterum
1457 3193 1811 3256 discumbere,
1844 3193 2033 3245 iterum

467 3301 744 3373 saginari:
777 3297 871 3351 sed
916 3293 1068 3355 dixit,
1114 3290 1314 3353 Cibum,
1356 3302 1458 3340 non
1503 3285 1589 3355 qui
1632 3284 1781 3353 perit,
1823 3281 1912 3335 sed
1950 3280 2037 3349 qui

471 3400 727 3466 permanet
752 3392 805 3443 in
832 3389 982 3441 vitam
1008 3393 1271 3439 azternam.
1298 3378 1555 3447 Superius
1590 3376 1822 3428 diximus
1845 3384 2038 3425 navem

474 3461 771 3539 Ecclesiam
817 3473 1013 3532 Christi
1074 3472 1411 3539 signiﬁcare,
1466 3481 1585 3533 qua:
1638 3461 2040 3531 tempestatibus

476 3576 633 3642 hujus
662 3570 847 3626 szeculi
880 3568 1138 3623 turbatur,
1170 3574 1224 3617 et
1252 3561 1555 3615 laborantes
1586 3557 1637 3611 in
1669 3571 1730 3610 ea
1761 3562 1953 3624 portat,
1985 3560 2043 3606 ut

472 3665 693 3720 viriliter
739 3662 1003 3722 laborent,
1049 3655 1219 3707 donec
1268 3649 1510 3704 Christus
1553 3644 1909 3715 comprimens
1946 3643 2043 3697 llu-

474 3767 592 3809 ctus
636 3747 1081 3821 persecutionum,
1135 3740 1323 3797 reddat
1364 3738 1729 3795 serenitatem.
1778 3735 1874 3789 ilic
1916 3748 2043 3788 vero

475 3843 603 3899 dicit
635 3856 649 3891 .°

548 3934 720 3987 Altera
760 3928 861 3990 die,
895 3936 1034 3977 turba
1062 3936 1173 3990 quis
1214 3922 1377 3973 stabat
1411 3927 1548 3973 trans
1574 3930 1729 3978 mare,
1772 3912 1895 3966 uidit
1924 3906 2044 3981 quia

478 4026 583 4079 alia
620 4021 851 4075 navicula
880 4032 982 4069 non
1011 4024 1118 4068 erat
1155 4013 1241 4077 ibi,
1274 4011 1371 4064 nisi
1414 4024 1533 4061 una.
1567 4006 1701 4075 Quid
1744 4013 1845 4071 est,
1884 4006 2045 4057 altera

478 4119 561 4171 die
604 4114 747 4169 turba
787 4122 925 4165 stans
976 4122 1127 4173 super
1168 4118 1328 4167 mare,
1370 4100 1471 4155 nisi
1515 4110 1634 4168 post
1680 4095 2045 4151 ascensionem

481 4208 678 4263 Christi
712 4204 860 4259 turba
891 4211 1038 4256 stans
1070 4200 1121 4251 in
1153 4194 1400 4265 cperibus
1430 4193 1602 4255 bonis,
1636 4206 1739 4244 non
1767 4188 1949 4259 iacens
1991 4187 2043 4240 in

484 4298 710 4355 terrenis
757 4291 1151 4362 voluptatibus,
1179 4288 1271 4343 sed
1318 4293 1631 4353 exspectans
1684 4281 1822 4335 unde
1867 4279 2046 4333 veniat

482 4392 633 4447 lesus
660 4388 725 4442 ad
753 4385 880 4441 eos?
914 4384 980 4437 Et
1022 4380 1110 4435 hic
1145 4393 1249 4433 una
1298 4376 1447 4431 navis
1476 4374 1684 4439 dicitur,
1731 4373 1869 4426 sicut
1899 4370 2044 4439 prius

2119 567 2259 604 nam.
2294 552 2535 605 Carnalis
2566 552 2721 605 cibus
2751 551 2911 622 perit,
2935 551 3224 619 spiritualis
3248 566 3380 607 vero
3403 565 3672 623 permanet,

2118 662 2275 715 quem
2307 646 2470 701 Filius
2504 648 2735 701 hominis
2759 649 2910 702 vobis
2935 647 3102 702 dabit.

2192 737 2347 791 Hunc
2384 739 2516 791 enim
2548 738 2703 793 Pater
2738 739 2955 811 signavit
2984 738 3137 793 Deus.
3170 739 3332 793 istum
3378 739 3559 795 Filium
3589 741 3679 796 bo-

2123 830 2281 882 tninis
2312 830 2476 883 nolite
2504 829 2581 883 sic
2607 832 2851 897 accipere
2882 831 3031 899 quasi
3077 829 3210 884 alios
3256 830 3394 884 ﬁlios
3443 832 3676 897 hominis,

2121 919 2312 989 quibus
2334 918 2531 974 dictum
2554 928 2636 975 est
2659 936 2672 973 :
2693 917 2821 973 Filii
2842 928 3012 974 autem
3033 920 3294 975 hondnum
3319 921 3370 975 in
3391 924 3681 990 protei-tione

2122 1015 2325 1066 alarum
2347 1024 2549 1065 tuarum
2570 1012 2845 1083 sperabunt
2868 1012 3037 1083 (Psal.
3061 1013 3247 1083 xxxv).
3281 1013 3385 1069 iste
3436 1015 3568 1069 ﬁlius
3595 1016 3678 1070 bo—

2128 1102 2288 1157 minis
2315 1114 2681 1174 sequestratus
2707 1105 2937 1175 quadarn
2965 1108 3133 1175 gratia
3163 1106 3303 1161 ﬁlius
3327 1108 3572 1177 hominis,
3600 1124 3681 1163 ex-

2124 1208 2311 1266 ceptus
2340 1212 2368 1250 a
2401 1212 2624 1252 numero
2667 1198 2944 1253 hominum
2986 1198 3124 1253 illius
3172 1199 3402 1254 hominis
3440 1212 3521 1255 est
3550 1219 3563 1252 :
3594 1202 3681 1256 iste

2129 1289 2266 1343 titius
2297 1288 2527 1343 hominis
2559 1288 2725 1343 Filius
2755 1288 2846 1343 Dei
2890 1299 2993 1355 est,
3041 1290 3142 1344 iste
3182 1291 3340 1345 homo
3370 1292 3527 1348 etiam
3560 1292 3681 1346 Deus

2129 1388 2229 1434 cst.
2265 1380 2417 1435 Unde
2463 1391 2513 1434 et
2562 1381 2675 1448 ipsa
2704 1379 2910 1435 Veritas
2960 1395 3077 1449 qua
3121 1390 3244 1434 tunc
3282 1382 3589 1450 loquebatur
3626 1384 3683 1439 ad

2127 1469 2364 1535 Judaios,
2412 1477 2465 1525 et
2506 1484 2646 1524 nunc
2677 1471 2922 1524 omnibus
2961 1471 3196 1541 loquitur
3244 1487 3338 1539 per
3384 1472 3683 1542 evangelicae

2124 1561 2521 1628 praedicationis
2552 1561 2735 1627 verba,
2766 1569 2821 1615 et
2849 1561 2941 1629 qui
2968 1562 3036 1616 sit
3071 1562 3323 1631 ostendit,
3356 1578 3463 1617 non
3490 1564 3683 1631 qualem

2130 1661 2253 1706 esse
2283 1651 2495 1721 plurimi
2524 1660 2648 1707 tunc
2680 1654 3080 1708 aestimaverunt
3103 1655 3180 1708 vel
3209 1654 3369 1709 etiam
3394 1670 3535 1710 nunc
3562 1660 3687 1709 resti-

2128 1750 2298 1796 mant.
2328 1740 2614 1811 Subiunxit
2639 1757 2766 1796 vero
2791 1760 2803 1794 :
2838 1741 2994 1796 Hunc
3020 1743 3154 1797 enim
3184 1744 3320 1798 Deus
3350 1742 3509 1798 Pater
3530 1745 3687 1814 signa-

2131 1842 2221 1887 uit.
2249 1834 2472 1903 Signare
2499 1835 2624 1906 quid
2648 1843 2751 1903 est,
2781 1836 2885 1891 nisi
2918 1837 3187 1905 proprium
3239 1837 3435 1909 aliquid
3468 1840 3689 1907 ponere?

2129 1921 2244 1979 Hoc
2265 1931 2349 1978 est
2373 1925 2607 1995 signare,
2637 1940 2841 1995 ponere
2870 1926 3068 1996 aliquid
3097 1928 3238 1998 quod
3266 1943 3370 1983 non
3410 1932 3686 1985 contunda-

2131 2023 2218 2068 tur
2255 2028 2374 2069 cum
2422 2014 2648 2071 caeteris.
2696 2015 2952 2085 Signarc,
2983 2026 3063 2073 est
3104 2018 3313 2089 signum
3361 2020 3438 2074 rei
3484 2034 3684 2089 ponere.

2132 2105 2444 2177 Cuicunque
2474 2108 2551 2162 rei
2584 2094 2736 2177 ponis
2763 2112 2995 2179 signum,
3028 2110 3147 2167 ideo
3191 2113 3348 2181 ponis
3374 2115 3600 2181 signum,
3629 2128 3687 2169 ne

2130 2198 2353 2252 contusa
2397 2214 2519 2253 cum
2568 2199 2708 2264 aliis,
2754 2215 2783 2254 a
2836 2208 2887 2255 te
2929 2216 3033 2255 non
3084 2203 3251 2271 possit
3279 2204 3515 2272 agnosci.
3544 2204 3689 2257 Pater

2130 2302 2262 2357 ergo
2289 2304 2410 2343 eum
2441 2288 2684 2358 signavit.
2712 2292 2845 2359 Quid
2868 2302 2950 2347 est
2976 2293 3237 2364 signavit?
3266 2298 3528 2365 proprium
3552 2297 3689 2365 quid-

2136 2378 2257 2433 dam
2284 2378 2363 2433 illi
2387 2378 2553 2445 dedit,
2594 2394 2662 2435 ne
2692 2382 2900 2437 cmteris
2928 2394 3331 2453 compararetur
3370 2386 3686 2451 hominibus;

2133 2470 2253 2527 ideo
2282 2471 2481 2526 dictum
2522 2480 2647 2527 est:
2683 2472 2841 2529 Unxit
2883 2487 2929 2530 te
2976 2475 3131 2541 Deus,
3165 2477 3305 2532 Deus
3331 2487 3444 2533 tuus
3482 2482 3587 2533 oleo
3609 2496 3689 2533 ex:

2132 2560 2420 2616 sut‘tatianis
2466 2579 2573 2631 prce
2617 2564 2947 2634 participibus
2999 2568 3099 2620 tuis
3138 2566 3306 2639 (Psal.
3355 2573 3516 2637 xuv).
3555 2572 3686 2640 Ergo

2135 2655 2348 2722 signare
2396 2654 2523 2724 quid
2568 2656 2703 2709 est?
2752 2655 3045 2725 Exceptum
3094 2658 3312 2727 habere,
3346 2660 3443 2715 hoc
3484 2673 3558 2717 est
3590 2678 3686 2731 pra:

2136 2744 2475 2813 participibus
2504 2744 2624 2799 tuis.
2658 2744 2837 2817 Itaque
2875 2748 3037 2803 nolite
3084 2764 3189 2815 me,
3231 2751 3422 2821 inquit,
3470 2764 3689 2808 contem-

2137 2849 2298 2903 nere,
2347 2835 2469 2905 quia
2516 2835 2655 2892 lilius
2708 2836 2937 2893 hominis
2988 2854 3150 2895 sum:
3192 2850 3247 2897 et
3290 2845 3493 2912 quierite
3535 2861 3564 2898 a
3614 2861 3685 2897 im

2136 2926 2304 2979 cibum
2331 2943 2430 2981 non
2460 2928 2548 2996 qui
2586 2929 2736 2997 perit,
2766 2930 2857 2981 sed
2884 2933 2971 2997 qui
3001 2942 3259 2999 permanet
3284 2934 3338 2986 in
3378 2936 3524 2988 vitam
3555 2949 3689 2989 eter-

2138 3032 2275 3071 nam.
2308 3017 2399 3073 Sic
2427 3020 2568 3073 enim
2614 3019 2756 3075 ﬁlius
2795 3019 3024 3075 hominis
3054 3036 3191 3087 sum,
3227 3036 3285 3078 ut
3310 3040 3415 3079 non
3443 3027 3539 3079 sim
3568 3042 3688 3081 unus

2139 3122 2207 3162 ex
2240 3107 2419 3176 vobis;
2443 3110 2519 3164 sic
2548 3124 2665 3165 sum
2713 3109 2855 3166 ﬁlius
2886 3112 3133 3177 hominis.
3167 3122 3224 3168 ut
3254 3114 3395 3171 Deus
3436 3116 3584 3170 Pater
3616 3132 3691 3171 me

2138 3199 2383 3269 signavit.
2431 3199 2569 3265 Quid
2610 3212 2691 3255 eat
2738 3201 2987 3271 signare?
3028 3206 3301 3273 pr0prium
3345 3206 3534 3276 aliquid
3578 3206 3690 3260 mihi

2139 3294 2285 3360 dare,
2311 3310 2415 3363 quo
2440 3310 2545 3351 non
2576 3296 2936 3353 contunderer
2961 3313 3079 3353 cum
3108 3314 3305 3369 genere
3337 3301 3578 3367 humano,
3607 3301 3689 3357 sed

2140 3400 2237 3455 per
2259 3401 2417 3457 quem
2450 3386 2766 3444 liberaretur
2793 3404 2962 3459 genus
2990 3390 3297 3447 humanum.

2213 3474 2465 3529 Dixerunt
2506 3492 2626 3547 ergo
2651 3478 2718 3530 ad
2748 3493 2883 3545 eum,
2912 3479 3050 3543 Quid
3080 3482 3325 3550 faciemus
3361 3493 3417 3534 ut
3444 3498 3692 3547 raperentur

2144 3582 2296 3633 Opera
2327 3566 2464 3621 Dei?
2493 3567 2710 3622 Dixerat
2739 3570 2879 3623 enim
2911 3571 3014 3625 illis
3040 3588 3052 3623 :
3080 3571 3375 3639 Operamini
3401 3588 3579 3638 escam,
3604 3590 3688 3624 non

2143 3672 2255 3725 quia
2285 3659 2435 3727 perit,
2467 3662 2556 3712 sed
2583 3676 2695 3729 qua:
2726 3672 2985 3729 permanet
3013 3662 3064 3715 in
3093 3663 3247 3715 uitam
3284 3672 3543 3717 wternam.
3574 3664 3690 3729 Quid

2144 3745 2418 3813 faciemus,
2447 3748 2709 3817 inquiunt,
2725 3752 2865 3821 quod
2889 3751 3241 3821 observando,
3265 3753 3367 3809 hoc
3389 3765 3685 3824 praeceptum

2145 3837 2369 3906 implere
2396 3841 2689 3907 poterimus
2712 3842 2734 3893 2

2218 3928 2502 4006 Respondit
2528 3931 2698 3997 Jesus,
2731 3939 2779 3986 ct
2814 3932 2942 3985 dim
2970 3948 3060 3991 ω.
3097 3930 3205 3985 Hoc
3241 3942 3316 3987 est
3359 3949 3487 4001 opus
3518 3934 3621 3998 Dei,
3648 3942 3691 3985 ut

2146 4022 2360 4075 credatis
2388 4022 2442 4074 in
2463 4038 2575 4075 eum
2598 4039 2747 4091 quem
2786 4023 2919 4075 misit
2948 4022 3059 4077 ille.
3099 4023 3209 4078 Hoc
3238 4034 3319 4079 est
3347 4040 3473 4094 ergo
3496 4025 3692 4079 mandu-

2147 4126 2271 4167 care
2311 4114 2475 4166 cibum
2518 4130 2618 4166 non
2644 4115 2732 4179 qui
2758 4114 2907 4181 perit,
2935 4116 3024 4167 sed
3061 4116 3149 4184 qui
3194 4128 3450 4183 permanet
3478 4118 3527 4169 in
3561 4118 3687 4171 vitam

2147 4212 2405 4257 (sternam.
2454 4202 2519 4258 Ut
2560 4202 2684 4272 quid
2714 4218 2867 4271 paras
2898 4202 3113 4258 dentem
3141 4215 3195 4259 et
3224 4206 3497 4260 ventrem?
3522 4206 3688 4268 Crede.

2148 4307 2200 4351 et
2232 4296 2581 4350 ntanducasti.
2607 4294 2933 4350 Discernitur
2962 4295 3176 4363 quidem
3200 4296 3267 4350 ab
3287 4298 3533 4364 operibus
3557 4296 3687 4359 ﬁdes,

2148 4388 2277 4442 sicut
2310 4389 2598 4457 Apostolus
2619 4389 2747 4441 dicit
2778 4404 2788 4439 :
2823 4388 3146 4441 Arbitramur
3160 4388 3441 4459 justi/ictui
3467 4388 3689 4440 hominem

482 4497 587 4534 una
615 4478 710 4531 iuit
740 4476 971 4530 Ecclesia
1013 4469 1229 4532 Christi,
1260 4470 1311 4521 in
1355 4482 1455 4534 qua
1504 4466 1592 4520 ille
1642 4462 2036 4534 praesentialiter

2152 4499 2239 4550 per
2266 4482 2416 4550 [idem
2444 4483 2551 4535 sine
2581 4483 2815 4549 operibus
2844 4482 2969 4550 legis
2996 4482 3171 4550 (Rom.
3192 4480 3295 4550 ut).
3320 4481 3387 4536 Et
3414 4492 3533 4536 sunt
3551 4493 3686 4549 opera

483 4582 707 4637 corpore
736 4564 1062 4618 versabatur.
1110 4558 1255 4612 Nunc
1294 4571 1501 4627 quoque
1549 4573 1651 4608 una
1698 4566 1801 4618 est,
1831 4566 1948 4622 quae
1977 4554 2044 4606 si-

486 4659 678 4713 militer
706 4656 757 4708 in
787 4669 881 4722 spe
910 4658 1217 4717 exspectant
1247 4646 1531 4701 adventum
1580 4647 1741 4699 illius.
1788 4644 1893 4699 Sed
1920 4644 2045 4712 quid

484 4756 563 4799 est
589 4744 726 4812 quod
757 4742 871 4794 alia:
901 4752 1062 4791 naves
1092 4745 1348 4789 venerunt
1392 4749 1423 4787 a
1463 4733 1741 4787 Tiberiade
1763 4773 1779 4797 ,
1813 4733 1909 4786 nisi
1939 4732 2048 4785 Inc-

487 4838 768 4893 rcticorum
798 4831 1179 4892 conventicula,
1213 4829 1300 4895 qui
1332 4827 1509 4881 Jesum
1556 4842 1661 4879 non
1705 4828 1911 4881 sincera
1942 4826 2045 4879 [ide

488 4933 748 4995 quaerunt,
799 4921 895 4974 sub
940 4919 1061 4971 dolo
1108 4917 1407 4970 calliditatis
1453 4931 1543 4969 sua
1586 4928 1900 4985 quaerentes,
1942 4932 2045 4971 non

488 5038 602 5089 qum
646 5018 768 5072 .leSu
816 5012 985 5069 sunt?
1019 5012 1164 5066 Unde
1216 5020 1599 5078 consequenter
1647 5010 1917 5077 respondit
1970 5012 2048 5065 eis

489 5115 660 5175 Jesus,
692 5113 844 5161 Amen
888 5123 1032 5159 amen
1081 5106 1190 5156 dico
1238 5104 1390 5163 vobis,
1419 5104 1639 5169 qumritis
1670 5119 1764 5162 me,
1804 5119 1899 5155 non
1928 5104 2047 5170 quia

488 5203 679 5258 vidistis
706 5202 870 5268 signa,
897 5201 981 5251 sed
1004 5199 1118 5265 quia
1150 5196 1494 5248 manducastis
1520 5210 1583 5246 ex
1604 5194 1815 5263 panibus
1840 5196 1978 5259 meis,
2002 5202 2047 5249 et

491 5293 700 5345 saturati
729 5292 845 5343 estis
876 5288 1023 5354 (Luc.
1052 5289 1143 5353 vt).
1180 5286 1252 5337 De
1277 5285 1379 5336 illis
1409 5298 1532 5336 vero
1555 5284 1640 5351 qui
1668 5284 1881 5336 saturati
1903 5296 2046 5349 sunt,

500 5383 551 5437 in
578 5377 683 5432 alio
706 5381 831 5434 dicit
863 5378 1146 5445 Evangelia
1180 5394 1191 5426 :
1222 5374 1310 5427 Va:
1356 5375 1490 5426 vobis
1538 5378 1623 5441 qui
1670 5375 1881 5427 saturati
1931 5376 2048 5427 estis

492 5474 679 5542 (Ιὺξά.)
728 5472 801 5524 De
827 5468 1181 5523 esurientibus
1205 5480 1332 5519 vero
1360 5466 1479 5517 vita:
1520 5479 1726 5531 partem,
1759 5474 1811 5517 et
1835 5465 2048 5532 iustitiae

491 5564 866 5629 cognitionem,
914 5558 1105 5611 dicitur
1157 5576 1168 5607 :
1218 5556 1364 5609 Beati
1407 5558 1491 5625 qui
1538 5558 1761 5610 csuriunt
1800 5566 1845 5609 et
1877 5560 2050 5612 sitiunt

493 5656 736 5715 iustitium
768 5651 973 5721 (Matth.
1011 5654 1083 5717 ν).
1128 5648 1203 5703 Ad
1232 5664 1386 5716 quem
1416 5649 1588 5701 cibum
1623 5650 1930 5702 hortabatur
1958 5664 2049 5703 vos

497 5740 787 5810 insequenti
818 5755 934 5794 mox
962 5739 1200 5795 Christus
1227 5752 1471 5794 sermone
1501 5737 1686 5795 dicens
1712 5756 1723 5793 :
1758 5740 2051 5809 Operamini

2147 4587 2267 4640 qua:
2316 4571 2561 4625 videntur
2607 4572 2743 4625 bona
2789 4571 2904 4625 sine
2951 4569 3054 4625 ﬁde
3099 4570 3320 4637 Christi,
3356 4580 3408 4625 et
3452 4587 3552 4624 non
3587 4578 3688 4623 sunt

2153 4660 2311 4725 bona,
2337 4659 2461 4728 quia
2490 4676 2594 4713 non
2625 4660 2927 4715 referuntur
2947 4660 3012 4713 ad
3041 4673 3161 4715 eum
3190 4662 3350 4715 tinem
3376 4675 3437 4713 ex
3460 4674 3560 4727 quo
3584 4665 3687 4711 sunt

2148 4752 2305 4804 bona.
2334 4745 2486 4804 Finis
2511 4752 2643 4805 enim
2673 4752 2797 4819 legis
2823 4749 3054 4804 Christus
3081 4753 3148 4804 ad
3169 4751 3427 4819 justitiam
3452 4752 3580 4801 omni
3598 4763 3685 4799 crc-

2149 4842 2286 4893 denti
2335 4842 2512 4911 (Rem.
2568 4841 2648 4909 χ).
2706 4840 2827 4895 Ideo
2873 4840 3043 4895 noluit
3096 4840 3401 4895 discernere
3448 4841 3514 4893 ab
3553 4852 3687 4907 opere

2150 4930 2327 4995 fidem,
2353 4932 2445 4985 sed
2480 4931 2645 4998 ipsam
2682 4932 2835 4985 [idem
2861 4931 2993 4985 dixit
3014 4946 3135 4986 esse
3156 4947 3308 4999 opus.
3338 4931 3461 4999 Ipsa
3482 4940 3554 4985 est
3577 4933 3685 4983 enim

2149 5020 2274 5085 ﬁdes
2322 5036 2433 5088 quae
2470 5037 2559 5089 per
2604 5020 2925 5073 dilectionem
2967 5029 3205 5089 aperatur
3247 5019 3438 5089 (Galat.
3494 5021 3565 5089 ν).
3604 5020 3687 5072 Nec

2148 5110 2301 5171 dixit,
2334 5108 2441 5162 Hoc
2467 5120 2547 5163 est
2574 5125 2710 5178 opus
2740 5119 2995 5172 vestrum,
3022 5109 3115 5163 sed
3143 5109 3276 5163 dixit
3306 5129 3316 5161 :
3350 5108 3463 5163 Hoc
3492 5120 3557 5162 est
3582 5123 3685 5175 οριι

2150 5200 2263 5263 Dei,
2299 5211 2352 5253 ut
2380 5202 2593 5253 credatis
2621 5201 2673 5253 in
2700 5216 2812 5253 eum
2847 5216 2992 5269 quem
3020 5201 3155 5253 misit
3178 5202 3300 5265 ille;
3330 5210 3387 5254 ut
3412 5201 3498 5270 qui
3525 5199 3685 5270 gloria~

2151 5299 2255 5351 tur,
2288 5291 2339 5341 in
2366 5289 2581 5341 Domino
2611 5290 2853 5357 glorietur
2878 5288 2931 5358 (Ι
2963 5290 3081 5342 Cor.
3109 5291 3168 5358 t).
3203 5291 3335 5356 Quia
3362 5306 3488 5361 ergo
3518 5288 3687 5343 invita-

2149 5381 2239 5433 bat
2262 5395 2354 5433 eos
2382 5378 2446 5433 ad
2478 5379 2658 5443 ﬁdem,
2689 5378 2763 5433 illi
2802 5378 2975 5433 adhuc
3002 5381 3311 5449 querebant
3348 5380 3497 5449 signa
3525 5379 3687 5450 quibus

2151 5473 2446 5528 crederent.
2482 5471 2612 5526 Vide
2643 5472 2687 5526 si
2718 5488 2821 5524 non
2852 5471 3021 5525 .ludzei
3050 5472 3195 5540 signa
3228 5481 3429 5537 petunt.

2221 5562 2478 5618 Dixerunt
2503 5578 2621 5633 ergo
2649 5562 2713 5627 ei,
2745 5562 2893 5629 Quod
2922 5579 3039 5631 ergo
3072 5571 3122 5613 tu
3154 5562 3283 5630 facis
3312 5564 3529 5630 signum,
3560 5569 3607 5611 at
3626 5559 3684 5609 tio

2152 5656 2361 5709 deamus
2392 5663 2436 5706 et
2463 5655 2723 5707 credamus
2750 5653 2839 5705 tibi
2864 5654 3002 5722 quod
3028 5654 3257 5722 aperaris
3279 5655 3302 5707 ?
3324 5654 3576 5707 Parumne
3594 5658 3686 5704 erat

2156 5747 2296 5818 quod
2338 5745 2403 5801 de
2449 5744 2679 5815 Quinque
2717 5743 2937 5815 panibus
2964 5743 3097 5814 pasti
3126 5744 3290 5802 sunt?
3320 5742 3561 5801 Sciebant
3604 5744 3680 5796 hac
