3822 6226
96 369 185 422 TIS

1001 359 1062 415 IN
1102 359 1159 413 S.
1200 354 1478 412 JOANNIS
1518 348 1965 406 EVANGELIUM
2011 346 2390 403 EXPOSITIO.

3199 344 3298 397 7H

92 480 313 548 quidem,
342 477 428 532 sed
464 478 587 533 huic
625 479 744 533 riho
774 490 960 531 manna
988 473 1053 528 de
1093 471 1228 527 casto
1267 465 1632 538 praeferebant.
1669 465 1711 520 Α
1745 461 1937 518 Panem
1962 463 2027 517 de
2051 464 2189 517 caelo
2210 460 2553 515 desideratis?
2584 460 2717 514 Ante
2741 472 2831 513 vos
2858 460 3084 531 habetis,
3116 470 3164 516 et
3195 477 3298 514 non

96 570 336 625 Dominus
378 579 554 623 autem
603 569 761 624 Jesus
809 567 968 621 talem
1018 578 1076 618 se
1119 561 1348 625 dicebat,
1382 567 1438 610 ut
1479 555 1646 625 Moysi

99 671 502 730 imponeretur.
539 661 653 715 Non
685 661 828 714 enim
851 671 1010 712 ausus
1039 664 1121 710 est
1151 654 1360 723 Moyses
1391 651 1456 704 de
1481 664 1538 704 se
1562 647 1646 702 di-

98 769 226 817 rere,
247 754 389 821 quod
419 753 571 808 daret
602 755 766 805 cibum
809 767 909 803 non
938 748 1022 818 qui
1051 746 1200 816 perit,
1249 744 1336 798 sed
1377 743 1464 812 qui
1502 739 1649 793 habet

97 846 232 895 ritum
259 852 518 894 aeternam.
549 841 760 909 Aliquid
789 840 907 908 plus
939 834 1275 905 promittebat
1304 846 1460 900 quam
1493 828 1648 898 Moy-

99 949 195 986 ses.
228 931 326 985 Per
352 931 567 999 Moysen
615 930 810 998 quippe
857 923 1258 996 promittebatur
1305 934 1547 988 regnum,
1597 927 1649 972 et

100 1035 227 1076 tetra
266 1023 563 1088 producens
609 1021 691 1074 lac
734 1028 788 1074 et
833 1018 954 1083 mel,
983 1013 1289 1082 temporalis
1329 1027 1451 1080 pas,
1476 1011 1647 1064 abun-

98 1114 258 1165 dantia
305 1111 556 1174 ﬁliorum,
613 1109 758 1163 salus
806 1107 1064 1174 corporis,
1121 1112 1176 1158 et
1229 1111 1418 1156 caetera
1473 1100 1648 1153 omnia

99 1202 394 1270 temporalia
421 1201 660 1270 quidem,
692 1200 745 1254 in
779 1199 942 1270 ﬁgura
980 1206 1155 1250 tamen
1183 1191 1496 1262 Spiritualia,
1527 1189 1646 1259 quia

101 1294 255 1350 veteri
287 1293 486 1347 homini
520 1294 573 1346 in
605 1292 780 1345 Veteri
810 1292 1153 1344 Testamento
1184 1283 1646 1354 promittebantur.

98 1384 441 1439 Attendebant
469 1393 646 1437 autem
680 1381 940 1451 promissa
973 1393 1066 1447 per
1111 1377 1280 1444 ipsum
1332 1376 1566 1444 Moysen,
1598 1383 1651 1426 et

101 1473 426 1528 attendebant
470 1473 730 1541 promissa
776 1485 868 1538 per
905 1469 1108 1524 Jesum.
1152 1467 1242 1520 Ille
1281 1466 1488 1534 plenum
1523 1479 1649 1517 ven-

105 1577 224 1619 trem
279 1565 618 1633 promittebat
667 1565 719 1617 in
767 1575 927 1625 terra,
968 1563 1058 1616 sed
1107 1559 1281 1614 cibum
1335 1559 1422 1627 qui
1477 1556 1647 1625 perit;

103 1658 189 1710 iSIe
213 1657 550 1722 promittebat
575 1655 763 1719 cibum,
807 1670 906 1706 non
932 1655 1020 1722 qui
1056 1653 1199 1720 perit,
1227 1651 1312 1704 sed
1342 1650 1426 1716 qui
1450 1663 1651 1716 perma-

102 1755 173 1797 net
194 1749 240 1797 in
273 1747 426 1799 vitam
451 1755 709 1798 wtemam.
737 1745 1090 1798 Attendebant
1127 1756 1248 1796 eum
1288 1741 1404 1810 plus
1429 1741 1648 1808 promit-

108 1845 308 1897 tentem,
336 1844 390 1888 et
419 1835 567 1901 quasi
591 1833 824 1886 nondum
850 1831 1097 1884 videbant
1121 1829 1320 1896 majora
1348 1827 1646 1884 facientem.

109 1923 445 1977 Attendebant
498 1923 682 1990 utique
725 1922 899 1990 qualia
950 1921 1158 1974 fecisset
1201 1920 1426 1986 Moyses,
1482 1920 1652 1974 adhuc

105 2014 267 2080 aliqua
298 2012 499 2080 majora
531 2011 781 2064 volebant
809 2010 920 2063 fieri
952 2009 1018 2062 ab
1059 2024 1144 2074 eo,
1188 2009 1281 2077 qui
1322 2019 1427 2061 tam
1468 2024 1652 2078 magna

106 2102 452 2170 pollicebatur.
484 2100 638 2166 Quid,
669 2100 932 2168 inquiunt,
963 2100 1112 2168 facis,
1142 2107 1194 2149 ut
1219 2099 1482 2150 credamus
1527 2099 1655 2151 tibi?

107 2195 164 2246 Et
192 2204 243 2245 ut
269 2195 524 2246 noveritis
547 2194 668 2262 quia
698 2190 946 2244 miracula
971 2190 1056 2243 illa
1085 2189 1205 2243 huic
1229 2190 1483 2243 miraculo
1504 2203 1654 2244 com-

108 2284 365 2351 parabant,
398 2293 454 2338 et
497 2285 616 2339 ideo
647 2281 798 2352 Quasi
838 2282 1046 2336 minora
1073 2281 1170 2335 ista
1195 2280 1500 2349 judicabant
1538 2296 1656 2350 qua:

110 2377 314 2430 iaciebat
339 2374 516 2430 Jesus.

171 2463 338 2520 Patres
368 2466 550 2532 nostri,
590 2465 853 2536 inquiunt,
906 2481 1089 2519 manna
1133 2465 1559 2519 mattduraverunt
1605 2466 1656 2518 in

109 2561 302 2611 deserto.
337 2557 441 2613 Sed
471 2559 598 2627 quid
647 2566 730 2611 est
775 2572 992 2623 manna,
1027 2557 1160 2610 forte
1191 2559 1551 2621 contemnitis,
1582 2557 1656 2611 si-

111 2663 184 2702 cut
208 2652 451 2717 scriptum
481 2662 583 2717 est,
616 2651 766 2705 Dedit
787 2652 890 2706 illis
910 2668 1095 2704 manna
1125 2653 1432 2704 manducare
1462 2651 1654 2720 (Exod.

117 2745 231 2809 ιη).
261 2741 356 2795 Per
383 2742 602 2811 Moysen
649 2751 826 2810 patres
859 2743 1022 2797 nostri
1057 2757 1241 2810 panem
1274 2742 1340 2797 de
1377 2743 1515 2796 coelo
1570 2757 1658 2796 ac-

115 2838 365 2892 ceperunt,
396 2838 452 2884 et
483 2844 590 2882 non
628 2829 704 2883 eis
732 2829 928 2883 dictum
970 2845 997 2883 a
1030 2830 1228 2900 Moyse,
1266 2831 1557 2900 Operamini
1583 2833 1657 2884 ci-

117 2922 214 2968 bum
234 2919 314 2985 qui
341 2934 439 2970 non
470 2918 624 2984 perit,
647 2918 734 2970 sed
759 2919 844 2982 qui
873 2931 1127 2984 permanet
1153 2919 1204 2970 in
1225 2920 1373 2971 vitam
1398 2928 1657 2972 retentam.

121 3010 174 3059 tLt
199 3023 291 3061 non
333 3008 456 3062 talia
487 3011 726 3076 operaria
752 3010 925 3079 qualia
960 3009 1187 3080 Moyses.
1219 3009 1387 3066 Panes
1433 3009 1658 3066 hordea-

118 3113 226 3153 (θος
253 3099 336 3153 ille
357 3115 460 3154 non
485 3099 655 3163 dedit,
685 3100 779 3154 sed
814 3114 1004 3153 manna
1028 3101 1093 3154 de
1123 3102 1280 3156 coelo.

177 3189 305 3242 Dixit
343 3206 461 3258 ergo
506 3190 579 3244 eis
625 3187 798 3254 Jesus,
857 3193 1012 3242 Amen
1050 3207 1194 3243 antea
1235 3193 1349 3245 dico
1381 3193 1534 3258 vobis,
1562 3209 1661 3246 non

124 3279 301 3347 Moyses
345 3280 485 3331 dedit
533 3279 674 3331 vobis
719 3295 900 3347 panem
941 3281 1004 3332 de
1039 3281 1182 3346 cazlo,
1223 3282 1310 3334 sed
1341 3280 1496 3334 Pater
1527 3299 1664 3336 meus

120 3372 234 3421 dedit
263 3372 390 3422 vobis
419 3386 602 3438 panem
634 3371 698 3423 de
737 3372 881 3424 ctelo.
922 3369 1082 3424 Verus
1120 3374 1252 3425 enim
1280 3375 1423 3440 panis
1453 3384 1544 3437 est,
1577 3375 1664 3442 qui

120 3460 170 3510 de
195 3462 306 3513 calo
335 3461 617 3523 descendit,
663 3470 708 3512 et
757 3461 843 3512 dat
887 3461 1037 3513 vitam
1085 3464 1290 3515 mundo.
1348 3462 1507 3515 Verus
1537 3479 1665 3532 ergo

119 3550 192 3602 ille
213 3554 347 3616 panis
372 3561 464 3616 est,
509 3552 595 3622 qui
617 3551 705 3602 dat
736 3551 887 3602 vitam
915 3553 1100 3604 mundo
1131 3569 1148 3604 :
1177 3563 1230 3606 et
1258 3556 1369 3620 ipse
1394 3553 1540 3606 cibus
1561 3565 1661 3617 est,

120 3643 173 3693 de
195 3655 286 3708 quo
312 3643 466 3708 paulo
496 3653 615 3694 ante
644 3643 850 3694 locutus
879 3656 992 3694 sum
1027 3660 1038 3692 :
1076 3641 1369 3709 Operamini
1389 3642 1551 3695 cibum
1582 3647 1666 3710 qui

124 3749 206 3784 non
232 3738 370 3800 perit,
395 3733 483 3785 sed
511 3733 596 3801 qui
627 3740 886 3801 permanet
909 3733 962 3784 in
987 3735 1137 3784 vitam
1161 3743 1421 3786 (sternam.
1453 3734 1588 3800 Ergo
1616 3743 1667 3787 et

129 3823 236 3874 illud
267 3838 449 3874 manna
485 3823 583 3875 hoc
608 3821 959 3890 significabat,
985 3832 1037 3876 et
1060 3823 1144 3874 illa
1170 3823 1345 3876 Omnia
1368 3824 1517 3889 signa
1549 3838 1664 3875 mea

126 3924 276 3965 erant.
325 3913 482 3980 Signa
540 3926 655 3964 mea
697 3911 991 3975 dilexistis;
1039 3912 1178 3979 quod
1235 3911 1662 3979 signiﬁcabatur,

127 4007 456 4057 contemnitis.
487 4002 601 4056 Non
631 4018 758 4070 ergo
791 4003 997 4069 Moyses
1029 4003 1172 4055 dedit
1198 4017 1382 4069 panem
1413 4003 1479 4056 de
1509 4006 1663 4057 ctelo.

129 4092 246 4145 Dens
272 4093 355 4145 dat
383 4108 596 4160 panem.
647 4092 750 4145 Sed
795 4107 952 4158 quem
1005 4093 1230 4160 panem?
1281 4093 1416 4145 forte
1447 4095 1668 4146 manna?

129 4181 241 4238 .‘t'ou.
270 4184 353 4234 sed
386 4198 573 4249 panem
603 4196 761 4240 ouem
787 4179 1100 4248 signiﬁcavit
1127 4196 1339 4244 manna,
1368 4182 1538 4248 ipsum
1567 4185 1669 4236 sci-

129 4277 230 4326 licet
258 4273 526 4325 Dominum
555 4272 761 4325 Jesum.
798 4271 952 4324 Pater
979 4285 1128 4324 meus
1173 4270 1263 4324 dat
1304 4273 1450 4323 vobis
1479 4288 1666 4336 panem

133 4382 312 4418 rerum.
348 4365 500 4417 Panis
523 4366 664 4418 enim
696 4363 840 4417 Deus
871 4373 956 4418 est
993 4364 1080 4430 qui
1111 4361 1386 4416 descendit
1414 4364 1480 4418 de
1510 4367 1664 4427 cmlo,

130 4470 170 4509 et
189 4460 270 4509 dat
289 4459 438 4509 vitam
469 4456 688 4510 mundo.

191 4553 418 4606 Dixerunt
448 4569 566 4622 ergo
611 4553 677 4603 ad
725 4567 838 4604 eum
868 4565 886 4602 :
927 4549 1160 4615 Domine,
1205 4565 1396 4620 semper
1421 4551 1487 4601 da
1525 4553 1666 4604 nobis

135 4661 288 4709 panem
315 4648 457 4696 hunc.
492 4642 770 4709 Quomodo
816 4641 1007 4694 mulier
1057 4641 1148 4693 illa
1198 4639 1550 4704 Samaritana,
1582 4640 1665 4694 cui

136 4737 307 4788 dictum
335 4746 412 4788 est
444 4755 455 4787 :
490 4733 588 4797 Qui
629 4733 803 4784 biberit
831 4732 893 4784 de
933 4731 1029 4783 hac
1074 4747 1227 4799 aqua,
1259 4746 1356 4782 non
1395 4731 1528 4782 sitiet
1573 4746 1666 4782 un-

138 4843 262 4894 quant
287 4825 450 4893 (Joan.
487 4828 595 4894 tv);
636 4825 886 4878 continuo
915 4823 1002 4875 illa
1035 4822 1324 4876 secundum
1355 4837 1547 4889 corpus
1580 4836 1666 4874 aco

142 4917 332 4979 ripiens,
376 4916 466 4967 sed
513 4926 685 4967 tamen
733 4927 915 4965 carere
962 4911 1242 4979 indigentia
1299 4911 1482 4962 nolens
1515 4927 1526 4962 :
1564 4910 1665 4975 Da,

141 5005 300 5072 inquit,
329 5006 466 5065 mihi,
511 5005 742 5065 Domine,
774 5004 836 5054 de
881 5003 975 5053 hac
1001 5015 1169 5067 aqua;
1209 5000 1284 5052 sic
1323 5011 1375 5053 et
1402 5000 1483 5052 isti
1515 5017 1528 5052 :
1565 5000 1668 5052 Do-

143 5096 364 5159 tnine,da
412 5095 564 5148 nobis
605 5109 794 5162 panem
843 5094 1004 5156 hunc,
1049 5091 1136 5161 qui
1188 5105 1282 5144 nos
1316 5089 1535 5153 reficiat,
1572 5106 1678 5144 nec.

143 5187 339 5239 deficiat.

205 5277 325 5328 Dixit
346 5291 461 5346 ergo
489 5278 557 5328 eis
585 5273 731 5327 Iesus
761 5289 779 5327 :
808 5273 914 5342 Ego
940 5290 1050 5325 sum
1077 5274 1221 5340 panis
1249 5273 1390 5334 vita;
1414 5275 1500 5341 qui
1539 5275 1668 5326 venit

145 5369 198 5418 ad
226 5385 311 5431 nte,
341 5386 434 5420 non
464 5368 662 5431 esuriet,
692 5376 736 5418 et
765 5366 850 5433 qui
883 5368 1040 5417 credit
1070 5366 1121 5416 in
1153 5381 1246 5429 me,
1278 5381 1378 5416 non
1416 5366 1545 5417 sitiet
1575 5383 1670 5417 un-

148 5476 290 5525 quam.
317 5461 410 5525 ρηὶ
432 5461 557 5512 uenit
586 5462 650 5510 ad
673 5474 769 5520 me,
805 5457 904 5509 hoc
931 5466 1011 5508 est
1038 5455 1176 5522 quod
1218 5456 1310 5511 ait.
1360 5452 1403 5507 et
1449 5456 1534 5523 qui
1570 5471 1670 5509 cre-

153 5555 209 5603 iit
235 5555 278 5606 in
304 5572 405 5617 nte;
430 5565 480 5609 et
503 5555 638 5624 quod
668 5553 819 5615 dixit,
849 5567 950 5602 non
991 5551 1186 5603 esuriet.
1238 5548 1337 5603 hoc
1376 5550 1668 5620 intelligen-

151 5644 256 5696 dum
296 5658 388 5710 est,
432 5657 475 5701 et
519 5663 614 5698 non
661 5647 792 5696 sitiet
835 5658 1078 5709 unquam.
1135 5640 1370 5708 Utroque
1409 5643 1548 5697 enim
1583 5645 1670 5697 illo

153 5737 439 5800 signiﬁcatur
483 5747 678 5790 aeterna
725 5735 964 5794 satietas,
1010 5731 1095 5788 ubi
1136 5731 1275 5787 nulla
1326 5743 1407 5788 est
1445 5747 1665 5805 egestas.

507 5831 770 5890 Pnaoc.
809 5824 993 5886 XCII.

1688 3148 1737 3213 ϐ

1751 552 2100 607 manducatis.

1823 644 1926 700 Sed
1955 645 2062 698 dixi
2093 643 2227 697 vobis
2254 645 2373 713 quia
2416 652 2459 695 et
2509 643 2701 695 vidistis
2731 659 2826 704 me,
2871 651 2915 695 et
2954 657 3052 694 non
3082 643 3304 695 credidi-

1750 737 1856 808 stis.
1879 736 1981 791 Sed
2007 751 2108 789 non
2143 734 2262 788 ideo
2278 749 2375 803 ego
2396 733 2641 802 populum
2665 732 2887 801 perdidi.
2911 732 3151 802 Nunquid
3174 736 3308 786 enim

1749 827 2021 894 infidelitas
2049 836 2209 880 vestra
2250 825 2401 893 ﬁdem
2432 822 2526 877 Dei
2555 823 2804 877 evacuauit
2833 820 3004 893 (Rom.
3039 822 3153 889 tit)?
3179 822 3310 876 Vide

1752 921 1888 973 enim
1921 919 2058 989 quod
2091 918 2346 986 sequitur.

1824 1012 1982 1065 Omne
2011 1013 2147 1078 quod
2185 1011 2272 1063 dat
2316 1009 2437 1063 mihi
2482 1007 2654 1074 Pater,
2684 1008 2751 1060 ad
2779 1023 2856 1060 me
2892 1007 3048 1061 veniet
3073 1022 3091 1059 .'
3122 1016 3169 1060 et
3195 1022 3312 1060 eum

1749 1103 1838 1172 qui
1858 1104 1986 1156 venit
2005 1103 2073 1154 ad
2092 1119 2168 1156 me
2191 1118 2287 1156 non
2307 1102 2506 1170 ejiciam
2529 1106 2684 1169 foras.
2709 1099 2875 1166 Quale
2900 1108 2982 1152 est
2998 1098 3122 1151 illud
3147 1098 3309 1164 intus,

1751 1194 1889 1249 unde
1921 1209 2024 1247 non
2052 1193 2223 1248 exitur
2255 1194 2426 1248 foras?
2457 1193 2696 1260 Magnum
2751 1191 3040 1259 penetrale,
3067 1199 3119 1242 et
3155 1188 3310 1241 dulce

1751 1295 2036 1339 secretum.
2081 1283 2124 1338 Ο
2163 1293 2423 1338 secretum
2464 1282 2580 1337 sine
2611 1281 2787 1344 taedio,
2821 1281 2934 1334 sine
2961 1278 3309 1332 amaritudine

1753 1375 2006 1428 malarum
2035 1375 2431 1442 cogitationum,
2462 1374 2576 1426 sine
2609 1371 3030 1440 interpellatione
3058 1369 3309 1422 teutatio-

1753 1481 1878 1521 num
1911 1475 1964 1519 et
1994 1466 2258 1519 dolorum.
2291 1465 2474 1518 Nonne
2520 1464 2648 1518 illud
2690 1472 2950 1517 secretum
2994 1471 3074 1514 est
3104 1473 3206 1527 qno
3237 1457 3311 1511 in-

1754 1559 1913 1613 trabit
1935 1559 2022 1613 ille
2050 1558 2131 1611 cui
2173 1558 2410 1612 dicturus
2436 1566 2517 1611 est
2544 1556 2681 1610 Deus
2714 1572 2725 1607 :
2756 1553 2918 1624 Euge,
2950 1568 3084 1606 serve
3112 1553 3237 1604 bone
3266 1559 3311 1604 et

1751 1649 1936 1719 ﬁdelis,
1966 1651 2098 1702 intra
2123 1650 2174 1702 in
2200 1649 2440 1718 gaudium
2470 1647 2674 1700 Domini
2703 1645 2777 1699 tui
2806 1644 3012 1714 (Matth.
3047 1641 3208 1708 xxv)?

1825 1738 1889 1793 Et
1933 1756 2046 1792 eum
2088 1742 2172 1809 qui
2202 1741 2359 1794 veniet
2387 1740 2453 1791 ad
2482 1755 2576 1802 me,
2622 1754 2719 1790 non
2757 1737 2952 1802 eiiciam
2983 1736 3152 1804 foras;
3195 1733 3312 1797 quia

1685 1810 1725 1869 Β
1755 1834 1990 1888 descendi
2019 1834 2080 1885 de
2105 1833 2226 1886 caelo
2252 1848 2349 1885 non
2387 1839 2439 1884 ut
2476 1831 2662 1900 faciam
2692 1829 2994 1882 oolunratent
3024 1841 3204 1886 meam,
3228 1826 3314 1877 sed

1753 1924 1863 1994 ejus
1888 1924 1977 1992 qui
2006 1924 2138 1976 misit
2164 1939 2260 1975 me.
2285 1922 2406 1974 Ideo
2428 1935 2552 1989 ergo
2573 1936 2686 1973 eum
2707 1920 2790 1985 qui
2814 1921 2969 1972 veniet
2991 1919 3056 1970 ad
3083 1934 3180 1977 me,
3213 1933 3314 1969 non

1756 2017 1953 2086 ejiciam
1980 2018 2139 2083 foras,
2156 2014 2272 2081 quia
2300 2012 2532 2065 descendi
2558 2012 2619 2062 de
2647 2012 2770 2064 caelo
2788 2015 3056 2078 natifacere
3082 2011 3310 2061 volunta-

1757 2117 1852 2162 tem
1876 2123 2058 2169 meam,
2093 2107 2179 2158 sed
2207 2104 2513 2157 voluntatem
2539 2105 2735 2172 ejusqui
2777 2119 2855 2154 me
2881 2105 3031 2156 misit.
3069 2102 3314 2169 Magnum

1755 2206 2142 2252 sacramentum
2174 2203 2278 2258 est,
2309 2197 2446 2263 quod
2469 2194 2541 2246 ait
2567 2209 2580 2246 ε
2613 2194 2708 2258 Qui
2726 2194 2855 2246 venit
2881 2194 2947 2244 ad
2974 2209 3068 2256 nte,
3095 2207 3193 2243 non
3224 2192 3316 2259 eji-

1754 2288 1887 2339 ciam
1917 2287 2072 2355 foras.
2101 2284 2324 2338 Causam
2354 2298 2476 2338 mox
2505 2286 2826 2352 subjungens
2853 2299 3017 2352 quare
3047 2284 3188 2337 foras
3210 2298 3314 2337 non

1753 2378 1974 2444 ejiceret
2015 2376 2079 2429 ad
2119 2390 2176 2430 se
2219 2376 2538 2438 venientem,
2582 2375 2630 2428 id
2679 2386 2757 2428 est
2790 2376 2839 2428 in
2885 2389 2942 2428 se
2985 2375 3312 2438 credentem,

1757 2466 1886 2520 dixit
1921 2483 1934 2520 :
1964 2465 2096 2530 Quia
2119 2482 2218 2520 non
2250 2467 2358 2519 veni
2384 2466 2548 2532 facere
2574 2467 2876 2519 voluntatem
2907 2482 3088 2530 meam,
3119 2469 3205 2519 sed
3233 2483 3316 2519 vo-

1760 2559 2000 2612 luntatem
2060 2561 2168 2628 ejus
2222 2559 2308 2626 qui
2361 2559 2493 2609 misit
2543 2574 2641 2611 me.
2695 2559 2822 2622 Quis
2861 2558 3066 2624 estqui
3107 2557 3316 2626 ejicitur

1761 2647 1899 2700 foras
1919 2646 1987 2699 de
2014 2646 2103 2699 illo
2131 2645 2271 2699 dulci
2301 2653 2355 2698 et
2378 2646 2690 2698 suavissimo
2728 2655 2955 2709 secreto,
2987 2661 3092 2714 quo
3123 2649 3316 2702 intrare

1759 2735 2065 2803 praecipitur
2110 2748 2296 2788 servus
2331 2735 2530 2788 faciens
2578 2735 2924 2789 voluntatem.
2952 2735 3151 2788 domini
3197 2739 3312 2798 sui,

1760 2825 1858 2878 nisi
1899 2815 2197 2893 superbus?
2245 2825 2344 2878 nisi
2380 2826 2556 2877 anima
2599 2824 2649 2878 itt
2701 2840 2760 2878 se
2802 2825 2914 2892 ipsa
2943 2826 3234 2890 confidens,
3264 2837 3320 2881 et

1761 2929 1874 2969 suae
1926 2915 2200 2984 potestatis
2251 2930 2371 2970 esse
2409 2915 2694 2983 quaerens?
2742 2915 2846 2970 Nec
2898 2932 3014 2972 eam
3065 2919 3315 2986 propheta

1763 3009 1964 3063 habens
1985 3009 2186 3064 diceret
2219 3027 2232 3062 :
2269 3009 2453 3063 Nonne
2496 3008 2599 3062 Deo
2643 3010 2817 3062 anima
2846 3027 2955 3062 mea
2997 3013 3221 3081 subjecta
3247 3023 3320 3065 est

1766 3099 1934 3169 (Psal.
1954 3100 2102 3168 ut)?
2128 3099 2315 3153 Anima
2339 3115 2462 3153 vero
2485 3114 2577 3165 per
2594 3100 2941 3154 humilitatem
2967 3100 3058 3154 Dei
3085 3104 3316 3170 subjecta

1765 3192 1969 3260 gratim,
2014 3207 2278 3259 nunquam
2319 3192 2525 3259 ejicitur
2566 3190 2727 3254 foras,
2776 3191 2869 3244 sed
2916 3192 3074 3245 intrat
3113 3193 3161 3246 iit
3192 3208 3320 3264 gau-

1765 3285 1905 3339 dium
1940 3284 2144 3337 Domini
2173 3285 2272 3336 sui.
2301 3283 2459 3353 Igitur
2482 3293 2540 3337 ut
2566 3297 2723 3338 causa
2749 3283 2982 3337 omnium
3015 3284 3318 3340 morborum

1765 3383 2058 3435 curaretur,
2090 3374 2138 3427 id
2167 3382 2248 3426 est
2280 3372 2544 3441 superbia,
2578 3373 2851 3426 descendit
2896 3382 2948 3424 et
2998 3373 3208 3427 humilis
3247 3375 3321 3426 ia-

1763 3473 1878 3516 ctus
1916 3473 1995 3516 est
2025 3462 2186 3515 Filius
2223 3461 2334 3515 Dei.
2377 3461 2513 3525 Quid
2538 3461 2782 3529 superbis
2816 3462 3000 3514 homo?
3041 3463 3175 3516 Deus
3203 3479 3322 3529 pro-

1768 3560 1882 3620 pter
1914 3561 1964 3604 te
2008 3551 2222 3604 humilis
2263 3551 2429 3604 faetus
2469 3559 2568 3605 est.
2601 3550 2828 3605 Puderet
2860 3561 2910 3605 te
2940 3551 3160 3606 fortasse
3199 3553 3314 3605 imi-

1768 3647 1864 3699 tari
1915 3645 2162 3699 humilem
2217 3644 2524 3708 hominem,
2571 3646 2756 3699 saltem
2814 3645 3018 3698 imitare
3072 3645 3319 3698 humilem

1768 3737 1954 3791 Deum.
1991 3737 2142 3791 Venit
2184 3737 2346 3791 Filius
2395 3737 2487 3790 Dei
2541 3737 2591 3789 in
2641 3737 2870 3801 homine,
2913 3747 2964 3790 et
3005 3737 3218 3790 humilis
3249 3737 3321 3789 fa—

1766 3837 1882 3880 ctus
1931 3836 2030 3880 est.
2086 3826 2392 3894 Prwcipitur
2443 3825 2537 3878 tibi
2584 3835 2638 3878 ιη
2682 3827 2754 3878 sis
2802 3826 3031 3890 humilis,
3077 3841 3180 3880 non
3230 3827 3319 3881 tibi

1766 3916 2069 3988 prmcipitur
2104 3927 2160 3970 ut
2190 3932 2252 3970 ex
2287 3917 2499 3970 homine
2523 3915 2615 3969 tias
2646 3931 2826 3984 pecus.
2859 3917 2947 3970 Ille
2979 3918 3112 3971 Deus
3155 3916 3322 3972 factus

1769 4016 1848 4059 est
1887 4007 2062 4069 homo,
2108 4017 2159 4058 tu
2211 4007 2368 4059 homo
2416 4021 2675 4075 cognosce
2719 4007 2839 4074 quia
2882 4023 2938 4060 es
2972 4010 3148 4062 homo.
3192 4009 3321 4064 Tota

1770 4092 2037 4147 humilitas
2068 4105 2151 4146 tua
2182 4104 2281 4160 est,
2317 4104 2372 4147 ut
2398 4109 2684 4163 cognoscas
2713 4105 2782 4147 te.
2815 4097 2949 4164 Ergo
2987 4099 3104 4164 quia
3153 4085 3323 4150 hunt’i-

1769 4185 1969 4238 Iitatem
2000 4185 2153 4238 docet
2185 4185 2341 4249 Deus,
2373 4185 2504 4238 dixit
2537 4203 2550 4239 :
2586 4185 2704 4238 Non
2738 4187 2844 4238 veni
2885 4187 3050 4254 facere
3094 4189 3323 4239 volunta-

1769 4283 1862 4326 tem
1893 4290 2072 4336 meam,
2097 4276 2183 4325 sed
2214 4275 2323 4341 ejus
2352 4275 2435 4342 qui
2461 4290 2535 4326 me
2557 4276 2688 4326 misit
2713 4275 2886 4340 (Joan.
2921 4278 3012 4337 vi).
3039 4277 3158 4328 lixae
3181 4277 3321 4328 enim

1767 4367 2158 4418 commendatio
2188 4365 2494 4418 humilitatis
2526 4377 2624 4418 est.
2668 4366 2917 4433 Superbia
2965 4369 3158 4434 quippe
3201 4369 3323 4422 facit

1690 4477 1742 4535 υ
1770 4456 2091 4508 voluntatem
2141 4471 2311 4519 suam,
2372 4456 2638 4510 humilitas
2678 4457 2802 4508 facit
2847 4458 3164 4509 voluntatem
3207 4457 3319 4510 Dei.

1771 4551 1894 4605 Ideo
1921 4553 2003 4619 qui
2025 4553 2092 4603 ad
2117 4568 2192 4604 me
2215 4552 2420 4614 venerit,
2447 4568 2546 4604 non
2571 4553 2768 4620 ejiciam
2793 4554 2950 4618 foras.
2977 4552 3180 4615 Quare?
3203 4553 3320 4618 quia

1770 4660 1868 4695 non
1899 4645 2008 4695 veni
2037 4646 2201 4708 facere
2229 4645 2528 4696 voluntatem
2553 4659 2732 4706 meam,
2767 4644 2853 4695 sed
2882 4644 3183 4695 voluntatem
3214 4645 3322 4712 ejus

1769 4733 1855 4799 qui
1884 4748 1963 4784 me
1990 4733 2143 4786 misit.
2175 4733 2397 4786 Humilis
2424 4735 2563 4798 veni,
2595 4731 2935 4792 humilitatem
2968 4734 3155 4787 docere
3178 4736 3318 4787 veni.

1770 4823 2010 4892 Magister
2039 4824 2345 4880 humilitatis
2374 4827 2509 4878 veni.
2557 4826 2653 4892 Qui
2698 4826 2760 4878 ad
2785 4841 2867 4879 me
2889 4827 3050 4886 venit,
3083 4827 3321 4892 incorpo-

1770 4925 1916 4968 ratur
1955 4917 2111 4980 mihi;
2143 4917 2230 4985 qui
2280 4917 2342 4968 ad
2387 4930 2470 4969 tne
2499 4916 2664 4983 venit,
2698 4916 2904 4968 humilis
2951 4916 3026 4968 ﬁt.
3059 4914 3153 4981 Qui
3194 4917 3321 4968 mihi

1769 5006 2024 5077 adhaeret,
2077 5009 2290 5062 humilis
2320 5009 2439 5072 erit,
2489 5008 2608 5075 quia
2654 5021 2753 5060 non
2804 5007 2956 5061 faciet
3001 4993 3320 5063 voluntatem

1769 5122 1941 5171 suam,
1959 5106 2047 5158 sed
2074 5104 2197 5165 Dei;
2225 5111 2275 5156 et
2303 5101 2420 5154 ideo
2443 5114 2544 5152 non
2567 5099 2802 5166 ejicietttr
2819 5099 2982 5160 foras;
3011 5098 3128 5166 quia
3155 5098 3317 5151 Adam

1769 5214 1887 5253 cum
1919 5197 2176 5264 superbus
2220 5201 2381 5254 esset,
2415 5193 2678 5258 proiectus
2707 5201 2785 5244 est
2816 5193 2951 5244 [oras
2985 5190 3158 5260 (Gene.
3190 5195 3270 5258 in)
3308 5209 3318 5241 :

1771 5292 2008 5345 Christus
2060 5302 2186 5342 vero
2240 5286 2448 5340 humilis
2504 5285 2702 5349 factus,
2744 5285 2994 5337 exaltatus
3052 5292 3120 5334 est
3175 5299 3324 5348 super

1771 5397 1916 5436 omne
1943 5397 2123 5433 nomen
2154 5380 2286 5446 quod
2317 5379 2602 5431 nominatur
2631 5378 2706 5430 vel
2743 5380 2794 5429 in
2837 5377 2980 5442 ccelo,
3013 5379 3085 5428 vel
3115 5377 3166 5428 in
3196 5385 3326 5427 terra

1772 5471 1986 5540 (Ep/tes.
2036 5473 2093 5534 t).
2143 5469 2240 5535 Qui
2286 5471 2468 5522 doctor
2496 5467 2803 5521 humilitatis
2837 5469 2978 5520 venit
3008 5482 3108 5520 non
3152 5467 3326 5521 facere

1770 5563 2090 5612 voluntatem
2129 5573 2314 5620 suam,
2363 5558 2453 5611 sed
2507 5559 2827 5611 voluntatem
2883 5560 2993 5624 ejus
3047 5559 3132 5624 qui
3191 5557 3328 5610 misit

1773 5651 1938 5705 illum.
1985 5649 2261 5702 Veniamus
2309 5650 2372 5701 ad
2418 5665 2558 5713 cum,
2593 5651 2844 5703 intremus
2885 5649 2946 5699 atl
2980 5664 3120 5711 eum,
3155 5648 3326 5699 incor-

1774 5754 2023 5809 porcmur
2047 5739 2115 5805 ei,
2143 5748 2309 5794 utnec
2337 5753 2430 5794 nos
2457 5739 2704 5794 iaciamus
2728 5738 3046 5792 voluntatem
3073 5744 3323 5798 nostram,

2907 5828 2981 5885 23
