3822 6226
513 370 614 425 715

510 490 603 538 sed
636 483 949 535 voluntatem
1001 479 1123 542 Dei;
1172 488 1223 532 et
1268 494 1369 532 non
1416 491 1512 531 nos
1549 475 1725 544 ejiciat
1754 474 1911 538 foras,
1937 473 2059 542 quia
2092 477 2133 531 Α

516 575 749 630 membra
779 571 893 640 ejus
920 586 1119 635 sumus,
1160 573 1277 639 quia
1318 579 1470 639 caput
1499 579 1732 622 nostrum
1760 581 1876 620 esse
1904 568 2065 618 voiuit

518 663 753 719 docendo
800 661 1164 716 humilitatem.
1212 659 1289 713 Ad
1340 674 1495 727 quem
1544 659 1723 713 venire
1760 671 1864 711 non
1892 653 2065 724 potest

520 756 617 810 nisi
667 754 918 816 Immitis,
970 769 997 807 a
1051 769 1155 822 quo
1202 768 1305 808 non
1362 748 1585 807 mittitur
1634 751 1775 806 foras
1828 750 1926 804 nisi
1976 764 2065 803 su-

513 850 725 917 perbus.

581 939 707 993 Harc
737 951 809 993 est
829 941 1055 992 voluntas
1083 938 1193 1007 ejus
1219 937 1306 1005 qui
1338 936 1469 989 misit
1490 951 1567 989 me
1594 934 1783 999 Patris,
1829 942 1884 986 ut
1914 947 2062 986 omne

508 1030 647 1099 quod
695 1029 832 1083 dedit
881 1028 1027 1091 mihi,
1076 1043 1173 1081 non
1206 1027 1409 1095 perdam
1437 1041 1498 1079 ex
1524 1040 1599 1078 eo.
1646 1025 1760 1091 Ipse
1806 1022 1881 1075 illi
1910 1021 2063 1075 datus

516 1130 616 1185 est,
646 1121 734 1191 qui
765 1130 942 1176 servat
986 1118 1364 1182 humilitatem,
1398 1116 1536 1170 hunc
1562 1113 1774 1182 accipit.
1808 1113 1908 1179 Qui
1950 1126 2055 1165 non

514 1223 700 1269 servat
742 1212 1091 1271 humilitatem
1113 1250 1128 1275 ,
1163 1209 1316 1279 longe
1346 1218 1425 1263 est
1454 1222 1481 1260 a
1506 1206 1761 1275 magistro
1792 1202 2061 1258 humilita-

508 1305 592 1358 tis.
630 1303 697 1358 Ut
722 1318 867 1356 omne
912 1302 1045 1371 quod
1094 1300 1231 1354 dedit
1280 1299 1423 1364 mihi,
1478 1314 1579 1350 non
1622 1297 1829 1367 perdam
1872 1311 1934 1349 ea:
1978 1311 2054 1348 eo.

509 1397 599 1451 Sic
654 1408 758 1450 non
799 1402 879 1447 est
928 1393 1166 1446 voluntas
1219 1390 1270 1443 iu
1317 1396 1603 1456 conspectu
1654 1387 1821 1441 Patris
1870 1386 2058 1453 vestri,

511 1496 566 1539 ut
624 1493 800 1551 pereat
858 1497 992 1537 unus
1044 1480 1111 1537 de
1164 1479 1365 1549 pusillis
1417 1479 1529 1533 istis
1564 1476 1801 1548 (Matth.
1853 1479 2056 1543 svnt).

512 1576 582 1628 De
640 1572 967 1629 tumentibus
1026 1579 1199 1639 potest
1272 1568 1481 1637 perire,
1533 1567 1600 1621 de
1657 1566 1858 1633 pusillis
1927 1564 2055 1618 nihil

510 1664 638 1733 perit
690 1682 701 1716 :
748 1665 867 1731 quia
931 1660 1027 1714 nisi
1084 1661 1277 1729 fueritis
1329 1659 1456 1711 sicut
1510 1655 1723 1728 pusillus
1778 1657 1904 1739 iste,
1959 1669 2056 1707 non

506 1756 754 1809 intrabitis
802 1755 853 1807 in
906 1767 1116 1823 regnum
1179 1750 1446 1814 castorum,
1520 1762 1666 1801 omne
1727 1746 1861 1814 quod
1916 1744 2053 1799 dedit

507 1846 628 1898 mihi
675 1842 847 1909 Pater,
897 1811 996 1895 non
1040 1842 1243 1910 perdant
1277 1856 1336 1893 ea:
1363 1854 1443 1904 eo,
1491 1839 1577 1891 sed
1614 1834 1919 1891 resuscitabo
1962 1811 2129 1905 egoB

503 1938 649 1989 illum
692 1936 743 1988 in
789 1933 1058 1987 novissimo
1101 1933 1181 1985 die
1210 1930 1387 2000 (Joan.
1435 1929 1529 2000 Vl).
1573 1928 1757 1983 Videte
1797 1928 2051 1995 quemad-

510 2028 721 2082 modum
751 2034 805 2080 et
851 2025 935 2079 hic
960 2023 1221 2093 geminam
1256 2023 1394 2075 illam
1422 2021 1870 2074 resurrectionem
1913 2017 2051 2072 deli-

510 2126 648 2171 nect.
701 2116 799 2182 Qui
849 2115 989 2168 venit
1036 2114 1100 2167 ad
1134 2126 1255 2177 me,
1286 2113 1461 2166 .modo
1508 2113 1774 2179 resurgit,
1837 2099 2052 2163 humilis

518 2210 686 2260 tactus
710 2207 759 2258 in
805 2204 1056 2259 membris
1082 2204 1211 2258 meis
1243 2219 1258 2258 :
1288 2206 1376 2257 sed
1404 2202 1704 2257 resuscitabo
1751 2217 1862 2255 eum
1881 2202 1934 2255 in
1960 2216 2053 2254 tto-

505 2299 703 2349 vissimo
733 2297 814 2348 die
837 2294 1128 2348 secundum
1170 2307 1402 2347 carnem.

572 2386 697 2440 Hac
725 2396 794 2439 est
823 2385 952 2439 enim
982 2384 1209 2437 voluntas
1240 2381 1407 2435 Patris
1444 2384 1540 2435 mei
1566 2383 1651 2450 qui
1700 2382 1832 2434 misit
1864 2397 1962 2444 me,
1998 2390 2053 2435 ut

508 2476 668 2528 omnis
690 2474 774 2540 qui
800 2475 927 2527 uidet
951 2471 1164 2535 Filium,
1200 2482 1245 2524 et
1270 2472 1425 2525 credit
1452 2471 1502 2525 in
1522 2486 1656 2534 eum,
1694 2470 1873 2524 habeat
1900 2472 2054 2523 vitam

503 2578 777 2619 teternam:
808 2573 852 2617 et
874 2578 964 2632 ego
994 2562 1291 2615 resuscitabo
1311 2576 1424 2614 eum
1450 2560 1501 2613 in
1522 2560 1790 2612 novissimo
1816 2559 1919 2613 die.
1950 2559 2056 2614 Su-

510 2656 687 2721 perius
716 2650 845 2705 dixit
870 2668 882 2704 :
912 2650 1062 2704 Audit
1091 2648 1288 2702 verbum
1311 2664 1494 2715 meum,
1526 2656 1570 2703 et
1597 2649 1682 2717 qui
1718 2648 1874 2700 credit
1902 2649 1947 2700 ei
1966 2649 2054 2717 qui

510 2743 644 2795 m'sit
668 2757 764 2795 me.
798 2740 951 2794 Modo
980 2748 1177 2803 autem,
1224 2738 1320 2804 Qui
1349 2737 1479 2792 uidet
1507 2735 1695 2790 Filium
1720 2745 1766 2790 et
1795 2738 1952 2790 credit
1998 2738 2052 2791 in

508 2849 641 2886 eum.
689 2832 800 2884 Non
836 2824 988 2894 dixit,
1022 2828 1175 2882 Videt
1207 2828 1415 2892 Filium,
1444 2837 1498 2881 et
1525 2827 1696 2882 credit
1738 2829 1791 2882 in
1814 2827 2050 2882 Patrem.

510 2922 620 2975 lloc
647 2931 727 2973 est
753 2918 893 2973 enim
923 2918 1139 2972 credere
1162 2917 1213 2971 in
1243 2916 1454 2980 Filium,
1476 2917 1617 2986 quod
1646 2924 1700 2971 et
1734 2916 1788 2971 in
1819 2916 2050 2981 Patrem,

506 3014 627 3081 quia
657 3013 782 3066 sicut
808 3011 951 3064 habet
991 3011 1145 3063 vitam
1172 3006 1327 3061 Pater
1354 3008 1407 3062 in
1430 3010 1715 3078 semetipso,
1746 3009 1819 3063 sic
1844 3008 1981 3062 dedit
2005 3014 2052 3060 et

509 3102 646 3154 Filio
674 3102 825 3154 vitam
864 3099 1043 3153 habere
1090 3099 1144 3152 in
1190 3098 1447 3167 semetipso
1473 3115 1485 3150 :
1516 3107 1569 3150 ut
1595 3097 1753 3149 omnis
1791 3098 1879 3165 qui
1917 3096 2049 3149 videt
2079 3134 2124 3198 ϐ

507 3193 741 3256 Filium,
792 3200 838 3245 et
888 3190 1043 3244 credit
1092 3192 1143 3243 in
1188 3207 1321 3255 eum,
1379 3190 1555 3242 habeat
1606 3192 1759 3242 vitam
1810 3198 2049 3241 trternam

512 3284 693 3353 (loan.
727 3284 784 3350 v)
816 3300 828 3335 :
856 3280 1141 3346 credendo,
1167 3279 1557 3334 ettranseundo
1582 3278 1647 3332 ad
1679 3280 1861 3343 vitam,
1893 3279 1943 3332 id
1973 3287 2055 3332 est

513 3375 731 3441 primam
765 3373 903 3425 illam
938 3370 1400 3425 resurrectionem.
1432 3369 1495 3421 Et
1524 3370 1641 3437 quia
1674 3383 1776 3422 non
1808 3377 1891 3422 est
1919 3368 2052 3433 sula,

508 3465 573 3519 Et
620 3462 922 3518 resuscitabo
978 3478 1113 3527 eum,
1158 3462 1357 3530 inquit,
1396 3462 1447 3512 in
1494 3442 1762 3513 novissimo
1811 3458 1912 3512 die.
1957 3456 2053 3512 Se-

508 3558 684 3625 quitur
710 3571 724 3609 :
1180 3606 1190 3620 ,

580 3644 690 3714 Ego
721 3660 831 3697 sum
861 3643 1009 3714 panis
1032 3642 1169 3696 vivus
1194 3643 1279 3711 qui
1296 3640 1355 3695 de
1376 3641 1496 3696 casto
1524 3641 1779 3695 descendi.
1812 3642 1934 3697 Ideo
1966 3657 2055 3709 pa-

512 3735 614 3801 nis,
634 3724 767 3801 quia
799 3732 932 3796 vita;
966 3739 1019 3785 et
1055 3732 1175 3784 ideo
1200 3729 1326 3796 vita,
1359 3731 1478 3797 quia
1509 3730 1574 3783 de
1596 3730 1731 3785 cmlo
1756 3730 2052 3794 descendit,

511 3825 719 3878 dicente
741 3823 875 3890 ipso,
908 3821 1015 3891 Ego
1036 3837 1144 3874 sunt
1169 3806 1266 3884 via,
1291 3822 1471 3874 veritas
1506 3830 1551 3874 et
1576 3822 1676 3874 vita
1707 3821 1883 3887 (Joan.
1914 3836 2051 3891 xiv).

516 3914 605 3968 Ille
644 3922 725 3968 est
762 3912 907 3981 panis
951 3909 1487 3979 supersubstautialis,
1518 3912 1606 3979 qui
1654 3921 1707 3965 ut
1759 3912 1912 3966 nobis
1958 3912 2052 3966 de-

512 4015 615 4069 tur,
658 4001 889 4072 quotidie
937 4000 1206 4069 deprecari
1234 3999 1476 4068 iubemur
1516 3998 1740 4065 (Matth.
1785 3998 1895 4069 vt).
1920 3999 2052 4054 Cum

515 4094 767 4147 Dominus
798 4099 973 4146 noster
1004 4090 1158 4145 Jesus
1186 4090 1427 4145 (Ebrietas
1458 4104 1645 4158 panem
1673 4104 1731 4143 se
1756 4088 1964 4144 dicebat
1989 4089 2054 4143 de

510 4181 645 4236 ςωιο
676 4180 1037 4235 descendisse.

581 4271 1015 4324 Murnturaverunt
1038 4268 1230 4336 Judtei,
1272 4280 1313 4321 et
1341 4271 1567 4322 dixerunt
1599 4285 1614 4323 :
1640 4268 1828 4324 Nonne
1855 4270 1936 4322 hic
1980 4279 2052 4323 est

511 4362 658 4416 Jesus
687 4360 823 4428 ﬁlius
843 4358 1032 4428 Joseph
1054 4398 1068 4423 ,
1110 4361 1256 4426 cujus
1278 4374 1367 4411 nos
1397 4359 1619 4410 novimus
1642 4368 1830 4427 patrem
1862 4367 1907 4410 et
1945 4374 2052 4413 ma-

938 361 1133 418 BEDAZ
1178 360 1610 417 VENERABILIS
1648 362 1791 416 OI‘P.
1840 360 2009 416 PARS
2045 359 2107 415 ll.
2149 359 2333 415 SI'ICT.
2380 361 2509 414 l.—
2546 360 2926 417 EXECETICA
2969 362 3287 423 GENUINA.

3592 368 3681 421 Ὴϐ

2234 472 2406 524 Nolite
2446 488 2757 525 murmurare
2788 474 2995 526 invicem
3021 488 3040 527 :
3078 472 3243 528 Nemo
3272 482 3429 543 potest
3458 479 3609 529 uenire
3631 485 3685 530 att

2163 578 2259 625 me,
2293 563 2388 615 nisi
2422 562 2573 615 Pater
2598 562 2683 630 qui
2718 562 2851 614 misit
2886 575 2983 628 me,
3014 564 3275 616 attraxerit
3295 580 3432 619 eum.
3480 566 3561 619 Ille
3604 583 3686 621 ve-

2164 653 2261 714 nit,
2295 668 2453 721 quem
2489 653 2653 720 gratia
2702 653 2793 707 Dei
2825 653 3104 722 praevenit;
3154 654 3240 707 cui
3279 670 3401 709 cum
3454 656 3688 725 Propheta

2162 741 2420 804 dicamus,
2449 740 2804 795 Misericordia
2831 744 2943 811 ejus
2981 742 3249 810 pratt'eniet
3270 758 3366 795 me.
3400 744 3462 797 Et
3484 745 3688 803 iterum:

2166 830 2519 885 Misericordia
2547 832 2658 901 ejus
2686 830 3008 897 subsequetur
3046 846 3122 899 nte
3159 829 3326 901 (Psat.
3368 836 3515 893 san).
3564 835 3689 888 Prat-

2164 922 2310 976 venit
2339 922 2494 986 velle,
2547 922 2885 990 subsequitur
2931 922 3205 991 perficere.
3247 921 3423 976 Trahit
3468 924 3609 978 Pater
3634 928 3687 979 ad

2161 1010 2356 1068 Filium
2401 1028 2495 1069 eos
2524 1014 2610 1082 qui
2660 1024 2940 1082 propterea
2986 1015 3211 1069 credunt
3242 1017 3293 1068 in
3326 1015 3529 1081 Filium,
3580 1022 3685 1087 quia

2160 1116 2281 1157 eum
2311 1103 2537 1172 cogitant
2568 1104 2773 1157 Patrem
2807 1104 3000 1158 habere
3031 1105 3217 1159 Deum.
3253 1105 3390 1161 Deus
3419 1109 3552 1161 enim
3601 1111 3686 1162 Pa-

2164 1200 2242 1246 ter
2274 1192 2530 1262 aequalem
2573 1193 2671 1247 sibi
2717 1193 2906 1261 genuit
2948 1192 3133 1246 Filium
3165 1211 3181 1249 :
3208 1204 3259 1249 et
3296 1198 3381 1263 qui
3413 1198 3598 1266 cogitat
3625 1212 3689 1249 at-

2162 1296 2266 1351 que
2293 1282 2344 1336 in
2373 1282 2475 1337 (ide
2499 1296 2592 1337 sua
2622 1282 2782 1337 sentit
2809 1292 2862 1336 et
2891 1285 3123 1336 ruminat
3164 1286 3419 1351 aequalem
3467 1301 3577 1342 esse
3607 1289 3686 1341 Pa-

2162 1373 2227 1425 tri
2276 1388 2394 1427 eum
2447 1375 2498 1428 in
2525 1389 2679 1443 quem
2732 1373 2978 1438 credidit,
3026 1374 3195 1443 ipsum
3250 1374 3405 1429 Pater
3464 1380 3681 1432 trahitad

2162 1460 2371 1515 Filium.
2424 1462 2520 1527 Qui
2563 1465 2702 1518 enim
2748 1463 2815 1518 de
2854 1462 3064 1517 Christo
3108 1464 3254 1530 dicit,
3286 1463 3400 1519 Non
3445 1477 3525 1519 est
3562 1468 3685 1522 Deus

2160 1566 2335 1616 verus,
2371 1568 2473 1606 non
2506 1554 2668 1608 trahit
2696 1567 2817 1607 eum
2852 1553 3026 1619 Pater,
3058 1554 3149 1609 sed
3181 1569 3431 1623 perversa
3461 1559 3685 1627 cogitatio

2161 1644 2319 1695 trahit
2347 1658 2468 1699 eum
2498 1644 2710 1698 veritati
2752 1660 2869 1705 non
2901 1648 3224 1700 consentire.
3259 1647 3350 1701 llle
3394 1656 3584 1701 tractus
3620 1662 3687 1703 est

2158 1749 2184 1786 a
2234 1734 2418 1799 Patre,
2458 1736 2544 1804 qui
2594 1736 2667 1789 ait
2704 1734 2829 1790 :Tu
2882 1751 2934 1788 es
2987 1734 3025 1789 (ἰ
3063 1736 3212 1789 ristus
3262 1733 3427 1790 Filius
3479 1736 3567 1790 Dei
3609 1740 3687 1791 rin‘

2158 1821 2361 1889 (Matth.
2392 1826 2523 1892 xvi).
2553 1824 2645 1879 Cui
2692 1825 2947 1880 Dominus
2975 1826 3162 1895 inquit,
3192 1824 3377 1881 Beatus
3416 1844 3486 1891 es,
3527 1828 3686 1885 Simon

2156 1911 2257 1963 Bar
2282 1910 2433 1981 Jona,
2476 1915 2595 1983 quia
2630 1931 2747 1967 raro
2772 1924 2819 1969 et
2858 1916 3063 1984 sanguis
3086 1932 3184 1969 non
3212 1918 3443 1971 rescidit
3469 1918 3572 1983 tibi,
3614 1926 3686 1973 sed

2156 2002 2310 2058 Pater
2327 2020 2465 2057 meus
2494 2007 2577 2074 qui
2606 2007 2654 2058 in
2685 2008 2825 2060 caelis
2854 2016 2925 2059 est
2948 2004 3155 2077 (1ὁὶι1.).
3176 2008 3277 2060 Ista
3309 2000 3558 2063 revelatio
3586 2012 3680 2079 ipsa

2158 2104 2236 2148 est
2275 2105 2366 2149 att;
2381 2098 2535 2149 actio.
2591 2095 2722 2151 Dum
2763 2098 2906 2150 enim
2937 2097 3073 2150 dixit
3103 2113 3116 2149 :
3146 2096 3312 2151 Nemo
3341 2110 3501 2167 potest
3543 2103 3686 2153 venirt

2156 2187 2221 2237 ad
2245 2201 2339 2249 me,
2396 2186 2493 2239 nisi
2524 2186 2679 2239 Pater
2700 2188 2787 2255 qui
2815 2172 2951 2241 misit
2978 2203 3075 2251 me,
3100 2190 3366 2241 attraxerit
3415 2204 3543 2251 eum,
3576 2205 3686 2242 con-

2158 2274 2305 2327 tinuo
2333 2274 2625 2343 subjunxit,
2662 2275 2726 2329 Et
2754 2292 2844 2346 ego
2873 2277 3180 2330 resuscitabo
3206 2292 3319 2330 eum
3359 2282 3409 2331 in
3439 2282 3683 2333 twsissimo

2155 2365 2258 2417 die.
2283 2365 2521 2419 Reddam
2549 2366 2687 2434 quod
2728 2375 2925 2434 sperat,
2961 2366 3166 2421 videbit
3211 2368 3351 2437 quod
3400 2367 3566 2421 adhuc
3594 2386 3679 2423 nun

2157 2452 2385 2507 videndo
2412 2454 2654 2508 credidit.
2688 2453 3031 2509 Manducabit
3050 2455 3190 2523 quod
3218 2454 3405 2522 esurit,
3427 2456 3679 2509 satiabitur

2157 2558 2221 2597 eo
2265 2544 2403 2612 quod
2456 2545 2587 2597 sitit.
2633 2544 2766 2599 Ubi?
2817 2544 2871 2598 ln
2915 2545 3306 2600 resurrectiOne
3352 2555 3681 2613 mortuorum,

2156 2634 2272 2703 quia
2305 2649 2395 2703 ego
2424 2635 2724 2688 resuscitabo
2754 2652 2866 2689 eum
2890 2636 2943 2688 in
2969 2636 3241 2689 novissimo
3265 2636 3366 2689 die.

2224 2726 2481 2797 Scriptum
2510 2736 2580 2781 est
2607 2728 2803 2780 enimin
2812 2727 3177 2795 prophetis:Et
3191 2738 3328 2780 erunt
3372 2746 3535 2782 omnes
3560 2735 3681 2783 dori-

2156 2817 2275 2870 biles
2308 2815 2419 2869 Dei.
2450 2817 2624 2882 Quare
2655 2820 2753 2870 hoc
2782 2816 2950 2870 dixit?
2977 2816 3021 2870 Ο
3046 2816 3237 2883 Judtei,
3284 2816 3439 2873 Pater
3468 2835 3556 2871 vos
3595 2835 3681 2873 ιςοη

2156 2906 2333 2960 docuit
2353 2906 2616 2976 quomodo
2639 2907 2853 2975 potestis
2877 2920 2961 2961 me
2982 2908 3334 2975 cognoscere?
3360 2907 3536 2963 Omnes
3559 2912 3682 2977 regni

2158 2996 2295 3050 illius
2320 2994 2559 3049 homines
2588 2995 2826 3049 docibites
2857 2995 2949 3048 Dei
2973 3004 3138 3050 erunt.
3174 2997 3287 3051 Non
3313 3000 3380 3050 ab
3410 2997 3682 3051 hominibus

2156 3087 2406 3141 audient:
2439 3097 2491 3142 et
2539 3088 2583 3141 si
2626 3089 2693 3140 ab
2730 3089 3027 3142 hominibus
3053 3089 3289 3153 audiunt,
3351 3098 3521 3143 tamen
3564 3092 3682 3157 quod

2156 3176 2451 3245 intelligunt
2481 3177 2619 3230 intus
2648 3176 2823 3241 datur,
2870 3177 3012 3231 intus
3037 3187 3300 3244 coruscat,
3333 3178 3471 3231 intus
3500 3181 3681 3231 revela-

2156 3275 2255 3319 tur.
2301 3266 2551 3320 llomines
2589 3266 2717 3319 foris
2759 3265 2977 3320 verbum
3018 3279 3207 3321 sonare
3247 3278 3483 3335 possunt,
3521 3270 3604 3322 sed
3641 3269 3681 3320 iu

2155 3369 2345 3408 vanum
2398 3355 2658 3417 laborant,
2719 3352 2819 3406 nisi
2875 3354 3015 3407 intus
3066 3354 3204 3407 Deus
3256 3355 3452 3409 docens
3504 3358 3682 3420 aperiat

2153 3460 2359 3501 sensus.
2392 3446 2482 3500 Ille
2513 3456 2595 3500 est
2624 3445 2714 3500 Dei
2751 3446 3013 3512 docibilis,
3045 3462 3201 3515 quem
3231 3447 3370 3503 Deus
3401 3448 3537 3501 intus
3567 3447 3682 3500 veri-

2157 3538 2279 3593 tatis
2306 3538 2519 3592 instruit
2548 3538 2813 3608 agnitione
2840 3547 2894 3591 et
2922 3553 3120 3593 amore.

2228 3628 2401 3682 Omnis
2438 3629 2523 3698 qui
2563 3630 2704 3682 audit
2746 3645 2777 3682 a
2827 3627 2999 3694 Patre,
3030 3638 3076 3681 et
3122 3629 3314 3694 didicit,
3349 3630 3478 3683 venit
3511 3630 3573 3679 ad
3601 3644 3680 3677 me.

2155 3723 2428 3789 Quomodo
2453 3722 2613 3778 trahit
2634 3721 2827 3777 Pater?
2857 3722 3100 3776 Docendo
3129 3722 3377 3787 delectat,
3402 3738 3501 3775 non
3530 3735 3680 3775 neces

2154 3815 2310 3869 sitate
2358 3815 2596 3884 cogendo
2646 3831 2659 3869 :
2703 3816 2822 3883 quia
2866 3828 3020 3869 nemo
3049 3816 3359 3868 necesitate
3397 3815 3576 3876 credit,
3603 3814 3677 3865 sed

2157 3906 2447 3961 voluntate.
2480 3906 2643 3961 Filius
2672 3905 2915 3970 docebat,
2966 3904 3122 3957 Pater
3150 3903 3401 3967 docebat;
3437 3905 3585 3956 homo
3608 3903 3680 3970 qui

2156 3996 2453 4061 videbatur,
2478 3998 2805 4064 loquebatur,
2828 3995 2917 4050 sed
2944 4004 2999 4048 ut
3023 3994 3160 4048 Deus
3183 3995 3234 4048 in
3258 3994 3419 4048 corde
3449 3993 3681 4046 audientis

2155 4087 2380 4141 interius
2405 4087 2649 4142 docebat.
2680 4086 2804 4140 Ideo
2831 4083 3100 4153 subiunxit
3131 4101 3147 4139 :

2230 4178 2347 4233 Non
2393 4180 2513 4247 quia
2554 4177 2757 4231 Patrem
2805 4178 2929 4231 vidit
2958 4178 3223 4248 quisquam
3248 4213 3265 4238 ,
3300 4177 3399 4231 nisi
3428 4179 3468 4230 is
3511 4177 3591 4245 qui
3624 4182 3681 4230 es!

2154 4288 2185 4323 a
2218 4269 2341 4335 Deo,
2373 4270 2454 4323 hic
2494 4270 2613 4324 vidit
2660 4269 2887 4325 Patrem.
2935 4271 3042 4340 Ego
3072 4285 3185 4325 sunt
3227 4285 3257 4325 a
3302 4270 3475 4335 Patre,
3508 4280 3560 4325 et
3585 4270 3682 4325 ideo

2157 4361 2362 4414 Patrem
2394 4361 2565 4415 video.
2615 4362 2750 4427 Quid
2787 4372 2866 4415 eet
2896 4360 3073 4415 doceri
3123 4377 3151 4414 a
3194 4361 3364 4427 Patre,
3396 4362 3495 4415 nisi
3523 4360 3683 4414 audire

512 4454 679 4508 trem?
702 4454 945 4521 quomodo
971 4468 1086 4520 ergo
1117 4452 1236 4504 dicit
1255 4451 1373 4519 quia
1398 4452 1456 4505 de
1480 4453 1600 4505 ctelo
1622 4452 1915 4505 descendit?
1936 4452 2054 4508 Ideo
2083 4477 2133 4537 ι)
2161 4454 2376 4508 verbum
2404 4453 2592 4514 Patris,
2638 4453 2685 4506 id
2736 4464 2813 4505 est
2842 4454 2964 4506 me?
2992 4452 3065 4506 Ne
3106 4452 3243 4507 forte
3283 4468 3411 4521 ergo
3441 4468 3555 4506 cum
3582 4454 3682 4505 dico

513 4542 932 4606 murmurabant,
962 4542 1083 4609 quia
1125 4542 1261 4593 hunc
1291 4555 1476 4609 panem
1514 4556 1619 4595 non
1671 4541 2053 4611 intelligebant,

514 4637 652 4688 hunc
679 4647 865 4703 panem
902 4648 1003 4684 non
1032 4632 1348 4698 esuriebant,
1394 4633 1532 4685 hunc
1565 4647 1749 4700 panem
1782 4649 1884 4688 nou
1913 4650 2058 4690 ama-

514 4724 671 4787 bant;
705 4738 821 4776 uam
870 4722 913 4775 si
944 4730 1202 4784 amarent,
1254 4722 1429 4789 utique
1474 4736 1579 4776 non
1623 4734 2054 4780 murmurarent:

514 4813 636 4868 ideo
667 4828 694 4865 a
729 4826 859 4880 pane
904 4811 1106 4865 caelesti
1152 4811 1307 4879 longe
1352 4820 1539 4875 erant,
1583 4828 1681 4868 nec
1708 4829 1827 4868 eum
1856 4817 2061 4871 esurire

513 4912 791 4969 noverant,
839 4904 959 4969 quia
1000 4902 1173 4955 fauces
1220 4900 1398 4954 cordis
1448 4901 1723 4971 languidas
1772 4905 2055 4961 habebant.

521 4997 748 5050 Auribus
772 4997 971 5064 apertis
997 4993 1146 5047 surdi
1174 5003 1343 5047 erant.
1383 4992 1659 5057 Videbant,
1692 5004 1745 5049 et
1780 4998 1910 5051 caeci
1942 5006 2055 5051 sta-

515 5085 658 5137 bunt.
713 5085 867 5137 Panis
898 5087 1092 5153 quippe
1139 5084 1239 5138 iste
1285 5082 1554 5137 interioris
1610 5083 1839 5153 hominis
1869 5089 2060 5155 quaerit

515 5174 758 5227 esuriem.
787 5172 937 5227 Unde
968 5175 1068 5225 alio
1098 5174 1213 5226 loco
1251 5174 1396 5235 dicit,
1448 5172 1589 5225 Beati
1629 5174 1715 5240 qui
1761 5176 1986 5227 esuriant
2014 5184 2059 5228 et

517 5266 975 5334 sitiuntjustitiam,
1000 5267 1233 5331 quoniam
1251 5267 1348 5333 ipsi
1367 5264 1720 5317 saturabuntur
1748 5265 1958 5331 (Matth.
1978 5269 2056 5334 v).

517 5360 786 5420 Dixerunt,
840 5354 998 5423 Cujus
1050 5356 1277 5409 novimus
1331 5366 1523 5421 patrem
1574 5362 1617 5406 et
1667 5365 1895 5407 matrem.
1955 5355 2061 5407 Mi-

516 5458 647 5499 trem
701 5444 938 5499 sciebant
997 5454 1282 5500 terrenam.
1332 5445 1535 5498 Patrem
1596 5444 1901 5498 nesciebant
1955 5458 2061 5498 ete-

516 5539 720 5601 lestem,
762 5539 910 5605 quia
963 5537 1113 5590 Patre
1162 5537 1363 5591 cmlesti
1410 5538 1617 5590 attracti
1664 5552 1770 5590 non
1818 5536 2059 5601 fuerant;

515 5628 649 5690 quod
698 5642 817 5681 mox
870 5628 979 5696 ipse
1022 5627 1270 5683 Dominus
1310 5629 1556 5695 sequenti
1604 5629 1767 5684 verbo
1806 5627 2057 5695 innotuit,

514 5718 719 5774 dicetis:

2161 4544 2324 4606 vobis,
2380 4541 2555 4595 Omnis
2602 4542 2687 4609 qui
2736 4542 2878 4595 audit
2919 4558 2947 4593 a
2998 4540 3162 4605 Patre,
3199 4552 3243 4595 et
3293 4542 3492 4605 didicit,
3523 4544 3681 4595 dicatis

2157 4635 2295 4702 apud
2344 4647 2456 4699 vos,
2491 4633 2594 4687 Sed
2622 4648 2888 4700 nunquatn
2923 4632 3144 4686 vidimus
3175 4632 3405 4697 Patrem,
3446 4634 3683 4701 quomodo

2158 4741 2283 4792 ergo
2330 4725 2535 4779 discere
2580 4726 2842 4792 potuimus
2866 4739 2893 4776 a
2942 4725 3136 4779 Patre?
3162 4730 3201 4778 A
3240 4740 3323 4778 me
3353 4726 3469 4791 ipso
3495 4725 3679 4777 audite:

2162 4834 2263 4872 non
2292 4820 2411 4884 quia
2441 4816 2649 4873 Patrem
2682 4818 2809 4870 vitlit
2840 4818 3149 4885 quiSquam;
3179 4816 3274 4870 sed
3304 4816 3387 4884 qui
3416 4828 3497 4870 est
3521 4832 3545 4867 a
3577 4816 3680 4874 Deo.

2160 4906 2245 4961 hic
2292 4907 2418 4961 vidit
2470 4908 2707 4962 Patrem.
2764 4907 2872 4973 Ego
2902 4908 3020 4961 novi
3079 4906 3315 4968 Patrem;
3357 4907 3423 4959 ab
3455 4908 3539 4959 illo
3567 4922 3679 4958 sum.

2160 4998 2261 5051 Sed
2289 4998 2584 5067 quomodo?
2629 4997 2861 5051 Verbum
2904 4999 2969 5050 ab
3014 4998 3124 5063 illo,
3174 4999 3324 5064 cujus
3356 5008 3437 5052 est
3469 4998 3681 5057 verbum,

2163 5107 2264 5144 non
2304 5092 2441 5160 quod
2472 5100 2625 5145 sonat
2664 5102 2716 5145 et
2748 5092 2955 5156 transit,
2988 5088 3079 5143 sed
3113 5090 3249 5158 quod
3279 5102 3459 5145 manet
3484 5091 3678 5149 dicente.

2160 5190 2211 5235 et
2237 5182 2391 5235 trahit
2414 5182 2732 5234 audientem.

2231 5273 2385 5325 Amen
2403 5288 2546 5324 amen
2575 5272 2684 5323 dicu
2710 5272 2865 5337 vobis,
2892 5272 2977 5341 qui
2997 5272 3151 5324 credit
3181 5273 3232 5324 in
3269 5288 3367 5333 me,
3395 5271 3541 5323 habet
3560 5271 3682 5322 vitam

2159 5373 2413 5416 aeternam.
2463 5363 2717 5417 Revelare
2763 5378 2821 5418 se
2865 5365 3025 5417 voluit
3054 5364 3175 5431 quid
3205 5372 3386 5427 esset;
3422 5379 3540 5415 nam
3566 5376 3684 5415 com-

2161 5456 2351 5523 pendio
2382 5456 2560 5510 dicere
2602 5457 2791 5524 potuit,
2824 5456 2922 5521 Qui
2954 5458 3121 5511 credit
3167 5458 3217 5509 in
3262 5472 3365 5521 me,
3403 5458 3557 5511 habet
3599 5469 3681 5507 me.

2162 5544 2272 5613 Ipse
2302 5547 2439 5599 enim
2486 5546 2731 5601 Christus
2778 5562 2934 5599 verus
2964 5558 3041 5600 est
3090 5546 3247 5609 Deus,
3278 5558 3331 5602 et
3363 5548 3469 5601 vita
3498 5559 3683 5599 :rterna.

2158 5636 2257 5701 Qui
2302 5650 2428 5703 ergo
2455 5636 2620 5689 credit
2654 5636 2702 5688 itt
2732 5650 2837 5698 me,
2872 5636 3055 5703 inquit,
3090 5636 3232 5689 venit
3276 5637 3339 5689 ad
3387 5653 3502 5697 me;
3529 5645 3576 5688 et
3618 5634 3685 5699 qui

2160 5726 2299 5779 venit
2340 5727 2401 5779 ad
2436 5742 2537 5792 lllt‘,
2574 5727 2729 5781 habet
2761 5740 2864 5779 me.
2901 5725 3031 5792 Quid
3057 5734 3137 5781 est
3166 5739 3339 5781 autem
3375 5726 3567 5781 habere
3595 5724 3683 5777 me?
