3822 6226
136 409 217 465 7l7
1010 401 1073 456 IN
1115 401 1172 458 S.
1210 397 1491 460 δολίως
1532 396 1981 461 ενΑΝςεωωι
2015 398 2402 459 ΕΧΡΟΞΙΤΙΟ.

3215 408 3319 465 718

132 525 293 577 habere
355 527 508 574 vrtam
565 525 841 574 aeternam.
910 514 1131 570 Mortem
1203 513 1490 581 assmupit
1537 514 1644 568 vita
1675 512 1723 575 Α
1753 524 1941 580 pauent
1962 511 2217 566 carnem?
2246 509 2469 564 Vocatur
2487 521 2632 578 caro,
2665 508 2803 578 quod
2835 523 2938 564 non
2969 511 3107 580 capit
3138 527 3266 568 caro
3292 533 3310 573 :

134 625 313 675 aeterna,
336 611 463 665 mori
488 609 694 673 voluit;
735 607 827 662 sed
855 608 921 660 de
948 615 1060 672 tuo,
1092 605 1272 671 homo,
1306 616 1414 665 non
1441 604 1508 659 de
1533 618 1650 658 suo.

132 704 314 774 Accepit
337 719 364 756 ο
395 711 468 768 te,
491 699 637 756 unde
660 709 955 754 moreretur
978 711 1074 766 pro
1100 707 1174 753 te.
1204 699 1502 768 Assumpsit
1525 711 1655 768 ergo

133 801 214 852 vita
238 806 467 858 mortem,
492 803 548 845 ut
577 792 683 847 vita
711 791 978 847 occideret
1004 799 1251 845 mortem.
1280 790 1409 845 Nam
1430 789 1518 860 qui
1541 805 1657 845 cre-

132 890 210 953 dit,
248 885 423 956 inquit,
469 884 630 938 habet
657 885 817 938 vitam
857 891 1127 946 aeternam,
1164 896 1266 935 non
1318 884 1456 950 quod
1489 889 1654 950 patet,

132 979 206 1033 sed
233 976 356 1046 quod
383 979 529 1029 latet.
563 974 680 1028 Vita
708 975 852 1027 enim
882 986 1082 1027 aeterna
1119 971 1274 1027 Verbi
1305 972 1358 1026 in
1401 971 1586 1040 princit
1608 970 1660 1024 io

133 1079 224 1122 erat
246 1066 366 1134 apud
417 1066 604 1130 Deum,
637 1072 691 1119 et
736 1064 875 1118 Deus
905 1074 1016 1117 erat
1047 1063 1296 1129 Verbum,
1331 1070 1386 1117 et
1424 1072 1540 1117 erat
1571 1062 1657 1115 lux

133 1163 219 1215 vita
261 1160 522 1213 hominum
569 1156 756 1228 (Joan:
803 1158 864 1227 ι).
895 1157 1021 1211 Mori
1053 1157 1220 1223 venit,
1249 1155 1340 1211 sed
1389 1155 1475 1210 die
1506 1156 1660 1211 tertia

133 1251 398 1306 resurrexit.

165 1338 285 1410 .Ego
302 1353 425 1400 sum,
458 1337 645 1406 inquit,
673 1339 818 1406 panis
854 1338 988 1391 vita.
1025 1336 1090 1391 Et
1117 1336 1258 1390 unde
1285 1336 1357 1390 illi
1387 1337 1660 1404 superbie-

131 1435 264 1489 bant?
293 1431 488 1497 Patres,
539 1432 732 1500 inquit,
774 1433 926 1486 uestri
971 1432 1403 1486 manducauerunt
1445 1448 1658 1499 manna,

131 1539 170 1581 et
194 1527 358 1580 mortui
380 1537 521 1580 sunt.
543 1526 717 1593 Quare
735 1526 1185 1580 manducaverunt
1211 1533 1264 1579 et
1286 1526 1476 1579 mortui
1499 1525 1662 1580 sunt?

131 1616 240 1682 Quia
264 1617 391 1685 quod
426 1615 696 1684 videbant,
725 1616 1052 1681 credebant;
1082 1615 1222 1685 quod
1253 1631 1361 1670 non
1389 1616 1658 1681 videbant,

132 1724 219 1762 non
262 1706 640 1776 intelligebant.
693 1705 816 1761 Ideo
864 1717 1039 1773 patres
1089 1706 1272 1772 vestri,
1305 1705 1425 1776 quia
1457 1706 1661 1760 similes

129 1801 237 1854 estis
277 1800 504 1856 illorum.
534 1799 988 1854 Manducaverunt
1015 1800 1242 1870 Moyses,
1305 1809 1357 1852 et
1383 1800 1581 1862 Aaron,
1607 1804 1663 1852 et

1753 613 1804 655 et
1832 601 1952 659 ideo
1975 600 2142 671 magis
2167 613 2272 653 non
2299 599 2437 668 capit
2461 600 2741 669 caro,quia
2771 607 2984 654 vocatur
3006 616 3131 655 caro
3165 645 3178 658 .
3213 603 3315 659 hoc

1754 696 1892 748 enim
1921 693 2332 756 exhorruerunt,
2367 691 2466 746 hoc
2497 692 2867 749 adsimulatum
2897 708 3015 748 esse
3041 695 3308 765 dixerunt,

1758 785 1855 839 hoc
1893 801 1994 838 non
2025 798 2179 853 posse
2211 783 2323 838 ﬁeri
2349 791 2681 850 putaverunt.
2717 784 2846 837 Caro
2870 801 2976 847 mea
3001 797 3092 849 est,
3119 787 3308 858 inquit,

1756 893 1846 945 pro
1876 877 2050 931 mundi
2078 878 2199 930 uita.
2223 875 2426 930 Norunt
2457 875 2636 928 lideics
2661 890 2852 942 corpus
2883 878 3098 938 Christi,
3126 881 3168 933 si
3195 896 3315 936 cor—

1761 984 1853 1036 pus
1875 968 2068 1023 Christi
2099 981 2325 1022 essenon
2343 967 2647 1036 negligunt;
2675 967 2798 1020 ﬁant
2818 982 3007 1036 corpus
3030 969 3246 1034 Curisti,
3273 975 3319 1026 si

1759 1060 1941 1112 voluttl
1973 1060 2161 1113 vivere.
2182 1058 2245 1112 de
2278 1058 2480 1125 Spiritu
2523 1059 2740 1112 Christi.
2786 1061 2857 1113 De
2890 1061 3088 1128 Spiritu
3122 1063 3323 1118 Christi

1761 1163 1863 1202 non
1895 1149 2039 1214 vivit,
2072 1150 2171 1202 nisi
2215 1163 2407 1218 corpus
2438 1149 2653 1204 Christi.
2705 1149 2953 1218 Quisquis
2982 1153 3158 1208 vivere
3189 1157 3321 1220 vult,

1757 1240 1940 1294 credat
1973 1241 2022 1294 in
2055 1239 2347 1307 Christum,
2380 1242 2662 1297 manducet
2693 1243 3038 1312 spiritualiter
3076 1247 3324 1315 spiritua-

1760 1330 1863 1383 lem
1890 1330 2084 1383 cibum.
2116 1331 2485 1399 lncorporetur
2527 1335 2736 1404 corpori
2770 1335 2993 1400 Christi,
3021 1346 3074 1392 et
3103 1354 3206 1392 non
3256 1340 3328 1393 sit

1762 1421 2027 1488 putridum
2074 1423 2390 1493 membrum,
2442 1425 2581 1493 quod
2631 1427 2860 1481 resecari
2912 1439 3179 1483 mereatur
3215 1449 3227 1482 :
3260 1431 3328 1484 sit

1763 1513 2066 1592 pulchrum,
2096 1516 2165 1569 sit
2193 1530 2401 1579 sanum,
2431 1517 2501 1570 sit
2526 1525 2706 1585 aptum
2736 1519 2893 1587 capiti
2923 1536 3042 1574 suo.

1833 1603 2250 1675 Litigabantergo
2271 1604 2444 1660 Judwi
2460 1608 2762 1675 adinvicem,
2782 1611 3001 1664 dicentes
3017 1627 3035 1664 :
3059 1613 3324 1678 Quomodo

1761 1706 1921 1766 potest
1955 1698 2035 1750 hic
2065 1699 2206 1753 nobis
2234 1716 2437 1755 carnem
2463 1717 2606 1754 suam
2633 1702 2755 1756 dare
2783 1704 2851 1755 ad
2870 1705 3278 1760 manducandum
3304 1711 3328 1763 .’

1764 1791 2063 1863 Litigabant
2091 1795 2270 1864 utique
2299 1795 2365 1850 ad
2417 1796 2662 1863 invicem,
2691 1802 2940 1868 quoniam
2972 1818 3160 1872 partem
3191 1821 3321 1860 con-

130 1889 284 1944 cateri
311 1889 483 1962 sancti.
505 1889 595 1959 qui
636 1890 848 1945 luerunt
878 1890 929 1944 in
977 1863 1192 1958 populo,
1229 1904 1441 1954 manna,
1474 1898 1528 1944 et
1557 1903 1660 1942 non
1696 1863 1737 1922 Β
1765 1884 1958 1938 cordizc
1987 1900 2090 1939 no:t
2122 1884 2505 1954 intelligebant,
2534 1903 2630 1943 nec
2656 1904 2868 1946 sumere
2894 1893 3160 1948 volebant.
3191 1895 3319 1949 Nam

129 1986 464 2052 suntmortui,
501 1986 620 2055 quia
664 2000 767 2039 non
800 1984 1146 2053 spiritualiter
1178 1984 1439 2037 visibilem
1480 1982 1663 2037 cibum

130 2076 496 2140 intellexerunt,
520 2075 870 2144 spiritualiter
893 2075 1215 2129 esurierunt.
1244 2073 1345 2127 Alii
1371 2088 1499 2128 vero
1516 2088 1668 2126 man-

135 2167 427 2221 ducaverunt
485 2178 538 2221 et
591 2176 996 2234 permanserunt
1043 2166 1096 2221 in
1136 2166 1446 2222 inﬁdelitate
1486 2183 1498 2219 :
1532 2169 1667 2221 sicut

135 2254 280 2310 Judaei
305 2255 582 2312 audierunt
612 2257 914 2326 loquentem
963 2254 1253 2322 Christum,
1283 2256 1378 2311 sed
1419 2270 1524 2311 non
1554 2256 1666 2324 spi-

131 2348 358 2401 ritualiter
397 2347 560 2401 verba
605 2346 722 2416 ejus
768 2347 1167 2402 intellexerunt.
1213 2347 1334 2400 ideo
1377 2347 1513 2400 dixit
1562 2348 1664 2413 eis,

134 2435 290 2491 Patres
315 2438 460 2491 uestri
486 2441 914 2491 manducaserunt
939 2453 1125 2490 manna
1145 2438 1197 2490 in
1227 2437 1444 2502 deserto,
1464 2445 1510 2490 et
1530 2449 1666 2489 mor-

132 2528 195 2580 tui
235 2538 372 2586 sunt;
405 2543 508 2596 qua
549 2539 743 2591 morte,
775 2526 874 2580 nisi
921 2525 1285 2581 inﬁdelitatis?
1329 2526 1457 2581 Nam
1515 2540 1667 2580 com-

134 2619 259 2672 muni
295 2629 459 2674 morte
483 2618 678 2673 mortui
709 2625 851 2683 sunt,
880 2627 934 2673 et
961 2620 1128 2673 sancti
1157 2620 1246 2687 qui
1295 2618 1504 2674 luerunt
1532 2617 1672 2676 inter

134 2725 230 2764 eos.
257 2708 372 2763 Ideo
401 2709 634 2778 signavit
665 2707 922 2762 Dominus
957 2704 1113 2762 Iesus
1143 2707 1225 2762 bis
1248 2708 1422 2762 verbis
1442 2718 1667 2762 mortem

129 2802 450 2870 spiritualem,
481 2817 586 2856 non
629 2801 915 2855 carnalem.
959 2799 1142 2855 Patres
1172 2815 1298 2870 ergo
1326 2800 1571 2866 istorum,
1613 2798 1667 2857 id

134 2906 198 2946 est
221 2894 329 2946 ntali
367 2904 545 2962 patres
580 2893 862 2956 malorum,
887 2891 1125 2946 inﬁdeles
1148 2900 1323 2960 patres
1355 2892 1666 2958 inﬁdelium,

138 2993 528 3036 nturmuratores
556 2991 737 3050 patres
765 2989 1242 3046 murmuratornm;
1281 2995 1400 3033 nam
1428 2980 1495 3036 de
1525 2979 1671 3034 nulla

130 3087 178 3126 re
219 3071 371 3142 magis
401 3073 568 3127 Deum
615 3071 902 3127 oﬁ‘endisse
949 3072 1036 3127 ille
1081 3071 1306 3140 populus
1346 3071 1520 3126 dictus
1563 3082 1666 3139 est,

129 3179 260 3230 quam
297 3174 476 3217 contra
517 3163 682 3216 Deum
715 3163 1114 3216 rnurmurando.
1148 3163 1270 3216 Ideo
1313 3170 1370 3218 et
1415 3163 1667 3216 Dominus

133 3253 288 3307 volens
332 3252 612 3308 ostendere
654 3252 836 3306 talium
879 3251 1034 3313 ﬁlios,
1068 3251 1189 3306 hinc
1218 3252 1282 3305 ad
1324 3267 1416 3306 eos
1461 3254 1663 3318 cmpit:

133 3345 246 3407 Quid
274 3345 608 3398 tnurmuratis
644 3344 894 3410 invicem,
936 3353 1372 3405 murmuratores.
1405 3344 1495 3397 lilii
1527 3361 1670 3398 mur-

138 3436 468 3489 muratorum?
513 3433 696 3490 Patres
741 3436 888 3489 vestri
918 3451 1104 3488 manna
1143 3434 1592 3499 manducaverunt,
1623 3446 1670 3488 et

132 3531 288 3581 mortui
313 3540 463 3593 sunt;
505 3543 611 3583 non
646 3529 768 3594 quia
799 3529 996 3582 malum
1025 3538 1139 3582 erat
1168 3543 1361 3582 ntanna
1383 3567 1399 3594 ,
1428 3527 1519 3582 sed
1547 3527 1669 3596 quia

131 3621 246 3673 male
272 3621 740 3675 manducaverunt.

197 3710 279 3761 llic
305 3720 373 3762 est
420 3711 570 3781 panis
599 3710 687 3775 qui
717 3710 779 3761 de
821 3708 944 3764 caelo
986 3708 1261 3764 descendit.
1311 3709 1458 3764 Hunc
1485 3723 1671 3778 panem

137 3798 424 3865 signiﬁcavit
455 3814 682 3864 manna;
731 3798 870 3854 hunc
916 3809 1093 3854 autem
1128 3814 1316 3868 pauent
1358 3801 1675 3869 signiﬁcavit

135 3894 276 3944 altare
305 3892 414 3946 Dei.
442 3891 790 3945 Sacramenta
814 3893 897 3944 illa
927 3890 1135 3946 fuerunt
1158 3891 1209 3943 in
1232 3891 1397 3958 signis
1426 3908 1437 3938 ξ
1463 3891 1670 3946 diversa

137 3991 243 4033 sunt
267 3982 314 4033 in
343 3997 418 4042 re,
452 3996 570 4049 qua:
599 3979 962 4049 signiﬁcantur
994 3981 1137 4046 paria
1167 3990 1312 4034 sunt.
1361 3983 1670 4049 Apostolutn

132 4071 263 4123 andi:
294 4070 424 4123 Nolo
455 4071 588 4123 enim
640 4087 745 4134 vos,
794 4071 982 4138 inquit,
1014 4072 1271 4141 ignorare,
1320 4077 1525 4142 fratres,
1553 4075 1674 4143 quia

135 4174 277 4225 patres
304 4163 458 4213 nostri
495 4177 668 4214 omnes
712 4164 802 4214 sub
847 4162 976 4215 nube
1015 4162 1240 4230 fuerunt,
1282 4172 1327 4218 et
1374 4180 1544 4219 omnes
1586 4183 1676 4234 per

132 4269 248 4306 mare
289 4254 617 4316 transierunt,
650 4263 697 4304 et
745 4268 917 4306 omnes
960 4255 1010 4305 in
1057 4253 1232 4323 Moyse
1273 4256 1513 4322 baptizati
1557 4266 1674 4310 sunt

132 4343 174 4394 in
200 4344 316 4396 nube
342 4356 384 4397 et
409 4345 458 4395 in
503 4345 652 4407 mari,
685 4354 730 4397 et
763 4358 933 4396 omnes
976 4347 1203 4396 eamdem
1232 4360 1398 4396 escam
1433 4346 1676 4413 spiritua-

133 4441 214 4485 tam
251 4436 670 4486 mandumrcrnnt
719 4433 766 4502 (Ι
803 4433 923 4486 (ἔον.
961 4436 1036 4500 x).
1087 4433 1426 4501 Spiritualem
1469 4437 1671 4506 utique,

1765 1974 1854 2042 qui
1886 1973 2204 2027 manducant
2236 1975 2393 2030 talem
2441 1991 2630 2046 panem
2659 2019 2674 2042 ,
2723 1994 2825 2034 non
2871 1981 3077 2052 litigant
3119 1986 3328 2040 adinvi-

1766 2075 1899 2122 cem,
1937 2062 2186 2130 quoniam
2215 2080 2345 2118 unus
2386 2067 2549 2131 panis,
2592 2084 2748 2120 unum
2774 2086 2954 2140 corpus
2980 2073 3128 2126 multi
3151 2091 3328 2129 sumus

1768 2150 1823 2220 (1
1856 2151 1970 2207 Cor.
2004 2156 2060 2218 x)
2097 2173 2108 2207 :
2139 2164 2193 2209 et
2235 2170 2330 2224 per
2359 2156 2496 2212 hunc
2525 2157 2652 2213 fecit
2681 2161 2819 2216 Deus
2848 2163 3148 2232 bujusmodi
3180 2169 3328 2223 trabi-

1769 2252 1883 2298 tare
1913 2245 1966 2300 in
1995 2246 2173 2302 domo.
2200 2246 2350 2314 Quod
2379 2263 2556 2306 autem
2580 2253 2868 2308 adinvicem
2895 2254 3155 2325 litigantes
3184 2275 3327 2329 qum-

1767 2346 1889 2390 runt
1910 2340 2179 2406 quomodo
2208 2340 2376 2408 possit
2403 2341 2662 2398 Dominus
2684 2360 2896 2401 carnem
2927 2362 3073 2402 suam
3104 2350 3234 2406 dare
3261 2356 3325 2406 ad

1768 2428 2214 2496 manducandum,
2245 2447 2351 2486 non
2375 2433 2552 2489 statim
2596 2435 2780 2504 edunt,
2809 2438 2900 2493 sed
2938 2439 3112 2495 adhuc
3138 2442 3214 2497 eis
3244 2443 3326 2498 di-

1764 2516 1904 2572 citur
1924 2534 1939 2573 ε

1837 2609 1997 2665 Amen
2021 2627 2169 2668 auten
2198 2613 2313 2668 dico
2340 2616 2497 2682 vobis,
2543 2618 2644 2676 nisi
2672 2621 3091 2678 utanducaveiitis
3123 2642 3328 2681 carnem

1767 2697 1896 2756 Filii
1922 2703 2159 2767 hominis,
2179 2713 2228 2760 et
2254 2706 2477 2762 biberitis
2496 2711 2608 2780 ejus
2626 2713 2941 2782 sanguinem,
2967 2731 3067 2770 non
3087 2717 3330 2772 habebitis

1766 2794 1921 2846 vitam
1949 2794 2002 2846 in
2028 2795 2188 2850 vobis.
2234 2797 2511 2865 Quomodo
2551 2800 2766 2870 quidem
2796 2803 2970 2869 detur,
3015 2816 3065 2860 et
3107 2810 3321 2876 quinam

1768 2884 1914 2940 modi
1941 2885 2052 2941 sint
2097 2887 2444 2943 manducandi
2489 2890 2649 2948 istum
2691 2908 2878 2959 panem
2912 2897 3163 2964 ignoratis
3196 2918 3209 2954 :
3240 2917 3328 2956 ve-

1769 2984 2067 3029 rumtamen
2108 2977 2207 3031 nisi
2245 2979 2660 3036 manducaueritis
2685 2998 2886 3037 carnem
2927 2984 3059 3040 Filii
3084 2988 3324 3057 hominis,

1767 3076 1816 3123 et
1854 3070 1964 3140 ejus
1992 3071 2284 3140 sanguinem
2313 3073 2559 3140 biberitis,
2583 3091 2683 3131 non
2711 3079 2953 3134 habebitis
2981 3084 3131 3137 vitam
3161 3088 3213 3139 in
3239 3104 3326 3141 co-

1772 3157 1866 3212 bis.
1920 3159 2045 3214 limo
2088 3175 2193 3215 non
2246 3163 2428 3230 utique
2474 3165 2838 3232 cadaveribus.
2888 3173 2980 3226 sed
3030 3175 3326 3232 viventibus

1775 3247 2107 3316 loquebatur.
2140 3249 2308 3317 Unde,
2359 3267 2426 3306 ne
2453 3254 2608 3308 istam
2649 3259 2806 3312 vitam
2856 3260 3228 3332 intelligentes,
3261 3268 3329 3322 de

1773 3335 1872 3390 hac
1899 3352 1958 3392 re
1990 3338 2272 3408 litigarem,
2304 3353 2517 3396 secutus
2548 3345 2791 3414 adjunxit
2821 3365 2836 3405 ;

1844 3425 1942 3488 Qui
1972 3429 2238 3482 manducat
2261 3445 2422 3483 meam
2448 3448 2665 3498 carnem,
2695 3447 2741 3487 et
2767 3437 2887 3490 bibit
2923 3455 3089 3494 meum
3116 3448 3326 3514 sangui-

1771 3530 1904 3579 nem,
1930 3514 2072 3568 liabet
2099 3519 2251 3570 vitam
2281 3527 2542 3575 a‘ternam.
2575 3521 2717 3577 ilanc
2751 3541 2876 3594 ergo
2909 3543 3011 3582 non
3039 3530 3214 3595 habet,
3239 3536 3324 3601 qui

1773 3604 1931 3659 istum
1981 3623 2168 3672 panem
2209 3624 2312 3662 non
2346 3611 2646 3677 manducat,
2685 3629 2780 3668 nec
2824 3616 2982 3670 istum
3020 3624 3328 3689 sanguinem

1774 3697 1923 3751 bibit.
1956 3697 2086 3752 Nam
2138 3701 2484 3768 temporalem
2533 3704 2714 3769 vitam,
2764 3707 2879 3762 sine
2919 3710 3024 3764 ullo
3069 3721 3330 3783 utcunque

1774 3786 2015 3842 homines
2050 3789 2100 3843 in
2135 3791 2234 3844 hoc
2274 3793 2488 3857 saeculo,
2517 3794 2605 3861 qui
2655 3810 2758 3849 non
2800 3807 2923 3852 sunt
2970 3814 3064 3868 per
3094 3802 3248 3857 ﬁdem
3281 3805 3332 3858 in

1772 3896 1995 3950 corpore
2021 3883 2158 3950 ejus,
2192 3883 2390 3938 habere
2418 3896 2640 3953 possunt
2673 3905 2686 3941 :
2719 3897 2970 3944 a-ternam
3002 3903 3174 3948 autem
3197 3911 3331 3949 nun-

1772 3990 1951 4042 quam,
1980 3990 2095 4042 quae
2127 3977 2324 4055 sanctis
2371 3979 2713 4045 promittitur.
2761 3981 2839 4037 Ne
2878 3994 3053 4039 autem
3087 3997 3334 4052 putarent

1774 4066 1852 4118 sic
1882 4064 1933 4117 in
1957 4065 2059 4118 isto
2089 4066 2207 4119 cibo
2234 4075 2288 4120 et
2321 4077 2443 4134 potu
2477 4070 2554 4122 eis
2577 4069 2663 4138 qui
2707 4072 2989 4127 carnaliter
3019 4088 3251 4140 sumunt,
3281 4089 3336 4130 et

1776 4171 1879 4211 non
1908 4156 2249 4225 spiritualiter
2295 4158 2608 4226 intelligunt,
2639 4160 2690 4213 in
2739 4160 2841 4216 ﬁne
2889 4165 3120 4231 promitti
3165 4165 3326 4221 vitam

1775 4258 2049 4313 aeternam,
2081 4250 2333 4303 continuo
2363 4251 2605 4318 subjecit,
2644 4264 2695 4304 et
2724 4251 2854 4306 dixit
2889 4272 2901 4305 :

1846 4341 1955 4412 Ego
1984 4345 2285 4396 resuscitabo
2320 4361 2435 4396 eum
2476 4345 2526 4396 in
2571 4347 2832 4399 novissimo
2874 4349 2972 4401 die.
3025 4350 3092 4405 Ut.
3141 4351 3331 4407 habent

1778 4431 1986 4486 interim
2010 4434 2296 4487 secundum
2320 4436 2562 4502 spiritum
2590 4437 2746 4490 vitam
2772 4447 3022 4494 (sternam
3049 4443 3097 4494 in
3123 4445 3324 4514 requie,

135 4538 222 4577 non
242 4528 587 4592 corporalem.
615 4525 846 4578 Alteram
875 4523 966 4588 illi,
988 4525 1104 4592 quin
1135 4540 1349 4586 manna,
1377 4541 1472 4580 nos
1496 4527 1667 4594 aliud;
1696 4534 1748 4593 1)
1777 4539 1892 4592 quae
1936 4536 2238 4580 sanctorum
2285 4525 2502 4594 Spiritus
2547 4529 2787 4596 suscipit.
2841 4530 2989 4596 Quod
3037 4543 3212 4589 autem
3261 4539 3324 4589 ad

133 4617 429 4679 spiritualctu
461 4632 588 4672 vero
618 4615 858 4671 eamdem
888 4631 1043 4685 quant
1079 4632 1194 4682 nos,
1237 4618 1329 4671 sed
1364 4627 1538 4686 patres
1573 4633 1670 4674 no-

135 4708 231 4767 stri,
263 4723 357 4760 non
399 4719 574 4776 patres
603 4708 836 4768 illorum,
877 4708 1070 4776 quibus
1093 4722 1186 4762 nos
1219 4707 1422 4764 similes
1468 4727 1671 4776 sumus,

138 4810 224 4848 non
244 4800 423 4863 quibus
449 4799 519 4852 iili
553 4799 753 4852 similes
785 4797 1014 4852 fuerunt.
1050 4797 1152 4851 llic
1191 4810 1265 4852 est
1294 4815 1414 4868 ergo
1441 4803 1585 4869 panis
1613 4803 1674 4856 de

135 4890 237 4939 (rio
266 4890 594 4951 descendens;
620 4900 671 4942 nt
699 4890 741 4941 si
770 4891 884 4958 quis
910 4904 973 4943 ea:
996 4891 1104 4956 ipso
1135 4891 1538 4957 manducauerit,
1571 4909 1672 4945 non

140 4980 377 5033 moriatur.
408 4981 514 5033 Sed
545 4980 681 5044 quod
714 4981 938 5048 pertinet
963 4980 1025 5032 ad
1056 4982 1303 5034 virtutem
1333 4983 1670 5049 sacramenti,

139 5084 225 5118 non
268 5070 398 5135 quod
451 5070 684 5135 pertinet
733 5070 796 5121 ad
847 5069 1054 5122 visdtile
1097 5080 1533 5124 sacramentum:
1583 5073 1671 5140 qui

140 5159 389 5212 tnanducat
435 5161 594 5223 intus,
630 5173 731 5210 non
768 5161 922 5224 toris;
953 5162 1044 5228 qui
1091 5160 1372 5215 manducat
1412 5164 1460 5214 in
1491 5165 1670 5227 corde,

139 5266 225 5301 nou
263 5253 343 5317 qui
376 5252 570 5320 premit
616 5252 795 5305 dente.
840 5251 952 5324 Ego
995 5272 1108 5306 sum
1139 5256 1286 5324 panis
1333 5256 1467 5307 vivus
1495 5258 1580 5320 qui
1609 5259 1671 5309 de

139 5345 242 5390 cu‘lo
270 5343 514 5396 descendi.
562 5345 680 5398 Ideo
729 5346 902 5411 vivus,
957 5348 1077 5414 quia
1113 5348 1176 5401 de
1215 5351 1352 5403 cmlo
1399 5349 1667 5404 descendi.

143 5428 202 5482 bc
247 5435 372 5486 ccclo
419 5437 695 5490 descendit
741 5446 792 5491 ct
841 5453 1062 5503 manna;
1111 5440 1204 5494 sed
1249 5456 1437 5495 manna
1487 5442 1669 5496 umbra

139 5530 254 5580 erat,
283 5523 373 5576 isre
404 5528 592 5578 veritas
617 5537 717 5580 est.

201 5612 252 5667 Si
273 5618 378 5681 quis
409 5618 786 5671 manducauerit
815 5635 874 5672 ex
897 5621 989 5672 hoc
1011 5637 1158 5689 pane,
1185 5624 1308 5675 vivet
1330 5625 1380 5676 in
1403 5635 1665 5680 adet-num.

143 5697 194 5749 Et
217 5707 344 5766 panis
365 5724 505 5772 quem
535 5726 623 5779 ego
646 5710 798 5770 dztbo,
825 5729 940 5763 caro
971 5730 1078 5766 mea
1109 5722 1200 5780 est,
1233 5730 1324 5782 pro
1346 5719 1519 5768 mandi
1550 5720 1666 5772 vita;

143 5790 234 5847 Hoc
255 5798 451 5863 quando
497 5795 584 5867 1F.
618 5801 908 5873 quomodo]
958 5815 1169 5871 caperet
1197 5821 1340 5870 caro,
1370 5808 1507 5875 quod
1539 5808 1665 5862 dixit

1776 4632 1966 4687 corpus
1997 4619 2200 4680 attinet,
2239 4631 2335 4672 nec
2378 4618 2493 4687 ejus
2523 4620 2628 4673 vita
2671 4631 2865 4675 interna
2914 4623 3204 4689 fraudatur,
3235 4630 3327 4682 sed

1776 4709 1826 4762 iu
1855 4709 2247 4763 resurrectione
2278 4720 2606 4763 mortuorum
2657 4713 2943 4768 novissimo
2973 4716 3057 4770 die
3087 4731 3211 4771 caro
3239 4734 3326 4774 rc-

1774 4800 2130 4854 suscitabitur.

1844 4895 1974 4947 Caro
2013 4896 2148 4948 enim
2191 4911 2318 4959 mea,
2352 4896 2538 4965 inquit,
2586 4913 2696 4952 uere
2736 4910 2810 4951 est
2849 4901 3004 4963 cibus,
3039 4911 3085 4954 et
3122 4906 3328 4974 sanguis

1773 5000 1911 5038 meus
1937 5001 2048 5038 vere
2069 4996 2141 5039 est
2172 4996 2336 5052 potus.
2372 4987 2502 5041 Cum
2534 4990 2672 5043 enim
2696 4991 2814 5044 cibo
2837 5002 2889 5046 et
2918 5002 3042 5060 potu
3077 4995 3126 5046 id
3168 5010 3327 5064 appe-

1774 5085 1886 5131 tant
1935 5077 2196 5144 homines,
2229 5089 2284 5130 ut
2330 5095 2437 5134 non
2479 5074 2717 5135 esuriant
2768 5097 2938 5150 neque
2988 5086 3189 5152 sitiant,
3225 5089 3326 5142 hoc

1773 5169 2031 5225 veraciter
2063 5187 2163 5224 non
2195 5182 2428 5240 praestat,
2462 5175 2558 5228 nisi
2592 5177 2689 5229 iste
2732 5178 2880 5232 cibus
2936 5187 2987 5231 et
3033 5191 3204 5247 potus,
3236 5184 3327 5251 qui

1771 5275 1865 5313 eos
1907 5275 1935 5314 a
1979 5262 2166 5328 quibus
2194 5265 2421 5317 sumitur
2448 5265 2774 5320 immortales
2814 5277 2865 5320 et
2896 5268 3321 5338 incorruptibiles

1772 5349 1914 5413 facit,
1949 5349 1997 5402 id
2039 5359 2121 5404 est
2170 5352 2398 5406 societas
2442 5353 2552 5422 ipsa
2592 5367 2916 5417 sanctorum,
2947 5358 3032 5410 ubi
3067 5375 3165 5423 pax
3199 5363 3319 5424 erit,

1769 5454 1820 5498 et
1868 5445 2037 5496 unitas
2071 5445 2244 5512 plena,
2281 5456 2438 5512 atque
2483 5448 2750 5516 perfecta;
2803 5459 3078 5518 propterea
3107 5454 3323 5519 quippe,

1767 5536 1904 5589 sicut
1929 5537 2085 5587 etiam
2119 5534 2217 5588 hoc
2248 5544 2371 5589 ante
2409 5552 2504 5590 nos
2534 5536 2904 5592 intellexerunt
2929 5540 3186 5605 homines,
3219 5541 3323 5595 Du-

1753 5617 1942 5680 ‘minus
1974 5633 2153 5678 noster
2199 5625 2350 5679 Jesus
2397 5628 2638 5681 Christus
2679 5643 2870 5698 corpus
2911 5641 2964 5683 et
3009 5632 3320 5698 sanguian

1767 5734 1918 5773 Sillim
1950 5719 1999 5770 in
2043 5717 2120 5771 eis
2153 5718 2310 5770 rebus
2338 5720 2747 5783 commendavit,
2788 5736 2901 5788 qum
2928 5721 2993 5774 ad
3037 5737 3194 5776 unum
3230 5725 3317 5775 ali-

1771 5811 1893 5879 quid
1939 5809 2248 5879 rcdiguutur
2287 5824 2350 5866 ex
2376 5810 2552 5866 rnnltis
2584 5827 2597 5865 :
2645 5825 2869 5881 namque
2906 5813 3043 5866 aliud
3077 5811 3127 5867 in
3161 5830 3319 5868 unum
