3822 6226
457 366 561 421 719
920 361 1119 417 ΒΕΒΑΣ
1158 360 1610 419 VENERABILIS
1647 362 1796 417 OPP.
1839 363 2014 420 PARS
2055 364 2117 422 ll.
2156 365 2349 422 SEC‘I‘.
2392 367 2429 421 1.
2463 395 2531 407 -
2570 366 2960 423 EXEGETICA
2995 368 3319 427 GENUINA.
3600 376 3687 430 7ἳο

461 502 524 539 ex
554 480 734 537 multis
766 480 945 548 granis
975 478 1274 541 coniicitur,
1304 477 1443 531 aliud
1487 476 1537 531 in
1571 492 1732 531 unum
1762 492 1825 532 ex
1853 478 2032 533 multis
2066 486 2113 543 Α
2138 487 2309 543 erant,
2344 480 2520 547 plures
2547 496 2651 534 non
2675 481 3022 551 intelligendo
3042 480 3388 536 scandalizati
3415 494 3555 537 sunt.
3585 484 3687 539 Non

461 574 630 628 acinis
677 569 919 625 conlluit.
974 569 1211 638 Denique
1255 568 1361 638 jam
1409 569 1627 637 exponit
1664 568 1930 638 quomodo
1983 570 2033 622 id
2137 570 2276 625 enim
2308 571 2611 640 cogitabant
2664 572 2776 626 hth
2810 572 3095 634 audiendo,
3135 573 3235 627 nisi
3266 587 3518 641 carnem,
3565 582 3691 643 quod

464 664 555 716 tlat
609 660 747 731 quod
782 658 1036 727 loquitur,
1081 668 1135 711 et
1186 658 1311 727 quid
1362 659 1431 713 sit
1485 658 1807 715 manducare
1846 673 2037 728 corpus
2137 661 2235 729 ipsi
2268 671 2439 715 erant.
2478 662 2765 726 Apostolus
2805 671 2981 715 autem
3028 662 3176 727 dicit,
3203 672 3258 717 et
3306 678 3495 718 verum
3531 666 3693 719 dicit:

460 752 599 823 ejus,
633 760 689 805 et
712 751 1024 818 sanguinem
1057 749 1260 804 bibere.
2140 752 2333 817 Sapere
2360 752 2643 805 secundum
2671 769 2896 818 carnem,
2941 769 3077 805 mors
3107 760 3180 805 est
3206 752 3389 823 (Rom.
3422 756 3552 821 rm).
3579 756 3696 810 Car-

535 846 604 899 Et
630 846 715 909 qui
744 844 1017 895 manducat
1041 857 1203 895 meam
1237 856 1458 908 carnem,
1485 851 1532 895 et
1563 842 1686 896 bibit
1708 859 1873 896 meum
1914 859 2034 897 san-
2142 860 2261 900 nem
2314 860 2462 898 suam
2516 845 2605 898 dat
2653 845 2806 899 nobis
2835 846 3087 899 Dominus
3139 846 3465 900 manducare
3496 889 3507 899 .
3538 858 3592 899 et
3621 863 3692 901 sa-

462 942 689 1010 guinem,
717 938 771 989 in
818 952 896 988 me
942 944 1131 999 manet,
1179 945 1225 987 et
1269 950 1360 1004 ego
1400 937 1451 987 in
1495 950 1572 989 eo.
1625 936 1736 989 Hoc
1784 945 1866 990 est
1909 947 2038 1005 ergo
2143 953 2269 1006 pere
2320 947 2493 991 tamen
2546 937 2843 991 secundum
2896 952 3131 1001 carnem,
3162 952 3309 991 mors
3355 948 3454 1005 est,
3498 954 3617 992 cum
3646 940 3697 991 de

467 1031 791 1085 manducare
838 1030 975 1083 illam
1008 1045 1205 1095 escam,
1250 1039 1305 1085 et
1351 1032 1495 1085 illum
1528 1031 1710 1087 bibere
1751 1043 1950 1101 potum,
1987 1032 2038 1085 in
2147 1042 2309 1081 carne
2336 1042 2429 1080 sua
2462 1026 2627 1086 dicat,
2660 1026 2782 1093 quia
2827 1025 2898 1078 ibi
2939 1038 3019 1080 est
3043 1028 3144 1080 vita
3176 1037 3399 1082 aterna.
3443 1028 3583 1095 Ergo
3616 1041 3697 1079 nec

465 1119 679 1175 Christo
730 1137 964 1188 manere,
1007 1132 1061 1177 et
1108 1122 1253 1175 illum
1287 1135 1586 1177 manentem
1618 1124 1669 1176 in
1716 1138 1773 1178 se
1820 1123 2037 1177 habere.
2148 1135 2363 1174 carnem
2402 1120 2665 1173 debemus
2692 1114 3204 1185 saperesecnudum
3232 1130 3468 1181 carnem,
3500 1119 3630 1171 sicut
3657 1120 3697 1170 in

467 1215 545 1266 Ac
576 1226 670 1279 per
699 1213 805 1266 hoc
831 1214 920 1282 qui
951 1229 1053 1267 non
1084 1222 1263 1267 manet
1291 1213 1340 1265 in
1372 1212 1606 1279 Christo,
1636 1224 1689 1268 et
1721 1216 1771 1268 in
1802 1230 1906 1284 quo
1936 1229 2039 1269 non
2144 1215 2230 1268 his
2261 1210 2455 1264 verbis.

466 1312 644 1357 manet
672 1303 936 1367 Christus,
968 1306 1149 1371 procul
1175 1304 1335 1359 dubio
1361 1321 1457 1361 nec
1478 1308 1765 1361 manducat
1792 1308 2043 1377 spiritua-
2218 1302 2370 1357 Multi
2408 1303 2579 1373 itaque
2621 1302 2886 1356 audientes
2925 1301 3154 1371 [non‘ex
3182 1302 3440 1365 inimicis,
3470 1300 3566 1355 sed
3593 1297 3611 1371 ]
3651 1316 3701 1353 es

467 1395 589 1449 liter
618 1394 733 1464 ejus
769 1410 1009 1461 carnem,
1046 1396 1170 1450 licet
1198 1397 1483 1452 carnaliter
1511 1408 1566 1452 et
1604 1399 1885 1453 visibiliter
1924 1412 2045 1466 pre-
2148 1395 2415 1463 discipulis
2457 1396 2591 1464 ejus,
2632 1395 2871 1446 dixemnt
2908 1391 3120 1446 :Durus
3142 1402 3223 1445 est
3266 1392 3349 1444 hic
3388 1406 3571 1453 sermo,
3611 1394 3701 1453 qm

473 1496 583 1538 mat
629 1486 876 1539 dentibus
920 1496 1312 1540 sacramentum
1364 1487 1614 1557 corporis
1668 1497 1723 1539 et
1770 1486 2045 1555 sanguinis
2149 1494 2311 1555 potest
2363 1501 2478 1538 eum
2525 1484 2751 1537 audire?
2796 1483 2853 1537 Si
2894 1482 3135 1549 discipuli
3186 1482 3377 1535 durum
3424 1482 3702 1534 habuerunt

470 1573 704 1635 ChriSti;
736 1576 829 1629 sed
861 1576 1029 1643 magis
1069 1585 1227 1630 tanta:
1257 1576 1334 1630 rei
1379 1585 1775 1631 sacramentum
1805 1576 1872 1629 ad
1911 1575 2049 1645 judi-
2154 1578 2313 1630 istum
2343 1590 2669 1639 sermonem,
2718 1574 2842 1642 quid
2876 1573 3117 1627 inimici?
3162 1573 3225 1626 Et
3250 1582 3427 1627 tamen
3455 1573 3531 1625 sic
3562 1586 3701 1638 opir-

472 1666 614 1719 cium
663 1664 761 1718 sibi
796 1666 1078 1719 manducat
1120 1674 1177 1719 et
1223 1664 1376 1727 bibit,
1407 1666 1528 1731 quia
1579 1664 1885 1718 immundus
1918 1679 2049 1732 prte-
2158 1668 2324 1734 lebat,
2359 1675 2416 1720 ut
2446 1667 2747 1732 diceretur,
2779 1666 2921 1734 quod
2952 1681 3057 1719 non
3100 1666 3163 1719 ab
3195 1663 3497 1717 hominibus
3530 1664 3705 1714 intelii-

471 1758 636 1810 sumit
667 1758 730 1811 ad
780 1757 979 1811 Christi
1027 1755 1283 1809 secedere
1336 1764 1693 1819 sacramenta,
1745 1770 1864 1824 quas
1914 1756 2095 1827 alius,
2156 1769 2391 1827 geretur.
2416 1757 2707 1813 ‘Secretum
2752 1758 2867 1821 Dei,
2914 1758 3145 1812 intentos
3184 1756 3345 1810 debet
3392 1756 3587 1820 facere,
3617 1769 3702 1806 non

475 1864 579 1901 non
611 1848 769 1915 digne
816 1848 999 1911 sumit,
1052 1846 1154 1900 nisi
1185 1847 1272 1913 qui
1322 1845 1550 1899 mundus
1581 1853 1695 1909 est;
1749 1847 1814 1897 de
1858 1845 2049 1913 quibus
2085 1826 2126 1884 Β
2153 1826 2390 1905 aversos.
2447 1849 2539 1903 lsti
2568 1858 2743 1903 autem
2797 1848 3113 1903 defecerunt
3152 1849 3274 1900 talia
3308 1849 3559 1916 loquente
3609 1846 3698 1898 Do-

473 1940 667 1995 dic'rtur
697 1956 710 1991 :
742 1940 887 1992 Beati
915 1939 1108 1991 mundo
1137 1937 1310 2000 corde,
1338 1938 1579 2007 quoniam
1626 1937 1725 2006 ipsi
1756 1936 1919 1990 Deum
1967 1938 2050 1989 vi-
2152 1942 2300 1995 mino
2347 1940 2475 1994 Jesu
2506 1959 2517 1993 :
2551 1955 2657 1995 non
2706 1940 3047 1993 crediderunt
3097 1939 3295 2007 aliquid
3352 1952 3602 2007 magnum
3637 1938 3701 1988 di-

475 2032 662 2084 debunt
691 2030 904 2100 (Matth.
937 2029 1013 2098 ν).

552 2119 701 2176 Sicut
732 2122 865 2173 misit
908 2135 1008 2185 me,
1057 2119 1247 2187 inquit,
1283 2120 1463 2173 vivens
1510 2118 1690 2187 Pater,
1737 2130 1785 2174 et
1822 2136 1915 2190 ego
1945 2122 2053 2175 viro

482 2221 687 2282 prapter
734 2208 943 2263 Patrem
970 2228 981 2261 :
1009 2218 1054 2262 et
1096 2211 1183 2278 qui
1231 2210 1508 2262 manducat
1556 2227 1654 2274 me,
1687 2222 1732 2263 et
1781 2212 1890 2280 ipse
1931 2212 2051 2263 vivit

482 2310 687 2371 propter
725 2316 821 2352 me.
872 2298 985 2353 Non
1030 2301 1171 2353 enim
1214 2299 1379 2353 Filius
1430 2301 1833 2367 participatione
1876 2300 2052 2355 Patris

479 2395 539 2447 tit
568 2394 775 2457 melior,
821 2392 909 2460 qui
965 2402 1041 2446 est
1081 2402 1235 2445 natus
1262 2394 1501 2461 aequalis,
1548 2393 1686 2446 sicut
1716 2394 2053 2461 participatio

482 2484 600 2537 Filii
636 2498 730 2551 per
759 2483 1013 2536 unitatem
1056 2481 1297 2550 corporis
1325 2480 1439 2549 ejus
1479 2490 1531 2534 et
1576 2482 1866 2549 sanguinis,
1914 2482 2053 2551 quod

479 2578 572 2631 illa
604 2574 946 2631 manducatio
976 2572 1281 2641 potatioque
1311 2573 1595 2641 signiﬁcat,
1628 2571 1793 2626 efﬁcit
1822 2586 1920 2625 nos
1944 2586 2056 2625 me-

480 2669 669 2723 liores.
724 2666 961 2719 Vivimus
1002 2678 1130 2734 ergo
1168 2678 1265 2717 nos
1310 2672 1529 2732 propter
1574 2664 1766 2730 ipsum,
1821 2663 2053 2716 mandu-

484 2769 669 2813 cantes
698 2772 845 2825 eum,
884 2755 935 2810 id
966 2764 1070 2820 est,
1122 2754 1298 2822 ipsum
1316 2754 1653 2819 accipientes
1672 2763 1933 2807 aeternam
1974 2752 2056 2805 vi-

486 2848 625 2915 tam,
658 2863 814 2918 quam
847 2862 951 2900 non
983 2844 1239 2898 habemus
1266 2858 1330 2898 es
1365 2843 1535 2897 nobis.
1569 2842 1711 2895 Vivit
1736 2850 1910 2895 autem
1940 2840 2057 2908 ipse

487 2952 703 3012 propter
760 2940 991 3002 l‘atrem,
1044 2935 1242 2990 missus
1278 2936 1348 2989 ab
1393 2949 1479 2999 ee,
1530 2934 1651 3003 quia
1707 2935 2055 3001 semetipsum

496 3031 817 3096 exinanivit,
844 3030 1015 3085 factus
1047 3028 1301 3082 obediens
1334 3042 1502 3095 usque
1544 3027 1608 3079 ad
1642 3026 1845 3095 lignum
1884 3026 2058 3080 crucis

491 3121 809 3191 (Philip.u).
844 3118 989 3173 Sicut
1033 3118 1168 3170 misit
1193 3134 1275 3169 me
1302 3117 1463 3169 vivens
1504 3114 1683 3181 Pater,
1723 3124 1773 3169 et
1822 3132 1911 3186 ego
1950 3117 2059 3169 vivo

490 3225 696 3289 propter
751 3213 953 3267 Patrem
991 3229 1001 3262 :
1035 3219 1081 3262 et
1110 3210 1197 3277 qui
1244 3209 1514 3260 manducat
1568 3223 1674 3274 me,
1716 3217 1761 3261 et
1802 3208 1909 3277 ipse
1943 3208 2062 3259 vivit

495 3322 703 3376 propter
724 3322 822 3359 me.
851 3308 925 3358 Ac
958 3303 1003 3356 si
1044 3303 1247 3355 diceret
1280 3317 1294 3354 :
1322 3300 1386 3353 Et
1414 3315 1511 3368 ego
1546 3302 1664 3352 vivo
1694 3308 1909 3368 propter
1958 3299 2058 3353 Pa-

2152 2041 2385 2096 centem,
2420 2040 2474 2088 et
2503 2031 2652 2084 verbi
2707 2029 2851 2084 illius
2879 2029 3105 2097 aliquam
3150 2030 3377 2098 gratiam
3419 2026 3702 2093 cooperien-

2154 2132 2298 2188 tem;
2356 2122 2447 2178 sed
2507 2130 2662 2191 prout
2710 2122 3031 2185 valuerunt,
3092 2122 3160 2175 ita
3216 2120 3613 2183 intellexerunt,
3660 2129 3704 2171 et

2155 2235 2305 2274 more
2338 2219 2621 2272 hominum
2652 2219 2845 2286 quibus
2874 2228 3030 2286 caput
3071 2233 3174 2271 non
3206 2228 3321 2271 erat
3365 2218 3546 2278 Iesus,
3576 2217 3703 2283 qua~i

2154 2307 2254 2360 hoc
2299 2306 2608 2375 disponeret
2653 2305 2826 2368 Jesus,
2880 2321 3119 2372 carnem,
3172 2320 3273 2376 qua
3323 2306 3564 2359 indutum
3602 2318 3702 2359 erat

2153 2396 2415 2463 Verbum,
2449 2397 2595 2450 velut
2622 2395 2676 2450 in
2728 2396 2893 2450 frusta
2933 2397 3199 2451 concisam
3240 2396 3561 2449 distribuere
3606 2410 3702 2447 ere.

2161 2486 2411 2539 dentibus
2459 2486 2512 2539 in
2556 2500 2636 2539 se.
2686 2484 2859 2539 Durus
2907 2496 3009 2553 est,
3058 2486 3339 2555 inquiunt,
3391 2486 3477 2539 hic
3524 2499 3700 2545 sermo,

2156 2576 2275 2643 quis
2307 2584 2484 2641 potest
2511 2588 2631 2628 eum
2656 2576 2886 2629 audire?

2228 2664 2408 2718 Sciens
2436 2673 2605 2717 autem
2626 2662 2660 2716 ,Ι
2666 2681 2782 2718 esus
2808 2667 2950 2732 apud
2970 2666 3312 2737 semetipsum,
3344 2668 3467 2734 quia
3493 2682 3703 2720 murmu-

2158 2763 2335 2807 rarestt
2364 2754 2426 2807 de
2472 2770 2533 2808 eo
2570 2755 2813 2823 discipuli
2841 2758 2973 2826 ejus.
3028 2755 3118 2810 Sic
3161 2758 3299 2809 enim
3350 2756 3486 2822 apud
3527 2771 3584 2810 se
3620 2756 3703 2808 ista

2158 2844 2430 2909 dixerunt,
2462 2854 2519 2898 ut
2550 2846 2617 2897 ab
2652 2844 2740 2897 illo
2770 2860 2874 2899 non
2906 2846 3215 2899 audirentur
3244 2862 3259 2898 :
3289 2845 3381 2899 sed
3411 2847 3499 2899 ille
3522 2846 3604 2914 qui
3630 2862 3705 2899 eos

2160 2944 2380 2989 noverat
2421 2935 2472 2988 in
2512 2933 2725 3002 scipsis,
2780 2934 3001 2989 audiens
3040 2935 3181 3004 apud
3213 2936 3561 3004 semetipsum
3611 2952 3705 2989 res-

2160 3028 2366 3097 pondit,
2401 3038 2454 3081 et
2492 3028 2602 3081 ait:

2238 3119 2351 3173 Hoc
2381 3134 2468 3172 vos
2496 3118 2999 3185 scandalizat.'Quia
3028 3118 3135 3173 dixi
3164 3138 3175 3171 :
3202 3117 3425 3173 Carnem
3445 3133 3623 3173 “meam
3658 3120 3711 3169 de

2166 3211 2315 3266 vobis
2351 3210 2697 3275 manducare,
2730 3220 2787 3265 et
2816 3209 3126 3280 sanguinem
3160 3225 3336 3264 meum
3382 3209 3603 3264 bibere:
3632 3212 3711 3261 hoc

2172 3317 2264 3357 vos
2296 3317 2487 3371 nempe
2516 3301 2861 3355 scandalisat.

499 3414 635 3456 trem
663 3415 679 3465 ;
726 3398 775 3452 id
802 3405 903 3460 est,
939 3395 1001 3447 ad
1036 3394 1181 3447 illum
1214 3402 1460 3459 tanquam
1492 3390 1556 3444 ad
1589 3390 1844 3459 majorem
1892 3392 2064 3443 refero

495 3489 659 3548 vitam
697 3506 891 3552 meam,
946 3487 1087 3556 quod
1112 3485 1406 3539 exinanitio
1436 3498 1550 3537 mea
1593 3482 1735 3547 fecit;
1770 3484 1821 3537 in
1852 3498 1951 3552 qua
1979 3496 2065 3535 me

505 3585 672 3640 misit.
706 3580 775 3636 Ut
821 3590 997 3634 autem
1028 3579 1250 3648 quisque
1279 3576 1417 3629 vivat
1446 3584 1659 3643 propter
1694 3590 1801 3639 me,
1851 3572 2067 3642 partici-

502 3676 650 3744 patio
678 3673 927 3740 facitqua
960 3668 1374 3723 manducatme.
1408 3665 1519 3735 Ego
1548 3666 1723 3735 itaque
1759 3665 2065 3717 humiliatus

500 3768 621 3820 vivo
649 3772 867 3833 propter
897 3762 1130 3823 Patrem,
1157 3759 1253 3813 ille
1281 3767 1512 3813 erectus
1539 3757 1669 3810 vivit
1700 3765 1916 3825 propter
1958 3770 2063 3809 me.

501 3859 617 3913 Non
671 3856 738 3909 de
788 3869 848 3908 ea
897 3861 1089 3906 natura
1114 3850 1267 3914 dixit,
1330 3863 1432 3917 qua
1465 3862 1676 3915 semper
1720 3856 1802 3900 est
1851 3847 2069 3914 aequalis

503 3952 667 4015 Patri,
698 3947 791 4002 sed
820 3948 887 4000 de
918 3960 979 3999 ea
1010 3945 1061 3997 in
1093 3958 1196 4013 qua
1230 3942 1405 3996 minor
1432 3941 1599 3994 iactus
1632 3948 1714 3993 est
1738 3938 1923 3991 Patre.
1969 3936 2069 4000 Qui

500 4046 661 4100 ctiam
687 4041 931 4110 superius
956 4036 1088 4091 dixit
1117 4054 1127 4087 :
1164 4034 1313 4088 Sicut
1354 4032 1509 4086 Pater
1532 4032 1678 4085 habet
1697 4030 1858 4083 vitam
1901 4030 1956 4080 in
1994 4045 2072 4081 se-

504 4138 754 4204 metipso,
802 4133 874 4185 ita
916 4130 1055 4182 dedit
1112 4126 1251 4179 Filio
1294 4127 1445 4179 vitam
1474 4126 1651 4178 habere
1700 4125 1752 4177 in
1808 4124 2071 4189 semetipso

505 4225 688 4293 (Joan.
720 4224 795 4291 v),
828 4220 877 4275 id
923 4227 1025 4284 est,
1056 4217 1237 4286 genuit
1266 4215 1452 4269 Filium
1486 4217 1643 4269 vitam
1688 4215 1987 4269 habentem
2020 4214 2071 4267 itt

503 4315 817 4381 semetipso.

2176 4307 2488 4375 intelligitur
2541 4304 2813 4359 Christum
2860 4316 2979 4354 esse
3039 4316 3193 4353 unam
3249 4315 3557 4367 personam,
3606 4301 3709 4350 dum

578 4398 675 4452 Πίε
699 4406 771 4452 εει
798 4396 967 4465 Ραηίδν
991 4393 1077 4463 σαί
1105 4396 1166 4445 ἀι
1191 4392 1315 4445 (α’ίο
1338 4389 1618 4443 descendi“
1655 4388 1722 4443 Ui
1752 4388 1899 4441 “mm
1924 4402 2075 4440 man‘
2176 4402 2310 4454 dixit
2352 4398 2550 4451 Filium
2591 4394 2822 4449 hominis
2852 4406 2970 4446 esse
3018 4392 3160 4459 prius
3202 4392 3252 4443 in
3291 4392 3449 4444 coelo.
3507 4391 3558 4443 In
3594 4403 3711 4443 terra

506 4491 749 4547 ducando
780 4490 1040 4547 vivamus,
1096 4485 1184 4551 qui
1216 4493 1467 4536 aeternam
1502 4482 1661 4533 vitam
1694 4495 1755 4534 ex
1793 4478 1943 4533 nobis
1975 4479 2060 4532 lia-

2182 4493 2513 4563 loquebatur,
2548 4498 2600 4543 et
2651 4488 2702 4540 in
2737 4486 2871 4539 coelo
2910 4500 2968 4539 se
3010 4500 3129 4539 esse
3176 4485 3405 4537 dicebat.
3458 4484 3602 4549 Quod
3629 4500 3710 4549 (ιιι.

507 4585 633 4639 bere
664 4595 768 4634 n0“
799 4590 1107 4647 Ρυεδυηιυε·
2175 4585 2426 4653 pertinet,
2486 4580 2585 4634 nisi
2621 4587 2677 4631 ut
2709 4578 3063 4647 intelligamus
3108 4590 3262 4628 unant
3312 4590 3588 4641 personam
3617 4588 3711 4625 8:38

583 4673 707 4727 Non
752 4671 883 4724 sicut
928 4667 1363 4720 manducaverunt
1391 4704 1406 4729 ,
1454 4662 1661 4729 inquit,
1711 4671 1877 4733 patres
1921 4670 2060 4715 vestr:

2174 4680 2441 4731 Christum
2493 4674 2659 4727 Deum
2710 4680 2763 4724 et
2814 4669 3105 4729 hominem,
3152 4683 3259 4720 non
3308 4668 3480 4718 duas?
3529 4682 3589 4719 ne
3632 4666 3711 4715 ﬁlia

510 4778 720 4827 manna,
762 4768 809 4811 et
862 4757 1044 4809 mortui
1088 4764 1224 4809 sunt.
1274 4752 1372 4817 Qui
1411 4755 1681 4805 manducat
1712 4755 1845 4805 hunc
1894 4770 2060 4819 panen.

2178 4776 2353 4820 nostra
2408 4780 2509 4816 non
2556 4762 2625 4814 sit
2681 4760 2909 4821 trinitas,
2962 4758 3054 4813 sed
3104 4757 3450 4824 qnaternitas.
3502 4754 3712 4806 Christm

507 4857 633 4910 vivet
664 4856 714 4905 in
744 4863 1008 4905 internum.
1044 4846 1170 4899 Hice
1199 4847 1329 4899 dixit
1369 4847 1422 4898 in
1464 4862 1744 4915 synagoga,
1788 4847 1973 4897 docens
2020 4846 2060 4895 is

2175 4874 2302 4925 ergo
2335 4870 2465 4907 unus
2496 4862 2595 4917 est,
2624 4851 2873 4913 Verbum,
2905 4850 3098 4907 anima,
3128 4862 3275 4898 caro.
3307 4845 3451 4897 L‘nus
3476 4845 3712 4899 Christu‘.

512 4948 893 5017 Capharnaum.
946 4942 1096 5008 Quod
1151 4955 1279 5009 ergo
1323 4940 1396 4993 illi
1438 4942 1631 4993 mortui
1673 4949 1818 5005 sunt,
1852 4939 1925 4991 ita
1964 4941 2049 4990 vul

2180 4951 2341 5003 Filius
2374 4947 2485 5010 Dei,
2528 4953 2581 4997 et
2606 4943 2778 4996 'FliillS
2810 4941 3060 4993 hominis.
3098 4936 3241 4991 Unus
3273 4936 3540 4995 Christus.
3578 4936 3661 4986 Fili
3697 4950 3714 4983 ς

514 5039 765 5107 intelligi,
804 5048 856 5090 ut
886 5052 988 5089 non
1025 5036 1197 5087 vivant
1224 5035 1274 5086 in
1304 5043 1584 5086 aeternum.
1633 5032 1768 5085 Nam
1810 5041 2060 5100 tempora-

2181 5038 2271 5091 Dei
2294 5051 2523 5101 semper,
2560 5033 2723 5087 Filius
2750 5032 2978 5084 hominis
3002 5043 3069 5081 es
3105 5037 3372 5095 tempore;
3401 5039 3572 5079 tamen
3602 5042 3714 5077 unus

516 5135 635 5187 liter
679 5130 916 5199 profecto
952 5139 1005 5182 et
1036 5128 1086 5181 hi
1137 5129 1453 5189 morientur,
1484 5124 1574 5193 qui
1621 5125 1887 5178 Christum
1928 5139 2060 5177 man

2177 5130 2421 5183 Christus
2472 5124 2761 5180 secundum
2792 5122 3045 5174 unitatem
3078 5132 3317 5185 persona:
3365 5120 3413 5168 in
3445 5119 3578 5170 C(Blo
3603 5132 3713 5175 εῖν,

515 5229 748 5287 ducant;
799 5222 892 5276 sed
949 5222 1126 5273 vivent
1149 5220 1201 5272 in
1238 5228 1518 5284 aeternum,
1553 5220 1671 5287 quia
1703 5218 1951 5272 Chrisms
1999 5226 2079 5271 est
2179 5221 2392 5290 quando
2418 5222 2468 5273 in
2498 5227 2638 5271 terra
2673 5215 3009 5281 loquebatur.
3044 5211 3133 5265 Sic
3166 5222 3281 5265 erat
3306 5210 3472 5261 Filius
3518 5211 3715 5262 ιιοηιῐιιις

518 5317 623 5369 \ita
654 5323 874 5368 alterna.
908 5311 1130 5379 Signum
1154 5309 1272 5377 quia
1305 5309 1659 5374 manducavit,
1694 5319 1748 5361 et
1780 5309 1930 5372 bibit,
1980 5309 2079 5361 hoc
2180 5313 2231 5367 in
2255 5311 2414 5374 ccelo,
2444 5306 2715 5375 quomodo
2748 5304 2911 5357 Filius
2943 5302 3033 5359 Dei
3066 5304 3115 5355 in
3150 5312 3303 5353 terra.
3340 5300 3431 5355 Sic
3464 5302 3619 5355 Filius
3642 5300 3713 5352 υιιι

517 5408 559 5461 si
618 5413 815 5467 manet.
847 5411 902 5457 ει
959 5410 1229 5463 ιηθηειυτς
1282 5400 1326 5454 εἰ
1380 5399 1599 5463 habili”.
1640 5410 1692 5454 ει
1724 5399 2075 5461 inltabilalur;
2180 5404 2392 5456 interra
2424 5405 2667 5463 suscepta
2700 5408 2880 5457 carne,
2914 5392 3175 5461 quomodo
3216 5391 3383 5444 Filius
3429 5391 3650 5443 homian
3678 5392 3715 5437 in

525 5500 599 5551 sic
626 5500 725 5551 erit
757 5507 809 5548 ut
846 5508 948 5546 non
984 5493 1280 5544 deseratur.
1338 5490 1447 5544 lloc
1493 5506 1617 5556 ergo
1644 5504 1736 5541 nos
1786 5488 1984 5551 docuit,
2030 5496 2080 5540 et
2182 5493 2339 5555 caelo,
2369 5490 2417 5541 in
2453 5488 2656 5541 unitate
2690 5499 2948 5554 personae.
2981 5482 3127 5546 Quod
3158 5496 3276 5535 mox
3323 5482 3482 5535 latius
3506 5482 3712 5546 exponit,

528 5587 792 5639 .iilmouuit
822 5582 1059 5649 mySticis
1090 5580 1287 5643 verbis,
1319 5587 1377 5632 ut
1407 5581 1574 5633 simus
1608 5579 1658 5632 in
1688 5581 1800 5643 eius
1832 5593 2080 5645 corpore.
2184 5582 2305 5650 quid
2353 5580 2561 5631 intersit
2605 5577 2744 5630 inter
2774 5573 3013 5643 spiritum
3046 5583 3098 5626 et
3140 5587 3383 5635 carnem,
3419 5585 3474 5625 et
3502 5574 3617 5639 quid
3654 5574 3716 5622 in~

522 5680 617 5729 sub
664 5678 778 5743 ipso
810 5675 981 5741 capite
1042 5673 1091 5725 in
1140 5671 1395 5725 membris
1420 5671 1554 5739 ejus,
1602 5671 1817 5725 edentes
1870 5684 2060 5724 carnea

2188 5683 2265 5726 ter
2297 5650 2584 5724 carnaliter
2628 5666 2895 5721 ChriStum
2938 5665 3257 5718 manducare
3303 5664 3460 5727 κριι.ι,
3502 5675 3551 5715 et
3588 5666 3715 5730 spite

542 5773 654 5836 ius,
705 5784 805 5821 non
851 5768 1211 5834 relinquentes
1264 5768 1517 5821 unitatem
1551 5781 1689 5833 ειυς.
1732 5764 1831 5821 Sed
1868 5768 1955 5833 qui
1990 5766 2080 5821 ad-
2189 5766 2398 5822 tualiter
2425 5763 2686 5831 accipere.
2723 5761 2807 5813 Ait
2838 5758 3013 5813 enim:

2238 3398 2299 3453 Si
2349 3412 2471 3465 ergo
2508 3396 2737 3451 videritis
2758 3394 2959 3447 Filium
3008 3394 3227 3448 hominis
3278 3394 3621 3447 ascendentem
3648 3394 3714 3443 uti

2167 3499 2274 3543 erat
2304 3491 2485 3560 prius?
2514 3487 2649 3555 Quid
2686 3497 2766 3542 est
2800 3488 2928 3540 hoc?
2966 3486 3085 3539 hinc
3115 3485 3272 3538 solvit
3299 3484 3434 3551 quod
3467 3486 3584 3537 illos
3620 3499 3713 3537 mo-

2170 3592 2349 3645 verat;
2400 3580 2520 3633 hinc
2551 3578 2692 3632 eruit
2742 3578 2881 3630 unde
2930 3576 3144 3629 fuerunt
3184 3574 3560 3638 scandalizati;
3611 3574 3711 3625 hinc

2169 3671 2363 3741 plane,
2417 3670 2461 3722 si
2510 3668 2912 3736 intelligerent:
2946 3666 3020 3718 illi
3072 3666 3212 3719 enim
3266 3674 3584 3733 putaverunt
3611 3679 3709 3716 eum

2169 3773 2507 3832 erogaturum
2546 3772 2741 3827 corpus
2788 3774 2981 3822 suum;
3015 3758 3101 3810 ille
3148 3766 3326 3809 autem
3358 3770 3415 3809 se
3468 3756 3601 3808 dixit
3644 3770 3712 3804 as-

2170 3869 2478 3916 censurum,
2509 3853 2561 3905 in
2592 3852 2783 3905 caelum
2804 3849 2993 3915 ratique
3029 3848 3314 3915 integrum.
3347 3844 3481 3898 Cum
3511 3845 3674 3897 rident
3698 3864 3711 3891 ε

2174 3944 2369 3998 Filium
2400 3942 2616 3995 hominis
2663 3938 3013 3992 ascendentem
3045 3936 3128 3988 ubi
3158 3946 3269 3987 erat
3302 3936 3461 3999 prius,
3489 3944 3625 3987 certe
3650 3940 3709 3981 iet

2176 4047 2299 4090 tunc
2333 4033 2579 4087 videbitis
2625 4032 2745 4100 quia
2778 4045 2880 4082 non
2914 4044 2978 4082 eo
3003 4028 3160 4081 modo
3193 4043 3296 4095 quo
3329 4028 3521 4095 ptitatis
3554 4038 3709 4092 eroget

2175 4141 2389 4195 corpus.
2412 4124 2583 4177 Certe
2626 4122 2705 4176 vel
2742 4133 2865 4175 tunc
2918 4120 3220 4188 intelligetis
3250 4121 3366 4187 quia
3412 4121 3576 4188 gratia
3617 4119 3711 4185 ejus

2176 4232 2278 4270 non
2325 4214 2655 4269 consumitur
2686 4211 2971 4264 morsibus.
3020 4209 3071 4262 ln
3107 4212 3188 4263 his
3229 4210 3407 4263 verbis
3460 4212 3711 4278 perspicie
