3822 6226
120 333 200 388 πει
1018 332 1081 386 1N
1123 333 1179 387 S.
1222 332 1500 387 lOANNlS
1544 329 1988 388 EVAN’GELIUM
2035 334 2414 390 EXI’OSITIO.

3231 337 3335 388 1'2”).

176 445 387 511 Spiritus
411 453 485 497 est
505 443 588 509 qui
613 443 856 512 uieiﬁcat,
883 459 1000 496 caro
1024 459 1122 495 non
1145 443 1655 513 prodestquidquam.
1690 445 1735 497 Α
1836 443 2038 496 Sciebat
2087 445 2221 497 enim
2250 443 2311 496 ab
2338 443 2647 500 ittitioJesus
2676 448 2761 515 qui
2790 460 2948 502 essent
2978 448 3253 510 credentes,
3291 459 3333 499 et

123 537 258 591 Paulo
302 543 423 595 ante
476 532 609 586 dixit
641 551 654 584 :
694 531 809 586 Nisi
839 531 1259 586 manducaueritis
1290 548 1492 585 carnem
1536 529 1665 585 Filii

124 627 329 691 hominis,
384 635 431 678 et
459 623 686 677 biberitis
709 623 820 692 ejus
849 622 1169 692 sanguinem,
1203 639 1302 676 non
1323 621 1569 675 habebitis
1594 623 1666 674 ui-

124 729 207 770 tam
231 718 279 770 in
323 715 501 779 vobis;
541 721 596 768 et
623 715 786 768 modo
808 713 932 767 dicit
956 728 970 766 :
999 712 1130 766 Caro
1162 729 1264 765 non
1294 713 1498 780 prodest
1518 711 1668 774 quid—

123 827 269 882 quam.
299 808 346 860 id
374 815 481 872 est,
514 806 558 859 si
591 806 877 860 carnaliter
897 805 1358 874 vultis'intelligere
1388 803 1662 872 «ιυευᾱίοο,

124 919 222 958 caro
249 918 344 955 non
369 902 580 968 prodest
605 901 920 969 quidquam;
949 901 995 955 si
1024 899 1102 954 sic
1122 899 1401 953 carnaliter
1422 897 1669 966 intelligi-

126 999 198 1058 κᾶε,
245 993 673 1046 manducandum
728 993 864 1044 sicut
894 990 1053 1043 alium
1083 990 1291 1053 cibum,
1315 989 1454 1042 sicut
1484 1003 1671 1041 carnes

125 1102 226 1154 quae
259 1097 506 1139 emuntur
561 1083 614 1135 in
667 1081 938 1146 macellis,
991 1081 1217 1147 Spiritus
1267 1081 1408 1135 enim
1442 1088 1555 1143 est,
1585 1080 1672 1148 qui

123 1178 331 1246 tisi/icat.
364 1175 464 1228 Per
491 1174 740 1241 Spiritum
764 1172 978 1239 prodest
997 1187 1141 1232 caro,
1166 1185 1283 1238 qua:
1304 1186 1394 1234 per
1417 1185 1474 1224 se
1502 1168 1669 1238 ipsam

125 1282 214 1319 nou
241 1265 480 1332 prodest;
514 1265 639 1331 quia
673 1265 846 1316 littera
870 1260 1080 1324 occidit,
1105 1261 1326 1326 Spiritus
1350 1269 1519 1313 autem
1544 1258 1676 1310 vivi-

128 1358 231 1421 ﬁcu!
256 1351 333 1420 (II
365 1352 484 1406 Cor.
545 1352 653 1421 ut).
706 1353 833 1406 Nam
861 1365 957 1419 per
987 1364 1198 1404 carnem
1227 1349 1447 1418 spiritus
1476 1347 1674 1415 aliquid

132 1463 214 1514 pro
239 1447 399 1499 salute
428 1455 616 1499 nostra
645 1445 751 1514 egit
779 1462 792 1497 :
846 1458 972 1498 caro
1000 1457 1091 1496 vas
1117 1439 1214 1495 fuit
1242 1441 1381 1511 quod
1407 1440 1632 1494 habebat
1656 1479 1671 1506 ,

130 1555 212 1606 per
236 1554 381 1606 quam
427 1538 657 1605 spiritus
701 1535 923 1590 salvavit
949 1549 1070 1600 nos,
1102 1547 1252 1588 utens
1276 1548 1475 1602 organo
1502 1533 1676 1587 carnis

129 1628 184 1680 ad
220 1628 432 1681 salutem
491 1626 717 1680 humani
749 1625 982 1696 generis,
1015 1626 1136 1693 quia
1167 1623 1409 1678 diabolus
1431 1621 1675 1677 utebatur

129 1725 368 1784 serpente,
405 1715 560 1784 quasi
612 1729 833 1782 organo,
873 1714 938 1768 ad
965 1713 1363 1768 subversionem
1393 1713 1547 1782 primi
1576 1725 1671 1780 pa—

1766 536 1876 603 quis
1899 535 2177 590 traditurus
2208 545 2332 590 esset
2362 551 2496 589 eum.
2532 536 2663 592 Nam
2693 549 2746 594 et
2774 541 2841 595 ibi
2864 541 3025 597 Judas
3055 553 3168 598 erat
3199 543 3338 597 inter

1767 640 1859 680 eos
1899 627 1988 695 qui
2031 626 2371 681 scandalizati
2416 639 2571 694 sunt,
2600 643 2755 699 quem
2782 631 3024 688 Christus
3051 649 3146 688 nec
3170 633 3337 699 siluit,

1769 731 1865 769 nec
1921 724 2102 780 aperte
2146 717 2406 782 ostendit,
2471 727 2526 772 ut
2549 733 2734 776 omnes
2783 722 3050 788 timerent,
3097 729 3340 792 quamvis

1769 821 1905 859 unus
1958 807 2172 874 periret.
2217 806 2323 862 Sed
2351 817 2692 879 posteaquam
2720 811 2853 867 dixit
2883 824 2937 869 et
2957 815 3202 869 distinxit
3221 830 3341 871 cre-

1770 899 1955 953 dentes
2008 915 2038 953 a
2087 915 2191 954 non
2233 901 2596 972 credentibus,
2639 907 2901 974 expressit
2928 918 3144 962 causam
3175 921 3343 978 quare

1773 1010 1875 1047 non
1905 993 2212 1048 credebant.

1843 1085 2126 1152 Propterea
2161 1087 2269 1141 dixi
2311 1089 2466 1154 vobis,
2513 1089 2701 1158 inquit,
2751 1092 2876 1160 quia
2901 1108 3044 1145 nemo
3079 1101 3240 1160 potest
3260 1109 3344 1146 re.

1775 1176 1883 1228 nire
1929 1177 1996 1227 ad
2036 1193 2134 1238 me,
2179 1178 2284 1230 nisi
2303 1181 2455 1247 fuerit
2481 1181 2526 1232 ei
2554 1181 2731 1234 datum
2754 1198 2785 1233 a
2820 1181 2979 1235 Patre
3008 1197 3137 1235 meo.
3172 1183 3339 1236 Datur

1775 1267 1914 1322 enim
1939 1283 1967 1320 a
1997 1267 2150 1322 Patre
2177 1270 2519 1325 credentibus
2552 1272 2704 1336 fides,
2728 1283 2786 1327 ut
2810 1289 2968 1328 nemo
2997 1274 3256 1344 glorietur
3289 1276 3340 1326 iu

1777 1357 1881 1411 title
1927 1373 2041 1422 sua,
2084 1373 2200 1427 quae
2228 1374 2255 1413 a
2284 1374 2343 1414 se
2369 1375 2473 1415 non
2504 1371 2586 1416 est
2613 1364 2763 1432 quasi
2791 1364 3024 1434 propria,
3049 1363 3145 1419 sed
3176 1379 3203 1417 a
3238 1363 3347 1418 Deo

1778 1451 1918 1511 data.
1952 1450 2098 1520 quasi
2129 1452 2317 1520 gratia.

1850 1541 1932 1594 E1:
1977 1542 2070 1596 hoc
2110 1543 2258 1595 multi
2314 1543 2554 1611 discipuli
2583 1545 2693 1614 ejus
2726 1544 2965 1598 abierunt
2988 1553 3146 1607 retro,
3173 1552 3229 1596 et
3232 1545 3345 1612 jam

1779 1649 1879 1688 non
1934 1650 2048 1687 cum
2095 1633 2192 1688 illa
2224 1636 2571 1689 ambulabant.
2607 1637 2873 1690 Abierant
2900 1645 3065 1703 retro,
3093 1651 3197 1689 non
3226 1644 3345 1702 post

1780 1723 2085 1788 Christum,
2102 1723 2192 1777 sed
2225 1732 2341 1793 post
2364 1722 2638 1779 Satanam.
2666 1724 2754 1778 lsti
2775 1734 2952 1780 autem
2973 1725 3054 1779 sie
3071 1725 3347 1779 redierunt

131 1807 275 1860 rentis
301 1805 462 1860 nostri
490 1804 650 1874 (Gen.
674 1805 777 1876 tu).
805 1805 1028 1873 Spiritus
1057 1813 1150 1869 est,
1180 1806 1268 1873 qni
1297 1805 1535 1872 viuiﬁcat,
1559 1819 1677 1858 caro

1793 1825 1947 1880 retro,
1986 1816 2266 1884 quomodo
2285 1815 2490 1883 pracisi
2521 1831 2548 1869 a
2575 1829 2801 1883 corpore
2821 1813 3042 1881 Christi,
3077 1813 3341 1869 nec‘ultra

129 1909 273 1952 autem
312 1913 409 1951 non
455 1898 670 1968 prodest
697 1897 994 1965 quidquam.
1023 1894 1171 1950 Sicut
1205 1894 1278 1948 illi
1301 1894 1678 1950 intellexerunt

132 2005 346 2054 carnem,
376 2005 482 2043 non
512 1990 595 2046 sic
616 2003 716 2060 ego
737 1989 804 2044 do
833 1987 900 2042 ad
923 1987 1349 2043 manducandum
1374 2002 1544 2043 meam
1562 2001 1676 2041 car-

130 2094 252 2136 nem.
275 2079 498 2135 Proinde
533 2097 547 2132 :

197 2171 367 2238 Verba,
415 2173 618 2240 inquit,
669 2188 782 2240 quce
807 2187 898 2243 ego
923 2171 1118 2226 locutus
1147 2186 1257 2225 sum
1277 2171 1436 2234 vobis,
1470 2171 1680 2238 spiritus

131 2275 168 2318 et
204 2265 295 2317 sita
333 2275 466 2318 sunt.
519 2265 765 2320 Diximus
802 2267 965 2329 enim,
1018 2263 1232 2331 fratres,
1264 2263 1368 2319 hoc
1391 2264 1674 2318 Dominum

131 2357 504 2413 commendasse
557 2357 612 2411 in
667 2357 1076 2412 manducatione
1123 2357 1297 2410 carnis
1344 2364 1554 2420 suat,et
1583 2369 1678 2425 po-

133 2449 307 2502 talione
347 2448 625 2516 sanguinis
662 2449 763 2512 sui,
808 2457 866 2502 ut
911 2449 963 2502 in
1002 2447 1088 2502 illo
1121 2459 1454 2509 maneamus,
1485 2453 1540 2500 et
1565 2447 1679 2513 ipse

135 2541 181 2592 in
207 2539 360 2593 nobis.
416 2540 697 2594 Manemus
726 2548 904 2593 autem
934 2539 985 2592 in
1010 2538 1118 2603 illo,
1155 2553 1276 2592 cum
1298 2550 1485 2590 sumus
1507 2549 1678 2590 mem-

135 2631 213 2683 bra
259 2629 390 2699 ejus.
439 2630 621 2686 Manet
673 2639 850 2686 autem
900 2631 1014 2700 ipse
1057 2631 1106 2685 in
1160 2629 1473 2697 nobis,cum
1495 2643 1682 2684 sumus

135 2721 357 2789 templum
399 2720 541 2790 ejus.
588 2720 660 2777 Ut
684 2732 859 2777 autem
890 2723 1056 2775 simus
1083 2721 1317 2776 membra
1340 2718 1478 2789 eius,
1506 2721 1681 2775 unitas

137 2823 218 2865 nos
265 2815 622 2882 compaginat.
687 2812 756 2867 Ut
804 2811 1139 2882 compaginet
1175 2810 1372 2874 unitas,
1404 2809 1526 2880 quid
1558 2808 1683 2864 facit

136 2902 220 2955 nisi
241 2902 460 2956 cbaritas
482 2904 507 2956 'l
560 2903 808 2958 Charitas
840 2903 930 2955 Dei
959 2901 1144 2956 unde?
1175 2901 1487 2970 Apostolum
1516 2901 1682 2956 inter-

135 3003 260 3058 roga.
291 2989 545 3058 Charitas,
579 2991 773 3061 inquit,
807 2990 900 3044 Dei
924 2990 1114 3056 diffusa
1139 2992 1289 3045 estin
1319 2990 1557 3044 cordibus
1584 3007 1679 3045 no-

135 3082 233 3135 stris
255 3098 335 3149 per
357 3081 611 3145 Spiritum
635 3091 862 3136 sanctum
876 3082 961 3150 qui
981 3081 1132 3134 datus
1152 3089 1222 3133 est
1245 3081 1385 3134 nobis
1402 3078 1576 3150 (Rom.
1596 3080 1674 3148 v).

139 3169 254 3237 Ergo
297 3172 507 3239 spiritus
566 3181 654 3228 est
712 3172 801 3240 qui
838 3171 1090 3226 viviﬁcat.
1125 3170 1356 3240 Spiritus
1381 3172 1523 3226 enim
1553 3172 1679 3226 facit

137 3258 233 3312 viva
270 3261 521 3315 membra.
580 3263 690 3318 Nec
739 3263 859 3316 viva
903 3263 1140 3318 membra
1163 3264 1381 3332 spiritus
1405 3263 1550 3330 facit,
1579 3264 1679 3319 nisi

138 3365 236 3414 qua
279 3351 328 3404 in
377 3365 611 3420 corpore
658 3353 800 3422 quod
825 3355 1165 3423 vegetatipse
1187 3355 1410 3425 spiritus
1435 3355 1634 3411 invenit
1665 3372 1679 3421 ;

138 3455 241 3494 nam
287 3443 501 3511 spiritus
554 3443 648 3512 qui
676 3455 757 3500 est
785 3445 838 3498 in
865 3453 937 3511 te,
961 3460 994 3500 ο
1023 3446 1206 3512 homo,
1239 3461 1345 3516 quo
1373 3455 1588 3501 constas
1627 3453 1684 3499 ut

138 3532 276 3586 homo
315 3535 409 3603 sis,
433 3536 678 3604 nunquid
706 3536 938 3591 viviﬁcat
963 3537 1259 3592 membrum
1289 3537 1431 3608 quod
1460 3552 1681 3605 separa-

139 3633 231 3677 tum
254 3624 504 3681 invenerit
557 3642 588 3680 a
620 3642 783 3684 carne
807 3630 930 3684 tua?
973 3629 1225 3698 Spiritum
1252 3639 1400 3685 tuum
1430 3631 1549 3686 dico
1571 3631 1683 3684 ani-

139 3729 256 3766 mam
285 3724 441 3768 tuam.
475 3718 673 3771 Anima
697 3727 783 3771 tua
802 3734 905 3773 non
930 3719 1166 3774 viviﬁcat
1189 3719 1288 3776 nisi
1307 3721 1547 3776 membra
1563 3734 1686 3790 quae

140 3806 316 3859 suntin
339 3821 498 3861 carne
530 3818 644 3862 tua.
683 3808 852 3862 Unum
884 3808 928 3863 si
961 3794 1138 3875 tollas,
1161 3810 1270 3879 jam
1302 3826 1370 3864 ex
1396 3811 1572 3865 anima
1596 3821 1683 3864 tua
1771 3815 1779 3821 ’

141 3910 230 3948 non
256 3895 563 3964 viviﬁcatur,
589 3897 716 3966 quia
744 3898 932 3952 unitati
962 3900 1203 3967 corporis
1234 3901 1308 3953 tui
1338 3914 1441 3953 non
1465 3900 1687 3969 copula-

142 3992 228 4038 tur.
260 3985 374 4040 Haec
392 3988 649 4041 dicuntur
679 3997 733 4040 ut
756 4003 992 4044 amemus
1023 3989 1302 4054 unitatem,
1325 4000 1378 4043 et
1401 3989 1687 4044 timeamus

139 4081 525 4142 separationem.
556 4080 701 4135 Nihil
743 4081 884 4135 enim
924 4081 1002 4135 sic
1031 4080 1189 4135 debet
1222 4079 1509 4136 formidare
1537 4079 1689 4135 Chri-

142 4171 340 4235 stianus,
386 4186 545 4241 quam
606 4172 844 4240 separari
889 4186 918 4226 a
962 4185 1190 4240 corpore
1219 4171 1517 4227 Christi.Si
1541 4173 1686 4227 enim

140 4271 390 4329 separatur
412 4276 441 4314 a
463 4275 694 4328 corpore
717 4260 938 4325 Christi,
971 4275 1074 4315 non
1101 4270 1185 4315 est
1213 4262 1505 4316 membrum
1535 4261 1685 4330 ejus':

143 4352 181 4404 si
209 4367 301 4404 non
332 4363 409 4408 est
439 4354 744 4408 membrum
759 4355 892 4421 ejus,
910 4367 1013 4408 non
1040 4362 1311 4423 vegetatur
1335 4354 1522 4424 spiritu
1546 4354 1685 4424 ejus.

1779 1907 2061 1963 redeuntes
2117 1907 2182 1960 ad
2211 1923 2367 1975 eum,
2423 1907 2543 1974 quia
2598 1907 2731 1962 forte
2779 1906 3005 1962 fideliter
3036 1906 3087 1960 in
3123 1920 3348 1975 corpore

1778 2002 1894 2068 ejus
1916 2014 2018 2055 non
2043 1999 2254 2054 luerunt
2280 2017 2292 2052 :
2319 2006 2372 2054 et
2401 1998 2452 2052 hi
2484 2013 2588 2053 non
2629 1998 2801 2068 pauci,
2835 1998 2926 2052 sed
2958 1999 3062 2051 mut
3087 1999 3123 2049 i.
3151 1996 3345 2051 Viden.

1781 2105 1895 2144 mus
1932 2105 2058 2157 ergo
2088 2089 2210 2157 quid
2262 2090 2328 2143 ad
2382 2103 2577 2159 paucos
2600 2087 2792 2143 dixerit
2832 2089 2920 2157 qui
2952 2093 3345 2141 remanserunt.

1853 2183 1994 2236 Dixit
2011 2197 2126 2252 ergo
2147 2180 2296 2236 Jesus
2322 2181 2390 2233 ad
2413 2181 2682 2234 duodecim
2704 2197 2720 2234 :
2745 2178 3009 2250 Numquid
3026 2187 3071 2231 et
3095 2193 3180 2230 vos
3197 2177 3348 2230 vultis

1779 2274 1956 2327 abire?
1984 2272 2100 2327 Non
2126 2271 2370 2327 discessit
2401 2285 2498 2326 nec
2519 2270 2682 2326 ludas
2716 2289 2729 2324 :
2764 2270 2857 2326 sed
2889 2282 3053 2339 quare
3082 2269 3348 2328 manebat.

1783 2365 2005 2418 Domino
2027 2363 2135 2432 jam
2167 2363 2475 2432 apparebaL
2495 2372 2674 2430 postea
2706 2361 3097 2416 manifestatum
3117 2368 3217 2414 est.
3251 2358 3354 2413 Re-

1781 2455 1995 2526 spondit
2025 2456 2208 2510 Petrus
2240 2469 2335 2524 pro
2364 2453 2630 2522 omnibus,
2661 2468 2801 2508 unus
2833 2466 2927 2522 pro
2955 2449 3352 2520 multis,unitas

1783 2561 1879 2618 pro
1907 2545 2193 2600 universis.

1854 2635 2126 2701 Respondit
2155 2649 2272 2704 ergo
2302 2633 2350 2686 ei
2371 2631 2548 2688 Simon
2570 2630 2755 2685 Petrus
2781 2646 2799 2684 :
2832 2630 3066 2694 Domine,
3097 2629 3164 2682 ad
3193 2643 3341 2698 quem

1781 2729 2004 2783 ibimus?
2041 2727 2278 2794 Repellls
2322 2739 2419 2780 nos
2447 2739 2476 2777 a
2510 2733 2608 2779 tet:
2635 2723 2700 2777 da
2725 2721 2878 2777 nobis
2909 2723 3134 2776 alterum
3165 2731 3236 2774 te.
3271 2719 3352 2772 Αιι

1781 2835 1928 2890 quem
1972 2818 2189 2884 ibimus,
2245 2817 2289 2871 si
2347 2830 2375 2869 ε
2441 2823 2490 2869 te
2538 2813 2879 2869 recedimus?
2921 2812 3000 2864 Ad
3054 2825 3201 2880 quem
3254 2809 3352 2862 ibi-

1784 2927 1894 2965 mus
1914 2911 1939 2964 ?

1863 3001 2029 3056 Verba
2069 3000 2184 3055 uitta
2227 3007 2429 3054 (sternte
2483 2997 2656 3051 habes.
2687 2994 2878 3050 Videte
2909 2991 3352 3064 quemadmodum

1788 3094 1975 3149 Petrus
2023 3091 2183 3147 dante
2236 3089 2483 3155 Domino,
2522 3095 2795 3142 recreante
2821 3084 3022 3152 Spiritu
3057 3090 3240 3136 sancto
3270 3081 3352 3134 in-

1788 3184 2026 3249 tellerit;
2081 3181 2267 3238 unde?
2313 3181 2416 3235 nisi
2470 3179 2590 3249 quia
2619 3175 2849 3233 credidit
2869 3175 3024 3230 verba
3050 3175 3171 3227 vitae
3201 3183 3356 3228 auer-

1783 3293 1886 3332 ηπ.
1942 3276 2112 3329 Vitam
2165 3273 2308 3329 enim
2358 3280 2614 3326 aeternam
2666 3269 2831 3323 habes
2877 3269 2927 3320 in
2962 3264 3354 3319 milliSlraliOHO

1783 3367 2026 3436 corporis
2080 3372 2135 3420 et
2160 3362 2433 3434 sanguinis
2463 3361 2558 3426 tui,
2591 3369 2644 3414 et
2666 3372 2761 3412 nos
2788 3371 2896 3412 non
2924 3355 3272 3426 cognovimus
3301 3363 3358 3407 et

1783 3457 2072 3523 credimus,
2125 3453 2217 3508 sed
2246 3451 2517 3506 credimus
2547 3458 2603 3504 et
2628 3447 2993 3516 cognovimus.
3019 3443 3353 3498 Credidimus

1784 3551 1945 3613 enim,
1999 3555 2059 3601 ut
2096 3556 2563 3614 cognosceremus.
2595 3540 2725 3595 Nam
2757 3539 2802 3595 si
2831 3539 2975 3608 prius
3000 3549 3348 3605 cognoscere,

1785 3649 1836 3693 et
1865 3636 2056 3693 deinde
2084 3633 2305 3690 credere
2329 3631 2610 3694 vellemus,
2645 3644 2742 3684 nec
2770 3616 3092 3696 cegnoscere
3123 3639 3221 3680 nec
3235 3639 3348 3679 cre-

1786 3731 1910 3786 dere
1936 3729 2252 3784 valeremus.
2286 3714 2423 3790 Quid
2449 3721 2734 3785 credimus,
2755 3728 2808 3774 et
2823 3718 2945 3788 quid
2963 3716 3356 3787 cognovimus?

1860 3820 1997 3887 Quia
2045 3829 2099 3872 tu
2147 3833 2199 3872 es
2251 3814 2482 3869 Christus
2538 3809 2707 3864 Filius
2745 3809 2857 3862 Dei.
2885 3808 2938 3861 ld
2964 3816 3066 3870 est,
3095 3807 3214 3876 quia
3245 3806 3357 3874 ipsa

1788 3913 1888 3966 vita
1942 3922 2139 3966 aeterna
2185 3922 2264 3972 es,
2288 3916 2469 3962 etnon
2496 3904 2589 3957 das
2620 3902 2673 3956 in
2704 3915 2862 3955 carne
2886 3908 2938 3953 et
2964 3899 3219 3968 sanguine
3247 3906 3355 3961 tuo,

1789 4002 1890 4055 nisi
1918 3999 2061 4070 quod
2092 4012 2173 4053 es.

1859 4089 2138 4161 Respondit
2169 4085 2337 4154 Iesus,
2380 4083 2565 4138 Nonne
2593 4099 2684 4152 ego
2705 4098 2797 4136 vos.
2821 4080 3085 4134 duodecim
3108 4078 3273 4146 elegi?
3309 4086 3357 4130 et

1789 4200 1921 4238 unus
1947 4197 2010 4235 ex
2038 4179 2177 4234 vobis
2207 4179 2440 4232 diabolus
2458 4185 2547 4230 est.
2582 4173 2787 4228 Dicebat
2817 4181 2985 4225 autem
3006 4170 3068 4222 de
3093 4166 3231 4220 Juda
3260 4165 3351 4222 Si-

1789 4275 1952 4327 monis
1992 4271 2246 4325 Iscariota
2280 4286 2298 4323 :
2339 4270 2418 4321 hic
2462 4269 2598 4321 enim
2629 4273 2736 4320 erat
2770 4263 3045 4317 traditurus
3076 4275 3213 4324 eum,
3237 4274 3350 4310 cum

1789 4375 1912 4420 esset
1940 4379 2069 4416 unus
2095 4377 2159 4416 es
2180 4359 2468 4416 duodecim.
2499 4358 2646 4411 Unus
2675 4371 2738 4410 ex
2766 4353 3048 4408 duodecim
3080 4359 3216 4414 erat,
3252 4365 3355 4403 non

143 4442 366 4509 Quisquis
406 4455 614 4507 autem,
669 4444 958 4511 Apostolus
989 4445 1179 4515 inquit,
1210 4445 1454 4514 spiritum
1484 4444 1680 4501 Christi

1797 4457 1920 4522 fide,
1951 4453 2043 4509 sed
2076 4467 2331 4514 numero;
2364 4465 2470 4503 non
2499 4450 2745 4512 veritate,
2766 4446 2856 4500 sed
2874 4443 3229 4500 simulatione.
3254 4442 3357 4496 Sed

145 4550 230 4586 nun
246 4535 410 4599 habet,
426 4536 510 4589 hic
531 4550 636 4589 non
651 4536 880 4604 estejus.
908 4535 1132 4602 Spiritus
1161 4551 1288 4606 ergo
1314 4545 1386 4590 est
1415 4537 1502 4606 qui
1524 4536 1689 4606 vivifi-

145 4632 226 4684 cat,
251 4638 357 4682 caro
382 4638 482 4676 non
524 4624 732 4691 prodest
761 4621 1054 4692 quidquam.
1091 4621 1260 4677 Verba
1287 4638 1403 4693 qua
1427 4641 1519 4694 ego
1550 4625 1690 4676 locu-

147 4724 213 4762 tut
259 4730 360 4764 sunt
391 4714 549 4775 vobis,
585 4714 795 4780 spiritus
840 4723 885 4767 et
913 4714 1018 4768 uita
1045 4724 1181 4768 sunt.
1216 4716 1351 4782 Quid
1381 4727 1480 4780 est,
1529 4718 1684 4788 spiri-

148 4808 213 4850 tes
240 4808 279 4851 et
307 4803 402 4852 vita
430 4811 552 4854 sunt
579 4803 604 4854 i‘
655 4801 1003 4868 spiritualiter
1054 4802 1394 4874 intelligenda
1438 4819 1582 4859 sunt.
1610 4806 1692 4858 In-

149 4892 391 4944 tellexistis
431 4891 820 4958 spiritusliter?
869 4893 1100 4962 Spiritus
1143 4903 1198 4949 et
1225 4895 1330 4949 vita
1358 4906 1500 4950 sunt.
1532 4897 1692 4950 intel-

147 4981 332 5036 lexistis
376 4985 704 5040 carnaliter?
749 4987 915 5040 Etiam
967 4988 1046 5042 sic
1090 4988 1175 5042 illa
1223 4990 1439 5058 spiritus
1488 4999 1544 5045 et
1582 4993 1689 5044 vita

145 5083 269 5134 sunt,
298 5073 387 5126 sed
415 5074 505 5128 tibi
539 5092 646 5129 non
675 5087 819 5140 sunt,
850 5093 882 5130 ο
920 5078 1111 5132 homo!
1139 5077 1230 5146 qui
1258 5081 1608 5148 spiritualitcr
1628 5099 1688 5137 ea

146 5176 234 5213 non
254 5162 518 5231 intelligis,
546 5181 646 5221 nec
668 5167 770 5221 [ide
793 5184 855 5221 ea
885 5170 1130 5225 venerari
1159 5171 1318 5226 nosti.

206 5253 328 5328 Sunt
349 5257 482 5306 enim
501 5257 712 5322 quidam
741 5259 793 5311 in
829 5261 963 5313 nobis
991 5263 1079 5331 qui
1106 5278 1206 5315 non
1233 5265 1461 5318 credunt.
1488 5265 1550 5319 Et
1574 5266 1691 5319 idco

148 5361 236 5400 non
284 5350 602 5420 intelligunt,
657 5353 777 5420 quia
835 5370 938 5408 non
969 5356 1216 5410 cred‘unt.
1251 5358 1514 5427 Propheta
1544 5364 1687 5415 enim

148 5436 277 5500 dixit,
332 5439 448 5493 Nisi
504 5442 842 5509 credideritis,
901 5460 999 5498 non
1034 5447 1328 5520 intelligetis
1376 5450 1558 5516 (lsaite
1591 5453 1686 5521 νε),

148 5531 237 5585 Per
287 5531 436 5584 tidem
496 5535 832 5602 copulamur,
867 5551 959 5604 per
985 5537 1308 5595 intellectum
1335 5543 1686 5597 viviﬁcemur.

151 5605 283 5710 l’rius
309 5624 570 5680 credimus
600 5641 692 5696 per
715 5626 896 5696 ﬁdem,
923 5638 974 5684 ut
1003 5629 1077 5686 sic
1110 5641 1235 5698 post
1255 5633 1690 5706 viviﬁccmurpcr

149 5712 463 5771 “tlclluCIum.

1793 4544 2059 4614 quomodo
2087 4541 2486 4612 intelligendum
2519 4547 2620 4606 est,
2653 4537 2839 4592 Nonne
2867 4551 2956 4604 ego
2987 4550 3073 4587 vos
3094 4534 3355 4587 duodecim

1793 4636 1940 4707 elegi,
1995 4635 2118 4689 dum
2163 4634 2253 4688 ille
2295 4648 2432 4687 unus
2457 4630 2600 4685 illius
2624 4628 2822 4683 diaboli
2845 4627 3042 4681 dicitur
3071 4625 3224 4681 esse?
3255 4626 3357 4678 nisi

1792 4728 1911 4796 quia
1944 4724 2098 4781 aliter
2126 4723 2281 4780 electi
2313 4731 2437 4777 sunt
2468 4721 2540 4776 illi
2566 4720 2830 4784 undecim,
2855 4717 3180 4774 etaliterille
3200 4731 3355 4770 unus.

1796 4819 1960 4871 l‘llecti
2009 4825 2130 4870 sunt
2186 4815 2258 4869 illi
2300 4823 2358 4868 ut
2386 4822 2663 4868 manerent
2695 4813 2744 4865 in
2769 4810 3004 4871 Chrism,
3028 4817 3080 4862 et
3111 4819 3168 4862 ut
3196 4823 3358 4864 sonus

1793 4911 1997 4964 illorum
2047 4906 2219 4963 exiret
2276 4920 2369 4973 per
2409 4905 2594 4960 orbem
2654 4912 2930 4957 terrarum
2968 4900 3139 4967 (Psal.
3175 4899 3354 4967 svnt).

1796 4999 2006 5052 Electus
2056 5007 2141 5051 est
2181 4997 2271 5051 ille
2293 5011 2457 5064 unus,
2481 5003 2539 5048 ttt
2565 4992 2895 5062 dispensatio
2920 4991 3114 5046 divina:
3146 4993 3362 5045 miseri-

1793 5089 1987 5144 cordia:
2008 5089 2062 5143 in
2090 5088 2261 5143 salute
2278 5087 2488 5140 humani
2513 5083 2721 5155 generis
2744 5083 3053 5151 impleretur
3078 5098 3169 5146 per
3190 5097 3312 5137 eum
3339 5099 3354 5137 :

1792 5183 1932 5236 unde
1975 5181 2182 5234 bonitas
2233 5181 2324 5234 Dei
2353 5180 2487 5234 bene
2516 5179 2758 5233 utebatur
2780 5177 2980 5232 malitia
3011 5176 3148 5232 illius
3177 5176 3357 5232 :sicut

1793 5274 1842 5325 in
1873 5271 2177 5326 venditione
2203 5269 2398 5338 Joseph
2425 5269 2558 5323 bene
2585 5283 2712 5323 usus
2737 5277 2820 5322 est
2842 5269 2980 5321 Deus
3013 5265 3214 5321 malitia
3240 5265 3353 5318 fra-

1793 5371 1929 5416 trum
1960 5360 2114 5427 (Gen.
2161 5360 2394 5428 xxxv“),
2441 5370 2497 5412 ut
2522 5373 2583 5411 ex
2615 5372 2776 5425 opere
2805 5357 2943 5410 malo
2965 5356 3170 5410 illorum
3202 5354 3359 5407 boni-

1794 5461 1873 5505 tas
1905 5451 1993 5503 Dei
2027 5449 2394 5504 ostenderetur
2425 5451 2476 5501 in
2503 5448 2672 5502 salute
2698 5447 3004 5500 multorum.
3037 5446 3122 5499 Sic
3152 5446 3349 5503 malum

1791 5541 1941 5595 Juda:
1968 5541 2019 5593 in
2045 5540 2238 5593 bonum
2269 5554 2477 5592 versum
2509 5547 2588 5590 est
2619 5546 2879 5590 nostrum.
2904 5535 3054 5601 Quod
3086 5535 3206 5589 facit
3236 5550 3346 5587 ma-

1793 5635 1873 5688 lus
1904 5633 2041 5688 male
2067 5633 2260 5687 utendo
2288 5632 2439 5685 bonis
2466 5632 2576 5694 Dei,
2598 5631 2696 5684 sibi
2727 5638 2900 5693 nocet,
2926 5645 3026 5684 non
3053 5629 3342 5682 bonitatem

1794 5725 1885 5782 Dei
1912 5726 2183 5780 dcstrucre
2233 5725 2445 5792 poterit.
2495 5725 2664 5788 Quare
2695 5721 2972 5777 duodccnn
3006 5720 3160 5791 elegit
3190 5719 3350 5775 Chri-
