3822 6226
454 264 559 318 ’ἵξὶό

885 262 1087 318 BEDIE
1133 262 1581 320 V'ENERABILIS
1618 262 1769 319 υΡΡ.
1811 261 1988 318 PARS
2025 259 2039 315 1

2154 264 2325 318 SECT.
2361 266 2397 319 Ι.
2441 297 2506 307 -
2545 262 2930 324 ΜΧΕΩΕἸῚΟΛ
2977 270 3299 328 ΟΕδέυΙΝΑ.

3578 278 3669 330 ῚΞι

456 377 614 431 etus?
647 375 1010 428 Duodenarius
1040 389 1291 429 numerus
1324 384 1564 430 sacratus
1595 384 1698 431 est.
1730 375 1846 430 Non
1881 376 2021 430 enim
2051 376 2098 434 Α
2129 391 2248 431 eum
2294 379 2400 447 ipsa
2451 383 2841 453 prepinquitate
2881 384 3248 454 fastidierunt;
3296 388 3412 444 ideo
3436 395 3672 448 continuo

457 469 584 539 quia
636 464 793 533 periit
840 463 962 517 inde
1018 480 1175 528 unus,
1236 463 1355 519 ideo
1405 464 1546 520 illius
1602 468 1809 521 numeri
1858 465 2028 520 honor

462 555 742 623 ademptus
792 562 908 618 est;
959 568 1077 606 natn
1132 554 1184 607 in
1218 554 1388 608 locum
1425 557 1694 624 pereuntis
1737 556 1871 610 alius
1903 559 2032 611 sub-

469 656 678 714 rogatus
705 653 807 711 est,
839 646 1135 712 mansitque
1165 658 1415 699 numerus
1445 656 1810 713 consecratus,
1843 662 2033 702 nume-

467 752 554 791 rus
598 733 956 789 duodenarius
1008 753 1020 787 :
1070 737 1186 805 quia
1214 751 1306 804 per
1331 736 1640 791 universum
1670 739 1885 803 orbem,
1931 738 2034 793 hoc

466 837 552 882 est
595 842 687 892 per
726 834 949 896 quatuor
990 826 1232 881 cardines
1264 827 1447 881 mundi
1478 827 1789 883 Trinitatem
1823 828 2037 884 fuerant

468 923 855 976 annuntiaturi.
903 921 1026 977 ldeo
1077 924 1316 991 quaterni
1373 923 1531 978 electi
1573 934 1718 990 sunt,
1752 934 1808 980 ut
1855 938 2036 981 saneta

469 1009 701 1066 Trinitas
725 1025 816 1080 per
846 1020 1072 1080 quatuor
1099 1021 1275 1081 partes
1304 1011 1452 1067 orbis
1482 1014 1883 1082 praedicaretur.
1909 1016 2037 1070 Nam

467 1117 520 1155 et
568 1117 736 1157 annus
782 1103 1111 1158 duodenario
1142 1119 1362 1159 numero
1390 1106 1576 1171 currit,
1605 1117 1660 1161 et
1683 1107 1817 1161 orilu
1846 1110 2036 1177 signo-

467 1206 586 1244 rum
615 1191 667 1246 in
697 1193 867 1257 ccelis,
890 1207 982 1260 per
1010 1207 1129 1263 quae
1159 1193 1310 1248 solet
1337 1195 1456 1249 luna
1482 1210 1697 1251 currere
1725 1207 2038 1266 noscuntur,

471 1283 798 1339 ilnodenario
827 1299 1050 1338 numero
1080 1284 1495 1354 distinguuntur.
1537 1287 1660 1342 Ideo
1693 1288 1795 1342 hoc
1820 1305 2041 1344 numero

469 1376 674 1439 primos
724 1374 1095 1441 praadicatores
1151 1375 1392 1432 Christus
1441 1377 1636 1432 direxit
1683 1379 1735 1432 in
1763 1381 2040 1434 mundum.

468 1464 578 1518 Nec
625 1479 875 1519 numerus
918 1463 1052 1519 Juda
1098 1477 1352 1534 pereunte
1388 1467 1613 1523 violatus
1641 1476 1746 1533 est,
1781 1471 1872 1524 sed
1905 1472 2044 1524 alius

475 1551 594 1620 ejus
637 1551 754 1604 luco
804 1550 1145 1619 subrogatur.
1182 1551 1253 1606 De
1279 1551 1428 1622 cujus
1456 1555 1663 1608 numeri
1687 1555 2044 1609 sacratissima

479 1643 864 1710 signiﬁcatione
911 1643 1024 1711 ipse
1072 1641 1314 1699 Christus
1345 1647 1397 1699 in
1427 1645 1711 1715 Evangelio
1733 1648 1825 1714 ait,
1857 1647 1921 1703 de
1949 1663 2042 1702 ex-

471 1735 762 1788 celsi‘ssiana
793 1741 1102 1788 sanctorum
1153 1736 1321 1805 gloria
1351 1754 1364 1791 :
1394 1735 1524 1792 Cum
1557 1749 1724 1792 autem
1746 1740 1930 1793 sederit
1954 1739 2041 1792 Fi-
2079 1734 2120 1792 Β

473 1824 573 1876 lius
617 1824 834 1879 hominis
886 1825 940 1878 in
989 1827 1109 1880 sede
1154 1828 1435 1894 majestatis
1479 1831 1867 1896 sute,sedebitis
1896 1841 1943 1885 et
1960 1847 2044 1886 vos

474 1929 628 1982 super
673 1915 813 1969 sedes
842 1915 1127 1984 duodecim,
1151 1918 1442 1988 judicantes
1472 1921 1741 1976 duodecim
1769 1922 1928 1975 tribus
1959 1919 2044 1974 Is-

472 2007 580 2058 rael
613 2004 821 2074 (Matth.
847 2008 981 2074 nx).

1087 2096 1311 2152 CAPUT
1337 2098 1443 2152 Vll.

546 2183 673 2238 I’ost
722 2189 849 2252 hate,
902 2190 1099 2256 inquit,
1153 2189 1443 2244 ambulabat
1491 2189 1644 2245 Jesus
1667 2192 1718 2245 in
1748 2190 2040 2247 Galilaeam.

473 2273 596 2327 Non
646 2278 786 2330 enim.
810 2276 1001 2331 volebat
1048 2279 1100 2331 in
1128 2277 1372 2360 Indicant
1396 2280 1681 2346 ambulare,
1705 2284 1823 2352 quia
1847 2300 2045 2349 quare-

470 2365 588 2417 bant
647 2381 760 2419 eum
811 2365 996 2434 Judwi
1030 2368 1330 2439 interﬁcere.
1362 2371 1471 2425 Hoc
1494 2373 1818 2427 inﬁrmitatis
1851 2386 2044 2430 nostra:

473 2456 748 2525 praebebat
773 2461 1094 2530 exemplum,
1118 2478 1225 2517 non
1247 2462 1359 2532 ipse
1379 2465 1681 2534 perdiderat
1701 2475 2039 2534 potestatein,

468 2549 563 2604 sed
594 2558 830 2606 nostram
853 2555 1226 2611 consolabatur
1245 2556 1601 2626 fragilitatem.
1624 2558 1878 2613 Futurum
1901 2561 2041 2614 enim

478 2651 616 2709 erat,
673 2652 728 2696 ut
758 2643 887 2711 dixi,
914 2655 968 2698 ut
998 2646 1160 2716 aliqui
1191 2647 1378 2704 ﬁdeles
1401 2648 1516 2718 ejus
1539 2649 1929 2705 absconderem
1959 2664 2038 2716 se,

472 2748 538 2813 ne
585 2748 613 2787 a
661 2736 1092 2803 persecutoribus
1140 2740 1544 2796 invenirentur:
1594 2751 1649 2797 et
1691 2757 1758 2797 ne
1811 2743 1916 2797 illis
1947 2757 2044 2813 pro

472 2809 693 2876 crimine
746 2824 1068 2894 objiceretur
1098 2827 1371 2883 latibulum
1402 2871 1414 2893 ,
1466 2833 1740 2899 przecessit
1769 2835 1818 2886 iu
1843 2809 2038 2900 capite,

471 2917 611 2985 quod
653 2917 702 2969 in
759 2919 1010 2973 membris
1065 2920 1490 2976 confirmaretur.
1517 2923 1698 2978 Potuit
1716 2926 1860 2978 enim
1886 2926 2041 2980 Chri-

472 3016 585 3061 stus
610 3009 884 3064 ambulare
907 3012 958 3065 in
981 3010 1239 3080 Iudaeam,
1261 3021 1318 3068 et
1344 3029 1446 3069 non
1470 3015 1666 3083 occidi,
1689 3017 1776 3086 qui
1803 3016 1877 3069 ait
1898 3035 1911 3068 :
1943 3017 2040 3071 Po-

472 3107 701 3153 testatent
752 3099 908 3154 habeo
958 3102 1177 3171 penendi
1215 3102 1438 3157 animum
1465 3121 1648 3173 meam,
1680 3114 1724 3161 et
1748 3116 2040 3175 potestatem

473 3189 632 3242 habeo
677 3191 856 3244 iterum
897 3194 1130 3247 sumendi
1171 3210 1281 3248 eam
1325 3195 1503 3265 (.Ioan.
1531 3196 1605 3266 χ).
1640 3197 1786 3254 Hauc
1816 3210 2043 3266 p0testa-

477 3289 583 3333 tem
610 3283 863 3347 ostendit,
886 3281 1010 3337 dum
1041 3284 1230 3351 voluit,
1260 3285 1383 3341 dum
1408 3288 1473 3340 ad
1512 3301 1695 3343 vocem
1727 3289 1868 3344 illius
1900 3301 2044 3345 retro

465 3370 785 3425 ceciderunt
832 3373 923 3442 qui
975 3389 1094 3429 eum
1118 3390 1237 3430 cum
1265 3377 1427 3431 annis
1462 3388 1720 3434 venerant
1748 3384 2040 3448 apprehen-

470 3464 601 3515 dere
627 3460 803 3526 (Joan.
832 3463 1008 3535 svnt).

549 3557 676 3610 Erat
701 3568 870 3613 autem
893 3561 943 3612 in
966 3563 1198 3629 proximo
1224 3563 1328 3615 dies
1359 3565 1517 3632 festus
1534 3561 1832 3616 Judworum
1859 3566 2044 3618 Scene-

477 3648 644 3717 pegia.
702 3648 1030 3719 Scenopegia
1077 3660 1158 3706 est
1193 3654 1308 3707 dies
1334 3651 1502 3706 festus
1526 3667 1631 3722 quo
1661 3652 1829 3707 Judazi
1860 3669 2043 3710 mense

477 3745 706 3812 septimo
737 3746 786 3800 in
817 3746 1175 3801 tabernaculis
1203 3747 1301 3802 sub
1329 3747 1490 3802 ramis
1519 3747 1765 3801 arborum
1805 3749 2046 3804 habitare

477 3843 663 3897 diebus
721 3852 924 3912 septem
968 3844 1291 3912 jubebantur
1319 3841 1502 3912 (Lerit.
1531 3845 1706 3912 χχιιι),
1739 3843 1802 3897 ad
1835 3859 2039 3898 memo-

476 3935 609 3986 riam
658 3934 1006 3988 habitationis
1063 3935 1274 3988 illorum
1328 3934 1382 3988 in
1431 3947 1634 3988 eremo.
1665 3933 1770 3989 Iste
1792 3935 2043 3989 eratdies

479 4028 645 4079 festus
697 4039 854 4092 quem
898 4025 1067 4080 Judaei
1097 4040 1287 4095 magna
1318 4025 1655 4081 solemnitate
1676 4026 2038 4091 celebrabant,

479 4117 624 4169 velut
673 4114 1075 4169 reminiscentes
1119 4115 1498 4170 beneﬁciorum
1563 4115 1791 4182 Domini,
1837 4115 1927 4184 qui
1948 4130 2039 4169 cos

475 4205 657 4258 eduxit
697 4207 762 4263 de
822 4215 957 4259 terra
985 4204 1217 4274 Aigypti.
1255 4205 1375 4259 Dies
1403 4203 1569 4259 festus
1596 4207 1917 4276 Azymorum
1950 4205 2044 4260 Ju-

476 4300 712 4351 tlaenrum
765 4297 957 4351 dicitur
1006 4315 1109 4351 non
1153 4312 1286 4352 unus
1326 4298 1462 4364 dies,
1491 4298 1584 4352 sed
1614 4308 1872 4366 quotquot
1904 4301 2042 4355 illius

2130 472 2449 539 evangelista
2479 485 2690 529 secutus
2717 484 2800 531 est
2827 496 2838 530 :

2201 561 2380 633 Neque
2401 565 2536 618 enim
2560 566 2745 633 fratres
2767 570 2876 638 ejus
2906 570 3171 624 credebant
3199 572 3250 624 in
3272 589 3404 628 eum.
3433 573 3600 640 Quare
3629 577 3673 629 in

2134 670 2251 710 eum
2285 671 2388 710 non
2414 660 2738 714 credebant?
2768 662 2900 726 Quia
2943 664 3230 719 humanam
3261 667 3481 737 gloriam
3507 673 3677 739 requi-

2135 747 2340 811 rebant,
2366 748 2601 804 dicentes
2634 751 2697 803 ad
2730 766 2851 804 eum
2888 771 2900 804 :

2209 837 2392 893 Transi
2437 841 2553 894 hinc
2596 852 2641 895 et
2672 844 2800 896 vade
2827 845 2879 896 in
2915 841 3175 909 luderem,
3211 855 3264 900 ut
3286 857 3331 900 et
3356 847 3589 913 discipuli
3619 856 3682 902 lui

2137 930 2336 983 videant
2385 948 2538 1000 opera
2594 943 2702 987 tua.
2765 933 2929 988 Nemo
2972 938 3158 1004 quippe
3193 939 3246 990 in
3276 941 3466 992 occulto
3493 944 3679 1011 aliquid

2137 1021 2280 1090 facit,
2330 1037 2379 1075 et
2424 1027 2605 1093 queerit
2650 1028 2756 1092 ipse
2787 1027 2957 1093 palam
2983 1045 3107 1084 esse.
3133 1029 3193 1085 Si
3219 1032 3327 1084 hare
3351 1032 3487 1101 fucis,
3517 1037 3676 1086 muni-

2141 1115 2270 1182 {esta
2292 1117 2506 1185 teipsum
2535 1120 2748 1174 mundo.
2797 1121 2922 1174 Nam
2954 1122 3033 1174 his
3059 1123 3231 1177 verbis
3257 1127 3547 1179 Ostenditur
3578 1127 3677 1196 glo-

2143 1208 2272 1262 riam
2321 1208 2462 1264 illius
2514 1213 2804 1267 carnaliter
2831 1230 3069 1280 qumrere
3095 1232 3208 1281 eos,
3243 1219 3389 1286 quasi
3419 1220 3676 1283 dixis~ent,

2145 1300 2294 1356 Facis
2323 1303 2602 1368 mirabilia,
2633 1304 2725 1358 sed
2754 1306 3088 1360 abscondite.
3139 1308 3324 1362 Transi
3357 1309 3408 1362 in
3437 1309 3678 1372 Judutaui,

2145 1403 2200 1447 ut
2251 1396 2571 1465 principatus
2619 1397 2815 1465 gentis,
2838 1410 2889 1452 et
2917 1400 3108 1452 civitas
3137 1410 3292 1468 caput
3321 1402 3462 1468 regni
3487 1403 3682 1456 videant

2146 1484 2404 1539 mirabilia
2439 1496 2542 1538 tua.
2575 1486 2868 1547 lnuotcsce.
2898 1504 3096 1556 appare
3121 1492 3386 1554 omnibus,
3418 1504 3468 1545 ut
3496 1494 3680 1548 laudari

2146 1577 2316 1644 possis
2355 1578 2421 1630 ab
2460 1577 2723 1633 omnibus.
2784 1579 2984 1645 Qubus
3037 1596 3164 1651 ergo
3207 1582 3273 1635 ad
3303 1582 3414 1637 haec
3451 1580 3682 1637 Dominus

2146 1667 2300 1722 Jcsus
2330 1669 2454 1723 dicit
2480 1687 2491 1721 :

2221 1755 2392 1812 Meum
2434 1770 2627 1829 tempus
2660 1763 2883 1814 nondum
2916 1762 3117 1816 advenit
3151 1780 3163 1814 ε
3195 1772 3392 1831 tempus
3427 1773 3588 1818 autem
3613 1782 3683 1817 re-

2148 1861 2308 1904 strum
2330 1868 2525 1918 semper
2547 1863 2618 1905 est
2645 1862 2900 1922 paratum.
2937 1853 3221 1918 Apostolus
3248 1852 3374 1907 dicit
3398 1871 3411 1906 :
3435 1851 3684 1916 Postquam

2147 1945 2278 1996 venit
2305 1945 2836 2012 plenitudotemparis,
2855 1946 2990 1998 misit
3015 1947 3148 1998 Deus
3174 1944 3575 2015 Filium(Galat.
3602 1953 3681 2010 tv).

2146 2034 2379 2100 Tempus
2405 2049 2532 2090 vero
2573 2035 2754 2105 gloria:
2783 2034 2979 2090 Christi
3011 2035 3244 2090 nondum
3276 2037 3424 2090 venit
3449 2051 3560 2089 cum
3588 2037 3685 2088 hac

2147 2124 2351 2180 locutus
2401 2137 2501 2182 est.
2555 2128 2688 2193 Quid
2714 2127 2788 2182 illi
2820 2128 3066 2183 videntur
3095 2143 3357 2198 quzerere,
3388 2130 3472 2197 qui
3499 2129 3548 2183 ei
3573 2143 3682 2180 sua-

2147 2214 2343 2270 debant
2390 2218 2466 2272 ire
2516 2219 2566 2271 in
2591 2217 2849 2285 Judaeum,
2884 2218 3137 2272 miracula
3170 2218 3365 2282 facere,
3399 2218 3587 2272 mundo
3619 2221 3680 2272 iu-

2147 2309 2458 2362 notcscere?
2508 2308 2584 2363 Ne
2631 2309 2800 2364 latens
2824 2351 2840 2376 ,
2883 2310 3133 2378 ignobilis
3168 2321 3460 2381 putaretur.
3484 2311 3584 2366 Sed
3611 2312 3680 2364 ille

2149 2396 2315 2451 voluit
2364 2399 2694 2455 altitudinem
2760 2403 3106 2457 humilitatem
3165 2404 3494 2471 prmcedere,
3541 2415 3591 2458 et
3629 2406 3680 2456 sil

2149 2488 2312 2556 ipsam
2364 2491 2734 2547 celsitudinem
2759 2508 2856 2560 per
2887 2495 3197 2549 humilitatis
3229 2494 3367 2548 viam
3414 2498 3679 2562 pervenire.

2151 2574 2365 2645 Tempus
2412 2589 2580 2635 autem
2622 2592 2859 2648 vestrum,
2893 2583 2944 2638 id
2977 2595 3058 2638 est
3087 2587 3266 2639 mundi
3292 2587 3478 2654 gloria,
3507 2603 3682 2655 semper

2147 2679 2219 2724 est
2260 2681 2495 2740 paratum
2539 2690 2552 2726 :
2602 2675 2862 2728 eritenim
2899 2686 3104 2745 tempus
3130 2677 3334 2745 gloriae.
3370 2677 3466 2743 Qui
3489 2679 3620 2732 venit
3642 2679 3682 2730 in

2149 2762 2465 2832 humilitate,
2488 2767 2666 2821 veniet
2695 2766 2748 2821 in
2765 2767 3066 2822 altitudine.
3091 2768 3189 2835 Qui
3213 2767 3680 2836 venitjudicandus.

2147 2854 2321 2908 veniet
2365 2854 2715 2922 judicaturus.
2747 2858 2848 2926 Qui
2876 2860 3022 2913 venit
3062 2859 3230 2915 occidi
3277 2875 3306 2914 a
3339 2863 3580 2924 mortuis,
3613 2876 3683 2914 ve-

2148 2947 2255 3000 niet
2280 2947 2518 3015 judicare
2547 2948 2615 3005 de
2639 2950 2768 3003 vivis
2791 2960 2844 3006 et
2875 2953 3116 3005 mortuis.

2225 3037 2324 3091 Vos
2352 3039 2602 3093 ascendite
2629 3041 2696 3095 ad
2723 3042 2853 3095 diem
2877 3042 3062 3112 festum
3094 3043 3244 3096 hunc.
3277 3041 3417 3109 Quid
3440 3043 3685 3097 estnunc?

2152 3129 2245 3184 Ubi
2304 3132 2521 3199 εἶσι-ἰδίη
2581 3133 2862 3187 humanam
2915 3136 3170 3202 quaeritis.
3233 3134 3367 3201 Quid
3413 3147 3491 3189 est
3533 3136 3683 3187 hunc?

2153 3221 2247 3277 Ubi
2299 3222 2587 3277 extendere
2637 3224 2794 3278 vultis
2839 3226 3075 3279 carnalia
3118 3224 3329 3295 gaudia,
3378 3240 3479 3278 non
3507 3239 3680 3278 teterna

2149 3314 2316 3382 cogita
2326 3329 2399 3368 re.

2223 3405 2332 3476 Ego
2359 3423 2460 3459 non
2511 3407 2730 3461 ascendo
2771 3409 2836 3460 ad
2857 3408 2986 3461 diem
3015 3409 3195 3477 festum
3216 3407 3374 3472 hunc,
3399 3409 3516 3477 quia
3542 3423 3681 3459 meum

2152 3509 2347 3565 tempus
2394 3498 2622 3552 nondum
2675 3499 2936 3567 impletum
2984 3509 3077 3553 est.
3112 3498 3168 3552 In
3197 3499 3338 3552 diem
3373 3498 3558 3552 featuiu
3588 3499 3681 3566 glo-

2151 3589 2283 3642 riam
2316 3602 2410 3642 vos
2441 3589 2724 3643 humanam
2748 3588 3020 3655 quaeritis;
3047 3603 3222 3642 meum
3253 3603 3378 3642 vero
3406 3588 3680 3655 tempus,iil

2148 3690 2229 3735 est
2258 3680 2439 3750 gloriae
2486 3694 2638 3744 meae,
2669 3681 2900 3733 nomlum
2924 3680 3087 3741 venit.
3125 3678 3244 3748 Ipse
3273 3680 3375 3733 erit
3404 3680 3515 3734 dies
3542 3677 3681 3734 festus

2150 3782 2299 3822 meus
2345 3783 2449 3821 non
2493 3767 2678 3822 diebus
2721 3763 2835 3822 istis
2884 3781 3203 3836 percurrens
3225 3777 3278 3821 et
3304 3769 3580 3831 transiens,
3604 3765 3680 3820 sed

2150 3870 2373 3911 manens
2396 3859 2447 3910 in
2472 3867 2748 3916 aeternum.
2776 3859 2892 3926 Ipsa
2916 3859 3567 3929 eritfestivitas,guudium
3588 3858 3678 3911 sine

2148 3951 2271 4016 line,
2299 3951 2568 4003 :eternitas
2590 3951 2704 4004 sine
2731 3952 2866 4015 labe,
2901 3951 3162 4006 serenitas
3191 3952 3307 4005 sine
3338 3950 3492 4006 nube.

2217 4036 2344 4091 ιιωε
2385 4054 2497 4091 cum
2540 4039 2768 4105 dixisset,
2812 4041 2922 4107 ipse
2952 4042 3136 4094 mansit
3160 4043 3212 4093 in
3235 4039 3476 4096 Galiliea.
3526 4041 3586 4094 Ut
3604 4055 3678 4089 tm-

2147 4140 2244 4183 tem
2292 4131 2622 4186 ascenderant
2659 4133 2841 4201 fratres
2873 4137 3003 4203 ejus,
3036 4144 3155 4186 tunc
3177 4148 3224 4188 et
3253 4135 3360 4201 ipse
3388 4135 3599 4187 ascendit
3625 4135 3678 4184 ad

2147 4222 2279 4273 diem
2321 4226 2525 4291 festum,
2579 4238 2680 4275 non
2727 4223 3012 4291 manifeste,
3062 4226 3153 4277 sed
3207 4226 3356 4293 quasi
3404 4226 3453 4277 in
3489 4224 3676 4276 occulto.

2149 4311 2276 4366 Ideo
2329 4326 2431 4364 nou
2471 4311 2534 4364 ad
2579 4312 2716 4365 diem
2770 4313 2955 4366 festum
3013 4313 3176 4375 hunc,
3205 4316 3328 4382 quia
3357 4329 3458 4366 non
3489 4313 3674 4380 gloriam

485 4389 789 4442 festivitatis
823 4389 1052 4450 fuerunt,
1078 4387 1225 4457 quasi
1252 4405 1415 4444 unum
1447 4391 1584 4444 diem
1618 4389 1806 4444 festum
1830 4400 2039 4459 propter

2156 4402 2817 4471 temporaliterqua‘rebat,
2842 4406 2932 4457 sed
2962 4404 3159 4473 aliquid
3184 4405 3376 4459 docere
3405 4405 3676 4464 salubriter,

477 4483 635 4533 unius
690 4481 984 4534 festivitatis
1010 4482 1444 4534 consuetudinem
1480 4481 1753 4537 nominare
1777 4482 2038 4535 solebant.

548 4571 794 4622 Dixerunt
843 4586 959 4639 ergo
994 4574 1056 4621 ad
1085 4586 1199 4623 eum
1223 4573 1407 4638 fratres
1436 4574 1547 4635 eius
1578 4587 1596 4624 :
1623 4571 1804 4625 Transi
1833 4574 1970 4635 hinc,
2000 4582 2044 4625 et

472 4664 598 4715 rude
621 4664 670 4715 in
694 4661 952 4714 Judaeum.
992 4662 1203 4717 Fratres
1236 4663 1442 4716 Domini
1469 4664 1820 4717 usitatissimo
1841 4673 2040 4717 sanctae

480 4755 765 4818 Scriptura-
818 4768 963 4806 more
987 4755 1365 4823 consanguinei
1393 4763 1589 4806 sancta!
1622 4754 1798 4807 Maria:
1829 4770 2041 4822 semper

472 4845 691 4910 virginis
720 4846 1054 4898 dicebantur.
1084 4845 1213 4898 Nam
1241 4845 1511 4898 Abraham
1535 4853 1585 4898 et
1606 4843 1759 4909 Loth,
1789 4855 1840 4898 et
1866 4843 2039 4898 Laban

471 4949 530 4992 et
566 4935 751 4994 Jacob,
788 4937 976 4991 fratres
1004 4945 1128 4991 sunt
1157 4939 1302 5000 dicti,
1346 4954 1464 4991 cum
1491 4947 1633 4992 esset
1663 4939 1839 4994 Laban
1874 4955 2038 4994 avun-

476 5029 628 5082 culus
645 5027 971 5082 Jacobﬂum
988 5043 1110 5097 ergo
1126 5029 1401 5084 audieritis
1417 5032 1603 5085 fratres
1623 5032 1845 5098 Domini,
1867 5033 2039 5087 Mari-.e

472 5121 700 5189 cogitate
716 5122 1249 5188 cousanguinitatem,
1268 5138 1372 5177 non
1396 5124 1586 5176 iterum
1611 5126 1866 5191 parientis
1883 5127 2039 5180 ullam

479 5211 801 5277 progeniem.
857 5210 1090 5263 Diximus
1141 5213 1328 5266 fratres
1359 5213 1445 5282 qui
1481 5213 1686 5266 fuerunt.
1718 5256 1728 5277 ,
1766 5218 2043 5272 audiamus

475 5300 602 5367 quid
650 5302 893 5355 dixerunt
922 5320 931 5350 :
970 5301 1152 5355 Transi
1186 5305 1319 5366 hinc,
1346 5316 1392 5355 et
1421 5306 1544 5357 vade
1567 5307 1614 5357 in
1642 5304 1898 5359 Judteam.

552 5392 619 5444 Ut
644 5402 689 5445 et
729 5393 962 5455 discipuli
985 5395 1055 5445 tui
1082 5395 1281 5446 videant
1311 5412 1461 5460 opera
1488 5405 1574 5448 tua
1597 5413 1708 5463 qua"
1731 5399 1876 5466 facis.
1904 5400 2038 5466 Ope-

476 5498 531 5535 ra
564 5484 771 5538 Domini
799 5483 1088 5550 discipulos
1122 5500 1224 5538 non
1245 5489 1498 5554 latebant,
1520 5491 1608 5544 sed
1636 5491 1764 5546 istos
1784 5493 2034 5547 latebant.

476 5579 558 5627 isti
585 5576 724 5631 enim
761 5581 971 5640 lintres,
1006 5579 1054 5631 id
1083 5586 1160 5630 est
1192 5582 1594 5648 consanguinei.
1621 5585 1882 5637 Christum
1913 5601 2040 5638 con-

478 5671 819 5734 sanguineum
876 5670 1066 5724 habere
1117 5680 1396 5739 potum-rut
1455 5695 1460 5722 ;
1517 5675 1733 5729 credere
1787 5691 1957 5731 autem
1989 5680 2037 5732 in

2150 4496 2417 4563 corrigere
2457 4495 2720 4562 homines,
2773 4495 2839 4549 de
2891 4494 2974 4549 die
3003 4494 3140 4549 festo
3169 4507 3373 4550 aeterno
3399 4496 3675 4555 admonere,

2143 4600 2380 4639 amorem
2430 4587 2496 4638 ab
2555 4585 2655 4638 hoc
2699 4586 2893 4640 sacculo
2922 4596 3185 4650 avertere,
3219 4596 3274 4639 et
3301 4587 3350 4638 in
3384 4585 3540 4638 Deum
3569 4599 3676 4637 can-

2145 4688 2371 4731 vertcre.
2424 4678 2560 4744 Quid
2601 4687 2680 4733 est
2709 4691 2906 4753 autem,
2938 4681 3087 4748 quasi
3117 4679 3345 4733 latenter
3375 4678 3601 4732 ascendit
3625 4677 3672 4726 ad

2143 4767 2282 4821 diem
2334 4768 2563 4823 festum?
2617 4768 2728 4824 Non
2773 4780 2923 4823 vacat
2948 4780 3001 4824 et
3030 4769 3132 4824 hoc
3161 4769 3366 4823 Domini
3395 4784 3545 4834 Opus.
3570 4768 3672 4821 Na'u

2144 4874 2326 4914 omnes
2373 4860 2486 4914 dies
2533 4861 2647 4915 festi
2695 4860 2999 4915 Jttdmorum
3031 4862 3082 4916 iu
3116 4862 3284 4929 figura
3316 4861 3544 4916 fuerunt.
3576 4859 3673 4911 Ideo

2147 4954 2369 5006 latenter
2427 4955 2753 5008 asreudebat
2803 4956 2854 5007 in
2883 4953 2982 5018 eis,
3027 4954 3148 5021 quia
3209 4952 3452 5006 Christus
3485 4947 3670 5003 latuitin

2146 5045 2246 5098 illis
2283 5065 2292 5096 :
2329 5047 2518 5113 populo
2551 5047 2712 5114 priori
2740 5047 2999 5111 occultus,
3036 5045 3196 5099 modo
3221 5060 3349 5098 vero
3376 5044 3573 5098 meliori
3601 5055 3670 5105 po-

2147 5135 2270 5205 pulo
2323 5135 2666 5201 manifestus;
2719 5138 2837 5203 quia
2890 5135 3026 5204 quod
3053 5136 3395 5204 ille-populus
3433 5135 3486 5187 in
3521 5135 3671 5185 umbra

2145 5229 2349 5297 agebat,
2408 5242 2505 5281 nos
2542 5227 2648 5298 jam
2681 5229 2953 5281 manifesta
2985 5230 3097 5283 luce
3126 5228 3371 5282 facimus.
3406 5225 3551 5281 Unde
3578 5225 3673 5276 licet

2147 5317 2440 5387 intelligere
2475 5319 2552 5370 vel
2603 5319 2732 5372 banc.
2768 5318 2971 5371 Domini
3004 5317 3428 5384 responsionem,
3464 5330 3555 5385 qua
3583 5313 3638 5364 ιιι

2148 5406 2254 5474 Ego
2285 5423 2384 5458 non
2418 5407 2636 5458 ascendo
2676 5408 2738 5458 ad
2767 5407 2898 5458 diem
2927 5406 3106 5472 festum
3128 5407 3286 5470 hunc,
3315 5410 3380 5459 ad
3416 5407 3669 5472 passionem

2148 5495 2282 5547 illius
2313 5497 2605 5562 pertinere,
2632 5497 2751 5561 quia
2782 5495 3022 5549 Christus
3048 5511 3150 5548 nou
3177 5499 3227 5547 in
3263 5495 3540 5550 feStivitate
3572 5507 3666 5543 see.

2149 5590 2406 5654 nopi‘gitc,
2439 5591 2528 5639 sed
2563 5588 2612 5638 in
2642 5585 2928 5641 festivitate
2953 5588 3332 5656 Pascitaii,qua
3358 5601 3518 5657 agnus
3539 5585 3668 5637 occid

2147 5679 2384 5735 solebat.
2437 5695 2643 5737 crucem
2672 5682 2925 5738 ascendit.
2963 5681 3130 5740 iud-.ci
3187 5693 3360 5738 autem
3405 5681 3666 5751 qumrcbai‘u
