3822 6226
155 313 239 368 ἴὲἶὶ
1043 298 1106 352 IN
1145 299 1202 354 S.
1244 295 1525 354 JOANNIS
1566 287 2012 349 EVANGEUUM
2060 286 2438 345 EXl’OSlTlO.

3254 282 3359 338 726

158 442 256 486 eum
284 426 333 480 in
354 422 434 477 die
453 420 588 475 festo
607 425 892 486 antequam
917 412 1252 477 ascenderet,
1303 411 1509 480 priores
1539 408 1682 465 enim
1714 411 1760 466 A
1789 406 1937 468 dum,
1969 415 2022 461 ει
2051 402 2358 472 diligentius
2388 400 2790 470 inspiciendum.
2825 399 2960 466 Quid
2993 413 3120 468 ergo
3141 414 3359 466 respon-

161 520 322 574 frstres
347 510 711 566 ascenderant.
755 505 870 562 Non
917 515 1040 559 tunc
1065 502 1306 557 ascendit
1331 501 1439 566 ille,
1472 499 1686 570 quando

162 610 226 665 illi
251 592 488 676 putabant
510 608 564 655 et
589 599 864 667 volebant,
895 606 952 651 ut
976 596 1084 664 jam
1115 593 1537 660 hocimpleretur
1551 588 1689 660 quod

165 702 242 763 ait,
268 697 377 752 Non
399 694 464 747 ad
476 690 700 757 hunc,id
723 700 827 757 est,
857 689 922 742 ad
962 701 1119 757 quem
1147 699 1238 742 vos
1261 683 1437 752 vultis,
1465 681 1693 752 primum

168 793 236 846 vel
259 787 527 845 secundum
557 785 721 839 diem.
750 780 1002 838 Ascendit
1021 788 1196 833 autem
1215 787 1418 848 postea,
1440 784 1498 830 ut
1518 773 1694 828 Evan-

168 885 329 955 gelium
376 878 620 948 loquitur,
674 875 905 931 mediato
933 872 1018 926 die
1045 868 1200 939 festo,
1227 870 1278 925 id
1299 877 1403 933 est,
1433 881 1551 922 cum
1584 865 1695 936 jam

170 976 290 1031 illius
311 971 408 1026 diei
437 971 554 1025 testi
586 978 664 1024 tot
692 969 806 1024 dies
831 966 1212 1035 praeterissent,
1246 969 1374 1042 quot
1410 959 1696 1014 remansis-

170 1074 285 1122 sent.
303 1063 460 1132 ipsam
481 1063 622 1118 enim
645 1060 1006 1122 festivitatem,
1029 1067 1278 1126 quantum
1301 1052 1695 1123 intelligendum

168 1163 256 1219 est,
280 1155 446 1208 diebus
470 1153 714 1222 plurimis
743 1151 1104 1206 celebrabant.

230 1244 448 1298 Dicebant
484 1259 606 1312 ergo
637 1257 658 1296 :
699 1241 798 1296 Ubi
825 1250 897 1296 est
920 1241 1048 1295 ille?
1086 1249 1131 1293 et
1159 1254 1390 1292 murmur
1415 1237 1700 1291 multnmde

170 1352 221 1389 eo
248 1344 338 1388 erat
392 1336 446 1388 in
490 1335 658 1386 turba.
701 1331 850 1386 Unde
899 1329 1172 1385 murmur?
1215 1329 1289 1382 De.
1332 1335 1698 1382 contentione.

172 1431 283 1492 Qua:
308 1425 392 1479 fuit
415 1429 683 1478 cantentto
706 1422 728 1474 τ

234 1516 427 1582 Quidam
455 1516 585 1568 enim
613 1513 842 1566 dicebant
873 1528 892 1566 :
928 1512 1057 1577 Quia
1084 1511 1241 1564 bonus
1259 1519 1361 1574 est;
1386 1510 1476 1562 alii
1504 1521 1693 1574 autem,

171 1610 294 1672 Non,
335 1609 413 1662 sed
433 1606 624 1660 seducit
657 1605 850 1658 turbas.
881 1603 953 1658 De
975 1603 1222 1657 omnibus
1251 1601 1372 1670 ejus
1405 1600 1571 1654 servis
1598 1601 1700 1653 hoc

168 1704 334 1754 dicitur
382 1698 554 1751 modo.
611 1695 926 1764 Quicunque
968 1695 1169 1748 eminet
1215 1693 1266 1746 in
1299 1693 1469 1760 aliqua
1501 1689 1690 1760 gratia,

1796 498 1873 553 dit
1915 499 2166 552 Dominus
2219 497 2295 550 eis
2338 495 2717 548 admirantibus
2758 493 3023 562 quomodo
3070 493 3230 548 sciret
3276 497 3363 549 lit-

1798 599 1958 654 teras,
1992 604 2123 658 quas
2154 603 2257 642 non
2290 585 2542 641 didicerat
2569 593 2582 640 ι

1869 680 2006 746 Mea,
2050 679 2238 748 inquit,
2293 678 2548 742 doctrina,
2588 692 2687 729 non
2733 687 2802 731 est
2840 694 2969 741 mea,
3015 677 3105 732 sed
3148 678 3259 748 eius
3279 680 3366 749 qui

1800 772 1931 826 misit
1985 787 2081 824 me.
2130 770 2255 824 Haec
2299 781 2375 824 est
2405 771 2546 823 enim
2579 769 2926 837 profunditas.
2965 767 3188 824 Videtur
3219 771 3361 826 enim

1802 866 1984 932 paucis
2017 862 2191 915 verbis
2214 861 2364 930 quasi
2393 862 2655 914 contraria
2688 860 2915 915 locutus.
2951 861 3066 914 Non
3097 859 3238 915 enim
3261 874 3361 926 an,

1801 960 1896 1010 ista
1943 958 2173 1009 doctrina
2225 972 2324 1007 non
2375 962 2447 1008 est
2501 969 2632 1019 mea,
2659 953 2751 1007 sed
2783 969 2889 1006 mea
2915 955 3147 1008 doctrina
3172 970 3272 1007 non
3293 962 3372 1008 ast

1803 1066 1931 1103 mea.
1977 1049 2253 1113 Quomodo
2294 1062 2408 1099 mea
2445 1053 2500 1100 et
2541 1061 2646 1099 non
2679 1061 2817 1109 mea,
2854 1054 3080 1112 qumstio
3108 1060 3213 1111 est,
3238 1061 3371 1115 quo-

1805 1141 1961 1194 modo
2017 1138 2128 1192 fieri
2175 1139 2379 1207 possint
2409 1152 2709 1206 uirumque,
2743 1147 2796 1192 et
2821 1153 2959 1198 mea,
2994 1148 3045 1191 ct
3073 1153 3174 1192 nan
3201 1154 3318 1193 inca
3346 1142 3368 1190 ἲ

1803 1231 1856 1287 Si
1905 1232 2045 1284 enim
2082 1233 2363 1304 diligenter
2413 1233 2712 1288 intueamur
2745 1234 2882 1303 quod
2913 1235 3024 1296 ipse
3065 1238 3117 1286 in
3149 1236 3370 1288 exordio

1805 1321 1931 1375 dicit
1978 1331 2192 1375 sanctus
2242 1322 2560 1390 evangelista
2596 1338 2610 1377 :
2640 1321 2701 1375 In
2731 1323 2982 1391 principio
3005 1334 3113 1377 erat
3134 1324 3368 1385 Verbum,

1806 1421 1851 1464 et
1904 1410 2118 1464 Verbum
2175 1423 2280 1465 erat
2320 1414 2459 1480 apud
2511 1411 2690 1478 Deum,
2741 1426 2788 1467 et
2843 1414 2977 1468 Deus
3017 1425 3126 1467 erat
3158 1413 3376 1469 Verbum

1806 1502 1983 1572 (Joan.
2018 1505 2055 1568 I)
2089 1521 2101 1554 :
2133 1504 2254 1557 inde
2281 1505 2473 1570 pctidet
2496 1505 2652 1570 hujus
2675 1506 2868 1560 solutio
2885 1508 3216 1576 qumstionis.
3244 1507 3375 1574 Quae

1807 1604 1888 1648 est
1929 1609 2055 1661 ergo
2096 1594 2334 1649 doctrina
2386 1595 2575 1661 Patris,
2624 1597 2722 1650 nisi
2757 1595 2989 1651 Verbum
3015 1596 3232 1650 Patris?
3257 1598 3374 1667 lpse

1808 1698 1934 1754 ergo
1963 1683 2224 1746 Christus,
2257 1685 2494 1738 doctrina
2517 1695 2599 1739 est
2632 1686 2819 1751 Patris,
2847 1689 2889 1741 si
2925 1686 3153 1742 Verbum
3183 1688 3374 1748 Patris,

167 1789 456 1853 auidiwm,
488 1785 662 1840 Βοηω
711 1795 819 1850 ειη
851 1785 963 1850 am,
995 1782 1138 1852 Non,
1161 1783 1249 1836 τεά
1273 1783 1468 1836 “duci;
1497 1781 1688 1834 ωνοαε,
1733 1767 1772 1824 Β
1801 1776 1891 1829 sed
1921 1774 2040 1844 quia
2085 1776 2298 1830 verbum
2353 1791 2456 1829 non
2496 1787 2667 1844 pateat
2695 1793 2815 1833 esse
2845 1780 3064 1844 nullius,
3097 1779 3192 1834 sed
3213 1779 3376 1833 alicu-

168 1879 302 1935 Unde
324 1880 413 1932 hoc
434 1879 456 1930 ?
483 1878 604 1946 quia
627 1877 727 1929 vita
755 1885 930 1929 nostra
953 1874 1251 1929 abscondita
1266 1882 1339 1927 est
1362 1889 1475 1925 cuni
1500 1870 1699 1926 Christo

165 1971 214 2022 in
239 1968 328 2022 Deo
356 1967 562 2037 (Coloss.
596 1967 699 2036 tn).
737 1967 846 2019 Hoc
873 1965 1067 2034 patitur
1088 1979 1282 2034 corpus
1311 1963 1516 2018 Christi
1535 1977 1703 2030 usque

167 2061 216 2114 in
241 2064 378 2114 linem
404 2059 579 2113 seculi
604 2073 636 2110 a
657 2056 840 2112 mundi
875 2056 1228 2121 amatoribus,
1261 2057 1400 2125 quod
1429 2067 1552 2110 tunc
1584 2071 1706 2124 pas-

163 2166 246 2206 sus
293 2161 363 2205 est
399 2165 427 2204 a
456 2148 759 2204 Judaeorum
784 2147 1297 2212 murmuratoribus;
1333 2146 1558 2203 necdum
1589 2148 1700 2200 fru-

164 2252 373 2298 mentum
419 2257 445 2295 a
474 2242 638 2311 paleis
662 2252 997 2311 segregatum
1029 2248 1136 2304 est,
1166 2247 1227 2294 ut
1252 2254 1416 2309 grana
1449 2237 1702 2303 frumenti

164 2342 517 2404 congregantur
568 2335 619 2387 in
668 2336 954 2395 horreum,
996 2341 1049 2386 et
1097 2331 1260 2398 palea:
1317 2330 1705 2386 comburantur

167 2428 275 2490 igne
299 2434 502 2479 aterno.
530 2423 684 2491 Quod
707 2423 909 2478 dictum
932 2431 1015 2477 est
1043 2437 1170 2491 ergo
1194 2420 1260 2477 de
1294 2421 1542 2484 Domino,
1566 2420 1706 2476 valet

165 2518 226 2572 ad
269 2517 667 2570 consolationem
724 2515 791 2570 de
847 2528 1165 2585 quocunque
1192 2514 1293 2568 hoc
1323 2513 1522 2568 dictum
1547 2513 1706 2570 fuerit

164 2609 462 2665 Christiano.

230 2699 376 2754 Nemo
419 2710 579 2754 tainen
613 2701 787 2772 palam
813 2698 1110 2769 loquebatur
1139 2698 1200 2752 de
1220 2698 1331 2765 illo,
1359 2705 1569 2766 propter
1597 2713 1706 2750 me-

165 2801 260 2845 tum
308 2791 611 2845 luderorum.
671 2791 769 2857 Qui
817 2789 1088 2855 dicebant,
1115 2788 1289 2842 Bonus
1323 2797 1418 2843 est.
1451 2788 1581 2842 Nam
1615 2789 1702 2857 qui

165 2883 416 2947 dicebant,
462 2880 670 2936 Seducit
714 2882 922 2947 turbas,
950 2881 1158 2935 sonitus
1188 2895 1371 2935 eorum
1405 2878 1702 2948 apparebat

167 2988 390 3041 tanquam
417 2973 681 3026 aridorum
731 2971 1000 3026 foliorum.
1038 2970 1248 3026 Seducit
1277 2970 1472 3036 turbas,
1505 2970 1703 3023 clarius

164 3064 414 3116 sonabant.
453 3059 624 3115 Bonus
671 3070 765 3123 est,
828 3061 1062 3127 pressius
1132 3058 1501 3113 susurrabant.
1548 3057 1702 3112 Modo

163 3165 342 3217 autem,
375 3152 581 3217 fratres,
624 3150 866 3220 quamvis
914 3151 1145 3204 nondum
1190 3150 1396 3204 venerit
1426 3150 1510 3203 illa
1536 3150 1701 3218 gloria

160 3245 359 3306 Christi,
385 3259 493 3311 qua:
519 3256 617 3297 nos
645 3250 877 3296 aeternos
899 3241 1096 3295 factura
1118 3250 1218 3306 est,
1235 3240 1395 3295 modo
1427 3252 1600 3295 tamen
1633 3239 1706 3295 ita

166 3338 340 3390 crescit
362 3334 590 3390 Ecclesia
614 3334 750 3401 ejus,
779 3334 849 3386 ita
876 3349 993 3387 eam
1020 3333 1263 3402 dignatus
1293 3342 1375 3408 est
1398 3349 1491 3402 per
1513 3344 1702 3387 cuncta

167 3425 453 3490 diffundere,
483 3437 540 3479 ut
581 3425 742 3480 etiam
775 3432 1101 3488 susurretur,
1136 3424 1348 3479 Seducit
1379 3424 1574 3491 turbas,
1609 3425 1702 3478 sed

164 3517 336 3570 clarius
372 3525 632 3585 personet,
693 3513 870 3568 Bonus
911 3525 1026 3580 est;
1072 3529 1196 3568 nam
1229 3525 1372 3570 nova
1399 3513 1620 3568 haeresis
1651 3515 1700 3567 in

167 3607 352 3675 angulis
373 3605 572 3660 occulte
597 3614 857 3673 susurrat,
893 3605 1133 3659 Christus
1158 3613 1240 3660 est
1269 3606 1577 3675 adoptivus;
1608 3607 1702 3660 sed

165 3699 339 3752 clarius
388 3699 701 3752 universalis
753 3706 955 3750 sancte
999 3696 1254 3751 Ecclesiae
1305 3712 1404 3752 vox
1462 3706 1698 3761 resonat,

162 3787 365 3841 Christus
391 3800 458 3842 est
496 3788 663 3842 Filius
695 3787 785 3841 Dei
817 3790 1075 3858 proprius.
1104 3788 1327 3842 Sibilant
1349 3803 1557 3858 quoque
1587 3804 1702 3844 scr-

167 3885 358 3952 pentino
401 3900 510 3951 ore,
555 3884 799 3937 Christus
856 3881 1241 3947 nuncupativus
1285 3889 1368 3936 est
1411 3881 1571 3947 Deus,
1609 3882 1703 3937 sed

164 3978 438 4049 expressius
485 3976 800 4042 (iuniusque
846 3974 1078 4027 ﬁdelium
1114 3974 1348 4027 omnium
1383 3973 1704 4027 unanimitas

163 4070 354 4133 clamat,
382 4068 620 4123 Christus
650 4068 820 4120 bonus
851 4075 933 4121 est
970 4066 1133 4130 Deus,
1169 4076 1303 4120 teste
1331 4067 1546 4136 egregio
1570 4083 1706 4133 prae-

163 4161 390 4226 dicatore,
417 4162 500 4229 qui
532 4160 604 4213 ait
633 4176 644 4210 :
676 4160 910 4222 Quorum
939 4167 1129 4227 patres,
1160 4173 1220 4211 ex
1241 4160 1424 4226 quibus
1447 4153 1703 4222 Christus,

161 4253 237 4318 qui
260 4268 306 4304 es
345 4267 490 4320 super
515 4251 686 4303 omnia
718 4249 852 4302 Deus
876 4248 1162 4302 benedictus
1190 4248 1361 4318 (liam.
1391 4247 1490 4318 ix).

237 4341 458 4395 Ascendit
513 4356 632 4412 ergo
691 4339 843 4394 Jesus
885 4341 954 4392 ad
1017 4339 1263 4405 templum
1319 4341 1570 4394 mediante
1623 4341 1704 4392 die

165 4433 292 4502 festo,
311 4445 353 4486 et
376 4433 576 4486 docebat
602 4449 621 4487 :
645 4443 688 4487 et
715 4433 1032 4485 mirabantur
1053 4431 1246 4494 Judwi,
1274 4432 1531 4488 dicentes:
1564 4432 1704 4498 Quo-
1734 4452 1782 4509 ι)

165 4523 296 4575 modo
322 4525 397 4576 hic
424 4524 616 4576 litteras
643 4524 754 4586 scit,
781 4539 895 4574 cum
924 4538 1022 4575 non
1052 4523 1267 4574 didicit?
1293 4521 1383 4575 lile
1415 4523 1534 4590 quia
1569 4523 1702 4576 late-

167 4613 241 4663 bat
284 4613 510 4676 docebat,
558 4625 612 4666 et
637 4628 743 4665 non
775 4612 1054 4666 tenebatur
1079 4621 1133 4665 cl
1169 4613 1338 4679 palam
1366 4613 1703 4681 loquebatur.

166 4699 273 4753 Illud
312 4705 464 4770 enim,
501 4713 554 4756 ut
580 4705 790 4769 lateret,
822 4703 1184 4771 eratexempli
1217 4720 1230 4768 ;
1284 4703 1384 4757 hoc
1411 4705 1702 4771 potestatis.

165 4789 255 4845 Sed
276 4808 382 4846 cum
405 4795 635 4857 duceret,
664 4795 990 4848 mirabantur
1011 4793 1198 4849 Judaei.
1225 4799 1422 4850 Umues
1454 4796 1698 4865 quidem,

167 4895 387 4948 quantum
419 4887 667 4949 arbitror,
696 4886 1048 4950 mirabantur,
1089 4885 1183 4938 sed
1215 4900 1318 4939 non
1351 4901 1539 4941 omnes
1568 4901 1700 4942 con-

165 4980 491 5030 vertebantur.
553 4976 706 5032 Unde
761 4976 1082 5029 admiratio?
1108 4979 1228 5043 quia
1263 4979 1411 5030 multi
1443 4989 1708 5034 noverant

167 5067 241 5120 ubi
276 5079 436 5133 natus,
480 5080 533 5123 et
561 5069 1013 5136 quemadmodum
1046 5071 1214 5123 fuerat
1247 5071 1522 5125 educatus.
1555 5073 1703 5126 Nun-

168 5172 300 5226 quam
343 5175 456 5214 eum
505 5160 743 5213 viderant
792 5162 993 5213 litteras
1047 5161 1368 5224 discentem,
1419 5163 1704 5218 audiebant

171 5261 318 5304 tamen
362 5253 425 5306 de
465 5254 576 5322 lege
606 5253 995 5319 όὶεμυιειιιιειιι,
1034 5253 1164 5319 legis
1199 5254 1500 5308 testimonia
1534 5256 1709 5322 profe-

169 5353 361 5407 rentem,
410 5361 524 5413 qua:
578 5361 736 5398 nemo
791 5357 971 5411 posset
1016 5346 1275 5412 proferre,
1310 5348 1413 5400 nisi
1448 5349 1702 5417 legisset;

173 5448 302 5487 nemo
327 5437 648 5503 lcgeret,nisi
677 5437 878 5489 litteras
899 5437 1168 5490 did=cisset
1194 5455 1204 5500 ;
1240 5448 1290 5491 et
1310 5438 1429 5492 ideo
1447 5440 1707 5495 miraban-

173 5536 255 5575 tur.
302 5528 480 5582 Eorum
516 5541 693 5584 autem
727 5531 1024 5594 admiratio,
1059 5532 1315 5599 magistro
1349 5532 1483 5587 facta
1517 5548 1598 5589 est
1632 5538 1709 5589 iii-

174 5617 406 5672 sinuamhe
455 5621 611 5674 altius
664 5621 900 5674 veritatis
931 5623 1155 5678 occasio.
1192 5625 1266 5676 Ex
1297 5639 1482 5678 eorum
1514 5630 1706 5696 quippe

177 5707 482 5766 adn-ratione
522 5721 574 5765 et
611 5713 786 5767 verbis
819 5714 951 5769 dixit
984 5714 1232 5774 Dominus
1259 5716 1450 5784 ailquid
1487 5717 1705 5788 proluu—

1729 3109 1776 3170 Β

1804 1867 1889 1926 ius
1922 1884 1933 1918 :
1965 1876 2017 1921 et
2043 1881 2192 1921 suam
2215 1869 2510 1922 doctrinam
2544 1870 2674 1923 dixit
2702 1870 2963 1938 seipsum,
2994 1883 3044 1925 et
3075 1886 3178 1924 non
3204 1885 3380 1934 suam,

1805 1955 1927 2024 quia
1985 1955 2153 2010 Patris
2196 1965 2277 2011 est
2333 1956 2583 2013 Verbum.
2631 1958 2740 2012 lloc
2782 1975 2911 2028 ergo
2938 1961 3137 2016 dixisse
3171 1962 3379 2016 videtur

1811 2045 2063 2100 Dominus
2110 2047 2392 2103 Christus:
2425 2048 2542 2102 Mea
2581 2051 2814 2104 doctrina
2855 2069 2957 2106 non
2984 2063 3055 2106 est
3080 2069 3305 2115 mea;ac
3335 2059 3380 2109 si

1807 2136 2024 2203 diceret,
2080 2139 2188 2209 Ego
2233 2156 2347 2193 sum
2403 2156 2430 2194 τι
2461 2142 2684 2210 meipso.
2719 2142 2974 2208 Quamvis
3011 2145 3153 2198 enim
3188 2143 3378 2200 Filium

1810 2229 1951 2283 Patri
1994 2229 2238 2285 dicamus
2284 2239 2337 2284 et
2382 2231 2665 2288 credamus
2696 2234 2974 2302 mqualem,
3000 2250 3098 2287 nec
3130 2235 3290 2288 ultam
3325 2237 3374 2288 in

1809 2317 1885 2373 eis
1916 2335 2035 2375 esse
2085 2332 2286 2376 natura:
2317 2324 2394 2375 vel
2423 2324 2736 2378 substantiae
2762 2323 3091 2392 distantiam,
3126 2341 3221 2380 nec
3244 2328 3382 2381 inter

1808 2420 2152 2478 generantem
2208 2421 2366 2478 atque
2387 2424 2694 2482 generatum
2724 2415 2935 2484 aliquod
2968 2415 3268 2470 interfuisse
3299 2418 3376 2470 in-

1810 2500 2089 2555 tervallum
2112 2543 2127 2566 ,
2162 2512 2335 2556 tamen
2370 2505 2471 2557 hoc
2493 2516 2705 2560 servato
2736 2515 2790 2560 et
2820 2506 3101 2569 custodito,
3138 2508 3208 2562 ita
3248 2508 3384 2561 dici-

1809 2609 1927 2647 mus
1955 2593 2092 2663 quod
2121 2593 2210 2650 ille
2238 2595 2393 2652 Pater
2415 2606 2519 2665 est,
2573 2598 2661 2652 ille
2685 2597 2868 2653 Filius.
2904 2599 3056 2654 Pater
3077 2610 3252 2655 autem
3273 2614 3376 2654 non

1809 2695 1912 2750 est,
1947 2685 1990 2738 si
2014 2700 2116 2740 non
2149 2686 2338 2742 habeat
2361 2688 2584 2753 Filium;
2621 2689 2783 2745 Filius
2816 2706 2920 2745 non
2951 2701 3051 2756 est,
3084 2693 3126 2746 si
3156 2708 3260 2747 non
3290 2693 3379 2746 ha-

1809 2775 1930 2832 beat
1959 2776 2167 2833 Patrem
2198 2796 2211 2844 ;
2244 2780 2336 2833 sed
2361 2790 2535 2836 tamen
2565 2781 2730 2838 Filius
2759 2784 2895 2838 Deus
2920 2783 2985 2839 de
3016 2783 3196 2846 Patre,
3221 2783 3377 2838 Pater

1807 2878 1983 2924 autem
2036 2869 2195 2934 Deus,
2242 2873 2335 2925 sed
2390 2876 2494 2927 non
2548 2873 2612 2928 de
2643 2873 2777 2928 Filio
2811 2876 2987 2940 Pater,
3017 2891 3121 2930 non
3151 2874 3291 2930 Deus
3315 2876 3381 2930 de

1811 2959 1940 3014 Deo.
1993 2959 2157 3017 Filius
2206 2978 2353 3027 vero,
2404 2964 2536 3018 Deus
2591 2967 2655 3018 de
2717 2965 2842 3032 Deo,
2885 2966 3051 3019 lumen
3082 2966 3144 3020 de
3173 2967 3379 3020 lumine.

1812 3048 1970 3103 Pater
2025 3050 2227 3115 lumen,
2280 3053 2442 3107 Filius
2497 3055 2671 3108 lumen
2705 3069 2720 3111 :
2764 3071 2868 3108 non
2896 3056 3002 3110 duo
3035 3055 3250 3120 lumina,
3283 3057 3376 3110 sed

1814 3155 1974 3194 unum
2000 3141 2200 3198 lumen.
2237 3143 2390 3199 Pater
2414 3145 2568 3209 Deus,
2604 3147 2769 3200 Filius
2802 3147 2940 3201 Deus
2971 3167 2982 3200 :
3016 3164 3118 3202 non
3145 3147 3251 3202 duo
3281 3150 3375 3213 dii,

1808 3230 1902 3298 sed
1951 3247 2084 3287 unus
2126 3232 2266 3288 Deus
2316 3235 2472 3292 Pater
2496 3247 2550 3292 et
2591 3237 2778 3290 Filius.
2808 3237 3038 3306 Spiritus
3061 3251 3278 3295 sanctus
3311 3242 3378 3294 de

1810 3320 1965 3377 Patre
2013 3333 2065 3378 et
2115 3324 2250 3380 Filio
2279 3327 2571 3395 procedens
2592 3366 2608 3393 ,
2637 3338 2689 3382 et
2714 3330 2827 3396 ipse
2856 3330 3025 3396 Deus;
3058 3331 3197 3384 sicut
3221 3331 3375 3385 Pater

1812 3413 1970 3476 Deus,
2019 3412 2157 3468 sicut
2205 3414 2366 3468 Filius
2397 3417 2568 3482 Deus,
2600 3420 2678 3471 sic
2707 3418 2864 3472 etiam
2897 3419 3130 3486 Spiritus
3162 3429 3380 3475 sanctus

1811 3501 1950 3557 Deus
1985 3520 1996 3552 :
2032 3519 2137 3558 non
2189 3513 2295 3561 tres
2347 3507 2418 3560 dii
2447 3548 2461 3571 ,
2495 3508 2588 3564 sed
2618 3525 2752 3563 unus
2785 3510 2942 3573 Deus,
2979 3525 3136 3564 unum
3172 3512 3374 3583 lumen,

1810 3609 1912 3648 una
1942 3595 2258 3664 substantia,
2291 3613 2392 3651 una
2422 3608 2630 3663 natura,
2664 3615 2762 3652 una
2789 3600 3059 3667 majestas,
3084 3617 3183 3654 una
3215 3612 3377 3657 mter-

1812 3685 1967 3750 nitas,
2024 3701 2129 3740 una
2177 3688 2504 3756 magnitudo,
2568 3704 2669 3743 una
2716 3691 2972 3758 potentia,
3007 3706 3107 3745 una
3140 3690 3367 3747 bonitas.

1810 3773 1951 3831 Vidit
1982 3776 2160 3844 itaque
2185 3777 2300 3845 ipse
2324 3778 2580 3833 Dominus
2608 3779 2848 3834 Christus
2877 3781 2966 3836 Dei
2988 3783 3246 3847 sapientia
3275 3783 3378 3838 hoc

1811 3875 1913 3921 tam
1965 3866 2286 3934 profundum
2338 3884 2587 3925 arcanum
2618 3886 2727 3925 non
2763 3887 2950 3926 omnes
2981 3873 3377 3938 intellecturos.

1809 3959 1859 4012 in
1884 3963 2229 4029 consequenti
2251 3961 2396 4016 dedit
2411 3961 2712 4018 consilium.
2731 3962 3028 4034 Intelligere
3053 3966 3164 4019 vis!
3192 3968 3374 4022 crede.

1814 4049 1951 4102 Deus
1995 4050 2135 4104 enim
2184 4051 2510 4122 praphetans
2557 4052 2687 4108 dixit
2715 4069 2728 4106 :
2758 4052 2873 4108 Nisi
2900 4055 3233 4121 credideritis,
3274 4072 3374 4110 non

1810 4147 2101 4218 intelligetis
2124 4149 2276 4220 (Isai.
2310 4153 2402 4220 vr).
2436 4154 2517 4209 Ad
2549 4156 2649 4211 hoc
2679 4157 2905 4227 pertinet
2928 4159 3068 4228 quod
3101 4157 3186 4213 hic
3215 4159 3377 4215 etiam

1813 4238 2067 4293 Dominus
2087 4251 2300 4318 secutus
2329 4243 2567 4310 adjunxit
2603 4265 2616 4299 :

1881 4327 1943 4383 Si
1970 4331 2081 4395 quis
2106 4331 2316 4384 voluerit
2343 4331 2650 4390 voluntatem
2676 4339 2788 4408 ejus
2829 4339 3013 4406 facere,
3047 4341 3297 4410 coquascit
3320 4342 3381 4395 de

1812 4421 2038 4474 doctrina
2066 4431 2236 4476 utrum
2265 4442 2327 4478 ex
2351 4426 2457 4479 Deo
2488 4430 2572 4493 sit,
2605 4445 2673 4482 an
2725 4447 2816 4501 ego
2862 4449 2894 4483 ιι
2936 4434 3127 4501 meipso
3182 4434 3386 4504 loquar.

1809 4515 1946 4582 Quid
1972 4527 2052 4573 est
2078 4515 2196 4581 hoc,
2226 4520 2271 4571 si
2299 4521 2408 4589 quis
2438 4522 2744 4575 voluntatem
2791 4527 2899 4594 ejus
2939 4526 3149 4579 voluerit
3174 4527 3335 4595 facere
3363 4531 3385 4578 1’

1808 4609 1914 4665 Sed
1946 4624 2043 4679 ego
2067 4610 2322 4676 dixeram,
2358 4613 2410 4666 Si
2469 4616 2589 4680 quis
2631 4614 2935 4678 crediderit,
2972 4626 3022 4669 et
3075 4617 3172 4669 hoc
3204 4623 3381 4670 consi-

1811 4699 1941 4754 lium
1990 4699 2239 4754 dederam
2272 4718 2282 4751 :
2318 4700 2374 4755 Si
2426 4716 2528 4754 non
2562 4701 2889 4763 intellexisti,
2927 4704 3165 4771 inquam,
3197 4705 3377 4757 crede.

1814 4790 2122 4846 Intellectus
2149 4794 2290 4846 enim
2320 4807 2528 4847 merces
2559 4803 2642 4846 est
2667 4792 2808 4848 fidei.
2840 4793 2978 4864 Ergo
3014 4795 3118 4848 noli
3145 4809 3385 4864 quaarere

1810 4880 2106 4950 intelligere
2136 4891 2191 4935 ιιι
2222 4883 2430 4946 credas,
2466 4883 2558 4937 sed
2605 4886 2765 4938 crede
2816 4895 2871 4937 ut
2913 4884 3213 4951 intelligas;
3244 4902 3378 4953 quo-

1812 4974 1951 5027 niam
1998 4973 2092 5025 nisi
2133 4974 2466 5036 cre'lidcrt'tt's,
2522 4991 2622 5028 non
2658 4975 2968 5043 intelligetis.
3001 4974 3128 5028 Cum
3163 4991 3288 5043 ergo
3313 4977 3377 5027 ad

1812 5063 2220 5131 pessibilitatem
2273 5065 2604 5134 intelligendi
2647 5070 2929 5120 consilium
2974 5066 3212 5119 dederim
3254 5068 3381 5119 ohe-

1812 5153 2063 5209 dientiam
2116 5156 2410 5222 credendi,
2463 5166 2514 5210 et
2575 5157 2801 5210 dixerim
2864 5157 3142 5210 Dominum
3203 5159 3383 5211 desunt

1812 5246 2079 5299 Christum
2135 5247 2234 5300 hoc
2285 5248 2458 5317 ipsum
2516 5249 2876 5318 conjunxissc,
2939 5250 2987 5301 in
3039 5254 3385 5315 consequenti

1811 5337 2068 5389 sententia
2115 5337 2411 5390 invenimus
2458 5355 2576 5392 eum
2628 5339 2828 5392 dixisse
2871 5358 2881 5391 :
2918 5339 2979 5393 Si
3020 5342 3130 5406 quis
3174 5343 3386 5394 coluerit

1811 5429 2115 5482 voluntatem
2162 5432 2271 5497 ejus
2301 5435 2487 5498 facere,
2537 5432 2636 5483 hoc
2691 5440 2770 5486 est
2821 5434 3062 5488 credere.
3113 5432 3220 5487 Sed
3266 5433 3384 5497 quia

1811 5521 2102 5586 cognoscit,
2138 5521 2237 5573 hoc
2263 5531 2344 5574 est
2375 5522 2642 5588 intelligit,
2675 5538 2864 5577 omnes
2894 5525 3195 5593 intelligunt
3223 5543 3235 5580 :
3263 5544 3386 5593 quia

1811 5628 1936 5666 vero
1964 5615 2102 5681 qtiud
2136 5616 2229 5678 ait,
2264 5615 2315 5668 Si
2362 5617 2477 5682 quis
2525 5617 2750 5668 voluerit
2802 5619 3130 5670 voluntatem
3167 5618 3282 5681 ejus
3315 5622 3390 5670 fa—

1813 5727 1953 5776 cere,
1990 5714 2087 5765 hoc
2121 5713 2345 5780 [eettiuci
2369 5712 2431 5766 ad
2464 5712 2710 5777 credere;
2763 5724 2814 5766 ut
2849 5712 3158 5784 diligentius
3186 5714 3382 5769 intelli-
