3822 6226
489 300 590 352 ἘΠ

912 296 1109 350 ΒΕῡᾹῧ
1153 294 1591 349 VENERABILIS
1632 294 1777 361 DPP.
1822 292 1994 346 PARS
2036 292 2044 344 Ι

2155 290 2321 347 iECT.
2367 292 2403 345 Ι.
2436 324 2501 333 --
2534 293 2921 354 ΕΧΕΟΕΤΙΟᾹ
2960 300 3276 358 CENUINA.

3599 304 3687 358 728

499 421 672 479 gatur,
690 423 822 478 opus
845 419 919 461 est
952 407 1105 462 nobis
1135 406 1248 475 ipso
1273 404 1497 460 Domino
1528 415 1709 459 nostro
1739 404 2041 473 expositore
2071 408 2114 462 Α
2149 412 2333 489 nentes
2362 404 2427 458 ad
2456 420 2651 475 corpus
2681 408 2899 476 Chrisu,
2934 428 2999 470 ne
3046 416 3357 471 inducamur
3382 418 3435 472 in
3459 418 3685 489 laqueum

490 510 551 555 ut
580 500 770 554 indicet
796 497 946 553 nobis
976 505 1151 552 utrum
1198 511 1380 552 revera
1437 495 1503 550 ad
1534 495 1756 551 credere
1787 498 2043 563 pertineat

493 601 659 662 facere
685 594 991 644 voluntatem
1012 588 1181 643 Patris
1227 592 1355 660 ejus.
1384 586 1509 655 Quis
1562 588 1764 643 nesciat
1799 588 1897 641 hoc
1924 602 2044 641 esse

491 684 668 739 facere
693 681 1012 735 voluntatem
1036 678 1152 745 Dei,
1169 678 1377 746 operari
1412 692 1542 747 opus
1564 678 1699 747 ejus,
1726 675 1774 731 id
1799 685 1879 730 est
1902 674 2042 744 quod

494 770 569 831 illi
596 773 804 837 placet?
834 774 946 839 Ipse
967 768 1107 823 enim
1142 769 1391 823 Dominus
1413 778 1593 838 aperte
1613 770 1717 822 alio
1740 770 1855 823 loco
1873 768 2001 821 dicit
2026 784 2039 820 :

490 862 605 917 Hoc
622 877 697 917 est
715 879 839 925 opus
888 862 1005 927 Dei,
1035 871 1090 915 ut
1119 854 1331 917 credatis
1374 864 1426 915 in
1462 877 1575 915 eum
1616 878 1763 931 quem
1794 861 1880 915 ille
1910 862 2043 914 misit

492 954 670 1017 (Joan.
712 962 799 1023 vr).
838 954 906 1010 Ut
935 955 1161 1009 credatis
1191 955 1240 1008 in
1270 970 1391 1010 eum
1425 974 1435 1008 :
1468 969 1595 1021 non,
1627 961 1685 1007 ut
1714 953 1942 1007 credatis
1969 951 2037 1005 ei.

491 1046 606 1100 Non
638 1054 810 1100 autem
841 1046 1109 1110 continuo,
1141 1045 1228 1113 qui
1257 1044 1425 1098 credit
1470 1044 1541 1107 ei,
1595 1043 1760 1097 credit
1791 1043 1842 1097 in
1876 1057 1995 1096 eum
2024 1058 2037 1105 ;

492 1151 610 1189 nam
644 1144 696 1189 et
725 1136 990 1189 dmmones
1018 1135 1301 1190 credebant
1329 1133 1408 1198 ei,
1453 1142 1505 1187 et
1547 1149 1650 1187 non
1678 1133 1964 1188 credebant
1987 1135 2037 1190 in

488 1242 609 1283 eum
634 1226 841 1293 (Matth.
873 1241 1013 1291 xvu;
1038 1226 1218 1279 Iacob.
1249 1240 1318 1290 tt;
1354 1224 1501 1277 Rom.
1534 1227 1630 1291 tv).
1661 1224 1860 1278 Rursus
1882 1226 2040 1279 etiam

489 1319 556 1372 dc
580 1316 837 1385 apostolis
857 1317 1018 1385 ipsius
1039 1330 1316 1386 possumus
1339 1317 1538 1379 dicere,
1557 1316 1833 1370 Credimus
1852 1316 2038 1383 Paulo;

490 1411 585 1466 sed
619 1427 746 1476 non,
779 1410 1055 1467 Credimus
1087 1413 1138 1466 in
1167 1412 1409 1477 Paulum;
1437 1411 1716 1467 Credimus
1739 1412 1915 1476 Petro,
1946 1413 2038 1465 sed

495 1517 621 1567 non,
653 1500 927 1557 Credimus
959 1503 1009 1557 in
1034 1502 1532 1559 Petrum.Credenti
1556 1504 1607 1556 in
1638 1517 1755 1556 eum
1780 1500 2041 1571 quijusti-

494 1596 633 1661 ﬂeat,
662 1595 940 1662 deputatur
969 1594 1098 1649 lides
1121 1594 1233 1663 ejus
1256 1595 1319 1649 ad
1340 1594 1616 1664 justitiam.
1649 1593 1782 1660 Quid
1809 1603 1889 1647 est
1913 1607 2039 1662 ergo

493 1688 712 1741 credere
732 1687 783 1739 in
807 1688 960 1740 eum?
987 1687 1261 1741 Credendo
1283 1702 1482 1751 amare,
1511 1685 1779 1740 credendo
1796 1683 2033 1753 diligere,

2148 485 2485 563 Antichristi,
2520 512 2623 552 non
2652 515 2949 570 qnzeramus
2976 507 3198 574 gloriam
3236 520 3491 566 nostram.
3520 485 3622 568 Sed
3649 520 3683 569 si

2148 584 2233 638 ille
2288 587 2530 655 quaesivit
2566 590 2791 659 gloriam
2841 596 2955 663 ejus
3012 599 3097 664 qui
3151 615 3275 653 eum
3304 601 3469 667 misit,
3503 616 3685 673 quanto

2144 676 2311 745 magis
2335 692 2431 735 nos
2458 678 2572 748 ejus
2594 684 2681 749 qui
2709 699 2805 737 nos
2832 684 2991 740 fecit?
3013 686 3262 757 Sequitur
3296 709 3310 744 ε

2220 766 2405 820 Nonne
2438 768 2665 838 Moyses,
2691 805 2695 808 ~
2721 775 2906 842 inquit,
2938 777 3088 843 .‘dedit
3116 779 3251 834 vobis
3282 781 3457 851 legem,
3480 792 3526 835 et
3556 801 3684 837 uento

2142 872 2205 910 ea:
2220 857 2354 911 vobis
2375 860 2496 927 facit
2519 862 2717 929 legem?
2744 863 2877 927 Quid
2898 883 2975 919 me
3001 871 3218 931 queritis
3237 872 3548 940 interﬁcere?
3578 872 3681 927 Ideo

2142 949 2281 1001 enim
2338 950 2576 1017 qumritis
2626 954 2942 1022 interﬁcere,
2974 960 3095 1028 quia
3143 977 3289 1015 nemo
3316 980 3378 1017 es
3407 965 3537 1017 vobis
3576 967 3681 1033 facit

2144 1040 2321 1110 legem.
2352 1041 2482 1096 Nam
2514 1046 2557 1098 si
2592 1045 2756 1114 legem
2788 1047 3066 1114 fecissetis,
3092 1052 3142 1106 in
3175 1054 3301 1121 ipsis
3332 1056 3515 1109 litteris
3546 1057 3678 1110 Chri-

2141 1137 2280 1181 stum
2308 1134 2686 1200 agnosceretis,
2719 1146 2766 1190 et
2800 1148 3111 1203 prtesentem
3144 1156 3248 1193 non
3282 1144 3613 1209 oceideretis,
3639 1157 3677 1198 et

2140 1220 2220 1272 illi
2263 1222 2647 1288 responderunt.
2682 1224 2976 1292 Respondit
3016 1230 3153 1282 enim
3187 1231 3359 1285 turba.
3411 1233 3681 1301 Respondit

2143 1311 2290 1378 quasi
2339 1313 2510 1378 tnrba,
2570 1329 2673 1367 non
2733 1317 3047 1382 pertinentia
3104 1318 3166 1371 ad
3222 1322 3486 1387 ordinem,
3516 1324 3602 1378 sed
3628 1327 3679 1378 ad

2140 1404 2615 1471 perturbationem.
2674 1407 2911 1478 Denique
2968 1410 3116 1465 turba
3174 1412 3381 1467 turbata
3431 1416 3551 1471 vide
3575 1420 3681 1485 quid

2142 1495 2495 1561 responderit.

2210 1588 2521 1643 Dwmonium
2546 1591 2692 1646 habes
2706 1594 2840 1663 squis
2863 1604 2909 1647 te
2934 1598 3113 1662 quierit
3129 1598 3388 1653 occidere?
3417 1599 3572 1665 Quasi
3593 1616 3678 1654 non

2144 1674 2306 1730 fuerit
2357 1679 2505 1746 pejus
2559 1678 2756 1744 dicere,
2813 1682 3127 1735 dwmonium
3157 1684 3329 1749 habes,
3380 1703 3535 1756 quam
3578 1703 3679 1743 cum

442 1797 450 1803 ·
490 1776 752 1831 credendo
793 1777 856 1831 ad
894 1792 1013 1831 eum
1044 1778 1141 1843 ire,
1175 1787 1227 1831 cl
1255 1779 1369 1847 ejus
1414 1777 1663 1832 membris
1688 1775 2033 1846 incorpomri,
2071 1746 2114 1804 B
2145 1766 2412 1821 occidere.
2546 1769 2739 1838 quippe
2765 1771 2964 1826 dictum
2994 1774 3236 1842 estquod
3264 1746 3577 1830 dtemoniurn
3605 1780 3681 1830 ha-

493 1868 603 1934 lpsa
628 1878 709 1921 est
734 1883 860 1938 ergo
887 1868 1019 1923 ﬁdes
1045 1883 1199 1937 quam
1229 1868 1295 1924 de
1336 1870 1489 1923 nobis
1520 1868 1679 1937 exigit
1724 1867 1888 1929 Deus,
1921 1881 2037 1934 qua:

489 1974 581 2027 per
626 1959 959 2015 dilectionem
1012 1970 1258 2029 operatur
1314 1961 1507 2031 (Colat.
1569 1963 1645 2031 v).
1694 1960 1752 2019 Si
1786 1959 2035 2026 intelligis

490 2051 645 2106 verba
672 2052 785 2117 Dei,
816 2051 1047 2122 intcllige
1078 2052 1197 2122 quia
1227 2052 1466 2107 Christus
1522 2053 1686 2107 Filius
1731 2060 1815 2106 est
1843 2051 1953 2116 Dei,
1988 2063 2038 2106 et

482 2143 718 2197 doctrina
752 2143 921 2199 Patris
953 2161 966 2197 :
998 2158 1101 2199 non
1131 2152 1300 2199 estex
1333 2144 1529 2212 seipso,
1582 2158 1685 2197 non
1745 2158 1809 2197 ex
1844 2142 2035 2207 nihilo,

491 2248 593 2289 non
627 2250 689 2289 ex
722 2235 840 2290 aliis
866 2234 1291 2301 subsistentibus,
1327 2237 1418 2290 sed
1449 2251 1511 2291 ex
1545 2236 1698 2289 Patre
1730 2242 1950 2298 tantum,
1986 2236 2033 2288 in

492 2327 647 2380 Patre
675 2341 913 2393 manens,
946 2327 1160 2397 aequalis
1189 2327 1347 2382 Patri.

556 2416 706 2481 Quia
731 2419 994 2487 semetipso
1023 2419 1260 2486 loquitur,
1306 2418 1520 2488 glorians
1560 2418 1816 2487 prapriam
1836 2418 2035 2488 quaerit.

488 2506 599 2563 lloc
626 2507 727 2562 erit
758 2509 844 2578 qui
896 2515 1112 2563 vocatur
1137 2509 1512 2573 Antichristus,
1538 2511 1778 2563 extollens
1799 2527 1869 2574 se,
1908 2514 2043 2563 sicut

483 2596 766 2665 Apostolus
788 2598 931 2664 dicit,
962 2615 1113 2668 super
1131 2614 1277 2653 omne
1297 2601 1429 2667 quod
1454 2600 1639 2653 dicitur
1657 2598 1811 2662 Deus,
1836 2608 1883 2653 et
1911 2598 2043 2665 quod

487 2690 670 2742 colitur
701 2688 785 2759 (II
810 2690 989 2745 Thess.
1017 2688 1097 2761 tt).
1150 2690 1321 2760 Ipsum
1353 2691 1547 2760 quippe
1584 2692 1902 2745 annuntians
1930 2691 2041 2744 Do-

500 2779 672 2833 minus
702 2779 917 2848 gloriam
948 2794 1099 2835 suam
1124 2782 1491 2849 quaesiturum,
1548 2796 1651 2834 non
1680 2781 1905 2850 gloriam
1933 2778 2040 2833 Pa-

490 2866 608 2936 tris,
656 2869 727 2921 ait
755 2868 818 2922 ad
846 2868 1055 2924 Judaeos
1084 2887 1097 2924 :
1126 2869 1234 2940 Ego
1276 2870 1385 2923 veni
1410 2868 1463 2922 in
1489 2871 1691 2924 nomine
1714 2866 1885 2924 Patris
1921 2870 2035 2934 mei,

490 2970 536 3010 et
560 2974 661 3011 non
690 2958 983 3026 suscepistis
1009 2976 1085 3014 me
1112 2976 1130 3014 :
1157 2961 1291 3014 alius
1320 2959 1478 3014 veniet
1532 2960 1583 3013 in
1617 2960 1819 3015 nomine
1859 2975 1967 3025 suo,
1999 2968 2043 3012 et

2140 1855 2298 1909 bebat
2344 1858 2435 1926 qui
2481 1859 2749 1914 daemones
2805 1862 3124 1927 expellebat.
3169 1864 3304 1929 Quid
3360 1866 3519 1932 possit
3559 1868 3679 1920 aliud

2140 1947 2319 2001 dicere
2372 1949 2523 2003 turba
2581 1952 2914 2006 turbulenta?
2967 1955 3095 2023 quid
3154 1956 3318 2023 possit
3367 1957 3507 2011 aliud
3554 1959 3679 2015 olere

2139 2053 2350 2093 ctennm
2395 2028 2743 2107 commotum,
2792 2044 2892 2098 nisi
2954 2045 3231 2113 putidum?
3269 2047 3443 2103 Turba
3494 2051 3678 2104 turbata

2141 2138 2241 2183 est.
2276 2130 2455 2185 Unde?
2481 2146 2510 2185 a
2540 2133 2779 2187 veritate.
2822 2135 3051 2189 Turbam
3099 2136 3432 2204 lippitudinis
3464 2140 3678 2193 turbarit

2142 2220 2354 2275 claritas
2383 2224 2535 2279 lucis.
2563 2226 2715 2278 Oculi
2739 2235 2915 2280 autem
2965 2242 3067 2279 non
3103 2228 3358 2282 trahentes
3389 2232 3671 2293 sanitatem,

2143 2327 2244 2371 non
2280 2323 2497 2380 possunt
2538 2314 2679 2368 ferre
2730 2316 2944 2370 luminis
2970 2317 3291 2371 claritatem.
3334 2318 3585 2373 Dominus
3604 2336 3682 2373 au-

2144 2414 2248 2457 tem
2304 2420 2406 2459 non
2442 2405 2595 2471 plane
2644 2407 2905 2475 turbatur,
2938 2410 3033 2463 sed
3078 2409 3128 2463 iu
3170 2424 3263 2463 sua
3310 2411 3680 2465 veritatetran-

2142 2492 2352 2563 quillus,
2380 2509 2481 2548 non
2502 2496 2731 2550 reddidit
2752 2498 2944 2551 malum
2967 2516 3057 2566 pro
3086 2501 3240 2561 malo,
3265 2516 3353 2553 nec
3384 2502 3678 2554 maledictum

2144 2602 2236 2655 pro
2265 2584 2534 2640 maledicto
2564 2602 2585 2640 :
2610 2588 2803 2654 quibus
2832 2588 2877 2643 si
2901 2590 3123 2657 diceret,
3156 2590 3479 2644 Dtemoninm
3504 2608 3590 2643 vos
3608 2594 3681 2643 ha-

2144 2678 2279 2730 betis
2313 2694 2327 2731 :
2358 2692 2540 2732 verum
2572 2678 2797 2734 diceret.
2832 2680 2965 2735 Nam
3002 2682 3141 2735 unde
3166 2682 3360 2758 liocilli
3386 2682 3682 2736 dieerentde

2146 2765 2387 2831 veritate,
2424 2765 2743 2821 Haemonium
2774 2768 2948 2836 habes,
3011 2770 3113 2825 nisi
3163 2785 3254 2825 eos
3281 2772 3474 2825 diaboli
3504 2772 3681 2823 falsitas

2144 2857 2410 2913 irritaret?
2437 2860 2572 2926 Quid
2607 2875 2733 2930 ergo
2760 2861 3099 2929 responderit
3148 2863 3482 2930 tranquillus,
3512 2861 3677 2916 audia-

2145 2964 2282 3011 mus,
2309 2960 2365 3005 et
2395 2951 2679 3020 tranquille
2708 2950 2969 3006 vivamus.

485 3052 623 3102 (tunc
676 3050 956 3119 suscipielis
1010 3049 1186 3121 (Joan,
1242 3052 1317 3121 ν),
1377 3050 1699 3121 Signiﬁcavit
1748 3066 1839 3106 eos
1890 3053 2039 3106 Anti-
2066 3088 2111 3151 C
2181 3088 2190 3095 .
2220 3040 2386 3094 Unum
2414 3058 2539 3112 opus
2566 3042 2683 3112 feci,
2714 3054 2762 3095 et
2808 3057 2975 3095 omnes
3015 3044 3289 3097 miramini.
3322 3044 3585 3113 Tanquam
3611 3045 3679 3097 di-

488 3141 748 3197 christum
771 3152 1126 3210 suscepturos,
1157 3145 1243 3214 qui
1272 3144 1490 3214 gloriam
1518 3145 1747 3200 nominis
1774 3146 1858 3200 sui
1888 3160 2032 3214 qua:-

489 3233 687 3287 siturus
716 3240 822 3302 est,
852 3233 1078 3301 inﬂatus,
1106 3251 1210 3290 non
1241 3236 1460 3302 solidus,
1508 3243 1562 3290 et
1592 3235 1712 3290 ideo
1739 3249 1845 3288 non
1869 3233 2035 3288 stabi-

493 3324 581 3389 lis,
604 3323 696 3379 sed
720 3325 899 3393 utique
917 3325 1182 3381 ruinosos.
1200 3325 1450 3380 Dominus
1472 3334 1646 3380 autem
1675 3333 1856 3381 uoster
1880 3326 2036 3379 Jesns

490 3414 733 3470 Christus
760 3430 1000 3481 magnum
1028 3416 1336 3485 exemplum
1377 3416 1529 3472 nobis
1576 3416 1797 3485 praebuit
1828 3415 2039 3471 humili-

493 3502 635 3559 tatis.
667 3503 863 3574 Nempe
908 3505 1126 3573 ;eqnalis
1168 3515 1249 3561 est
1294 3504 1461 3560 Patri.
1484 3503 1682 3575 Nempe
1708 3506 1761 3559 iri
1790 3507 2039 3575 principio

492 3605 598 3648 erat
636 3594 870 3661 Verbum,
898 3606 941 3649 et
968 3595 1181 3650 Verbum
1202 3605 1307 3650 erat
1334 3597 1471 3665 apud
1499 3596 1677 3661 Deum,
1702 3606 1751 3650 et
1782 3594 1914 3649 Deus
1936 3605 2040 3649 erat

501 3684 737 3739 Verbum.
760 3685 957 3755 Nempe
986 3690 1097 3756 ipse
1123 3687 1273 3755 dixit,
1299 3696 1352 3742 et
1373 3687 1644 3741 verissime
1674 3688 1810 3741 dixit
1842 3705 1852 3738 :
1884 3686 2043 3738 Tanto

489 3786 711 3844 tempore
762 3777 1010 3830 vobiscum
1038 3794 1169 3844 sum,
1219 3788 1263 3831 et
1303 3795 1403 3831 non
1447 3778 1741 3847 cognovistis
1780 3777 1889 3830 me?
1919 3776 2045 3829 Phi-

492 3864 650 3933 lippe,
675 3867 758 3934 qui
785 3881 864 3920 me
885 3866 1039 3932 videt,
1063 3866 1190 3920 videt
1211 3874 1257 3920 et
1277 3865 1480 3919 Patrem
1508 3864 1679 3934 (Joan.
1702 3865 1831 3933 xlv).
1849 3864 2044 3931 Nempe

502 3959 615 4025 ipse
657 3957 808 4022 dixit,
857 3966 911 4013 et
963 3958 1237 4011 verissime
1271 3958 1444 4013 dixit:
1477 3956 1588 4028 Ego
1616 3968 1662 4010 et
1694 3956 1848 4009 Pater
1889 3972 2043 4009 unum

500 4064 670 4102 sumus
702 4046 877 4119 (Joan.
906 4045 981 4118 x).
1022 4046 1077 4101 Si
1105 4062 1231 4117 ergo
1280 4062 1397 4100 cum
1432 4047 1585 4101 Patre
1612 4062 1796 4111 unum,
1829 4044 2047 4114 aequalis

507 4139 671 4207 l’a'ri,
725 4139 863 4194 Deus
918 4141 982 4193 de
1012 4138 1141 4205 Deo,
1177 4139 1313 4192 Deus
1356 4136 1494 4205 apud
1535 4136 1700 4190 Deum
1732 4145 2045 4197 coaeternus,

507 4230 848 4295 immortalis,
905 4231 1106 4297 pariter
1157 4227 1632 4293 incommutabilis,
1686 4226 1882 4295 pariter
1936 4226 2049 4279 sine

510 4330 773 4389 tempore,
810 4321 1005 4386 pariter
1032 4329 1263 4384 creator,
1314 4319 1647 4389 dispensator
1705 4328 2001 4387 temporum
2034 4337 2045 4373 :

2142 3153 2291 3204 cens,
2332 3138 2469 3204 Quid
2504 3139 2549 3193 si
2611 3140 2785 3193 omnia
2843 3154 3002 3206 opera
3053 3153 3170 3193 mea
3210 3139 3497 3194 videretis?
3535 3140 3677 3208 Ιρείυς

2138 3229 2281 3283 enim
2308 3242 2467 3295 opera
2500 3236 2653 3282 erant
2682 3243 2797 3297 qua:
2829 3228 2879 3282 in
2925 3229 3121 3282 mundo
3145 3229 3425 3295 videbant;
3453 3240 3505 3284 et
3532 3231 3676 3296 ipsum

2142 3316 2230 3386 qni
2256 3317 2383 3371 iecit
2412 3318 2614 3384 omnia,
2646 3332 2753 3371 non
2798 3316 3067 3371 videbant.
3101 3318 3248 3373 Fecit
3278 3335 3434 3372 unam
3468 3334 3593 3384 rem,
3635 3329 3678 3372 et

2142 3408 2339 3463 turbati
2381 3419 2523 3474 sunt,
2549 3408 2670 3478 quia
2699 3409 2900 3463 salvum
2925 3408 3048 3463 fecit
3078 3410 3344 3463 hominem
3371 3411 3420 3463 in
3442 3409 3679 3465 Sabbato:

2140 3513 2245 3553 non
2301 3498 2660 3567 intelligentes
2720 3498 3000 3553 Dominum
3058 3513 3178 3554 esse
3229 3500 3466 3564 Sabbati,
3515 3500 3679 3553 Filium

2142 3588 2392 3651 hominis,
2422 3589 2512 3657 qui
2541 3587 2829 3643 Sabbatum
2859 3601 3075 3658 propter
3124 3590 3395 3645 hominem
3413 3591 3677 3651 constituit,

2144 3694 2249 3732 non
2295 3679 2566 3732 hominem
2620 3689 2840 3748 propter
2896 3680 3211 3737 Sabbatum.
3266 3680 3376 3734 Nec
3420 3680 3676 3735 Sabbatum

2143 3768 2427 3833 destruxit,
2454 3770 2541 3838 qui
2571 3784 2757 3823 sanum
2785 3770 2909 3825 fecit
2938 3770 3208 3826 hominem
3235 3773 3286 3825 in
3311 3771 3555 3836 Sabbato,
3577 3773 3677 3839 quia

2143 3858 2207 3911 ad
2255 3858 2480 3913 salutem
2529 3859 2803 3914 hominum
2860 3861 3161 3916 hominibus
3208 3862 3427 3917 Sabbati
3467 3860 3675 3915 custodia

2143 3952 2262 4005 data
2289 3961 2391 4006 est.

2224 4044 2502 4113 Propterea
2531 4047 2733 4115 Moyses
2757 4047 2892 4100 dedit
2921 4047 3055 4100 vobis
3090 4047 3535 4100 circumcisionem.
3560 4044 3676 4097 Bene

2150 4137 2344 4190 factum
2377 4145 2535 4189 estut
2562 4137 2870 4204 acciperetis
2897 4137 3358 4192 circumcisionem
3389 4151 3414 4189 a
3448 4136 3627 4204 Moyse.

2219 4225 2343 4279 Non
2363 4226 2485 4294 quia
2508 4239 2573 4277 ea:
2598 4223 2776 4294 Moyse
2798 4234 2893 4290 est,
2928 4224 3019 4279 sed
3046 4240 3109 4279 ex
3135 4226 3399 4294 patribus.
3440 4227 3679 4280 Abraham

2148 4318 2348 4389 quippe
2382 4318 2591 4387 primus
2636 4320 2846 4387 accepit
2894 4319 3371 4374 circumcisionem
3401 4336 3429 4373 a
3462 4321 3677 4373 Domino.

502 4422 674 4464 tamen
704 4410 827 4480 quia
847 4410 975 4461 venit
1005 4411 1057 4462 in
1089 4420 1329 4479 tempore,
1360 4418 1406 4463 et
1436 4412 1650 4478 formam
1678 4409 1808 4462 servi
1836 4410 2046 4477 accepit,
2081 4425 2130 4485 ι)
2227 4405 2293 4458 Ει
2334 4406 2385 4457 in
2417 4404 2637 4460 Sabbato
2659 4404 3031 4457 circumciditis.
3079 4404 3354 4456 Convincit
3382 4417 3473 4454 vos
3502 4402 3677 4468 lloyscs

501 4512 547 4554 τι
575 4501 745 4553 habitu
792 4501 1016 4554 inventus
1044 4508 1117 4553 est
1154 4509 1209 4551 ut
1248 4500 1398 4551 homo
1438 4497 1692 4567 (Philipp.
1746 4495 1829 4567 tt),
1871 4499 2055 4566 qurerit

502 4593 721 4663 gloriam
745 4592 933 4655 Patris,
961 4605 1061 4644 non
1092 4605 1265 4655 suam;
1290 4589 1413 4659 quid
1447 4600 1522 4654 tu,
1557 4589 1735 4653 homo,
1766 4588 1936 4643 facere
1965 4588 2055 4641 de-

510 4685 623 4748 bes,
671 4682 758 4750 qui
796 4681 1003 4751 quando
1050 4680 1242 4749 aliquid
1271 4680 1391 4734 boni
1449 4680 1599 4743 lacis,
1641 4679 1861 4749 gloriam
1910 4689 2051 4733 tuam

505 4772 697 4841 quaeris
728 4788 741 4825 :
767 4770 976 4841 quando
1004 4779 1178 4824 autem
1220 4768 1412 4838 aliquid
1469 4769 1593 4823 mali
1620 4768 1771 4835 lacis,
1824 4769 1931 4824 Deo
1963 4784 2053 4823 ca-

506 4862 756 4917 lumniam
775 4860 1309 4917 meditaris?lntende
1329 4861 1444 4930 tibi,
1463 4870 1699 4916 creatura
1717 4876 1795 4915 es.
1811 4862 2057 4931 Agnosce

510 4952 835 5021 Creatorem,
870 4967 1058 5007 servus
1082 4967 1158 5007 es.
1192 4953 1267 5007 Ne
1289 4961 1596 5008 contemnas
1623 4951 1809 5018 Deum,
1842 4954 2059 5024 adopta-

514 5055 595 5097 tus
635 5058 713 5108 es,
743 5044 833 5097 sed
893 5057 996 5096 non
1027 5043 1232 5098 meritis
1264 5044 1387 5098 tuis.
1422 5043 1610 5109 Quaere
1639 5044 1858 5112 gloriam
1882 5044 1995 5112 ejus
2028 5059 2054 5095 a

516 5148 619 5202 quo
648 5132 813 5188 habes
842 5133 974 5187 banc
998 5134 1215 5203 gratiam
1245 5134 1401 5187 homo
1426 5133 1725 5202 adoptatus,
1758 5132 1910 5202 cujus
1940 5134 2056 5202 glo-

518 5227 647 5279 riam
678 5223 922 5293 qutesivit
952 5224 1039 5293 qui
1061 5233 1143 5277 est
1170 5224 1236 5276 ah
1262 5224 1350 5279 illo
1372 5223 1555 5278 unicus
1587 5232 1763 5277 natus.

2166 4496 2215 4547 in
2250 4494 2385 4564 lege.
2418 4493 2713 4561 Accepistis
2738 4500 2796 4545 ut
2823 4492 3208 4545 circnmcidatis
3230 4502 3415 4545 octavo
3442 4492 3676 4555 die,acce-

2158 4585 2309 4652 pistis
2338 4587 2389 4637 in
2434 4584 2550 4652 lege
2580 4594 2636 4637 ut
2664 4582 2863 4636 vacetis
2897 4581 3122 4651 septimo
3154 4582 3242 4636 die
3281 4582 3465 4651 (Leuit.
3488 4580 3601 4647 ιιι).
3636 4577 3677 4629 Si

2157 4687 2373 4730 octavus
2403 4674 2514 4728 dies
2555 4674 2693 4727 illius
2719 4672 2805 4741 qui
2834 4681 2987 4725 natus
3010 4682 3112 4736 est,
3147 4674 3447 4727 occurrerit
3475 4672 3535 4725 ad
3562 4670 3674 4725 diem

2162 4766 2445 4834 septimum
2500 4763 2739 4829 Sabbati,
2772 4761 2895 4830 quid
2925 4760 3163 4817 facietis?
3201 4762 3483 4829 Vacabitis,
3517 4773 3567 4815 ut
3588 4774 3679 4812 ser-

2161 4856 2292 4913 velis
2312 4856 2620 4919 Sabbatum,
2666 4869 2734 4908 an
2786 4853 3199 4919 circnmcidatis,
3247 4864 3301 4907 ut
3325 4849 3678 4921 impleatisSao

2160 4956 2488 5000 crumentum
2519 4944 2625 4999 diei
2657 4944 2866 4998 octavi?
2898 4944 3002 4997 Sed
3036 4945 3182 5008 novi,
3213 4944 3402 5011 inquit,
3431 4942 3549 5010 quid
3574 4939 3679 4993 facio

2163 5040 2247 5091 tis.
2273 5036 2658 5091 Circumciditis
2682 5036 2973 5089 hominem.
2994 5034 3205 5101 Quare?
3226 5034 3354 5103 quia
3382 5028 3679 5088 circumcisio

2165 5129 2390 5196 pertinet
2439 5128 2504 5181 ad
2535 5128 2750 5197 aliquod
2802 5128 3009 5197 signum
3061 5125 3265 5188 salutis,
3303 5133 3491 5180 etnon
3518 5122 3681 5176 debeat

2167 5222 2403 5274 homines
2452 5219 2681 5273 Sabbato
2711 5232 2900 5271 vacare
2948 5232 2975 5269 a
3018 5217 3208 5271 salute.
3261 5216 3398 5285 Ergo
3450 5228 3544 5268 nec
3581 5208 3680 5264 mihi

2166 5310 2485 5375 irascamini,
2514 5308 2639 5377 quia
2669 5308 2875 5364 salvum
2900 5308 2998 5363 leci
3030 5318 3196 5363 totum
3226 5308 3492 5363 hominem
3514 5301 3683 5360 inSab-

2166 5402 2307 5455 bato.

2238 5492 2298 5547 Si
2325 5491 2777 5557 circumcisionem,
2804 5490 3196 5559 inqmt,accepit
3226 5488 3377 5542 homo
3402 5489 3453 5541 in
3480 5486 3686 5541 Sabbato.

2170 5593 2220 5637 ut
2250 5600 2347 5636 non
2375 5582 2600 5637 solvatur
2630 5585 2710 5636 lex
2742 5581 2931 5651 Moysi.
2964 5580 3176 5649 Aliquid
3219 5582 3363 5634 enim
3394 5595 3485 5649 per
3511 5578 3688 5645 Moysen

2172 5679 2222 5731 in
2252 5677 2339 5732 illa
2387 5674 2765 5732 constitutione
2810 5672 3224 5727 circumcisio'nis
3256 5671 3534 5727 salubriter
3561 5664 3687 5719 insti-

587 5316 873 5381 Qutautem
900 5316 1076 5385 quierit
1102 5316 1313 5384 gloriam
1348 5316 1456 5384 ejus
1502 5315 1585 5384 qui
1622 5315 1753 5367 misit
1786 5314 1950 5377 illum,
1983 5312 2063 5363 hic

514 5425 667 5463 verax
690 5419 784 5477 est,
814 5418 858 5463 et
887 5410 1136 5481 injustitia
1171 5409 1223 5461 in
1266 5408 1356 5461 illo
1399 5424 1498 5460 non
1537 5415 1628 5461 est.
1657 5407 1709 5459 In
1740 5406 2064 5459 Antichristo

522 5510 697 5554 autem
728 5500 982 5569 injustitia
1008 5509 1104 5563 est,
1134 5507 1189 5553 et
1214 5514 1371 5553 verax
1414 5512 1516 5552 non
1550 5508 1653 5560 est,
1677 5497 1799 5565 quia
1834 5495 2058 5563 gloriam

523 5605 670 5644 suam
699 5592 1012 5659 ρυίοδίιυι-υδ
1037 5599 1135 5653 est,
1164 5603 1266 5641 non
1290 5588 1403 5657 ejus
1425 5602 1455 5641 a
1476 5602 1580 5658 quo
1608 5587 1798 5640 missus
1824 5593 1924 5639 est.
1954 5583 2065 5637 Non

521 5691 601 5736 est
632 5682 841 5751 missus,
870 5679 962 5738 sed
985 5680 1127 5736 venit
1173 5680 1480 5750 permissus.
1523 5676 1716 5752 Omnes
1746 5690 1868 5747 ergo
1895 5675 2061 5735 perti-
