3822 6226
130 337 218 390 ἹΞΟ

1022 315 1086 370 ΙΝ
1125 315 1181 370 S.
1225 307 1509 369 JOANNIS
1547 299 1991 359 EVANGELIUM
2025 300 2408 362 EXPOSITIO.

3228 319 3332 374 750

133 457 287 506 tutum
308 455 408 511 est,
435 443 566 498 mihi
598 437 843 511 operanti
866 436 1090 493 salutem
1122 433 1176 486 in
1214 429 1472 490 Sabbato,
1500 436 1667 494 quare
1693 420 1744 480 Α
1767 423 1942 489 palam
1969 423 2220 494 loquitur,
2250 435 2298 481 et
2325 430 2454 481 nihil
2487 429 2570 484 illi
2591 428 2796 485 dicunt.
2831 429 2973 486 Num
3003 449 3116 489 vere
3140 453 3335 506 cogno-

131 539 497 606 indignamini?
529 536 689 590 Forte
713 532 855 587 enim
879 530 966 584 illa
988 525 1335 584 circumcisio
1358 522 1536 592 ipsum
1563 517 1667 570 Do-

131 637 312 688 minum
347 629 698 701 signiﬁcabat.
725 626 808 680 cui
837 623 922 678 isti
961 620 1169 675 curanti
1200 627 1253 671 et
1285 612 1493 670 sananti
1529 608 1667 664 indi-

131 728 422 798 gnaliantur.
453 722 607 776 Iussa
641 729 724 773 est
763 717 905 772 enim
963 711 1206 768 adhiberi
1237 717 1425 764 octava
1465 704 1570 757 die.
1602 700 1666 756 Et

129 794 242 889 quid
259 825 339 871 est
364 811 720 875 circumcisio,
744 808 849 863 nisi
890 806 1066 861 carnis
1094 798 1456 871 exspoliatio?
1484 794 1663 866 Signi-

131 887 237 966 ficat
265 922 387 976 ergo
417 907 518 960 ista
560 901 902 958 circumcisio
945 894 1388 966 exspoliationem
1424 906 1453 942 a
1501 887 1664 943 corde

131 1002 456 1071 cupiditatum
499 994 819 1050 carnalium.
867 989 983 1045 Non
1023 1003 1149 1058 ergo
1178 988 1297 1042 sine
1336 997 1496 1037 causa
1539 983 1662 1036 data

130 1107 216 1158 est,
247 1101 294 1145 et
319 1092 371 1144 in
407 1105 472 1144 eo
500 1087 743 1140 membro
776 1082 890 1138 ﬁeri
919 1083 1088 1151 jussa,
1121 1079 1378 1150 quoniam
1408 1093 1503 1146 per
1529 1075 1662 1129 illud

129 1184 402 1237 membrum
442 1185 758 1247 procreatur
789 1183 1033 1228 creatura
1075 1171 1378 1225 mortalium
1410 1184 1425 1220 :
1470 1167 1537 1220 Et
1572 1182 1664 1237 per

130 1289 270 1327 unum
290 1272 540 1324 hominem
566 1287 726 1328 mors,
749 1269 881 1319 sicut
908 1282 1000 1334 per
1029 1279 1186 1317 unum
1210 1262 1469 1315 hominem
1495 1275 1662 1312 resur-

129 1369 269 1420 rectio
305 1377 651 1428 mortuorum;
680 1372 728 1416 et
761 1378 852 1430 per
903 1374 1063 1412 unum
1109 1357 1369 1409 hominem
1396 1361 1662 1423 peccatum

128 1461 316 1512 intravit
339 1459 387 1510 in
418 1458 689 1517 mundum,
717 1465 763 1506 et
785 1469 874 1520 per
893 1460 1162 1518 peccatum
1185 1464 1341 1500 mors.
1370 1447 1490 1498 ltleo
1512 1445 1654 1513 quis-

125 1569 216 1622 que
242 1566 353 1605 cum
383 1547 647 1617 praeputio
685 1545 947 1605 nascitur,
980 1543 1102 1612 quia
1134 1542 1311 1595 omnis
1346 1539 1508 1592 homo
1537 1551 1660 1590 cum

127 1644 241 1695 vitio
266 1639 566 1708 propaginis
592 1638 866 1699 nascitur;
900 1645 954 1690 et
984 1651 1092 1690 non
1123 1633 1343 1686 mundat
1377 1630 1517 1684 Deus
1547 1629 1660 1683 sive

123 1753 147 1789 δ
181 1734 294 1787 vitio
321 1747 442 1786 cum
478 1747 588 1800 quo
622 1732 919 1792 nascimur,
967 1730 1081 1783 sive
1133 1743 1162 1782 a
1202 1728 1347 1780 vitiis
1373 1739 1492 1794 quae
1523 1724 1659 1778 male

123 1827 329 1880 vivendo
351 1825 617 1886 addimus,
653 1824 755 1877 nisi
805 1838 900 1891 per
940 1821 1215 1876 cultellum
1262 1820 1554 1888 petrinum,
1609 1817 1660 1871 id

123 1926 211 1977 est,
239 1915 511 1966 Dominum
550 1924 793 1966 nostrum
817 1912 998 1966 Jesum
1023 1909 1316 1964 Christum.
1335 1910 1490 1962 Petra
1515 1906 1661 1960 enim

123 2017 222 2060 erat
237 2005 493 2062 Christus.
510 2004 756 2058 Cultellis
773 2004 915 2057 enim
939 2003 1162 2072 petrinis
1175 1999 1660 2064 circumcidebaat,

122 2109 167 2154 et
192 2108 341 2168 petrae
369 2097 590 2152 nomine
614 2096 888 2150 Christum
911 2094 1229 2164 ﬁgurabant,
1258 2101 1310 2146 et
1338 2101 1662 2161 praesentem

123 2210 218 2247 non
255 2191 640 2263 agnoscebant,
673 2189 768 2244 sed
812 2190 1033 2255 insuper
1069 2185 1316 2240 occidere
1347 2184 1656 2252 cupiebant.

123 2287 257 2353 Quod
283 2301 402 2340 vero
431 2281 823 2338 circumciditis
861 2280 1130 2334 hominem
1171 2276 1226 2330 in
1273 2274 1528 2339 Sabbato,
1575 2273 1663 2327 in-

124 2378 323 2448 telligite
351 2376 452 2431 hoc
477 2372 769 2445 significari
807 2385 945 2441 Opus
978 2372 1202 2424 bonum.

185 2482 323 2547 Quod
349 2496 440 2550 ego
469 2481 569 2549 feci
595 2488 761 2532 totum
793 2477 1050 2530 hominem
1089 2475 1291 2528 salvum
1320 2473 1373 2525 in
1405 2471 1658 2525 Sabbato.

125 2574 242 2640 Quia
266 2582 316 2628 et
340 2582 561 2626 curatus
589 2580 693 2634 est,
728 2576 786 2623 ut
815 2582 984 2623 sanus
1020 2575 1164 2620 esset
1207 2565 1262 2619 in
1313 2577 1574 2632 corpore;
1609 2567 1662 2615 et

124 2667 348 2730 credidit,
383 2673 438 2718 ut
467 2677 634 2719 sanus
669 2671 812 2716 esset
846 2662 900 2715 in
938 2659 1138 2714 anima.

183 2773 346 2828 Nolite
371 2774 606 2834 iudicare
636 2765 1002 2838 personaliter,
1049 2761 1138 2815 sed
1172 2771 1363 2813 rectum
1395 2757 1662 2825 judicium

120 2870 347 2940 iudicate.
369 2867 504 2934 Quid
535 2875 618 2921 est
647 2862 788 2919 hoc?
812 2860 916 2916 nisi
945 2857 1068 2927 quia
1104 2855 1147 2912 si
1173 2872 1268 2926 per
1297 2855 1463 2924 legem
1496 2849 1660 2920 Moysi

126 2961 480 3018 circumciditis
513 2957 772 3019 Sabbato,
797 2969 905 3006 non
927 2947 1222 3004 irascimini
1250 2944 1445 3014 Moysi;
1465 2940 1659 3009 etquia

125 3072 208 3126 ego
231 3053 310 3108 die
348 3049 564 3106 Sabbati
608 3048 816 3102 salvum
867 3042 971 3096 feci
1017 3040 1314 3098 hominem,
1362 3029 1657 3087 irascimini

1770 527 1950 571 verunt
1983 519 2240 586 principes
2277 520 2401 589 quia
2427 521 2510 574 hic
2539 532 2615 577 est
2638 523 2920 579 Christus?
2944 525 3043 591 Qui
3073 539 3336 585 noverant

1770 627 1875 680 qna
1922 611 2125 666 saevitia
2163 615 2525 682 quaerebatur,
2565 617 2900 674 mirabantur
2936 637 3043 691 qua
3091 625 3332 692 potentia

1771 719 1876 757 nun
1910 705 2214 759 tenebatur.
2245 706 2398 761 Unde
2447 724 2553 762 non
2584 709 2742 778 plane
2787 713 3158 784 intelligentes
3183 716 3330 771 illius

1770 797 2086 862 potentiam,
2128 807 2454 864 putaverunt
2492 816 2612 857 esse
2660 803 2966 874 principum
3022 808 3328 873 scientiam,

1770 885 1912 953 quod
1958 885 2061 955 ipsi
2109 899 2473 957 cognoverant
2514 895 2760 948 eumdem
2792 911 2911 950 esse
2943 897 3238 957 Christum.
3279 913 3334 956 et

1771 977 1889 1029 ideo
1920 989 2277 1045 pepercerunt
2307 981 2378 1044 ei,
2409 998 2517 1051 quo
2544 993 2782 1054 tempore
2810 989 3160 1045 occidendum
3184 1009 3332 1048 aute-

1768 1066 1995 1121 sicrunt.
2035 1068 2231 1122 Deinde
2268 1071 2342 1124 illi
2379 1072 2476 1140 ipsi
2518 1077 2656 1141 apud
2682 1080 2887 1145 seipsos
2917 1081 3006 1146 qui
3040 1085 3327 1136 dixerant:

1770 1155 2041 1227 Numquid
2065 1173 2411 1230 cognoverunt
2435 1166 2694 1235 principes
2717 1169 2840 1240 quia
2860 1173 2943 1224 ltic
2970 1184 3044 1226 est
3068 1173 3333 1230 Christus?

1769 1251 2010 1306 iecerunt
2061 1255 2161 1307 sihi
2215 1258 2588 1325 qntestionem,
2629 1277 2734 1329 qua
2783 1263 2862 1316 eis
2911 1264 3182 1320 videretur
3223 1285 3328 1322 non

1767 1359 1890 1399 esse
1919 1345 2214 1400 Christum.
2250 1349 2614 1418 Adjungentes
2648 1355 2789 1407 enim
2823 1357 3073 1411 dixerunt
3104 1376 3117 1411 :

1837 1438 1941 1494 Sed
1975 1441 2133 1493 istum
2165 1443 2396 1496 norimus
2424 1445 2558 1496 unde
2585 1447 2651 1498 sit
2680 1463 2697 1499 .'
2738 1447 2974 1502 Christus
3008 1463 3179 1503 mttem
3214 1469 3330 1505 cum

1767 1533 1983 1594 venerit,
2014 1548 2162 1584 nemo
2203 1535 2295 1584 scit
2334 1534 2468 1586 unde
2500 1536 2589 1588 sit.
2625 1536 2760 1601 Quid
2791 1551 2874 1592 est
2908 1542 3048 1607 quod
3078 1541 3330 1595 dixerunt

1764 1617 1956 1684 Judaei,
2003 1619 2244 1675 Christus
2297 1639 2413 1675 cum
2455 1628 2670 1690 venerit,
2733 1644 2881 1681 nemo
2922 1634 3016 1684 scit
3079 1635 3213 1686 unde
3260 1637 3328 1687 sit

1769 1709 1986 1778 (Matth.
2026 1712 2106 1780 tt),
2137 1713 2262 1765 dum
2294 1715 2502 1770 Herode
2531 1717 2897 1788 interrogante
2929 1721 3102 1776 locum
3133 1727 3328 1779 nativi-

1768 1801 1888 1856 tatis
1909 1801 2048 1870 ejus,
2063 1803 2727 1876 demonstraveruntjuxta
2745 1812 3080 1880 prophetiam
3108 1815 3328 1873 Michea:

1765 1894 2041 1963 prophettﬁ
2093 1895 2325 1962 (illic/tea:
2359 1898 2433 1967 v),
2476 1907 2530 1952 et
2558 1916 2624 1952 ex
2655 1901 2757 1956 hoc
2799 1917 3005 1958 certum
3037 1915 3120 1960 est
3150 1906 3326 1962 locum

1765 1984 2059 2040 nativitatis
2096 1986 2242 2040 illius
2269 2002 2362 2042 eos
2399 1989 2593 2042 nosse?
2626 1990 2728 2046 Sed
2759 1994 3213 2051 considerandum
3246 2012 3330 2055 est

1762 2079 1892 2147 quid
1923 2095 1978 2132 se
2016 2097 2177 2136 nosse.
2211 2091 2482 2150 putarent,
2517 2094 2570 2139 et
2604 2085 2732 2154 quid
2762 2103 2866 2140 non
2905 2105 2964 2144 se
3007 2089 3143 2144 scire
3174 2094 3328 2149 dixe-

1762 2179 1908 2225 runt.
1944 2172 2140 2226 Locum
2169 2175 2310 2228 enim
2335 2176 2628 2232 nativitatis
2652 2179 2792 2235 illius
2822 2181 3060 2236 sciebant
3087 2200 3182 2253 per
3206 2201 3327 2253 pro-

1763 2261 2046 2330 phetarum
2078 2261 2241 2324 dicta,
2273 2265 2364 2317 sed
2396 2265 2635 2320 divinam
2671 2267 2792 2334 ejus
2820 2270 3178 2334 nativitatem,
3222 2288 3325 2341 qua

1763 2367 1828 2407 ex
1872 2353 1977 2406 Deo
2007 2352 2163 2407 Patre
2193 2355 2516 2408 aeternaliter
2537 2367 2693 2411 natus
2715 2367 2815 2420 est,
2849 2361 3325 2430 propterimpieta-

1765 2454 1870 2499 tem
1901 2447 2083 2500 cordis
2133 2445 2215 2499 sui
2258 2447 2594 2510 nesciebant,
2629 2447 2765 2503 lsaia
2803 2450 3056 2506 dicente:
3096 2452 3327 2506 Genera-

1765 2536 1952 2588 tionem
2000 2538 2112 2605 ejus
2161 2537 2275 2607 quis
2322 2539 2585 2592 enarrabit
2623 2539 2762 2608 (Isa.
2814 2544 2970 2610 Litt)?
3007 2543 3244 2614 Denique
3273 2559 3327 2601 ot

1763 2628 1878 2696 ipse
1912 2628 2168 2683 Dominus
2194 2633 2260 2684 ad
2299 2641 2588 2701 utrumque
2631 2637 2923 2702 respondit,
2951 2647 3006 2692 et
3039 2637 3106 2692 de
3129 2639 3324 2693 huma-

1762 2721 1944 2775 nitatis
1969 2721 2275 2790 fragilitate,
2300 2731 2352 2776 et
2381 2723 2449 2777 de
2470 2723 2767 2780 divinitatis
2797 2727 3072 2795 majestate
3097 2731 3284 2785 dicens
3309 2749 3323 2784 :

1833 2837 2105 2893 Clamabat
2126 2856 2246 2907 ergo
2272 2837 2456 2891 docens
2480 2841 2530 2892 in
2558 2841 2744 2908 templo
2766 2840 3032 2900 Jesus:Et
3058 2860 3135 2902 tne
3157 2845 3324 2914 scitis,

1762 2939 1812 2984 et
1836 2931 1969 2983 unde
1999 2933 2095 2984 sim
2127 2931 2298 2985 scitis.
2325 2929 2488 2985 Recte
2513 2946 2640 3002 ergo
2660 2932 2815 3001 dixit,
2848 2938 2912 2990 Et
2942 2956 3024 2994 me
3051 2941 3242 3005 nostis,
3274 2953 3329 2996 et

1762 3025 1907 3080 unde
1944 3026 2043 3081 sint
2079 3029 2251 3093 scitis,
2285 3029 2336 3082 id
2358 3039 2461 3095 est,
2494 3032 2790 3087 secundum
2828 3047 3048 3089 carnem
3078 3035 3327 3090 nativita-

127 3107 235 3200 niibi
269 3162 282 3199 :
315 3142 666 3215 personaliter
687 3135 964 3208 judicatis,
989 3133 1270 3188 veritatem
1299 3123 1580 3188 attendite,
1609 3133 1662 3175 et
1689 3107 1730 3164 (ἶ
1766 3126 1870 3171 tem
1901 3133 2074 3172 meam
2103 3120 2292 3203 nostis,
2313 3130 2366 3174 et
2395 3122 2724 3176 nobilitatem
2755 3135 3036 3193 parentum
3060 3144 3324 3196 meorum,

121 3243 299 3306 justum
328 3236 590 3307 judicium
636 3231 892 3300 jndicate.
938 3225 992 3280 Si
1042 3222 1338 3279 secundum
1372 3217 1656 3272 veritatem

125 3330 368 3401 iudicatis,
399 3342 575 3396 neque
608 3323 828 3395 Moysen
857 3332 1034 3388 neque
1063 3331 1148 3370 me
1183 3307 1658 3372 condemnabitis;

127 3432 169 3475 et
195 3421 400 3474 veritate
444 3415 683 3486 cognita,
735 3427 822 3466 me
874 3405 1231 3478 cognoscetis,
1276 3403 1401 3471 quia
1434 3415 1524 3469 ego
1547 3412 1664 3450 sum

128 3515 311 3564 veritas.
343 3507 454 3563 Hoc
481 3507 698 3570 vitium,
732 3502 942 3567 fratres,
979 3497 1121 3568 quod
1158 3494 1420 3548 Dominus
1462 3488 1666 3545 notavit

127 3606 214 3658 hoc
237 3605 370 3665 loco,
399 3599 626 3656 evadere
652 3597 708 3649 in
737 3595 842 3649 hoc
873 3593 1092 3654 saeculo,
1121 3587 1299 3656 magni
1330 3581 1531 3637 laboris
1558 3587 1662 3645 est,

127 3712 218 3752 non
245 3692 593 3765 personaliter
618 3687 887 3760 judicare,
924 3681 1018 3736 sed
1048 3688 1254 3736 rectum
1287 3675 1547 3746 judicium
1579 3686 1665 3725 re-

126 3794 290 3846 tinere.
311 3781 836 3852 Admonuitqnidem
867 3775 1127 3830 Dominus
1154 3771 1391 3831 Judznos,
1428 3765 1523 3820 sed
1548 3777 1665 3817 mo—

125 3883 224 3935 nuit
244 3895 354 3936 nes.
382 3879 504 3932 illos
525 3873 780 3936 convicit,
805 3885 904 3924 nos
927 3867 1196 3921 instruxit.
1225 3863 1344 3917 Illos
1372 3858 1665 3927 redarguit,

126 3989 209 4028 nos
223 3971 444 4027 exacuit.
461 3967 577 4022 Non
596 3975 852 4034 putemus
871 3963 971 4016 hoc
989 3958 1147 4014 nobis
1166 3957 1285 4011 ideo
1306 3970 1416 4009 non
1438 3953 1663 4016 dictum,

125 4068 231 4134 quia
259 4076 382 4120 tunc
408 4063 477 4116 ibi
509 4077 620 4115 non
661 4059 888 4113 fuimus.
915 4053 1027 4108 Nos
1061 4052 1244 4121 itaque
1277 4050 1355 4103 sic
1387 4046 1671 4101 audiamus

127 4155 468 4225 Evangelium,
499 4150 656 4219 quasi
699 4153 1022 4218 praesentem
1053 4142 1338 4198 Dominum
1374 4155 1388 4190 :
1424 4153 1491 4192 ne
1521 4136 1671 4193 dica-

127 4221 315 4309 mus,'0
339 4247 414 4301 illi
443 4245 644 4306 felices,
675 4242 768 4311 qui
798 4253 920 4294 eum
953 4236 1135 4290 videre
1165 4233 1490 4303 potuerunt!
1520 4221 1670 4285 Multi

127 4341 173 4392 in
187 4341 256 4394 eis
275 4338 359 4407 qui
382 4337 628 4390 viderunt
653 4348 778 4387 eum
808 4328 1120 4390 carnaliter,
1143 4324 1460 4380 occiderunt
1482 4338 1495 4375 :
1516 4321 1670 4374 multi

1769 3219 1824 3264 et
1854 3210 2076 3281 emgiem
2105 3212 2284 3266 vultus
2310 3213 2412 3267 mei
2443 3215 2634 3270 nostis.
2666 3217 2972 3271 Secundum
2994 3219 3327 3276 divinitatem

1765 3312 1942 3357 autem
1977 3318 2082 3357 non
2110 3307 2300 3360 nostis.

1835 3394 1975 3460 Quia
2001 3412 2034 3447 a
2055 3412 2134 3448 me
2159 3398 2268 3464 ipso
2293 3415 2392 3451 non
2417 3401 2650 3466 veni,sed
2677 3411 2750 3455 est
2774 3419 2921 3458 verus
2947 3405 3035 3473 qui
3063 3421 3142 3459 me
3167 3407 3327 3470 misit,

1767 3503 1915 3554 quem
1942 3487 2173 3539 nescitis.
2221 3487 2323 3543 Sed
2360 3500 2416 3544 nt
2460 3507 2580 3544 eum
2622 3494 2826 3557 sciatis,
2862 3497 3064 3548 credite
3110 3496 3160 3548 in
3204 3511 3328 3550 eum

1766 3592 1925 3643 quem
1952 3578 2127 3641 misit;
2156 3581 2402 3635 etst'iatis
2422 3582 2563 3649 quod
2589 3599 2734 3636 nemo
2764 3583 2924 3637 Deum
2945 3585 3072 3639 vidit
3102 3603 3331 3655 unquam

1769 3668 1871 3720 nisi
1901 3667 2197 3737 unigenitus
2233 3668 2428 3730 Filius.
2472 3673 2562 3740 qui
2609 3682 2686 3725 est
2735 3675 2788 3726 in
2836 3675 2954 3727 sinu
2989 3674 3186 3739 Patris,
3223 3676 3332 3743 ipse

1767 3761 2034 3812 enarrari.
2061 3760 2241 3830 (Joan.
2269 3761 2344 3828 t);
2388 3769 2459 3824 et,
2515 3754 2730 3816 Patrem
2781 3780 2928 3817 nemo
2961 3768 3193 3836 cognovit
3230 3768 3334 3820 nisi

1771 3851 1964 3916 Filius,
1995 3862 2043 3905 et
2075 3854 2158 3905 cui
2185 3853 2402 3906 voluerit
2428 3852 2599 3907 Filius
2629 3855 2855 3909 revelare
2886 3856 3031 3925 (Luc.
3064 3858 3139 3926 it).
3175 3857 3334 3912 Denic

1770 3960 1876 4015 que
1903 3961 2025 3999 cum
2057 3943 2286 4000 dixisset
2313 3964 2326 3998 :
2363 3943 2465 3999 Sed
2491 3958 2564 4001 est
2598 3965 2748 4002 verus
2775 3952 2864 4019 qui
2893 3952 3032 4004 misit
3063 3967 3160 4016 me,
3183 3968 3332 4022 quem

1769 4054 1855 4091 vos
1886 4037 2096 4091 nescitis
2127 4052 2145 4090 :
2175 4047 2232 4091 ut
2262 4039 2565 4093 ostenderet
2610 4042 2688 4094 eis
2737 4043 2879 4097 unde
2923 4050 3145 4112 possent
3195 4044 3334 4098 scire

1771 4129 1914 4200 quod
1946 4130 2281 4195 nesciebant,
2312 4130 2536 4199 subjecit
2568 4151 2581 4188 :

1847 4237 1956 4306 Ego
1987 4237 2094 4290 scio
2118 4253 2255 4292 eum.
2290 4237 2432 4308 Ergo
2463 4254 2490 4292 a
2521 4254 2604 4292 me
2628 4241 2853 4309 qttmrite
2886 4248 2944 4294 ut
2977 4241 3160 4296 sciatis
3187 4254 3331 4295 eum.

1777 4327 1954 4394 Quare
1985 4338 2164 4383 autem
2199 4330 2314 4385 scio
2353 4331 2518 4385 eum?
2551 4333 2672 4401 quia
2709 4333 2776 4386 ab
2809 4332 2926 4401 ipso
2954 4349 3096 4396 sum,
3126 4343 3178 4387 et
3219 4333 3335 4401 ipse

127 4442 281 4482 autem
307 4430 360 4482 in
391 4424 652 4491 nobisqui
683 4439 790 4477 non
829 4422 1094 4482 viderunt,
1126 4415 1489 4471 crediderunt.
1523 4410 1656 4476 Quis
1691 4423 1738 4481 ι)
1767 4437 1851 4475 me
1879 4422 2044 4477 misit.
2073 4420 2352 4492 Magniﬁce
2388 4438 2684 4492 utrumque
2721 4424 3060 4478 monstravit.
3090 4423 3168 4476 Ab
3198 4425 3331 4492 ipso,

129 4534 200 4576 est
225 4523 303 4588 qui
333 4536 440 4574 non
467 4517 676 4586 judicat
708 4513 1081 4584 personaliter,
1116 4508 1220 4563 nisi
1255 4506 1345 4577 qui
1380 4504 1658 4573 aequaliter

130 4614 308 4684 diligit?
346 4612 448 4677 Qui
483 4609 766 4680 :equaliter
803 4620 995 4660 omnes
1041 4602 1240 4672 diligit,
1281 4600 1562 4670 aequaliter
1594 4598 1661 4651 de

130 4702 353 4754 omnibus
388 4701 611 4770 judicat.
641 4696 751 4752 Nec
793 4697 898 4750 hoc
927 4696 1131 4749 dictum
1162 4700 1414 4760 putemus
1446 4690 1514 4745 de
1555 4688 1660 4743 illis

132 4807 246 4860 quos
264 4808 354 4862 pro
376 4793 577 4846 honore
601 4790 868 4861 graduum
891 4788 1106 4842 diverso
1127 4786 1288 4840 modo
1308 4785 1657 4846 honoramus,

133 4886 211 4939 sed
235 4886 294 4941 de
323 4885 425 4941 illis
451 4898 683 4953 quorum
707 4896 901 4937 causas
927 4880 1226 4949 dijudicare
1253 4879 1521 4947 iubemur.
1557 4875 1662 4930 Do-

135 4977 290 5034 minus
320 4978 476 5050 igitur
499 4977 660 5032 Jesus
702 4989 808 5029 non
850 4971 1156 5034 manifeste,
1195 4969 1287 5024 sed
1329 4967 1538 5024 occulte
1574 4983 1662 5023 as-

136 5071 289 5124 cendit
309 5072 370 5125 ad
403 5071 541 5124 diem
592 5067 812 5132 festum,
848 5081 954 5120 non
985 5064 1113 5134 quia
1141 5060 1366 5116 timebat
1407 5074 1476 5114 ne
1511 5067 1660 5113 tene-

137 5173 284 5226 retur,
311 5164 455 5232 cujus
476 5169 716 5232 potestas
753 5167 870 5213 erat
899 5165 959 5211 ut
999 5171 1108 5210 non
1140 5161 1436 5216 teneretur,
1475 5151 1567 5206 sed
1603 5160 1662 5205 ut

140 5255 429 5321 signiﬁcaret
457 5256 622 5310 etiam
656 5253 711 5307 in
745 5253 863 5322 ipso
888 5251 973 5306 die
999 5248 1140 5304 festo
1171 5248 1262 5318 qui
1286 5246 1664 5302 celebrabatur

140 5365 163 5400 a
194 5347 389 5412 ludatis,
424 5345 707 5410 occultari,
754 5355 808 5400 et
853 5345 1100 5399 clausum
1149 5355 1267 5396 esse
1313 5339 1660 5410 mysterium;

142 5440 220 5494 sed
245 5456 354 5495 mox
385 5443 635 5510 apparuit
672 5445 934 5507 potestas,
981 5451 1101 5505 qua:
1134 5433 1428 5504 putabatur
1459 5429 1663 5484 timidi-

144 5540 231 5585 tas.
267 5528 592 5601 Loquebatur
637 5530 784 5583 enim
826 5529 1002 5597 palam
1041 5527 1095 5580 in
1147 5527 1233 5581 die
1279 5525 1437 5588 festo,
1487 5522 1559 5576 ita
1605 5529 1665 5574 ut

144 5621 429 5676 mirarentur
459 5623 650 5684 turbae,
677 5629 731 5674 et
751 5619 993 5675 dicerent
1013 5618 1156 5689 quod
1191 5618 1516 5683 audivimus,
1540 5628 1662 5671 cum

145 5713 276 5766 lectio
298 5716 564 5785 legeretur,

206 5801 366 5860 Nonne
395 5807 471 5862 hic
501 5820 576 5863 est
604 5824 756 5868 quem
786 5811 1081 5867 atta’rcbant
1117 5809 1443 5867 inter/icere?
1470 5821 1519 5864 ct
1553 5823 1665 5863 ecce

1764 4516 1959 4585 inquit,
1983 4532 2098 4568 sum
2129 4531 2147 4570 :
2185 4516 2311 4586 quia
2349 4516 2490 4570 lilius
2537 4516 2603 4570 de
2634 4527 2822 4586 patre;
2855 4527 2908 4571 et
2955 4516 3219 4588 quidquid
3253 4527 3336 4572 est

1762 4610 1928 4674 ﬁlius,
1959 4611 2025 4664 de
2058 4609 2148 4662 illo
2176 4617 2278 4672 est,
2302 4609 2459 4677 cujus
2480 4619 2561 4664 est
2592 4609 2753 4664 ﬁlius.
2789 4608 2909 4663 ideo
2931 4609 3214 4663 Dominum
3241 4608 3330 4664 Je-

1761 4717 1882 4756 sum
1915 4685 2147 4755 dicimus
2179 4700 2347 4754 Deum
2383 4701 2450 4755 de
2493 4698 2646 4753 Deo:
2702 4700 2912 4753 Patrem
2955 4715 3064 4753 non
3104 4699 3335 4754 dicimus

1765 4792 1930 4847 Deum
1962 4792 2029 4845 de
2053 4792 2178 4856 Deo,
2214 4790 2308 4846 sed
2336 4801 2542 4844 tantum
2575 4790 2739 4845 Deum
2763 4808 2777 4856 ;
2813 4800 2866 4845 et
2894 4790 3127 4844 dicimus
3154 4790 3334 4844 Domi-

1761 4899 1890 4938 num
1922 4882 2104 4938 Jt-sum
2137 4884 2320 4937 lumen
2355 4887 2418 4938 de
2451 4883 2678 4948 lumine,
2716 4883 2927 4936 Patrem
2959 4899 3063 4937 ron
3106 4883 3334 4936 dicimus

1762 4977 1944 5031 lumen
1984 4977 2051 5030 de
2081 4976 2306 5043 lumine,
2338 4976 2430 5030 sed
2457 4983 2663 5029 tantum
2695 4974 2898 5027 lumen.
2939 4974 3016 5027 Ad
3063 4973 3164 5027 hoc
3206 4988 3334 5042 ergo

1764 5070 1993 5138 pertinet
2021 5067 2166 5137 quod
2197 5068 2332 5122 dixit
2364 5083 2379 5120 :
2412 5067 2492 5121 Ab
2519 5081 2582 5120 eo
2604 5080 2746 5127 sum,
2770 5065 2909 5134 quod
2945 5075 3121 5118 autem
3142 5064 3334 5117 videtis

1764 5177 1850 5216 me
1878 5162 1931 5215 in
1966 5176 2155 5225 carne,
2192 5161 2308 5229 ipse
2347 5150 2431 5213 me
2472 5160 2638 5213 misit.
2695 5158 2797 5213 Ubi
2848 5157 3025 5220 audis,
3077 5156 3196 5226 ipse
3248 5171 3334 5208 me

1764 5253 1932 5315 misit,
1969 5251 2076 5305 noli
2110 5251 2408 5321 intelligere
2442 5259 2649 5304 naturae
2679 5246 3199 5308 dissimilitudinem,
3239 5243 3332 5298 sed

1763 5343 2073 5414 generantis
2105 5341 2510 5396 auctoritatem.

1837 5434 2152 5500 Quwrebaut
2173 5451 2293 5504 ergo
2308 5451 2424 5488 eum
2451 5432 2852 5502 apprehendere,
2881 5440 2928 5484 et
2953 5448 3100 5485 nemo
3120 5433 3260 5486 misit
3278 5429 3332 5483 in

1765 5527 1914 5581 illum
1937 5542 2140 5592 manus,
2165 5525 2291 5590 quia
2312 5526 2544 5577 nondum
2567 5534 2773 5578 venerat
2797 5525 2922 5576 liora
2942 5525 3074 5592 ejus.
3094 5527 3204 5578 Hoc
3227 5534 3332 5590 est,

1765 5622 1894 5689 quia
1929 5621 2162 5675 uolebat.
2193 5622 2295 5686 Qui
2322 5622 2464 5675 enim
2496 5621 2773 5674 voluntate
2815 5629 2974 5674 natus
3009 5631 3111 5680 est,
3143 5620 3336 5673 volun-

1769 5718 1877 5764 tate
1899 5718 1951 5764 et
1975 5725 2167 5780 passus
2185 5719 2288 5764 est.
2315 5709 2466 5763 Sicut
2487 5709 2673 5762 horam
2702 5708 3021 5778 prazvitlerat
3038 5706 3337 5761 nativitatis

1773 5817 1903 5864 suae,
1935 5802 2007 5859 ita
2037 5803 2224 5861 horam
2255 5801 2934 5863 nrtedcstinavitpassionis
2955 5815 3087 5859 suta.
3109 5799 3165 5855 Si
3199 5801 3326 5855 hora
