3822 6226
499 327 597 386 751

921 323 1122 380 ΒΕὓιιΕ
1166 319 1607 381 νεΝεκΑΒιιιε
1644 318 1793 376 ΟΡΡ.
1831 314 2009 372 PARS
2051 314 2062 368 1

2172 309 2346 367 SECT.
2383 309 2422 365 i.
2469 339 2539 353 -ο
2577 308 2967 368 ΕΧΕΟΕΠΟΑ
3005 310 3335 369 GENUINA.

3604 313 3697 367 752

500 445 690 501 mortis
719 451 934 505 nostrae,
958 441 1098 494 illius
1126 439 1372 492 voluntas
1403 443 1661 505 :quanto
1712 431 1880 502 magis
1909 435 2038 487 hora
2069 427 2116 485 Α
2143 433 2322 477 cturus
2343 430 2527 505 gentes
2548 436 2669 491 qua!
2711 422 2866 478 ﬁdem
2890 424 3219 491 accepissent
3247 421 3349 494 [Ρ.-
3371 422 3697 495 acciperent],

501 532 768 602 passionis
793 546 902 585 sine
922 532 970 584 in
995 527 1215 582 arbitrio
1232 526 1514 581 voluntatis
1539 537 1647 578 sua:
1665 523 1848 578 venit?
1872 523 2055 590 Magna

505 625 669 692 igitur
690 620 1048 678 misericordia
1073 618 1278 674 Domini
1305 614 1468 672 nostri
1483 615 1608 670 Jesu
1627 613 1847 681 Christi,
1861 615 2054 668 factum

505 729 626 771 esse
669 728 794 769 eum
825 722 1042 783 propter
1090 724 1186 765 nos
1217 708 1268 763 in
1311 717 1566 776 tempore,
1594 721 1688 775 per
1717 719 1872 775 quem
1920 703 2057 758 facta

502 824 626 866 sunt
654 821 908 879 tempora.
944 811 1160 865 Factum
1193 821 1311 863 esse
1354 807 1492 861 inter
1533 805 1728 870 omnia,
1775 819 1870 873 per
1897 817 2054 873 quem

502 897 640 956 facta
691 911 820 956 sunt
869 907 1045 955 omnia
1082 918 1094 952 :
1128 898 1321 954 factum
1369 911 1488 952 esse
1517 896 1656 966 quod
1687 896 1830 951 fecit.
1866 895 2055 949 Factus

501 1003 583 1048 est
613 994 753 1062 quod
786 994 999 1047 fecerat.
1027 991 1216 1046 Factus
1242 998 1323 1044 est
1355 989 1498 1044 enim
1549 988 1729 1055 homo,
1764 988 1853 1057 qui
1879 987 2050 1042 homi-

501 1097 622 1136 nem
674 1084 870 1138 fecerat
909 1100 922 1136 :
966 1097 1033 1135 ne
1080 1081 1277 1150 periret
1313 1080 1453 1151 quod
1496 1079 1709 1134 fecerat.
1756 1077 2056 1134 Secundum

504 1173 639 1226 hanc
686 1173 1139 1233 dispensationem
1163 1171 1277 1239 jam
1310 1179 1529 1226 venerat
1563 1171 1690 1224 hora
1736 1168 2059 1234 nativitatis,

504 1270 559 1316 et
591 1273 740 1318 natus
770 1273 917 1329 erat;
951 1265 1044 1318 scd
1077 1264 1307 1319 nondum
1329 1273 1550 1320 venerat
1593 1267 1718 1318 hora
1750 1263 2009 1332 passionis
2048 1281 2060 1316 :

506 1351 628 1406 ideo
659 1351 885 1404 nondum
915 1366 1097 1419 passus
1125 1360 1224 1419 est,
1273 1351 1391 1421 quia
1435 1353 1656 1408 necdum
1684 1367 1898 1407 venerat
1930 1352 2056 1407 hora

507 1443 560 1494 in
585 1456 682 1508 qua
716 1443 818 1509 pati
850 1439 1121 1496 voluisset.
1153 1442 1271 1496 ldeo
1295 1442 1346 1495 in
1366 1455 1524 1496 cruce
1547 1441 1735 1511 legitur
1755 1458 1873 1496 eum
1897 1435 2060 1496 dixis-

501 1547 584 1597 se,
615 1547 737 1587 cum
770 1535 945 1587 omnia
974 1531 1207 1601 perfecta
1239 1534 1453 1588 fuerunt
1481 1537 1775 1590 secundum
1821 1535 2060 1605 Scriptu-

502 1636 590 1676 ras
641 1622 1058 1688 Prophetarum,
1113 1623 1526 1678 Consummatum
1566 1635 1673 1684 est;
1719 1635 1768 1679 ct
1821 1627 2060 1680 inclinato

501 1713 662 1780 capite
689 1714 899 1766 tradidit
929 1717 1162 1781 spiritum
1212 1715 1391 1782 (Joan.
1446 1717 1574 1780 xix).
1640 1716 1767 1768 Dum
1822 1731 1946 1770 vero
1977 1731 2064 1769 vo-

2158 498 2493 581 gentesquas
2525 511 2692 566 Judaei
2732 521 3064 581 spreverunt,
3086 513 3176 583 qui
3201 529 3387 568 verum
3427 517 3696 570 nescientes

2161 603 2622 670 prephetaverunt,
2638 601 2756 668 quia
2772 602 3416 671 ignoraverantChristum
3433 603 3695 659 dicentum

2161 688 2228 742 Et
2250 691 2333 744 ubi
2369 707 2458 762 ego
2477 707 2708 756 sumens
2733 708 2835 747 non
2868 695 3070 760 potestis
3095 696 3282 749 venire.
3310 694 3486 761 Quare
3503 709 3604 748 non
3619 711 3696 762 ps-

2162 782 2316 837 testis
2341 784 2521 838 venire
2544 781 2570 837 't
2594 783 2716 851 quia
2748 799 2852 837 non
2875 786 3030 838 vultis
3054 785 3290 840 credere.
3316 785 3452 852 Quid
3481 796 3556 840 est
3578 789 3698 855 quod

2161 873 2295 928 dixit
2327 893 2340 928 :
2373 874 2471 930 Ubi
2504 890 2612 928 sum
2633 876 2764 945 ego?
2793 876 2916 943 nisi,
2949 878 3000 930 in
3025 877 3142 931 sinu
3177 877 3348 932 Patris
3370 916 3388 944 ,
3429 880 3699 946 consempi-

2165 973 2350 1019 ternus
2375 967 2518 1020 Patri
2545 981 2681 1020 sum.
2725 965 2778 1019 ln
2810 977 2950 1021 terra
2990 967 3322 1037 loquebatur,
3354 968 3446 1022 sed
3468 969 3519 1022 in
3553 967 3699 1022 Patris

2162 1057 2283 1112 sinu
2309 1072 2368 1112 se
2390 1071 2508 1112 esse
2523 1057 2870 1112 monstrabat.
2893 1059 3034 1112 inter
3050 1070 3274 1114 caeteras
3301 1061 3700 1128 dispensationes

2165 1150 2372 1206 Domini
2404 1154 2588 1218 nostri,
2615 1161 2666 1205 et
2691 1151 2958 1206 doctrinas
2986 1151 3172 1205 salutis
3203 1165 3418 1218 nostrae,
3443 1163 3499 1207 et
3521 1151 3700 1206 dubita-

2168 1245 2340 1296 tiones
2387 1241 2684 1296 Judaeorum
2705 1241 2770 1296 de
2793 1240 3176 1303 Domino-Iesu,
3201 1241 3418 1296 Christo
3447 1258 3564 1310 qua
3591 1243 3702 1298 dixit

2167 1330 2307 1402 (sic),
2357 1332 2551 1402 quibus
2585 1333 2673 1386 alii
2701 1332 3186 1398 confunderentur,
3231 1331 3321 1384 alii
3361 1333 3699 1395 docerentur.

2170 1422 2458 1476 novissimo
2490 1420 2788 1488 festivitatis
2824 1422 2962 1477 illius
2990 1421 3078 1476 die
3108 1421 3254 1492 (tunc
3285 1422 3429 1476 enim
3467 1423 3563 1475 ista
3591 1438 3693 1491 age.

2173 1512 2384 1584 bantur)
2413 1526 2538 1582 quas
2557 1512 2852 1581 appellatur
2872 1512 3181 1581 scenopegia
3208 1553 3223 1578 ,
3260 1511 3319 1566 id.
3339 1519 3444 1575 est,
3480 1512 3699 1565 taberna-

2170 1605 2409 1661 culorum
2441 1606 2787 1669 constructio,
2818 1604 2884 1659 de
2914 1617 3012 1672 qua
3040 1601 3322 1656 festivitate
3345 1605 3457 1670 jam
3486 1603 3699 1655 eminil

2169 1693 2397 1749 charitas
2417 1679 2590 1748 vestra
2614 1693 2774 1748 fuisse
2799 1693 3073 1755 disertum,
3107 1702 3261 1746 vocat
3292 1691 3545 1745 Dominus
3570 1690 3702 1744 Chri-

507 1779 626 1870 luit,
650 1779 1013 1859 consumma-ta
1045 1779 1254 1860 fuerunt
1283 1821 1398 1876 quae
1422 1807 1488 1860 de
1516 1779 1579 1859 eo
1610 1809 1802 1875 scripta
1831 1816 1983 1871 sunt;
2007 1818 2062 1863 et
2092 1779 2138 1842 Β
2166 1792 2299 1848 εωεν
2541 1797 2643 1837 ηοη
2673 1791 2939 1876 “immitte
2979 1781 3262 1876 loquendo,
3415 1780 3698 1876 clamando,

505 1897 886 1953 consummatis
915 1895 1179 1964 omnibus,
1214 1906 1474 1966 potestate
1501 1898 1712 1967 propria
1757 1899 1932 1952 emisit
1957 1899 2068 1967 spi-

503 1989 682 2042 ritum.

576 2079 653 2133 De
677 2080 822 2133 turba
846 2089 1014 2134 autem
1041 2079 1190 2134 multi
1231 2080 1552 2134 crediderunt
1585 2081 1637 2134 in
1666 2097 1797 2137 eum.
1825 2081 2062 2155 Humiles

476 2176 562 2222 et
588 2182 843 2234 pauperes
873 2169 1047 2223 δεινος
1081 2168 1309 2224 faciebat
1348 2169 1600 2224 Dominus
1627 2168 1795 2238 (Psat.
1827 2172 2013 2240 nam)
2050 2191 2062 2224 :

506 2255 773 2324 principes
819 2254 1177 2322 insaniehant,
1207 2266 1260 2311 et
1299 2257 1418 2312 ideo
1465 2259 1724 2312 medicum
1756 2272 1859 2314 non
1888 2260 2060 2315 solum

506 2362 610 2401 non
635 2346 1016 2416 agnoscebant,
1047 2349 1140 2404 sed
1162 2350 1323 2405 etiam
1349 2351 1590 2405 occidere
1613 2351 1914 2420 cupiebant.
1931 2353 2058 2407 Erat

503 2440 743 2508 quasdam
773 2440 940 2505 turba,
971 2456 1092 2510 quas
1120 2457 1268 2497 suam
1299 2444 1667 2512 agritudinem
1690 2445 1796 2498 cito
1823 2443 1980 2510 vidit,
2009 2455 2063 2500 et

507 2530 648 2583 illius
674 2530 990 2585 medicinam
1044 2533 1160 2587 sine
1187 2534 1439 2588 dilatione
1476 2535 1742 2604 cognovit,
1771 2551 1887 2606 quae
1913 2551 2064 2591 com-

505 2627 644 2673 mota
677 2622 947 2676 miraculis
996 2624 1240 2689 credidit,
1283 2625 1604 2693 principibus
1654 2624 1705 2679 in
1752 2624 2064 2682 infidelitate

516 2713 868 2767 manentibus.
907 2714 1026 2766 ld'eo
1075 2715 1248 2769 audita
1302 2716 1655 2773 multitudinis
1695 2718 1800 2773 ﬁde
1829 2733 2065 2772 murmu-

508 2803 720 2868 rabant,
742 2806 862 2874 quia
891 2805 1132 2861 Christus
1152 2808 1574 2877 giorilicabatur;
1596 2820 1649 2865 et
1678 2809 1783 2865 cito
1805 2809 2063 2865 miserunt

509 2895 778 2950 ministros
824 2905 885 2951 ut
921 2908 1042 2952 eum
1083 2899 1637 2967 comprehenderent:
1674 2916 1827 2971 quem
1877 2915 2066 2970 appre-

509 2983 740 3038 hendere
771 3002 872 3040 non
903 2998 1209 3056 potuerunt,
1234 2992 1406 3046 adhuc
1437 2993 1699 3046 nolentem
1731 3002 1784 3046 ut
1822 3007 2066 3059 compre-

509 3074 860 3144 henderetur;
891 3079 985 3133 sed
1015 3081 1294 3136 audierunt
1341 3083 1640 3147 docentem,
1673 3084 1760 3150 qui

506 3169 923 3236 apprehendere.

576 3256 722 3311 Dixit
750 3275 869 3329 ergo
890 3258 1078 3315 Jesus:
1108 3264 1286 3316 Adhuc
1315 3264 1567 3317 modicum
1589 3272 1782 3334 tempus
1811 3265 2062 3319 vobiscum

506 3363 639 3403 sum.
664 3345 815 3415 Quod
840 3351 997 3406 modo
1019 3352 1176 3407 vultis
1220 3355 1415 3420 facere,
1447 3357 1630 3409 facturi
1653 3359 1803 3422 estis,
1836 3358 1931 3411 sed
1961 3373 2063 3410 non

506 3439 684 3493 modo.
715 3441 865 3506 Quod
900 3445 1230 3512 modonolo,
1263 3462 1428 3515 quare
1468 3447 1642 3501 adhuc
1691 3447 1850 3503 modo
1906 3447 2067 3502 uolo?

509 3535 630 3600 quia
653 3534 826 3589 adhuc
851 3537 1117 3592 modicum
1149 3548 1352 3607 tempus
1381 3539 1652 3594 vobiscum
1683 3556 1818 3595 sum.

579 3623 643 3679 Et
673 3636 792 3680 tunc
821 3629 950 3681 vado
999 3630 1067 3682 ad
1105 3645 1218 3684 eum
1244 3631 1328 3698 qui
1358 3631 1488 3682 misit
1520 3646 1617 3685 me.
1649 3629 1874 3697 lmplerc
1900 3629 2069 3683 debeo

508 3714 960 3783 disiiensationem
981 3734 1178 3784 meam,
1201 3731 1256 3776 et
1281 3721 1358 3774 sic
1374 3721 1655 3789 pervenire
1680 3720 1744 3774 ad
1769 3723 2067 3789 passionem

509 3821 701 3860 meam.

584 3896 829 3961 Quantis
849 3913 948 3964 me,
973 3907 1141 3952 etnon
1169 3899 1423 3954 invenietis
1447 3915 1465 3954 :
1489 3910 1532 3954 et
1563 3901 1647 3954 ubi
1688 3916 1797 3953 sum
1843 3916 1954 3970 ego,
1983 3917 2067 3954 vos

509 4000 612 4036 non
639 3988 849 4053 potestis
890 3989 1080 4042 venire.
1141 3988 1234 4042 Hic
1273 3989 1381 4057 jam
1430 3992 1869 4046 resurrectionem
1921 4007 2067 4046 suam

510 4073 775 4140 praedixit.
815 4075 1105 4131 Noluerunt
1137 4079 1277 4131 enim
1320 4093 1606 4147 agnoscere
1634 4090 1972 4147 praesentem,
2015 4091 2070 4134 et

513 4174 694 4229 postea
717 4168 1064 4232 quaesierunt,
1095 4185 1215 4223 cum
1267 4171 1503 4233 viderent
1551 4171 2067 4241 multitudinemjam

514 4255 838 4316 credentem.
866 4257 1051 4328 Magna
1077 4263 1219 4317 enim
1250 4264 1397 4333 signa
1422 4265 1554 4319 facta
1579 4276 1720 4332 sunt,
1752 4274 1807 4321 et
1831 4266 1935 4334 jam
1961 4267 2065 4320 Do-

514 4349 689 4402 minus
738 4354 1047 4418 resurrexit,
1081 4362 1136 4407 et
1183 4355 1418 4409 ascendit
1473 4357 1522 4410 in
1554 4360 1745 4412 caelum
1780 4377 1790 4410 :
1820 4367 1942 4412 tunc
1969 4373 2064 4425 per

514 4437 801 4504 discipulos
829 4439 965 4494 facta
997 4453 1119 4496 sunt
1146 4459 1352 4514 magna,
1388 4447 1497 4503 sed
1544 4447 1628 4501 ille
1661 4463 1752 4515 per
1780 4447 1895 4502 illos
1918 4448 2063 4518 fecit,
2097 4455 2148 4516 ι)

509 4529 594 4595 qui
619 4537 671 4581 et
699 4543 788 4596 per
824 4533 1076 4599 seipsum.
1122 4532 1238 4601 Ipse
1278 4538 1470 4604 quippe
1519 4537 1622 4590 illis
1646 4538 1854 4592 dixerat
1891 4555 1902 4591 :
1938 4538 2063 4594 Sine

509 4632 587 4668 me
609 4618 738 4670 nihil
767 4621 970 4686 potestis
993 4625 1157 4690 facere
1186 4622 1356 4692 (Joan.
1406 4626 1519 4694 xv).
1548 4627 1724 4692 Quare
1753 4643 1854 4681 non
1880 4637 2058 4697 potue-

511 4718 633 4760 runt
680 4711 893 4765 venire?
940 4715 1058 4780 quia
1105 4717 1387 4770 noluerunt
1439 4719 1700 4774 credere:
1734 4721 1852 4790 quia
1887 4723 2064 4778 nullus

510 4799 626 4851 sine
651 4800 752 4854 fide
781 4802 968 4856 salvari
1001 4816 1193 4872 potest.

578 4888 824 4944 Dixerunt
879 4909 995 4962 ergo
1051 4893 1254 4958 Juda’i,
1313 4915 1411 4951 non
1467 4900 1534 4951 ad
1588 4901 1781 4968 ipsum,
1847 4904 1934 4955 sed
1999 4904 2066 4955 ad

510 4986 793 5050 semetipsos
825 5002 842 5037 :
871 4987 980 5048 Quo
1028 4989 1107 5042 hic
1153 4992 1311 5043 iturus
1340 5003 1431 5052 est,
1476 4996 1593 5062 quia
1637 5011 1733 5048 non
1763 4997 2066 5050 inveniemus

511 5076 659 5126 eum?
692 5076 952 5140 Numquid
981 5081 1030 5131 in
1073 5082 1433 5144 dispersionem
1489 5085 1710 5150 gentium
1760 5087 1923 5138 iturus
1971 5096 2066 5150 est,

511 5172 554 5214 et
596 5164 834 5217 docturus
883 5169 1088 5233 gentes?
1117 5169 1226 5222 Non
1257 5171 1394 5224 enim
1439 5173 1676 5224 sciebant
1725 5175 1860 5239 quod
1915 5174 2066 5227 dixeo

512 5266 632 5307 runt
666 5275 677 5308 :
713 5259 805 5310 sed
855 5262 970 5325 quia
1011 5259 1102 5312 ille
1158 5263 1342 5324 voluit,
1396 5264 1861 5330 prophetaverunt.
1895 5265 2068 5319 iturus

511 5347 651 5397 enim
703 5357 818 5400 erat
872 5347 1122 5402 Dominus
1174 5351 1236 5402 ad
1267 5364 1468 5418 gentes,
1509 5368 1610 5406 non
1643 5356 1918 5420 praesentia
1949 5369 2069 5409 cor—

516 5436 652 5499 poris
692 5439 792 5496 sui,
841 5442 931 5491 sed
975 5452 1226 5508 potcSIate
1251 5445 1420 5496 divina
1467 5446 1515 5497 in
1542 5445 1808 5514 discipulis
1839 5449 1968 5513 suis,
2006 5450 2068 5503 de

514 5529 698 5590 quibus
724 5530 854 5582 dixit
879 5533 1126 5597 propheta
1156 5553 1164 5586 :
1196 5535 1360 5600 Quam
1398 5537 1592 5602 pulchri
1615 5549 1725 5590 sunt
1748 5539 1896 5606 pedes
1927 5557 2071 5592 evan-

515 5617 829 5681 g.—'.’f;untiunt
851 5638 1042 5686 pucrnt,
1073 5628 1510 5694 evaugeiizantnma
1530 5631 1654 5679 bona
1679 5625 1824 5696 (Isai.
1865 5631 1984 5697 LII)!
2017 5631 2067 5681 In

520 5709 595 5755 hia
630 5711 840 5772 μεύιιω-
873 5715 1110 5766 (ζίιιεειιλε
1144 5716 1308 5770 ἑιιιίυε
1337 5733 1441 5772 ειμι
1470 5724 1527 5772 ad
1552 5733 1750 5790 gentes,
1783 5733 1833 5778 ct
1857 5738 1941 5776 eas
1978 5724 2067 5777 do—

2171 1883 2226 1928 ut
2269 1873 2356 1941 qui
2405 1872 2547 1936 sitit,
2599 1874 2776 1928 veniat
2823 1873 2890 1926 ad
2937 1887 3080 1926 eum.
3125 1871 3387 1926 Sitimus?
3416 1870 3700 1930 veniamus.

2168 1975 2273 2019 non
2319 1962 2578 2029 pedibus,
2627 1962 2720 2016 sed
2774 1961 3046 2016 aﬂ‘ectibus
3097 1979 3110 2012 :
3159 1975 3231 2015 ne
3282 1960 3580 2030 migrando,
3623 1962 3699 2014 sed

2167 2050 2395 2105 amando
2422 2052 2723 2117 veniamus;
2753 2065 3067 2121 quamquam
3111 2050 3416 2106 interiorem
3448 2051 3695 2105 hominem

2168 2149 2220 2199 et
2257 2140 2346 2210 qui
2384 2148 2547 2207 amat,
2591 2142 2816 2209 migrat;
2856 2151 2909 2196 ct
2936 2140 3074 2195 aliud
3105 2147 3188 2196 est
3225 2141 3451 2208 migrare
3479 2155 3698 2209 corpore,

2168 2230 2307 2292 aliud
2338 2231 2517 2288 corde.
2548 2231 2733 2300 Migrat
2760 2244 3005 2298 corpore,
3045 2231 3132 2298 qui
3163 2238 3308 2283 motu
3343 2229 3584 2297 corporis
3609 2245 3702 2283 mu-

2169 2327 2246 2374 tat
2276 2321 2445 2375 locum
2473 2338 2485 2373 :
2517 2319 2708 2391 migrat
2735 2320 2918 2386 corde,
2951 2319 3038 2389 qui
3070 2327 3213 2373 motu
3251 2319 3430 2373 cordis
3463 2329 3619 2373 mutat
3640 2319 3702 2372 af—

2166 2405 2384 2464 fectum.
2423 2409 2480 2464 Si
2506 2410 2646 2463 aliud
2669 2422 2838 2477 amas,
2869 2411 3008 2464 aliud
3051 2408 3287 2473 amabas,
3320 2425 3424 2464 non
3457 2410 3524 2462 ibi
3549 2425 3604 2464 es
3627 2412 3695 2463 ubi

2167 2512 2306 2553 eras.
2332 2498 2604 2554 Clamabat
2623 2515 2751 2570 ergo
2776 2499 2924 2554 nobis
2952 2498 3204 2554 Dominus
3234 2515 3251 2553 :
3280 2500 3454 2555 stabat
3478 2500 3632 2562 enim,
3655 2511 3699 2555 et

2169 2588 2428 2644 clamabat
2461 2607 2475 2644 :

2237 2680 2299 2735 Si
2325 2682 2437 2750 quis
2465 2683 2572 2735 sitit
2599 2724 2616 2748 ,
2649 2684 2811 2735 veniat
2833 2683 2898 2734 ad
2929 2698 3006 2735 me
3026 2725 3042 2749 ,
3082 2692 3130 2736 et
3156 2683 3310 2736 bibat.
3359 2682 3456 2749 Qui
3485 2683 3631 2736 credit
3659 2684 3697 2734 in

2166 2786 2261 2834 me.
2292 2772 2419 2826 sicut
2448 2771 2570 2825 dicit
2592 2771 2880 2843 Scriptura,
2911 2774 3126 2841 ﬂumina
3155 2775 3216 2826 de
3241 2783 3406 2826 uentre
3432 2773 3538 2842 ejus
3566 2775 3698 2840 ﬂuent

2165 2877 2308 2931 aqua:
2342 2862 2480 2915 vim.
2507 2861 2640 2928 Quid
2688 2862 2786 2914 hoc
2815 2872 2988 2924 esset,
3032 2861 3245 2930 quando
3279 2862 3598 2930 evangelista
3623 2875 3698 2914 es-

2166 2951 2372 3019 posuit,
2400 2949 2670 3003 immorari
2711 2964 2813 3002 non
2843 2951 3119 3004 debemus.
3175 2948 3322 3003 Unde
3352 2950 3491 3002 enim
3521 2947 3698 3001 dixerit

2165 3041 2419 3096 Dominus
2449 3058 2462 3093 :
2496 3040 2556 3094 Si
2585 3041 2693 3108 quis
2719 3039 2824 3092 sitit
2848 3081 2862 3104 ,
2910 3039 3073 3092 veniat
3102 3039 3169 3090 ad
3197 3055 3275 3092 me
3298 3079 3312 3103 ,
3360 3049 3405 3092 et
3431 3037 3600 3101 bibat;
3637 3047 3700 3096 et,

1803 3091 2062 3138 veneram
2086 3107 2133 3171 C
2169 3133 2268 3198 Qui
2295 3133 2450 3185 credit
2476 3133 2528 3184 in
2568 3091 2665 3195 me,
2695 3133 2906 3200 ﬂumina
2951 3131 3014 3184 de
3057 3141 3223 3184 ventre
3249 3132 3358 3200 91"“
3400 3132 3558 3199 1"“:
3582 3145 3701 3196 “‘7'”

2164 3228 2287 3279 vivis
2317 3238 2337 3277 :
2365 3231 2747 3290 consequenter
2782 3223 3032 3290 exposuit
3054 3223 3393 3291 evangelista,
3427 3220 3604 3275 dicens

2239 3312 2346 3366 Hoc
2382 3322 2547 3383 agitem
2589 3312 2716 3366 dixit
2764 3312 2826 3364 de
2854 3310 3055 3381 Spiritu
3101 3327 3247 3379 quem
3288 3311 3540 3375 accepturi
3583 3317 3705 3362 erant

2169 3404 2426 3458 credentes
2455 3403 2506 3454 in
2532 3418 2662 3455 eunt.
2700 3402 2813 3457 Hoc
2841 3409 3042 3455 tantum
3068 3404 3296 3456 sciamus
3315 3440 3334 3464 ,
3364 3403 3483 3470 quia
3511 3400 3574 3454 de
3595 3399 3704 3452 clu-

2166 3494 2318 3550 ritate
2350 3496 2448 3547 hoc
2473 3493 2734 3548 clamabat
2762 3493 3022 3548 Dominus
3050 3491 3222 3547 Jesus.
3249 3490 3458 3545 Clamat
3486 3504 3634 3559 ergo,
3659 3498 3704 3542 et

2172 3585 2301 3640 dicit
2330 3593 2388 3639 ut
2433 3584 2732 3648 veniamus,
2775 3597 2829 3637 et
2869 3583 3144 3647 bibamus,
3183 3582 3228 3634 si
3278 3582 3421 3635 intus
3461 3581 3701 3636 sitiamus.

2174 3677 2295 3743 quia
2321 3688 2439 3728 cum
2480 3673 2768 3728 biberimus
2790 3713 2806 3739 ,
2849 3673 3064 3727 ﬂumina
3113 3687 3264 3742 aqua:
3294 3662 3426 3726 viva
3463 3669 3623 3726 ﬂuent
3647 3669 3698 3723 de

2180 3775 2368 3822 ventre
2396 3773 2595 3820 nostro.
2626 3762 2819 3820 Venter
2848 3765 3113 3820 interioris
3144 3761 3374 3820 hominis
3395 3805 3409 3831 ,
3441 3762 3697 3818 conscien-

2172 3860 2239 3914 tia
2270 3859 2445 3914 cordis
2472 3859 2606 3926 ejus.
2650 3858 2820 3914 Bihito
2856 3873 2983 3928 ergo
3021 3860 3122 3913 isto
3158 3858 3368 3926 liquore
3391 3898 3407 3924 ,
3445 3856 3694 3912 reviviscit

2173 3955 2390 4017 purgata
2427 3946 2784 4012 conscientia;
2812 3955 2866 4001 et
2912 3947 3164 4016 hauriens
3206 3946 3410 4000 fontem
3457 3945 3694 4001 habebit:

2170 4042 2281 4110 ipsa
2311 4041 2467 4096 etiam
2495 4041 2614 4095 fons
2640 4041 2758 4095 erit.
2791 4040 2927 4107 Quid
2955 4048 3038 4095 est
3063 4040 3180 4094 fons
3199 4080 3215 4105 ,
3244 4041 3328 4094 vel
3359 4040 3483 4110 quid
3513 4049 3592 4096 est
3617 4039 3699 4093 llu-

2171 4131 2286 4187 vius
2309 4173 2324 4198 ,
2369 4133 2464 4202 qui
2487 4140 2664 4185 manat
2689 4131 2756 4185 de
2797 4142 2979 4186 ventre
3011 4131 3278 4186 hominis?
3313 4129 3694 4190 Benevolentis.

2170 4238 2272 4292 qua
2301 4223 2414 4277 vult
2441 4223 2718 4279 consulere
2745 4224 3001 4291 proximo.
3024 4223 3077 4278 Si
3103 4223 3242 4278 enim
3267 4233 3410 4292 putet
3437 4222 3555 4292 quia
3577 4221 3696 4289 quod

2170 4315 2270 4371 sibi
2302 4315 2452 4384 bibit,
2481 4315 2697 4380 sufﬁcit,
2729 4316 2957 4379 arescit,
2987 4325 3039 4369 et
3070 4329 3171 4368 non
3206 4312 3322 4369 ﬂuit
3349 4330 3480 4382 aqua
3509 4315 3616 4367 viva
3640 4313 3694 4365 de

2173 4415 2354 4460 ventre
2386 4405 2518 4475 ejus.
2562 4405 2619 4461 Si
2658 4391 2833 4460 autem
2874 4407 3114 4473 proximo
3147 4403 3367 4459 l'esunat
3405 4401 3695 4464 consulere.

2176 4494 2295 4549 ideo
2327 4510 2430 4548 non
2471 4495 2695 4548 siccatur
2718 4536 2732 4560 ,
2764 4495 2886 4564 quia
2925 4503 3121 4549 manat.
3157 4493 3442 4547 Videamus
3470 4492 3695 4559 quidnam

2167 4587 2233 4640 sit
2259 4587 2398 4656 quod
2425 4586 2609 4641 bibunt
2635 4587 2721 4656 qui
2750 4586 2972 4640 credunt
2999 4585 3051 4638 in
3081 4585 3247 4640 Deum
3282 4602 3295 4637 :
3327 4585 3448 4654 quia
3471 4582 3640 4651 utique
3663 4580 3699 4631 si

2166 4677 2445 4734 Christiani
2488 4691 2669 4731 sumus
2690 4717 2703 4743 ,
2743 4687 2799 4732 et
2831 4677 3126 4742 credimus,
3159 4678 3431 4741 bibimus;
3465 4687 3514 4730 et
3555 4690 3696 4729 unus-

2167 4769 2393 4836 quisque
2417 4768 2469 4823 in
2499 4781 2559 4821 se
2584 4767 2741 4822 debet
2773 4781 3096 4836 cognoscere
3135 4768 3181 4820 si
3211 4767 3342 4820 bibit
3373 4785 3385 4819 :
3417 4767 3538 4820 utsi
3571 4764 3695 4826 bibit,

2168 4857 2294 4912 ﬂuat
2317 4873 2379 4911 ex
2402 4871 2466 4912 eo
2490 4857 2626 4925 quod
2654 4858 2802 4911 bibit.
2832 4858 2940 4912 Non
2967 4859 3105 4912 enim
3135 4872 3232 4912 nos
3260 4858 3476 4911 deseret
3501 4856 3634 4922 fuas,
3662 4858 3696 4908 si

2169 4964 2272 5003 non
2321 4949 2622 5002 deseramus
2671 4949 2891 5002 fontem.
2946 4948 3210 5028 Exposuit.
3253 4948 3611 5019 evangelista.
3654 4957 3697 5000 et

2170 5042 2298 5094 dixit
2328 5042 2463 5096 unde
2489 5041 2742 5095 Dominus
2770 5042 3072 5104 clamasset,
3106 5041 3172 5094 ad
3197 5043 3404 5109 qualem
3435 5049 3608 5110 potum
3631 5041 3694 5091 iu-

2169 5135 2418 5195 vitassct,
2468 5131 2591 5200 quid
2623 5131 2923 5185 bibentibus
2962 5132 3296 5198 propinasset
3316 5170 3332 5197 ,
3363 5131 3578 5186 dicens:
3608 5128 3698 5180 Hoc

2167 5230 2331 5274 autem
2362 5223 2554 5275 dicebat
2584 5225 2644 5275 de
2669 5223 2864 5289 Spiritu
2890 5237 3038 5292 quem
3060 5225 3316 5292 accepturi
3341 5232 3484 5279 statu
3513 5224 3697 5276 Crede!-

2169 5323 2237 5364 ιεδ
2266 5328 2316 5362 m
2347 5327 2478 5365 eum.

2244 5425 2481 5477 Nondum
2535 5427 2664 5478 enim
2727 5432 2830 5476 erat
2882 5424 3102 5492 Spiritus
3158 5427 3347 5488 datus,
3396 5423 3513 5487 quia
3569 5420 3696 5474 Jesss

2171 5520 2388 5570 nondum
2417 5521 2580 5585 fuerat
2607 5519 2938 5584 qtaril’icatus.
2970 5521 3134 5581 Quem
3159 5517 3286 5569 dicit
3313 5517 3579 5583 Spiritum.
3612 5527 3695 5564 nm

2172 5615 2448 5663 sanctum?
2492 5612 2740 5677 Spiritum
2778 5625 3005 5676 namque
3039 5612 3401 5677 unusquisque
3434 5609 3587 5660 homo
3623 5609 3694 5656 lii--

2173 5705 2258 5757 bet
2288 5702 2335 5755 i-‘l
2368 5720 2443 5762 se,
2477 5719 2740 5772 proprium
2777 5702 3014 5770 Spiritum
3043 5746 3053 5771 ,
3095 5701 3143 5755 id
3176 5693 3273 5767 est,
3305 5703 3548 5755 animum.
3582 5703 3686 5754 Au;-
