3822 6226
116 324 195 382 755
997 315 1062 371 IN
1098 315 1154 372 S.
1196 313 1478 371 JOANNIS
1515 311 1952 371 EVANGELIUM
1988 313 2370 372 EXPOSITIO.

3193 322 3294 382 ’ῖδι

117 456 209 495 mus
233 438 365 494 enim
405 436 679 506 cujusque,
711 435 830 506 ejus
864 445 944 490 cst
989 435 1228 503 Spiritus,
1262 435 1326 489 de
1358 448 1465 502 quo
1496 432 1623 487 dicit
1652 433 1699 493 Α
1726 433 1815 486 illa
1856 431 1988 487 nihil
2021 432 2260 500 proderit
2286 431 2546 503 quidquid
2596 432 2793 489 habere
2820 435 3053 506 potuerit
3081 437 3245 495 homo
3277 458 3290 495 :

117 534 281 590 Paulus
309 531 573 600 apostolus
606 547 620 584 :
653 529 783 594 Quis
803 530 937 583 enim
958 531 1051 584 scit
1085 529 1348 582 hominum
1381 545 1495 596 qua:
1515 537 1634 580 sunt

117 625 325 683 hominis,
347 622 445 675 nisi
461 621 668 688 spiritus
689 623 908 675 hominis
926 622 1013 690 qui
1035 622 1087 673 in
1109 621 1217 688 ipso
1238 627 1312 671 est
1335 618 1384 684 (1
1402 619 1525 671 Cor.
1548 619 1634 683 It)?

119 717 201 770 Sed
226 715 336 784 quid
365 712 606 782 estquod
633 713 707 766 ait
739 730 752 765 :
799 711 1048 766 Nondum
1087 713 1222 766 enim
1254 721 1365 766 erat
1406 713 1633 778 Spiritus

118 812 262 868 datus,
286 809 402 877 quia
418 806 570 860 Jesus
596 805 826 860 nondum
847 816 959 859 crat
985 803 1339 874 gloriﬁcatus?
1363 803 1632 872 Numquid

119 918 203 956 non
232 899 442 968 Spiritus
475 898 576 952 fuit
598 899 649 951 in
684 899 886 952 sanctis
909 898 1000 954 Dei
1031 898 1306 966 prophetis
1328 907 1378 952 et
1402 883 1633 966 patriar;

119 996 230 1057 chis,
262 993 340 1060 qui
371 991 531 1044 multa
564 1007 658 1060 per
689 991 961 1060 Spiritum
1001 999 1243 1044 sanctum
1283 989 1461 1042 futura
1499 1004 1634 1057 pra:-

119 1085 364 1141 diteruut?
394 1084 560 1152 Igitur
585 1093 637 1137 et
673 1082 943 1136 Elizabeth
982 1083 1178 1152 legitur
1206 1081 1408 1150 Spiritu
1444 1090 1632 1136 sancto

120 1178 283 1247 repleta
311 1190 440 1237 esse,
463 1184 516 1229 et
537 1176 603 1230 de
632 1176 890 1230 Zacharia
924 1175 1190 1240 similiter,
1231 1174 1442 1228 dicente
1467 1188 1631 1227 evan-

121 1272 276 1341 gelista
303 1286 315 1321 :
346 1267 408 1321 Et
434 1267 720 1321 Zacharias
746 1277 895 1335 pater
927 1268 1039 1330 eius
1071 1266 1294 1334 repletus
1323 1275 1397 1320 est
1432 1264 1632 1333 Spiritu

119 1374 290 1424 sancto,
319 1371 358 1413 et
381 1361 720 1428 prophetarit,
751 1361 925 1412 dicens
959 1357 1109 1430 (Luc.
1141 1357 1200 1426 t).
1228 1357 1365 1423 Quid
1389 1365 1471 1413 est
1494 1358 1633 1425 quod

133 1453 237 1505 dicit
270 1470 282 1504 ;
321 1452 528 1520 Spiritus
571 1462 774 1504 sanctus
813 1451 1024 1503 necdum
1068 1449 1228 1516 fuerat
1258 1447 1445 1498 datus?
1478 1444 1633 1497 Multa

133 1547 252 1598 enim
292 1545 460 1598 iudicia
504 1541 850 1612 praecedentis
892 1540 1120 1606 Spiritus
1161 1537 1327 1590 sancti
1359 1535 1632 1598 habemus,

128 1647 369 1706 antequam
404 1634 646 1687 Dominus
679 1631 1062 1702 g'oriﬁcaretur
1102 1624 1488 1680 resurrectione
1511 1637 1633 1676 car-

127 1731 196 1781 nis
219 1742 346 1789 suae;
393 1741 486 1778 nou
518 1726 657 1776 enim
701 1721 858 1774 alium
890 1717 1132 1786 spiritum
1170 1716 1328 1769 etiam
1364 1711 1631 1780 prophetae

1734 523 1800 578 de
1815 539 1920 593 qua
1945 524 2136 580 beatus
2153 524 2672 596 Jacobusapostolus
2690 527 2793 582 ait:
2818 528 2919 593 Qui
2942 541 3111 584 autem
3137 533 3297 603 offen-

1732 616 1866 670 derit
1887 617 1941 668 in
1965 632 2084 674 uno,
2107 616 2274 670 factus
2292 625 2367 670 est
2389 617 2618 671 omnium
2637 635 2750 671 reus
2772 618 2973 688 (Jacob.
2997 624 3077 688 tt).
3104 622 3175 677 De
3198 625 3297 678 hac

1730 710 1890 762 etiam
1919 724 2031 777 Ipsa
2065 707 2277 764 Veritas
2305 711 2416 765 ait:
2450 708 2512 763 In
2540 711 2636 765 hoc
2661 714 2798 766 enim
2832 724 3141 783 cognosceret
3179 732 3295 768 om-

1731 818 1842 865 nes,
1871 805 1997 870 quia
2029 804 2126 856 mei
2155 802 2398 872 discipuli
2426 806 2570 870 estis,
2600 806 2983 860 sidilectionem
3008 808 3295 862 habueritis

1733 897 1800 947 ad
1830 897 2044 950 invicem
2085 896 2267 968 (Joan.
2306 901 2447 966 xui).
2493 897 2628 953 Cum
2665 914 2794 970 ergo
2829 900 2940 956 base
2973 902 3297 970 loquebatur

1733 988 1981 1043 Christus
2020 989 2072 1042 in
2112 989 2198 1043 die
2237 992 2536 1047 novissimo
2577 991 2884 1049 festivitatis
2912 1035 2925 1055 .
2967 1011 3088 1064 quae
3135 997 3296 1051 modo

1733 1081 2138 1150 praposuimus,
2166 1092 2221 1136 et
2244 1091 2300 1136 ut
2338 1083 2612 1151 potuimus
2643 1087 3016 1150 tractavimus,
3051 1094 3171 1140 nata
3212 1095 3296 1140 est

1732 1170 1800 1226 de
1830 1171 1921 1225 illo
1955 1172 2006 1225 in
2037 1174 2192 1227 turba
2221 1175 2508 1236 dissensio.
2534 1175 2654 1229 aliis
2680 1177 2991 1243 pulantibus
3015 1179 3158 1248 quod
3184 1177 3298 1246 ipse

1737 1269 1879 1317 esset
1913 1262 2182 1326 Christus,
2207 1264 2326 1319 aliis
2358 1266 2676 1331 dicentibus,
2705 1269 2828 1336 quia
2859 1267 2918 1320 dc
2945 1268 3165 1323 σαιξιτεα
3197 1287 3299 1323 non

1734 1364 1972 1424 exsurget
2001 1355 2261 1410 Christus.
2281 1357 2382 1422 Qui
2408 1372 2534 1412 vero
2571 1359 2719 1413 missi
2750 1360 2961 1414 fuerant
2989 1371 3043 1414 ut
3070 1377 3192 1415 eum
3224 1373 3300 1416 le—

1735 1457 1944 1511 nerent,
1984 1449 2258 1502 redierunt
2291 1452 2555 1504 immunes
2587 1465 2615 1504 a
2651 1451 2897 1515 crimine,
2934 1462 2986 1506 et
3025 1453 3164 1519 pleni
3205 1453 3301 1506 ad-

1735 1538 2057 1594 mirationis.
2092 1539 2223 1593 Nam
2242 1551 2293 1594 et
2313 1543 2676 1595 testimonium
2703 1543 3090 1611 perhibuerunt
3107 1545 3301 1598 divina:

1735 1629 1996 1685 doctrinae
2019 1631 2156 1697 ejus,
2188 1647 2308 1686 cum
2336 1633 2575 1687 dicerent
2605 1634 2639 1687 ii
2667 1648 2692 1684 a
2722 1635 2917 1702 quibus
2939 1634 3086 1691 missi
3110 1648 3297 1688 erant:

1807 1722 1983 1785 Quare
2011 1739 2111 1776 non
2140 1724 2438 1777 adduxistis
2487 1726 2643 1780 eum?
2683 1723 3095 1791 Responderunt
3129 1724 3298 1789 enim,

126 1815 508 1881 habuerunt,qui
532 1813 797 1866 Christum
822 1819 1099 1862 venturum
1125 1802 1628 1874 prmrtuutiaverunt.
1663 1785 1709 1845 Β
1739 1826 2016 1881 nunquam
2071 1829 2129 1868 se
2173 1814 2388 1870 audisse
2423 1814 2696 1869 hominem
2745 1816 2826 1871 sic
2883 1818 3141 1870 (oculum.
3185 1816 3299 1872 Non

125 1907 217 1960 Sed
257 1904 422 1958 modus
451 1902 660 1970 quidam
712 1900 915 1952 futurus
954 1905 1070 1954 erat
1113 1891 1408 1947 donationis
1452 1891 1633 1957 hujus,

126 1996 203 2063 qui
223 1996 415 2049 omnino
445 2000 594 2044 antea
635 2005 737 2044 non
773 1995 1103 2055 apparuerat.
1142 1984 1216 2037 De
1257 1983 1370 2050 ipso
1398 1980 1481 2034 hic
1502 1979 1636 2033 dici-

128 2098 203 2138 tur
231 2103 241 2137 :
273 2097 505 2151 nusquam
543 2079 683 2134 enim
729 2079 952 2147 legimus
979 2084 1129 2128 antea
1166 2077 1512 2140 congregatos
1544 2069 1639 2122 bo-

128 2179 278 2230 tnincs
301 2185 498 2244 accepto
542 2171 738 2240 Spiritu
785 2178 968 2224 sancto
1009 2164 1202 2234 linguis
1247 2161 1479 2216 omnium
1517 2174 1640 2228 gen-

128 2272 240 2322 tium
269 2269 452 2322 locutus
481 2266 638 2319 luisse
671 2264 862 2332 (Actor.
909 2259 1001 2326 tt).
1037 2259 1162 2312 Post
1193 2253 1635 2309 resurrectionem

127 2371 281 2414 autem
331 2373 464 2412 suam
509 2355 761 2425 primum,
815 2350 1024 2419 quando
1072 2347 1313 2416 apparuit
1361 2342 1636 2412 discipulis

127 2452 254 2513 suis,
280 2448 395 2503 dixit
422 2447 519 2500 illis
551 2461 566 2497 ε
599 2444 820 2512 Accipite
859 2441 1107 2509 Spiritum
1144 2446 1393 2490 sanctum.
1429 2435 1503 2488 De
1533 2433 1634 2486 hoc

128 2556 238 2610 ergo
263 2539 434 2594 dictum
464 2545 542 2592 est
587 2555 597 2588 :
637 2535 875 2589 Nondum
902 2540 1004 2583 erat
1038 2529 1262 2597 Spiritus
1301 2528 1446 2579 datus
1467 2569 1481 2591 ,
1517 2523 1636 2593 quia

128 2629 257 2683 Iesus
297 2630 498 2681 nondum
527 2635 632 2679 crat
663 2624 1013 2693 gloriﬁcatus;
1061 2628 1105 2672 ct
1135 2615 1328 2686 inﬂavit
1370 2615 1423 2668 in
1454 2613 1636 2680 faciem

129 2737 274 2775 eorum
300 2717 457 2787 (Jaan.
489 2718 575 2781 xx)
602 2758 614 2779 ,
648 2729 751 2781 quo
779 2714 903 2766 llatu
932 2713 1155 2779 primum
1178 2706 1442 2761 hominem
1475 2717 1633 2771 quem

128 2812 248 2874 fecit,
270 2808 543 2868 viviﬁcavit,
570 2814 623 2859 et
644 2806 709 2858 de
732 2805 854 2856 limo
875 2791 1050 2856 erexit
1079 2819 1087 2851 :
1113 2813 1218 2868 quo
1247 2798 1371 2852 ﬂatu
1396 2797 1630 2849 animam

131 2899 342 2953 membris
369 2898 476 2967 ejus
502 2895 649 2951 dedit
683 2894 832 2962 (Gen.
875 2895 957 2960 tt).
984 2891 1298 2960 Siguilicans
1323 2887 1461 2942 enim
1485 2901 1635 2939 eum-

133 2991 234 3041 dem
261 3003 364 3042 esse
406 2987 652 3053 Spiritum
698 2997 853 3053 quem
903 2980 1182 3035 insumavit
1228 2980 1282 3033 in
1326 2977 1510 3032 faciem
1541 2989 1634 3030 eo-

127 3094 240 3139 rum,
270 3088 316 3129 ut
341 3079 485 3129 aluta
506 3082 872 3144 exsurgerent,
904 3082 956 3126 et
984 3071 1139 3124 luteis
1169 3069 1414 3136 operibus
1439 3081 1630 3120 renun-

1737 1905 1882 1960 enim
1921 1905 2213 1976 quisquam
2252 1909 2329 1960 sic
2362 1907 2604 1975 loquitur
2635 1909 2795 1962 homo
2827 1927 2840 1961 :
2878 1909 2966 1960 ille
3010 1919 3188 1961 autem
3223 1909 3301 1963 sic

1738 1997 1950 2053 locutus
1983 2009 2084 2063 est,
2114 1999 2240 2068 quia
2271 1997 2410 2053 Deus
2437 2009 2552 2054 erat
2585 2007 2638 2054 et
2675 2000 2874 2062 homo;
2915 2011 3090 2053 tamen
3123 1999 3304 2054 Phari-

1738 2089 1851 2158 δεῖ,
1877 2092 2239 2144 testimonium
2276 2106 2464 2146 eorum
2517 2093 2856 2162 repellentes,
2893 2091 3142 2147 dixerunt
3174 2093 3253 2148 eis
3284 2107 3299 2146 :

1808 2181 2078 2250 Numquid
2103 2192 2148 2235 ct
2178 2198 2263 2236 vos
2292 2183 2491 2236 seducti
2518 2184 2680 2240 estis?
2714 2183 2970 2240 Videmus
2994 2187 3134 2239 enim
3159 2185 3304 2241 delc-

1738 2280 1910 2326 ctatos
1943 2288 2036 2327 vos
2071 2288 2189 2327 esse
2218 2276 2556 2329 sermonibus
2586 2276 2748 2329 illius.

1806 2361 2077 2433 Numquid
2099 2366 2287 2434 aliquis
2310 2369 2371 2418 de
2390 2367 2710 2435 principibus
2732 2368 2951 2422 credidit
2977 2370 3029 2422 in
3050 2385 3188 2430 eum,
3215 2378 3305 2423 aut

1733 2471 1797 2509 es:
1823 2455 2144 2511 Pharisazis?
2173 2457 2273 2512 Sed
2307 2459 2458 2512 turba
2482 2461 2592 2512 Iiwc
2629 2476 2743 2528 qua:
2781 2476 2883 2513 non
2932 2462 3069 2514 novit
3119 2461 3300 2528 legem.

1737 2548 2004 2601 maledicti
2027 2558 2166 2602 sunt.
2194 2548 2296 2615 Qui
2333 2565 2438 2603 non
2482 2560 2741 2603 noverant
2763 2551 2952 2619 legem,
2979 2550 3083 2620 ipsi
3119 2554 3308 2605 crede-

1737 2638 1866 2692 bant
1897 2638 1951 2692 in
1985 2653 2144 2704 eum;
2174 2648 2226 2692 et
2253 2654 2373 2694 eum
2407 2640 2500 2710 qui
2533 2639 2750 2694 miserat
2781 2641 2949 2709 legem
2980 2648 3299 2693 contentae-

1734 2729 1864 2784 bant
1890 2729 1985 2798 qui
2017 2730 2282 2785 docebant
2311 2731 2500 2798 legem,
2535 2738 2592 2784 ut
2623 2731 2938 2800 impleretur
2965 2729 3108 2799 quod
3147 2730 3302 2782 dise-

1736 2829 1822 2874 rat
1851 2819 1966 2889 ipse
1989 2819 2250 2874 Dominus
2281 2838 2294 2874 :
2319 2818 2428 2886 qu
2455 2823 2569 2876 ueni
2601 2832 2656 2875 ut
2693 2839 2793 2876 non
2823 2823 3050 2876 videntes
3075 2820 3306 2879 uideant,

1736 2908 1777 2950 et
1806 2899 2020 2950 videntes
2050 2899 2166 2950 cazci
2192 2898 2318 2964 ﬁant
2349 2895 2535 2963 (Marc.
2565 2897 2658 2961 tv).
2686 2894 2822 2949 Caeci
2851 2892 2991 2948 enim
3021 2893 3146 2948 tacti
3172 2903 3296 2947 sunt

1739 2985 1991 3039 Pharisaei
2022 2986 2264 3039 doctores
2287 3025 2304 3050 ,
2334 2984 2610 3038 illuminati
2642 2991 2764 3038 sunt
2791 2982 2969 3052 populi
3001 2983 3166 3053 legem
3200 2999 3296 3037 ne-

1742 3076 1989 3138 scientes,
2023 3085 2074 3128 et
2105 3075 2157 3128 in
2188 3083 2458 3128 auctorem
2493 3073 2622 3144 legis
2650 3072 2947 3127 credentes.
2978 3071 3296 3127 Nicodemus

130 3169 308 3229 liareu’t,
341 3176 450 3220 tunc
481 3169 701 3234 primum
737 3172 854 3234 ροτι
883 3163 1324 3217 resurrectionem
1354 3172 1502 3212 suam
1535 3158 1635 3210 Do—
1662 3126 1711 3192 Ο
1745 3174 1919 3220 tamen
1950 3181 2083 3219 unus
2107 3181 2170 3220 ex
2211 3165 2528 3233 Phariswis,
2575 3165 2665 3234 qui
2703 3163 2768 3218 ad
2810 3164 3090 3218 Dominum
3141 3173 3296 3219 nocte

127 3260 272 3312 minus
306 3259 467 3328 (quam
506 3259 631 3311 dicit
659 3255 989 3324 Etangelista
1029 3253 1210 3320 (Joan.
1236 3250 1346 3319 xx),
1379 3249 1635 3320 gloriﬁca-

127 3351 298 3420 tionem)
319 3351 447 3405 dedit
475 3350 750 3415 discipulis
779 3349 886 3401 suis
913 3347 1161 3415 Spiritum
1192 3352 1451 3405 sanctum,
1484 3340 1635 3395 deiu-

127 3442 179 3493 de
201 3451 519 3494 commoratus
542 3453 660 3493 cum
684 3440 763 3494 eis
784 3436 1125 3504 quadraginta
1155 3435 1341 3488 diebus
1364 3473 1378 3496 ,
1419 3443 1472 3486 ut
1504 3431 1636 3484 liber

128 3536 312 3584 Actuum
357 3535 702 3599 aposto'orutn
739 3530 1099 3588 demonstrat,
1137 3525 1266 3593 ipsis
1306 3521 1631 3583 videntibus,

126 3632 167 3676 et
188 3624 378 3676 videndo
397 3621 791 3681 deducenlibus,
817 3619 1055 3673 ascendit
1078 3618 1126 3668 in
1152 3615 1342 3668 cwlutn
1371 3610 1633 3683 (Actora).

128 3715 187 3768 lbi
226 3717 424 3784 peractis
467 3716 650 3768 decem
695 3714 910 3775 diebus,
955 3709 1043 3763 die
1091 3708 1451 3764 Pentecostes,
1489 3700 1632 3758 misit

126 3807 317 3876 desuper
351 3808 589 3873 Spiritum
623 3817 860 3858 sanctum
882 3843 896 3864 ,
930 3802 1057 3870 qui,
1098 3799 1232 3850 sicut
1261 3795 1388 3856 dixi,
1425 3793 1637 3846 fuerant

125 3910 210 3946 uno
236 3897 277 3948 iu
303 3897 407 3948 loco
431 3893 767 3962 congregati;
801 3905 906 3959 quo
945 3897 1185 3954 accepto,
1232 3884 1464 3936 omnium
1509 3897 1638 3950 gen-

129 3983 232 4035 lium
261 3983 430 4050 linguis
469 3982 632 4035 locuti
681 3987 803 4032 sunt
844 3981 1038 4043 (Actor.
1074 3977 1153 4043 ll).
1196 3974 1409 4038 Qumret
1449 3971 1634 4040 aliquis

127 4073 310 4127 forsitan
335 4111 349 4136 ,
378 4073 619 4139 baptizati
651 4072 702 4124 in
730 4070 959 4132 Christo,
992 4078 1044 4123 et
1077 4068 1128 4120 in
1157 4067 1410 4118 charitatc
1441 4077 1636 4129 praece-

128 4175 297 4229 piorum
324 4166 428 4232 ejus
457 4163 714 4224 viventes,
738 4174 898 4235 quare
926 4158 1160 4212 omnium
1185 4155 1417 4222 gentium
1443 4151 1634 4219 linguis

127 4256 513 4320 conloquantur,
554 4252 677 4304 dum
728 4259 928 4304 certum
973 4257 1054 4301 est
1101 4245 1356 4312 Spiritum
1387 4248 1632 4294 sanctum

131 4360 204 4396 eos
226 4344 510 4412 accepisse?
557 4343 688 4409 Quia
729 4344 840 4407 ipsa
882 4338 1118 4391 Ecclesia
1166 4349 1284 4403 quae.
1328 4341 1407 4386 est
1439 4344 1632 4398 corpus

128 4433 308 4496 Christi,
356 4436 583 4487 omnium
631 4432 859 4500 gentium
912 4427 1102 4494 linguis
1149 4424 1373 4491 loquitur
1423 4438 1438 4475 :

132 4539 228 4578 tunc
257 4529 297 4579 iu
328 4528 580 4594 primitiva
615 4525 848 4578 Ecclesia
881 4522 1252 4587 prtesignatum
1283 4523 1363 4568 est
1389 4557 1402 4580 ,
1432 4529 1548 4580 qum
1581 4513 1632 4566 in

129 4620 273 4672 indm
299 4637 386 4671 una
417 4618 778 4672 tantummodo
802 4623 960 4682 gente
989 4612 1190 4665 initiata
1217 4619 1318 4671 est,
1354 4621 1491 4660 nunc
1513 4620 1639 4659 vero

130 4724 178 4761 es
225 4711 440 4762 omnibus
489 4707 736 4777 gentibus
788 4713 1118 4771 congregata.
1175 4697 1450 4764 Quomodo
1506 4709 1636 4750 vero

131 4814 237 4852 unus
264 4812 370 4852 tunc
398 4801 552 4851 homo
574 4797 882 4866 loquebatur
905 4793 1096 4860 linguis
1121 4830 1136 4853 ,
1168 4791 1236 4843 ita
1267 4787 1426 4841 modo
1458 4788 1632 4838 unitas

132 4903 289 4943 sancte
330 4892 566 4945 Ecclesia:
608 4889 850 4940 omnibus
891 4885 1119 4952 loquitur
1164 4881 1377 4948 linguis.
1426 4879 1632 4941 Accipi-

136 4996 227 5030 mus
252 4996 362 5050 ergo
390 4990 438 5034 et
466 4995 559 5032 nos
587 4977 841 5044 Spiritum
872 4983 1108 5027 sanctum
1133 5011 1146 5035 ,
1190 4973 1231 5024 si
1263 4984 1499 5023 amamus
1528 4968 1630 5020 Ec—

139 5071 332 5132 clesiam,
382 5071 420 5121 si
471 5069 728 5122 charitate
783 5062 1236 5130 compaginamur,
1287 5059 1330 5113 si
1375 5057 1635 5112 catholico

143 5164 315 5212 nomine
354 5171 400 5212 et
428 5159 526 5212 ﬁde
574 5159 881 5227 gaudemus.
927 5155 1084 5224 Igitur
1122 5161 1370 5220 quantum
1417 5151 1635 5216 quisque

142 5259 252 5300 amat
277 5248 542 5301 Ecclesium
568 5247 782 5306 Christi.
819 5253 1016 5298 tantum
1047 5244 1203 5296 habet
1231 5240 1482 5308 Spiritum
1518 5252 1633 5288 san-

142 5349 271 5389 ctum.
302 5339 545 5392 Habemus
576 5351 700 5404 ergo
724 5336 973 5402 Spiritum
1006 5339 1241 5385 sanctum
1267 5368 1281 5393 ,
1325 5328 1367 5381 si
1401 5341 1634 5378 amamus

138 5426 656 5484 Ecclesiamzamamus
705 5436 912 5483 autem,
959 5424 1001 5475 si
1055 5423 1101 5473 iu
1140 5423 1253 5487 ejus
1298 5431 1546 5483 compage
1589 5425 1638 5466 et

139 5519 348 5572 ttltnrllale
375 5521 722 5576 :,ullSlSlll'IlliS,
759 5530 911 5580 quam
946 5515 1224 5579 Apostolus
1258 5509 1501 5559 οτηιιὶῒηις
1529 5506 1634 5558 Vl“

141 5612 297 5661 taturus
345 5612 641 5663 lid::ciuliler
681 5607 965 5674 prchosuit
995 5602 1044 5670 (I
1079 5604 1194 5655 Cur.
1238 5603 1374 5663 xm).
1412 5599 1640 5661 Quicun-

147 5716 220 5751 -=ie
247 5703 387 5768 ipsam
437 5703 629 5756 δρψ-Α.
682 5707 869 5754 cuncta.
918 5696 1120 5749 habebit
1168 5697 1294 5748 bona
1334 5710 1344 5745 :
1379 5693 1490 5758 oni:
1528 5704 1638 5744 me;

1490 4419 1628 4522 quod
1661 4460 1714 4522 Β

1736 3267 1971 3322 venerat,
1997 3268 2050 3312 et
2077 3259 2187 3327 ipse
2215 3258 2424 3327 quidem
2449 3273 2553 3314 non
2583 3256 2882 3312 incredulus
2903 3297 2920 3322 ,
2947 3256 3038 3310 sed
3072 3257 3288 3311 timidus

1739 3349 1887 3418 (nam
1911 3347 2029 3402 ideo
2053 3355 2109 3401 et
2129 3357 2283 3401 nocte
2305 3357 2526 3400 venerat
2547 3347 2611 3400 ad
2642 3347 2832 3415 lucem,
2857 3347 2977 3417 quia
3007 3345 3291 3401 illuminari

1737 3439 1964 3504 volebat,
2000 3448 2053 3492 et
2081 3440 2201 3492 sciri
2231 3439 2465 3503 timebat)
2497 3437 2764 3506 respondit
2791 3436 2993 3504 Judazis
3018 3455 3040 3489 .-

1808 3527 2052 3595 Nunquid
2081 3527 2162 3582 (ea:
2191 3538 2362 3581 nostra
2384 3529 2578 3596 judicat
2619 3529 2868 3582 hominem
2895 3569 2908 3590 ,
2950 3529 3047 3581 nisi
3081 3530 3295 3581 audierit

1737 3618 1798 3671 ab
1843 3619 1954 3685 ipso
1997 3618 2157 3684 prius,
2205 3628 2251 3671 et
2303 3620 2586 3688 cognoverit
2637 3619 2758 3685 quid
2807 3618 3003 3684 faciat?
3043 3617 3296 3673 Volebant

1741 3710 1884 3763 enim
1917 3709 1988 3762 illi
2036 3713 2267 3776 perversi
2312 3720 2434 3764 ante
2464 3724 2581 3765 esse
2609 3710 2942 3763 damnatores
2963 3751 2976 3774 ,
3010 3701 3165 3778 quam
3197 3724 3288 3764 co-

1737 3801 1991 3868 gnitores.
2039 3798 2248 3853 Sciebat
2275 3807 2449 3851 autem
2477 3797 2818 3860 Nicodamus,
2864 3797 2943 3852 vel
2972 3798 3146 3864 potius
3176 3812 3291 3851 cre-

1737 3895 1928 3956 debat,
1975 3893 2092 3958 quia
2137 3893 2180 3945 si
2224 3893 2583 3947 tantummodo
2622 3909 2741 3947 eum
2782 3894 3044 3964 patienter
3087 3893 3288 3947 vellent

1736 3986 1937 4050 audire,
1965 3983 2099 4038 iorle
2130 3984 2328 4037 similes
2359 3986 2545 4037 tierent
2573 3985 2674 4040 illis
2695 3986 2782 4052 qui
2813 3986 2957 4038 missi
2990 3995 3113 4038 sunt
3143 3995 3291 4038 tene-

1738 4093 1795 4132 re
1830 4091 1996 4140 eum,
2043 4083 2103 4128 et
2149 4076 2442 4129 maluerunt
2489 4076 2708 4130 credere
2758 4075 2853 4139 illi,
2902 4090 3059 4144 quam
3109 4087 3288 4131 tenere

1738 4167 1906 4220 illum.

1809 4255 2188 4324 Responderunt
2233 4270 2349 4324 ergo
2390 4253 2458 4307 ei.
2508 4253 2586 4307 Ex
2632 4252 2937 4322 prtejudicio
2993 4255 3168 4308 cordis
3209 4255 3291 4308 sui

1737 4344 1876 4414 quod
1910 4354 1963 4398 et
1987 4343 2087 4394 illis
2116 4360 2127 4394 :

1811 4433 2054 4502 Nunquid
2081 4441 2123 4484 et
2150 4439 2202 4482 tu
2223 4431 2467 4484 Galitceus
2490 4432 2600 4485 est?
2622 4430 2674 4483 Id
2705 4438 2808 4492 est,
2838 4431 2989 4497 quasi
3019 4446 3049 4483 a
3072 4428 3292 4484 Galilan

1744 4525 2033 4578 seductus?
2082 4523 2332 4575 Dominus
2375 4522 2513 4574 enim
2554 4521 2800 4575 Galilaeus
2837 4522 3128 4587 dicebatur,
3161 4537 3293 4590 quo-

1743 4616 1878 4670 niam
1914 4615 1980 4668 de
2006 4613 2262 4666 Nazareth
2307 4612 2517 4665 civitate
2558 4623 2708 4665 erant
2739 4623 2982 4678 parentes
3019 4612 3154 4678 ejus.
3199 4611 3294 4664 Se-

1740 4705 1968 4761 cundum
1999 4703 2210 4757 Mariam
2259 4702 2364 4755 dixi
2399 4709 2664 4768 parente~,
2696 4717 2795 4752 non
2827 4700 3114 4755 secundum
3147 4699 3293 4754 virile

1747 4812 1947 4853 semen.
1985 4781 2094 4848 Non
2119 4794 2256 4847 enim
2285 4793 2525 4860 quaesivit
2554 4791 2604 4844 in
2636 4800 2774 4843 terra
2803 4793 2901 4844 nisi
2929 4802 3171 4851 matrem,
3201 4791 3290 4856 qui

1738 4889 1842 4958 jam
1883 4887 2106 4940 habebat
2136 4884 2356 4947 desuper
2389 4892 2607 4946 patrem.
2638 4879 2764 4933 Nam
2797 4889 3014 4945 utraque
3042 4878 3157 4944 ejus
3188 4894 3278 4930 na-

1742 4980 1914 5032 tivitas
1942 4975 2194 5029 mirabilis
2223 4973 2332 5035 fuit,
2359 4971 2529 5023 divina
2563 4972 2673 5022 sine
2701 4981 2885 5031 matre,
2914 4969 3138 5022 humana
3170 4969 3285 5022 sine

1743 5079 1888 5138 patre
1916 5068 2145 5119 homine.
2180 5062 2310 5128 Quid
2348 5076 2469 5128 ergo
2514 5060 2590 5113 ilii
2621 5063 2765 5128 quasi
2797 5059 2925 5128 legis
2947 5059 3189 5113 doctores
3220 5059 3283 5110 ad

1743 5161 2074 5214 Nicodamum
2104 5159 2123 5205 '.'

1817 5240 2059 5292 Scrutare
2086 5240 2384 5308 Scripturas
2411 5251 2456 5291 et
2477 5241 2604 5300 vide,
2626 5242 2746 5306 quia
2771 5243 3059 5308 pr0p/tctaa
3083 5243 3301 5296 Galilara

1746 5348 1845 5384 non
1881 5333 2067 5399 surgit.
2110 5333 2211 5385 Sed
2252 5333 2506 5385 Dominus
2537 5333 2914 5400 prophetarum
2960 5335 3078 5386 inde
3118 5353 3300 5388 surre-

1748 5425 1842 5476 xit.
1876 5422 2080 5474 lirrrrsi
2102 5434 2242 5487 sunt,
2274 5424 2446 5491 inquit
2483 5423 2835 5492 Evangelista,
2865 5427 3214 5493 unusquisque
3249 5429 3296 5478 in

1745 5517 1954 5568 domum
1991 5531 2158 5566 suam.

2323 5577 2543 5631 CAPUT
2589 5575 2717 5627 Vili.

1817 5678 1941 5731 Ini—lc
1969 5676 2114 5729 ,ἰδίω
2143 5671 2352 5740 perrvxit
2382 5686 2431 5719 ιη
2471 5677 2681 5720 montem
2712 5664 2910 5718 ()iit'eti.
2957 5664 3102 5720 Mons
3134 5660 3280 5730 quip-
