3822 6226
482 347 587 404 735

904 339 1107 398 BENE
1150 332 1591 392 VENERABILIS
1628 330 1776 387 OPP.
1818 330 1993 385 PARS
2031 327 2091 383 ll.
2135 324 2323 383 SECT.
2365 326 2404 381 Ι.
2446 351 2515 365 -
2555 318 2942 377 EXEGETIGA
2980 314 3303 373 GENUINA.

3600 312 3689 365 7'56

484 477 548 530 pe
574 456 764 513 Oliveti
814 453 1192 509 sublimitatem
1226 447 1508 502 Dominicaa
1542 442 1752 512 pietatis
1795 449 1850 495 et
1878 440 2036 492 mise-
2065 442 2116 499 Α
2144 435 2345 489 Scriba:
2389 442 2443 488 et
2491 432 2743 487 Pharisasi
2789 428 3076 484 tendebam.
3114 427 3331 530 laqueos
3372 421 3688 530 insidiarum,

484 548 729 605 rieordite
754 546 1015 615 designat,
1047 542 1168 611 quia
1197 548 1252 596 et
1280 539 1461 594 Graece
1489 534 1627 596 ἴλιος
1652 529 2037 594 misericordia,

482 642 658 695 oleum
699 646 917 692 vocatur
942 633 1140 697 ἔλαιον,
1179 640 1233 684 et
1280 632 1387 697 ipsa
1425 626 1605 681 unctio
1640 624 1743 679 olei
1786 622 1940 676 fessis
1982 634 2043 673 ac

484 729 782 783 dolentibus
823 725 1080 780 membris
1107 722 1242 776 solet
1286 715 1498 772 adferre
1540 717 1801 771 levamen.
1848 711 1954 766 Sed
1990 719 2044 764 et

486 822 610 883 hoc,
628 820 767 888 quod
785 820 965 871 ’oleum
997 826 1051 870 et
1082 814 1274 869 virtute
1300 826 1361 865 ac
1388 810 1614 879 puritate
1642 805 1917 876 prmminet
1943 842 1958 868 ,
1991 811 2044 857 et

487 925 855 982 quemcunque
885 909 932 963 ei
953 909 1206 975 liquorem
1230 902 1612 973 superfundere
1635 898 1895 963 volueris,
1920 912 2047 951 con-

487 1003 657 1055 festim
699 1001 840 1055 hunc
870 998 1242 1053 transcendere
1266 1038 1282 1060 ,
1322 996 1474 1064 eique
1501 990 1789 1062 superferri
1817 1003 2046 1042 consue-

485 1096 581 1159 vit,
614 1096 834 1161 gratiam
865 1090 1243 1145 misericordia:
1263 1089 1493 1143 caelestis
1524 1102 1625 1140 non
1658 1082 2047 1139 inconvenien-

487 1197 568 1241 ter
591 1185 820 1241 insinuat
844 1225 858 1248 ,
905 1184 972 1239 de
996 1198 1098 1251 qua
1127 1182 1380 1251 scriptum
1429 1189 1547 1233 est:
1582 1177 1764 1233 Suavis
1795 1174 2048 1228 Dominus

486 1278 748 1341 universis,
792 1286 837 1329 et
861 1275 1203 1329 miserationes
1239 1274 1350 1343 ejus
1378 1285 1528 1339 super
1555 1269 1725 1321 omnia
1759 1280 1913 1334 opera
1939 1264 2049 1333 ejus

488 1366 658 1437 (Psal.
707 1364 908 1434 cxuv).
956 1364 1185 1430 Tempus
1237 1375 1448 1427 quoque
1494 1356 1750 1422 diluculi,
1804 1366 2046 1409 exortum

486 1458 723 1529 ejusdem
744 1460 951 1526 gratim,
977 1457 1094 1524 quia
1128 1462 1327 1508 remota
1355 1453 1484 1520 legis
1515 1450 1720 1513 umbra,
1750 1447 1835 1501 lux
1872 1448 2048 1499 Evan-

487 1550 671 1617 gelicte
701 1547 935 1601 veritatis
979 1554 1094 1598 erat
1134 1543 1445 1607 revelanda,
1485 1541 1835 1595 demonstrat.
1869 1538 2053 1604 Pergit

486 1654 611 1709 ergo
634 1638 787 1692 Jesus
815 1636 863 1688 in
894 1645 1124 1689 montem
1155 1633 1347 1688 Oliveti
1370 1671 1386 1697 ,
1431 1640 1486 1684 ut
1526 1644 1702 1683 arcem
1746 1628 2052 1682 misericor-

486 1727 586 1782 dia:
616 1727 665 1780 in
701 1742 762 1781 se
799 1736 1042 1780 constare
1081 1722 1373 1777 denuntiet.
1410 1721 1560 1774 Venit
1599 1720 1786 1772 iterum
1814 1716 2048 1772 diluculo

2147 535 2388 594 putantes
2418 532 2533 596 eum
2578 523 2657 576 vel
2693 518 3162 576 immisericordem
3191 515 3443 584 [futurum
3487 515 3533 567 in
3562 514 3692 582 jlltil-

2144 617 2336 683 cando,
2368 614 2447 669 vel
2476 615 2752 683 injustam,
2793 612 3094 681 przevidens
3121 608 3211 662 ille
3233 607 3406 672 dolos,
3438 605 3585 675 quasi
3616 604 3690 657 fila

2149 706 2337 759 transit
2365 719 2600 769 araneae,
2624 701 2883 772 judicium
2903 701 3120 769 iustitia:
3145 714 3239 768 per
3259 697 3454 760 omnia,
3484 706 3534 751 et
3559 710 3690 749 tuan-

2146 796 2478 851 suetudinem
2511 795 2718 862 pietatis
2744 794 3052 847 ostendens.
3077 792 3214 846 Ecce
3241 790 3580 858 temperantia
3611 791 3694 841 nti-

2146 890 2356 944 serendi
2404 907 2414 941 :
2450 888 2548 955 Qui
2586 888 2696 941 sine
2731 896 2937 955 peccato
2964 895 3037 939 est
3078 894 3323 939 vestrum.
3351 884 3484 937 Ecce
3515 883 3691 936 iterum

2144 981 2342 1051 justitia
2361 978 2626 1049 judicandi
2652 977 2877 1031 :Primus
2901 979 2953 1029 in
2972 977 3113 1029 illam
3136 977 3555 1047 lapidemmittat.
3572 975 3643 1028 Ac
3657 974 3691 1025 si

2149 1069 2473 1123 dixiss«-.t:Si
2506 1069 2710 1139 Moyses
2743 1067 3009 1121 mandavit
3034 1068 3183 1121 vobis
3216 1068 3487 1120 mulierem
3523 1065 3693 1131 hujus-

2154 1159 2296 1212 modi
2323 1159 2580 1226 lapidare,
2613 1158 2818 1223 videte,
2850 1157 2969 1224 quia
3003 1169 3105 1209 non
3142 1154 3248 1208 hoc
3269 1165 3589 1221 peccatores,
3616 1156 3694 1206 sed

2146 1248 2319 1317 justos
2350 1248 2529 1303 facere
2560 1249 2836 1316 praecepit.
2884 1246 3058 1300 Primo
3086 1260 3183 1300 vos
3215 1245 3315 1312 ipsi
3351 1246 3605 1313 justitiam
3636 1248 3699 1297 le-

2151 1337 2229 1406 gis
2259 1338 2492 1405 implete,
2542 1346 2596 1390 et
2638 1337 2717 1390 sic
2759 1336 3071 1395 innocentes
3116 1333 3379 1397 manibus,
3426 1346 3479 1387 et
3518 1334 3699 1387 mundo

2152 1428 2330 1493 corde,
2368 1426 2431 1480 ad
2463 1426 2796 1495 lapidandam
2829 1439 2971 1479 ream
2995 1426 3314 1479 concurrite.
3348 1424 3523 1478 Primo
3550 1425 3697 1492 spiri-

2155 1518 2313 1570 tualia
2345 1517 2474 1586 legis
2499 1515 2693 1580 edicta,
2727 1514 2884 1568 fidem
2908 1553 2924 1578 ,
2957 1513 3371 1567 misericordiam
3404 1523 3459 1566 et
3488 1513 3700 1566 Charita-

2156 1617 2258 1662 tem
2290 1608 2561 1675 perlicite,
2596 1616 2648 1661 et
2676 1605 2755 1660 sic
2774 1603 2841 1659 ad
2871 1604 3104 1661 carnalia
3129 1604 3411 1674 judicanda
3443 1602 3696 1658 divertite.

2158 1700 2292 1754 Dato
2318 1707 2491 1753 autem
2516 1698 2718 1768 judicio
2745 1716 2757 1751 :

488 1820 540 1872 ίη
586 1816 860 1885 templum,
909 1826 963 1869 ιη
1003 1814 1243 1867 eamdem
1289 1809 1703 1865 misericordiam
1750 1823 1869 1862 cum
1916 1806 2049 1861 inci-
2082 1790 2125 1849 Β
2225 1791 2470 1845 Dominus
2496 1800 2663 1844 autem
2695 1792 2877 1845 iterum
2918 1807 2970 1845 se
2988 1790 3238 1845 inclinans
3268 1790 3512 1845 scribebat
3538 1792 3589 1844 in
3617 1801 3700 1844 ter-

494 1909 669 1976 piente
695 1906 823 1959 Novi
853 1903 1153 1959 Tesamenti
1186 1903 1405 1966 lumine,
1448 1900 1713 1964 fidelibus,
1743 1898 1943 1966 templo
1975 1898 2053 1951 vi-

496 1999 686 2052 delicet
714 2012 832 2058 suo,
875 1994 1207 2064 pandendam
1234 1988 1677 2062 pratbeudamque
1698 1987 1980 2056 significet.

558 2091 627 2144 Et
659 2093 842 2157 omnis,
880 2092 1083 2160 inquit,
1105 2091 1322 2161 populus
1362 2090 1490 2143 venit
1523 2089 1591 2141 ad
1618 2104 1731 2142 eum
1762 2102 1782 2141 :
1810 2095 1855 2141 et
1876 2086 2057 2139 sedens

489 2180 695 2236 docebat
723 2198 830 2237 eos.
859 2182 1037 2236 Sessio
1066 2181 1271 2234 Domini
1300 2225 1314 2249 ,
1349 2181 1697 2235 humilitatem
1733 2180 2055 2233 incarnatio—

489 2273 591 2337 nis,
635 2287 726 2339 per
748 2286 904 2341 quam
937 2268 1363 2325 nobismisereri
1394 2271 1635 2339 dignatus
1663 2278 1764 2333 est,
1798 2268 2052 2321 insinuat.

493 2365 632 2418 Bene
661 2376 835 2417 autem
867 2363 1056 2416 dicitur
1079 2402 1094 2427 ,
1125 2364 1244 2430 quia
1265 2376 1382 2415 cum
1406 2362 1599 2415 sedens
1624 2360 1842 2415 doceret
1870 2359 2050 2425 Jesus,

491 2454 663 2508 omnis
688 2455 907 2523 populus
938 2454 1082 2507 venit
1113 2453 1177 2505 ad
1212 2467 1329 2506 eum
1366 2471 1379 2505 :
1410 2451 1529 2521 quia
1566 2460 1844 2521 postquam
1874 2449 2057 2504 humi-

496 2547 643 2599 litate
682 2561 789 2599 sum
821 2544 1197 2599 incarnationis
1233 2545 1506 2614 prosimus
1543 2543 1843 2597 hominibus
1883 2541 2057 2596 factus

489 2648 591 2702 est,
619 2637 865 2691 libentius
886 2646 970 2692 est
990 2654 1019 2689 a
1042 2636 1348 2704 multiSjejus
1366 2650 1540 2689 sermo
1566 2643 1829 2703 receptus.
1857 2633 1901 2688 Α
1921 2633 2060 2688 mul-

492 2730 580 2795 tis,
603 2728 840 2796 inquam,
872 2737 951 2781 est
994 2726 1110 2795 ejus
1154 2740 1339 2780 sermo
1370 2734 1634 2790 receptus,
1665 2732 1716 2777 et
1746 2737 1776 2777 a
1823 2722 2062 2790 pluribus

491 2824 573 2870 est
601 2816 828 2883 superba
870 2815 1142 2884 impietate
1186 2823 1542 2882 contemptus.
1576 2812 1862 2865 Audierant
1918 2807 2065 2865 enim

490 2906 760 2970 mansueti,
791 2915 836 2959 et
868 2906 1027 2960 lauti
1048 2916 1164 2958 sunt
1191 2903 1365 2973 (Psal.
1401 2902 1612 2969 xum).

561 2996 789 3063 Denique
832 2995 1004 3048 ἰκτίωὲ
1046 3002 1290 3049 tentantes
1332 2990 1658 3045 adduxerunt
1703 2990 1969 3046 mulierem
2009 2989 2063 3043 in

490 3086 741 3139 adulterio
793 3086 1183 3153 deprehensam.
1251 3072 1638 3149 lnterrogautes
1689 3080 1813 3151 quid
1869 3081 1938 3134 de
1993 3094 2057 3134 ea

2153 1902 2230 1938 ra.
2284 1884 2353 1937 Et
2373 1882 2584 1951 quidem
2610 1882 2760 1953 juxta
2788 1894 2989 1938 morem
3034 1882 3430 1937 consuetudinis
3475 1883 3701 1936 humana

2156 1986 2327 2044 potest
2356 1974 2594 2044 intelligi,
2630 1975 2780 2045 quod
2802 1976 2923 2029 ideo
2955 1976 3208 2030 Dominus
3232 1990 3411 2029 corum
3443 1978 3703 2030 tentatori-

2158 2067 2255 2122 bus
2288 2067 2540 2137 improbis
2569 2066 2855 2133 inclinari,
2889 2078 2940 2122 et
2968 2068 3019 2120 in
3044 2079 3185 2122 terra
3205 2066 3440 2121 scribere
3472 2068 3701 2128 voluerit,

2159 2168 2214 2212 ut
2253 2159 2357 2213 alio
2399 2175 2549 2214 suum
2598 2158 2795 2213 vultum
2843 2158 3120 2213 intendens
3146 2200 3160 2225 ,
3196 2160 3422 2213 liberum
3470 2160 3545 2213 eis
3575 2160 3705 2213 daret

2162 2251 2310 2303 exire
2336 2290 2350 2315 ,
2386 2264 2520 2319 quos
2549 2262 2655 2304 sua.
2675 2249 3021 2316 responsione
3043 2249 3331 2316 perculsos,
3360 2249 3514 2302 citius
3544 2251 3700 2303 exitu-

2160 2357 2273 2405 ros,
2304 2356 2459 2409 quam
2488 2342 2638 2410 plura
2672 2341 3089 2411 interrogaturos
3118 2355 3234 2396 esse
3265 2342 3601 2409 prteviderat.

2232 2432 2453 2503 Denique
2479 2434 2740 2487 audientes
2764 2474 2779 2499 ,
2826 2450 2956 2486 unus
2996 2444 3108 2501 post
3137 2449 3293 2485 unum
3318 2433 3523 2486 exibant
3553 2473 3566 2495 ,
3600 2431 3707 2483 inci-

2164 2525 2351 2591 pientes
2379 2541 2409 2575 a
2436 2524 2737 2579 senioribus.
2774 2524 2881 2579 Sed
2912 2524 3131 2593 figurate
3162 2538 3259 2576 nos
3289 2524 3563 2588 admonet,
3584 2524 3704 2590 quod

2161 2625 2215 2671 et
2263 2626 2385 2669 ante
2415 2615 2595 2670 datam
2638 2624 2693 2670 et
2737 2626 2854 2689 post
2881 2615 3056 2669 datam
3098 2615 3419 2670 sententiam
3462 2614 3705 2667 inclinans

2161 2709 2376 2776 scripsit
2417 2710 2470 2761 in
2495 2718 2661 2773 terra,
2694 2715 2750 2761 ut
2775 2717 2828 2761 et
2856 2709 3004 2775 prius
3031 2722 3187 2775 quam
3215 2716 3519 2776 peccantem
3546 2705 3705 2775 prosi-

2160 2813 2304 2853 mum
2333 2798 2683 2866 corripiamus
2708 2838 2723 2863 ,
2763 2805 2818 2852 et
2851 2808 3127 2867 postquam
3156 2799 3347 2851 debitae
3367 2796 3707 2866 castigationis

2163 2888 2238 2942 illi
2270 2888 2620 2943 ministerium
2651 2888 3060 2953 reddiderimus,
3091 2904 3188 2944 nos
3218 2890 3362 2958 ipsos
3386 2890 3539 2958 digna
3563 2889 3708 2940 humi-

2164 2979 2329 3034 litatis
2374 2978 2778 3053 investigatione
2831 2978 3214 3048 perpendamus
3270 2995 3286 3033 :
3335 2994 3401 3032 ne
3450 2981 3584 3032 forte
3628 2988 3705 3030 aut

2164 3072 2369 3126 eisdem
2412 3086 2529 3140 quae
2559 3073 2614 3126 in
2651 3072 2778 3140 ipsis
2822 3071 3259 3140 reprehendimus
3289 3113 3302 3132 ,
3335 3080 3425 3125 aut
3465 3072 3581 3125 aliis
3610 3074 3706 3139 qau-

496 3177 609 3232 lieri
636 3141 886 3245 juberet',
929 3176 1180 3245 quoniam
1221 3175 1431 3244 Moyses
1458 3141 1622 3227 idem
1652 3141 1889 3240 lapidare
1914 3185 2060 3225 ntan-
2088 3141 2131 3203 Ο
2162 3164 2393 3219 buslibet
2429 3165 2595 3220 simus
2634 3164 2953 3219 facinoribus
2997 3165 3185 3218 irretiti
3220 3182 3232 3218 :
3265 3164 3404 3218 sicut
3448 3162 3584 3219 forte
3612 3162 3706 3215 ﬁeri

496 3269 711 3323 daverat
762 3266 944 3337 (Leuit.
991 3267 1080 3333 xx)
1118 3284 1130 3318 :
1162 3276 1221 3319 ut
1248 3266 1293 3320 si
1321 3275 1375 3319 et
1403 3265 1517 3332 ipse
1546 3265 1694 3317 ltzme-
1726 3263 2056 3331 lapidandam

498 3360 850 3423 decerneret,
919 3357 1225 3412 deriderent
1283 3370 1410 3410 eum
1458 3354 1611 3424 quasi
1673 3352 2058 3407 misericordia

501 3467 657 3519 quam
686 3462 899 3519 semper
927 3450 1182 3512 docebat,
1213 3448 1467 3511 oblitum;
1500 3448 1545 3501 si
1578 3446 1801 3515 lapidari
1834 3455 2058 3508 vetaret,

497 3540 782 3595 striderent
807 3541 858 3593 in
888 3554 1008 3593 eum
1048 3537 1297 3593 dentibus
1334 3538 1474 3601 suis,
1512 3545 1569 3590 et
1590 3536 1751 3605 .quasi
1798 3533 2058 3587 fautorem

498 3635 758 3690 scelerum
784 3671 800 3700 ,
833 3632 1042 3701 legique
1069 3630 1395 3686 contrarium
1441 3629 1584 3683 velut
1611 3627 1801 3681 merito
1830 3626 2062 3679 damna-

498 3734 636 3779 rent.

567 3814 715 3869 Jesus
740 3823 910 3868 autem
956 3813 1208 3867 inclinans
1234 3826 1287 3865 se
1326 3809 1559 3865 deorsum
1585 3848 1601 3873 ,
1631 3806 1793 3877 digito
1821 3802 2066 3859 scribebat

500 3912 551 3964 in
579 3922 731 3965 terra.
760 3908 861 3964 Per
890 3908 1287 3962 inclinationem
1317 3904 1441 3959 Jesu
1466 3943 1483 3968 ,
1515 3900 1784 3955 humilitas
1815 3917 1827 3952 :
1862 3913 1959 3967 per
1987 3896 2069 3954 di-

501 3997 686 4072 gitum,
719 4000 811 4069 qui
831 4001 1175 4053 articulorum
1200 3993 1587 4062 compositione
1609 3990 1857 4046 ﬂexibilis
1878 3999 1980 4052 est,
2014 3997 2069 4043 et

504 4088 765 4143 subtilitas
788 4084 1120 4141 discretionis
1141 4099 1201 4137 es
1212 4081 1477 4151 primitur.
1507 4081 1693 4145 Porro,
1728 4092 1822 4147 per
1845 4087 2067 4139 terram,

505 4197 598 4235 cor
621 4183 930 4246 humanum,
955 4178 1094 4246 quod
1119 4177 1202 4230 vel
1230 4176 1484 4229 bonarum
1510 4172 1593 4227 vel
1618 4173 1874 4226 malarum
1898 4172 2069 4223 actio-

511 4290 633 4327 num
684 4272 821 4325 solet
868 4270 1089 4325 reddere
1131 4267 1349 4327 fructus,
1397 4266 1713 4319 ostenditur.
1768 4262 2068 4317 Postulatus

508 4378 636 4432 ergo
674 4362 925 4416 Dominus
948 4360 1183 4429 judicare
1204 4358 1269 4411 de
1294 4356 1609 4426 peccatrice,
1642 4368 1747 4409 non
1775 4352 1952 4408 statim
1974 4351 2065 4404 dat

507 4456 785 4525 judicium,
839 4452 934 4507 sed
987 4452 1129 4521 prius
1172 4465 1229 4503 se
1276 4448 1534 4502 inclinans
1578 4449 1852 4508 deorsum,
1896 4443 2069 4512 digito

511 4543 696 4596 scribit
724 4542 775 4594 in
811 4550 948 4595 terra
976 4556 989 4603 ;
1023 4553 1082 4591 ac
1111 4538 1189 4591 sic
1222 4536 1433 4589 demum
1458 4550 1577 4587 cum
1627 4531 1821 4588 obnixe
1848 4542 2069 4602 rogatur

510 4634 712 4700 judicat
737 4648 750 4683 :
778 4646 872 4683 nos
896 4629 1135 4683 videlicet
1164 4628 1337 4697 typice
1365 4625 1670 4690 instituens,
1702 4632 1757 4676 ut
1782 4639 1898 4677 cum
1922 4637 2066 4693 qua:-

518 4725 643 4785 liliet
673 4721 1028 4789 proximorum
1054 4728 1225 4773 errata
1255 4716 1632 4783 conspicimus,
1666 4728 1769 4767 non
1804 4714 1914 4767 hanc
1945 4723 2070 4768 ante

512 4812 948 4885 reprehendendo
992 4812 1287 4879 iudicemus
1314 4850 1328 4875 ,
1373 4823 1528 4876 quam
1585 4806 1649 4859 ad
1696 4806 2071 4860 conscientiam

515 4916 746 4959 nostram
796 4904 1062 4957 humiliter
1107 4901 1329 4963 reversi,
1370 4899 1532 4969 digito
1577 4912 1694 4951 eam
1734 4897 2077 4951 discretionis

515 4998 739 5051 solerter
760 4995 1140 5063 esculpamus;
1172 4993 1366 5061 etquid
1395 4992 1445 5044 in
1469 4990 1814 5044 eaConditori
1841 4991 2073 5058 placeat,

516 5089 708 5155 quidve
733 5088 1044 5155 displiceat,
1089 5086 1268 5140 sedula
1298 5084 1690 5139 examinatione
1731 5085 2071 5149 dirimamus,

512 5181 659 5248 juxta
688 5180 809 5232 illud
841 5178 1073 5247 Apostoli
1106 5197 1117 5229 :
1152 5176 1381 5242 Fratres,
1413 5188 1458 5232 et
1483 5178 1525 5231 si
1554 5188 1937 5248 praeoccupatus
1970 5180 2081 5247 {ue-

516 5271 579 5323 rit
610 5274 760 5323 homo
786 5271 837 5323 in
867 5270 1034 5335 aliqua
1064 5261 1244 5321 delicto
1273 5283 1289 5321 :
1316 5284 1422 5333 eos,
1462 5270 1548 5336 qui
1588 5270 1883 5335 spirituales
1914 5270 2032 5321 estis
2056 5307 2075 5335 ,

517 5365 746 5417 instruite
772 5361 1065 5432 hujusntodi
1095 5360 1145 5413 in
1174 5361 1355 5428 spiritu
1376 5361 1797 5426 mansuetudinis,
1840 5359 2079 5415 conside-

519 5473 639 5510 rans
663 5457 893 5524 teipsum,
920 5470 980 5506 ne
1007 5463 1050 5505 et
1075 5463 1127 5505 tu
1160 5454 1361 5506 tenteris
1392 5450 1591 5519 (Galat.
1626 5453 1723 5520 Vl).

588 5548 714 5604 Cum
743 5556 905 5599 autem
935 5555 1303 5614 perseverath
1335 5546 1702 5615 interrogantes
1730 5558 1843 5595 eum
1865 5583 1881 5608 ,
1922 5542 2082 5596 erexit

524 5658 571 5692 se
593 5680 608 5705 ,
642 5648 687 5692 et
717 5640 843 5691 dixit
869 5639 977 5692 eis:
1010 5637 1110 5702 Qui
1138 5640 1247 5690 sine
1278 5646 1475 5705 peccato
1505 5646 1573 5690 est
1598 5648 1814 5690 vestrum
1842 5677 1857 5701 ,
1889 5638 2083 5702 primus

525 5730 578 5781 in
604 5732 743 5787 illam
788 5730 1002 5801 lapidem
1048 5730 1227 5785 mittat.
1263 5729 1393 5796 Quia
1438 5727 1558 5783 hinc
1598 5736 1651 5784 ct
1696 5727 1817 5784 inde
1860 5727 2084 5783 Domino

2167 3260 2400 3327 poterit,
2434 3270 2489 3311 ut
2516 3261 2603 3325 qui
2634 3256 2953 3311 homicidam
2984 3273 3134 3311 reum
3161 3258 3349 3310 mortis
3375 3270 3494 3310 esse
3516 3256 3706 3323 judica-

2164 3350 2322 3413 verit,
2356 3350 2466 3416 ipse
2492 3347 2544 3401 in
2575 3348 2753 3415 seipso
2790 3362 2883 3416 per
2911 3347 3092 3400 odium
3125 3345 3373 3401 fraterne
3404 3346 3583 3399 mortis
3605 3359 3704 3396 reus

2163 3454 2282 3494 esse
2323 3448 2445 3493 ante
2492 3439 2704 3492 oculum
2753 3437 3055 3492 Conditoris
3108 3438 3436 3501 inveniatur;
3486 3436 3710 3490 similiter

2164 3531 2250 3598 qui
2283 3528 2639 3583 fornicationis
2669 3527 2872 3584 crimen
2899 3528 2951 3581 in
2982 3528 3144 3583 fratre
3173 3538 3388 3582 accusat
3415 3568 3429 3592 ,
3467 3525 3522 3581 in
3551 3528 3708 3593 seipse

2165 3622 2422 3686 superbiae
2451 3621 2656 3676 facinus
2684 3636 2787 3675 non
2809 3622 2983 3674 videat
3027 3619 3204 3687 (Joan.
3234 3622 3338 3689 ιιι).
3380 3619 3500 3674 ideo
3520 3619 3709 3689 jubettu-

2163 3713 2319 3782 judes
2361 3712 2518 3767 alieni
2572 3714 2813 3768 criminis
2871 3713 3035 3782 digito
3086 3712 3427 3769 discretionis
3475 3710 3525 3766 in
3571 3714 3708 3765 corde

2167 3814 2263 3858 suo
2294 3788 2643 3869 describere,
2679 3820 2746 3859 ne
2772 3803 2907 3857 ferte
2955 3817 3077 3858 reus
3117 3802 3170 3857 in
3213 3804 3394 3872 seipse
3420 3804 3704 3856 inveniatur.

2167 3894 2304 3962 Quid
2354 3895 2516 3965 igitur
2562 3895 2713 3949 nobis
2764 3896 2814 3949 in
2856 3894 3161 3964 hujusmodi
3195 3896 3452 3965 periculis
3482 3893 3706 3949 remedii?

2167 3985 2302 4049 Quid
2335 3986 2738 4039 restatsnlutis?
2766 3984 2867 4038 nisi
2900 3996 2957 4038 ut
2979 4000 3098 4039 cum
3138 3996 3447 4054 peccantem
3476 3983 3707 4051 conspici

2168 4092 2284 4131 mus
2312 4078 2493 4140 alium,
2526 4090 2647 4130 mox
2680 4076 2995 4130 inclinentur
3022 4075 3275 4130 deorsum
3296 4120 3310 4141 ,
3346 4077 3397 4129 id
3428 4086 3507 4129 est
3527 4116 3544 4143 ,
3570 4088 3703 4141 quam

2168 4166 2361 4234 dejecti
2385 4182 2448 4221 ex
2482 4176 2676 4222 nostra:
2697 4166 3018 4221 conditionis
3040 4167 3323 4236 fragilitate
3351 4166 3537 4231 simus,
3561 4168 3599 4218 si
3624 4180 3708 4215 nos

2170 4272 2268 4312 nos
2303 4258 2479 4310 divina
2522 4246 2691 4325 pietas
2714 4266 2975 4312 sustentet
2998 4301 3016 4324 ,
3064 4257 3339 4311 humiliter
3375 4258 3707 4323 inspiciamus.

2172 4347 2347 4416 Digito
2374 4347 2665 4401 scribamus
2696 4348 2747 4401 in
2771 4356 2911 4403 terra
2938 4390 2953 4413 ,
2986 4348 3035 4403 id
3058 4359 3141 4403 est
3167 4388 3183 4414 ,
3216 4348 3525 4403 discrimine
3554 4346 3712 4399 solerti

2173 4453 2479 4507 pensemus,
2519 4453 2585 4491 an
2621 4453 2740 4491 cum
2776 4439 2930 4492 beato
2960 4438 3059 4493 Job
3101 4438 3281 4495 dicere
3312 4438 3572 4508 possimus
3597 4455 3607 4488 :
3630 4433 3712 4488 Ne-

2173 4545 2277 4599 que
2301 4532 2441 4595 enim
2485 4529 2829 4599 reprehendit
2869 4545 2966 4583 uos
2995 4544 3092 4584 cor
3114 4539 3350 4583 nostrum
3377 4531 3428 4582 in
3458 4528 3599 4582 omni
3626 4528 3711 4578 vita

2173 4631 2374 4676 nostra.
2408 4622 2549 4676 Bene
2575 4624 2660 4690 qui
2693 4621 2990 4675 inclinatus
3010 4622 3225 4689 scripsit
3254 4623 3305 4677 in
3342 4633 3503 4685 terra,
3532 4628 3713 4674 erectus

2176 4712 2555 4768 misericordia:
2584 4714 2740 4767 verba
2768 4711 3033 4780 depromit
3068 4730 3080 4764 :
3115 4714 3234 4780 quia
3264 4714 3403 4780 quod
3434 4728 3526 4779 per
3558 4715 3715 4764 buma-

2177 4821 2258 4859 nte
2288 4803 2604 4858 inﬁrmitatis
2633 4806 2942 4861 societatem
2970 4802 3215 4872 promisit
3237 4843 3252 4865 ,
3284 4819 3381 4868 per
3405 4802 3595 4856 divine
3627 4803 3714 4850 vir-

2179 4906 2343 4951 tutem
2374 4896 2622 4963 potentiae
2653 4896 2954 4949 hominibus
2978 4895 3191 4948 domum
3220 4894 3435 4963 pietatis
3463 4891 3709 4962 impendit.

2247 4987 2483 5058 Erigens,
2516 4987 2701 5056 inquit,
2736 4984 2972 5048 seJesus,
3002 4986 3131 5038 dixit
3149 4986 3197 5038 ei
3218 5001 3238 5039 :
3271 4984 3487 5046 Mulier,
3519 4984 3599 5035 ubi
3622 4992 3716 5035 sunt

2178 5079 2263 5149 qui
2289 5086 2334 5131 te
2357 5078 2704 5132 accersebant?
2734 5075 2900 5130 Nemo
2925 5086 2977 5130 te
2999 5075 3388 5129 condemnauit?
3428 5074 3553 5140 Qua
3573 5073 3675 5125 dicit
3703 5085 3715 5121 :

2182 5174 2368 5240 Nemo,
2401 5174 2630 5227 Domine.
2666 5173 2831 5227 Nemo
2865 5171 3225 5226 condemnare
3266 5181 3429 5222 ausus
3452 5176 3532 5221 est
3559 5178 3715 5233 pecea-

2182 5267 2365 5319 tricem
2386 5305 2401 5329 ,
2426 5266 2545 5335 quia
2576 5266 2627 5319 in
2669 5278 2728 5318 se
2768 5277 2992 5318 cernere
3028 5259 3217 5331 singuli
3260 5267 3532 5328 cmperant
3559 5296 3574 5320 ,
3604 5252 3714 5323 (μανι

2182 5358 2349 5427 magis
2374 5357 2730 5411 damnandum
2759 5361 3161 5425 cognoscerent.
3194 5350 3300 5407 Sed
3333 5351 3456 5419 quia
3489 5359 3711 5402 accusan-

2183 5452 2314 5505 tium
2346 5452 2496 5504 turba
2548 5450 2750 5517 prolato
2777 5447 2995 5517 justitiae
3026 5444 3262 5514 pondere
3292 5441 3493 5511 fugavit
3515 5481 3529 5503 ,
3568 5436 3717 5490 videa-

2182 5558 2297 5600 mus
2326 5549 2627 5595 accusatam
2675 5549 2869 5610 quanto
2913 5537 3293 5593 misericordia:
3323 5548 3545 5588 munere
3571 5531 3717 5585 suble-

2181 5648 2287 5694 vet.
2320 5636 2569 5706 Sequitur
2600 5653 2611 5687 :

2253 5730 2395 5787 Dixit
2418 5740 2584 5785 autem
2608 5728 2756 5783 Iesus
2784 5744 2803 5787 :
2837 5726 2943 5782 Nec
2972 5742 3061 5799 ego
3095 5735 3140 5780 te
3165 5720 3527 5779 condemnabo.
3572 5716 3716 5771 l'odt.
