3822 6226
137 357 220 413 757

1013 362 1084 419 ΙΝ
1125 365 1184 421 S.
1222 362 1504 422 JOANNIS
1543 360 1987 421 EVANGELIUM
2032 361 2416 449 EXPOSlTIO.‘

3227 369 3333 429 736

121 498 166 544 ει
187 482 390 554 amplius
416 493 520 534 non
557 492 784 548 peccare.
815 475 1072 543 Quoniam
1112 477 1418 532 misericors
1458 485 1514 531 et
1541 475 1657 545 pius
1687 482 1734 537 Α
1763 488 1935 528 verum
1950 482 2023 527 est
2048 473 2385 528 testimonium
2413 477 2733 546 meum,quia
2751 491 2855 532 scio
2879 477 3015 532 unde
3035 476 3144 532 mi
3161 488 3210 531 et
3233 495 3333 549 quo

121 586 212 640 est,
238 572 490 643 praeterita
523 569 726 624 relaxat
755 585 769 622 ;
802 569 1051 637 quoniam
1075 568 1249 636 justus
1271 577 1353 623 est
1381 611 1398 635 ,
1427 577 1481 622 et
1504 568 1660 636 justi-

130 669 242 722 tiam
269 663 468 732 diligit,
511 678 578 716 ne
617 660 844 729 amplius
876 659 985 730 jam
1016 668 1216 728 peccet,
1247 658 1532 713 interdicit.
1561 656 1662 711 Ve-

125 775 228 812 rum
257 758 368 826 quia
401 767 646 828 poterant
676 757 919 810 dubitare
961 753 1121 824 aliqui
1168 769 1232 828 an
1274 763 1450 821 posset
1479 751 1654 815 Jesus,

120 862 262 915 quem
291 862 464 901 verum
496 845 768 900 hominem
801 855 1078 909 noverant,
1117 844 1385 898 dimittere
1415 851 1654 911 peccata,

120 937 338 1004 dignatur
366 935 478 1003 ipse
505 939 739 1004 apertius
763 935 884 1004 quid
909 933 1162 988 divinitas
1194 934 1380 994 valeat,
1413 931 1658 985 ostende-

118 1042 186 1079 re.
234 1027 348 1081 Post
387 1027 654 1094 repulsam
700 1041 927 1095 namque
959 1033 1276 1079 tentatoruui
1313 1021 1602 1090 nequitiam
1632 1058 1650 1087 ,

118 1128 226 1186 pust
255 1121 466 1170 solutam
496 1119 808 1185 peccatricis
841 1119 1069 1186 culpam.

181 1207 358 1261 lterum
384 1211 576 1264 locutus
600 1221 694 1274 est,
723 1209 834 1280 Ego
862 1225 974 1264 sum
1001 1210 1091 1262 tua:
1119 1207 1294 1261 mundi
1317 1221 1334 1260 :
1364 1206 1447 1275 qui
1487 1204 1654 1270 sequi—

115 1310 193 1351 :ur
216 1318 307 1365 me,
336 1317 432 1352 non
454 1303 678 1355 ambulat
709 1302 760 1354 in
791 1302 1025 1366 tenebris,
1055 1302 1142 1353 sed
1163 1298 1360 1352 habebit
1391 1300 1554 1352 lucem
1575 1297 1651 1350 vi-

115 1403 190 1444 tor.
232 1391 317 1447 Ubi
349 1392 624 1446 manifeste
665 1394 819 1447 docet
855 1407 960 1446 non
999 1391 1167 1445 solum
1202 1406 1308 1460 qua
1337 1389 1652 1442 auctoritate

116 1485 304 1538 mulieri
335 1497 542 1554 peccata
571 1485 872 1547 dimiserit,
912 1485 1006 1539 sed
1048 1485 1208 1538 etiam
1237 1483 1376 1550 quod
1424 1483 1538 1549 ipse
1582 1482 1680 1532 sit-

113 1590 223 1628 vera
253 1577 351 1640 lui,
378 1590 494 1642 qua:
526 1575 789 1629 illuminat
811 1589 1018 1628 omnem
1047 1573 1320 1628 hominem
1348 1563 1648 1626 venientem

113 1668 158 1718 in
191 1667 315 1718 hunc
343 1666 616 1720 mundum.
647 1664 808 1734 Cujus
838 1674 1144 1733 perpetuum
1169 1663 1508 1730 splendorem
1544 1662 1647 1714 huc

112 1771 252 1808 mana
279 1755 522 1823 fragilitas
553 1755 736 1810 videre
767 1771 869 1808 non
903 1756 1178 1822 potuisset,
1223 1754 1324 1808 nisi
1358 1754 1495 1807 nube
1523 1766 1645 1806 car-

113 1847 185 1897 nis
215 1854 482 1914 tegeretur,
527 1861 621 1913 per
657 1860 813 1912 quam
852 1847 998 1913 quasi
1026 1860 1121 1916 per
1146 1845 1405 1913 quoddam
1430 1845 1646 1899 lucidis-

107 1936 282 1988 sinium
328 1936 592 2004 speculum
620 1975 635 1998 ,
682 1935 845 1990 divini
892 1935 1103 1989 luminis
1147 1937 1358 1989 claritas
1395 1934 1646 1989 humanis

109 2027 352 2077 mentibus
379 2027 734 2078 innotesceret
775 2040 791 2079 :
838 2042 952 2092 quae
994 2026 1096 2079 fide
1127 2025 1397 2093 purganda
1421 2035 1503 2078 est
1531 2067 1544 2085 .
1590 2035 1645 2078 ut

111 2113 228 2166 tanti
262 2114 458 2166 luminis
488 2125 704 2180 35p8Clll
745 2115 899 2183 digna
939 2115 1217 2170 eliiciatnr.
1249 2115 1395 2171 Unde
1426 2126 1643 2170 secmiis

105 2204 170 2253 ait
197 2221 208 2253 :
239 2203 328 2268 Qui
352 2206 572 2273 sequitur
598 2220 693 2268 me,
727 2221 824 2258 non
856 2206 1074 2259 ambulat
1095 2207 1147 2261 in
1171 2207 1407 2276 tenebris,
1437 2207 1526 2262 sed
1547 2206 1644 2260 lia-

105 2293 216 2346 babi’t
258 2293 413 2346 lumen
454 2295 585 2349 vine.
626 2295 727 2362 Qui
759 2298 891 2350 meis
919 2297 1076 2351 modo
1101 2297 1268 2366 jussis
1303 2307 1355 2353 et
1383 2301 1645 2366 exemplis

107 2383 392 2451 obsequitur
418 2424 432 2449 ,
467 2399 570 2438 non
602 2385 809 2438 timebit
841 2386 891 2439 in
931 2385 1106 2440 futuro
1135 2387 1385 2442 tenebras
1423 2389 1644 2442 damna-

109 2473 272 2536 tionis,
313 2475 398 2527 sed
424 2475 594 2527 lucem
629 2474 801 2542 potius
828 2474 968 2538 vitae,
1001 2473 1087 2528 ubi
1128 2491 1394 2545 nunquam
1429 2492 1645 2542 prorsus

108 2564 357 2628 moriatur,
409 2564 642 2618 habebit.
696 2563 896 2633 Itaque,
931 2564 1121 2618 fratres
1177 2569 1306 2629 mei,
1362 2581 1647 2635 sequamur

110 2651 351 2707 Christum
382 2656 553 2707 lumen
585 2653 794 2719 mundi,
824 2667 892 2708 ne
928 2653 1260 2708 ambulemus
1293 2655 1345 2707 iii
1379 2656 1640 2710 tenebris.

109 2747 341 2800 Tenebrte
364 2746 659 2801 metuende
689 2756 830 2811 sunt,
864 2761 1091 2812 morum,
1119 2761 1222 2799 non
1245 2746 1518 2801 oculorum
1547 2764 1560 2813 ;
1588 2754 1645 2802 et

108 2839 144 2890 si
162 2839 432 2899 oculorum,
451 2851 554 2890 non
571 2837 914 2901 exteridrum,
934 2837 1026 2891 sed
1043 2837 1372 2903 interiorum,
1386 2839 1524 2894 unde
1537 2840 1644 2893 dis-

107 2929 313 2978 cernitur
327 2941 423 2979 non
442 2927 620 2979 album
644 2926 942 2994 etnigrum,
969 2925 1272 2994 sedjustum
1294 2937 1347 2981 et
1366 2927 1639 2995 injustum.

107 3012 219 3067 Cum
254 3030 370 3083 ergo
395 3015 615 3070 dixisset
640 3015 898 3069 Dominus
939 3024 1120 3068 noster
1153 3014 1308 3070 Jesus
1348 3014 1593 3070 Christus
1627 3034 1638 3070 :

167 3105 529 3172 Responderunt
554 3105 729 3159 Judtri
766 3121 784 3158 :
816 3103 895 3160 Tu
929 3104 994 3158 de
1020 3113 1067 3158 te
1095 3105 1433 3159 testimonium
1464 3107 1587 3159 dicis
1622 3121 1638 3158 :

106 3195 412 3248 testiinonium
455 3207 593 3248 tuum
639 3212 742 3249 non
772 3205 844 3249 est
878 3211 1073 3250 verum.
1108 3197 1403 3263 Antequam
1433 3197 1640 3250 veniret

109 3283 343 3337 Dominus
367 3294 538 3339 noster
567 3286 722 3340 Jesus
754 3285 995 3340 Christus
1023 3324 1039 3352 ,
1077 3286 1270 3340 multas
1297 3297 1418 3339 ante
1460 3301 1518 3341 se
1556 3287 1639 3361 lu-

106 3386 276 3426 cernas
318 3375 641 3441 pr0pheticas
682 3377 926 3430 accendit
975 3385 1029 3431 et
1068 3377 1233 3430 misit.
1269 3376 1342 3431 De
1390 3378 1472 3432 liis
1523 3365 1641 3432 erat

107 3465 242 3516 etiam
291 3463 503 3518 Joannes
533 3465 797 3534 Baptista,
826 3466 910 3518 cui
940 3473 1044 3519 tam
1075 3481 1322 3535 magnum
1353 3467 1520 3534 ipsum
1553 3468 1636 3520 lu-

106 3541 218 3606 meti
236 3555 367 3622 quod
384 3554 740 3620 cstChristus,
773 3555 1041 3622 perhibuit
1070 3557 1454 3620 testimonium,
1483 3555 1638 3624 quale

106 3645 216 3696 nulli
235 3644 513 3698 hominum.
535 3646 771 3698 Aitenim
796 3662 808 3696 :
829 3645 892 3698 In
917 3647 1045 3698 natis
1059 3646 1324 3698 mulierum
1347 3662 1445 3698 non
1467 3662 1638 3700 surre-

103 3735 166 3784 xit
190 3734 340 3802 major
358 3733 556 3787 Joanne
572 3733 802 3802 Baptista
825 3733 1037 3800 (Matth.
1071 3735 1166 3805 XI).
1193 3736 1289 3788 llic
1314 3745 1510 3802 tamen,
1533 3751 1638 3803 quo

106 3838 246 3876 nemo
269 3836 370 3876 erat
395 3826 559 3892 major
584 3829 632 3876 iii
660 3827 797 3878 natis
825 3825 1127 3890 mulierum,
1159 3827 1377 3879 dicitde
1409 3827 1636 3880 Domino

106 3926 265 3968 nostro
308 3914 425 3968 Jesu
459 3933 470 3965 :
516 3914 626 3984 Ego
665 3916 871 3984 quidem
911 3916 1105 3982 baptizo
1147 3931 1230 3968 vos
1271 3918 1323 3967 in
1368 3933 1522 3984 aqua,
1551 3918 1636 3984 qui

103 4014 250 4055 autem
278 4006 393 4055 venit
433 4013 542 4070 post
581 4020 658 4056 me
682 4043 696 4066 ,
733 4004 912 4072 fortior
941 4021 1017 4057 me
1061 4015 1132 4058 est
1162 4020 1178 4057 :
1208 4007 1354 4075 cujus
1397 4023 1496 4058 non
1525 4023 1635 4058 sum

106 4097 267 4162 dignus
307 4098 688 4146 catceamenium
717 4096 909 4149 solvere
935 4096 1112 4166 (Joan.
1139 4099 1200 4163 i).
1237 4095 1422 4149 Videte
1454 4111 1638 4166 qui-nt-

104 4189 357 4239 admodum
409 4201 466 4240 se
515 4187 733 4241 lucerna
791 4188 894 4241 diei
963 4191 1276 4242 summittat.
1337 4190 1630 4244 Lucernam

107 4292 214 4328 vero
243 4280 400 4344 ipsum
431 4278 693 4331 Joannem
740 4277 898 4332 fuisse
949 4279 1200 4332 Dominus
1244 4280 1355 4347 ipse
1387 4288 1630 4333 testatur.

109 4365 191 4420 Ille
215 4378 328 4428 erat.
361 4370 544 4437 inquit,
572 4371 782 4420 lucerna
824 4369 1004 4421 ardens
1030 4377 1073 4420 et
1104 4369 1308 4432 lucens;
1348 4379 1393 4421 et
1433 4385 1521 4421 t'os
1550 4384 1632 4420 vo-

1765 569 1914 625 oado.
1934 566 2141 624 Patrem
2161 569 2371 624 volebat
2394 569 2640 640 intelligi.
2658 569 2798 625 Patri
2813 568 3035 641 gloriam
3063 571 3222 626 dabat
3245 573 3332 626 Fi-

1767 663 1867 719 lius
1881 678 1894 726 ;
1908 663 2122 733 aequalis
2141 662 2404 733 gloritlcat
2419 668 2542 718 eum
2564 679 2592 716 a
2613 680 2715 732 quo
2734 673 2814 718 est
2832 664 3057 720 missus:
3079 675 3330 731 quantum

1764 752 1921 806 debet
1946 755 2104 806 homo
2149 753 2446 822 glorificare
2470 768 2590 808 eum
2617 768 2648 806 a
2681 767 2788 824 quo
2813 761 2897 808 est
2924 753 3173 808 creatus!
3207 753 3330 808 Scia

1763 845 1901 898 unde
1930 845 2060 910 veni,
2091 853 2137 899 et
2166 861 2266 916 quo
2291 846 2441 898 uado.
2478 845 2581 899 iste
2602 845 2689 911 qui
2745 846 2800 898 in
2852 845 3134 913 praseutia
3178 845 3328 899 vobis

1765 936 2020 1006 loquitur,
2053 937 2212 992 habet
2242 937 2379 1004 quod
2413 951 2516 991 non
2547 936 2810 1000 deseruit,
2840 937 2932 990 sed
2960 945 3132 989 tamen
3164 937 3327 990 venit.

1763 1027 1876 1080 Non
1909 1028 2047 1081 enim
2077 1028 2340 1082 veniendo
2369 1026 2490 1081 inde
2518 1026 2788 1092 discescit,
2822 1033 2912 1079 aut
2949 1025 3202 1082 rediendo
3234 1039 3328 1076 nos

1761 1117 2209 1186 dereliquit.Quid
2228 1117 2670 1171 miramini‘lDeus
2688 1125 2907 1183 est,non
2933 1126 3105 1183 potest
3121 1114 3327 1188 [F.leg.

1765 1217 1956 1276 potest,
1989 1206 2301 1278 aﬂirmative]
2334 1207 2436 1262 hoc
2467 1207 2600 1271 lieri,
2633 1209 2728 1260 sed
2758 1207 2825 1259 ab
2853 1208 3066 1261 homine
3096 1222 3199 1260 non
3227 1223 3324 1273 po-

1764 1308 1867 1354 test
1897 1301 1996 1354 hoc
2028 1301 2256 1354 lleri.Ab
2289 1301 2401 1369 ipso
2423 1299 2500 1353 sol
2525 1298 2747 1354 Oriente
2778 1298 2947 1366 pergit
2975 1298 3038 1352 ad
3071 1299 3331 1353 Occiden-

1762 1397 1889 1453 tem,
1906 1399 1961 1443 et
1988 1388 2188 1444 deserit
2209 1389 2500 1444 Orientem.
2515 1389 2629 1442 Non
2659 1397 2740 1442 est
2763 1390 2813 1442 in
2835 1388 3056 1443 Oriente
3075 1388 3329 1442 Dominus

1761 1489 1945 1534 noster
1971 1478 2127 1534 Jesus
2156 1479 2417 1543 Christus,
2452 1489 2505 1533 et
2533 1480 2717 1543 venit;
2743 1489 2797 1532 et
2833 1479 2904 1532 ibi
2934 1489 3037 1542 est,
3063 1490 3118 1532 et
3148 1479 3326 1541 rediit,

1759 1579 1816 1626 et
1838 1571 1923 1625 hic
1945 1580 2046 1624 est.
2075 1570 2208 1625 Audi
2241 1571 2412 1639 ipsum
2454 1569 2836 1638 evangelistam
2868 1569 2974 1623 alio
3003 1570 3119 1622 loco
3149 1569 3329 1624 dicen-

1762 1675 1890 1730 tem,
1922 1672 1977 1720 et
2004 1666 2046 1718 si
2079 1674 2250 1734 potes,
2283 1681 2451 1732 cape;
2485 1665 2530 1718 si
2564 1679 2666 1717 non
2689 1673 2870 1731 potes,
2902 1664 3060 1716 crede
3090 1679 3103 1714 :
3143 1660 3326 1728 Deum,

1759 1753 1950 1822 inquit,
1981 1769 2126 1806 nemo
2154 1753 2277 1806 vidit
2299 1770 2540 1822 unquam,
2570 1754 2667 1805 nisi
2695 1752 2984 1822 unigenitus
3017 1750 3207 1816 Filius,
3239 1767 3328 1820 qui

1751 1854 1822 1898 est
1852 1846 1905 1898 in
1936 1845 2051 1898 sinu
2084 1843 2277 1910 Patris,
2307 1847 2412 1914 ipse
2440 1845 2690 1897 enarrarit
2729 1844 2906 1911 (Joan.
2939 1842 3001 1912 i).
3034 1841 3146 1894 Non
3174 1841 3322 1906 dixit,

1747 1935 1871 1990 Fuit
1923 1937 1974 1990 in
2025 1935 2143 1990 sinu
2195 1935 2387 2010 Panis.
2422 1935 2516 1990 llic
2565 1934 2896 2002 loquebatur,
2928 1945 2980 1986 et
3014 1933 3081 1986 ibi
3117 1946 3177 1985 se
3205 1946 3324 1984 esse

1745 2029 1957 2082 dicebat
1986 2045 1998 2078 :
2031 2031 2118 2096 qui
2166 2038 2218 2082 et
2265 2028 2385 2082 hinc
2429 2027 2762 2080 discessurus
2809 2024 2935 2094 quid
2982 2024 3151 2078 dixit?
3191 2022 3323 2077 Ecce

1747 2133 1839 2186 ego
1866 2118 2119 2170 vobiscum
2139 2133 2250 2169 sum
2273 2117 2504 2169 omnibus
2532 2116 2707 2168 diebus
2734 2130 2892 2182 usque
2914 2114 2980 2164 ad
3009 2128 3324 2166 consumma-

1747 2209 1934 2262 tionem
1955 2208 2128 2262 saculi
2148 2205 2358 2279 (Matth.
2385 2208 2590 2276 ιινιιι).
2618 2207 2756 2275 Ergo
2783 2220 2960 2261 verum
2981 2213 3064 2260 est
3081 2205 3323 2259 testimo-

1747 2299 1889 2352 nium
1924 2300 2156 2363 luminis,
2191 2299 2302 2352 sive
2330 2314 2388 2352 se
2416 2296 2679 2362 ostendat,
2709 2299 2820 2350 sive
2857 2297 2956 2350 alia
2993 2314 3004 2348 :
3034 2298 3155 2364 quia
3204 2297 3321 2350 sine

1747 2391 1947 2446 lumine
1977 2406 2079 2446 non
2115 2400 2289 2460 potest
2318 2391 2482 2444 videri
2515 2393 2710 2456 lumen,
2742 2398 2796 2443 et
2824 2389 2938 2442 sine
2966 2389 3164 2443 lumine
3211 2404 3318 2442 non

1749 2491 1923 2551 potest
1952 2483 2120 2537 videri
2151 2482 2421 2552 quodlibet
2459 2481 2599 2535 aliud
2639 2480 2780 2550 quod
2830 2494 2933 2534 non
2983 2489 3064 2534 est
3114 2480 3314 2534 lumen.

1746 2575 1929 2645 Itaque
1967 2575 2145 2628 lumen
2174 2583 2227 2628 et
2256 2576 2490 2641 seipsum
2539 2573 2789 2637 ostendit,
2821 2581 2875 2627 et
2901 2585 3022 2640 qua:
3069 2572 3212 2625 circa
3261 2585 3322 2624 se

1746 2675 1891 2718 sunt.
1941 2662 2022 2716 Ita
2065 2672 2118 2719 et
2155 2663 2393 2716 Christus
2420 2673 2472 2716 et
2501 2662 2731 2730 seipsum
2780 2659 3031 2724 ostendit,
3082 2669 3136 2714 et
3184 2660 3319 2714 alios

1745 2753 2034 2820 illuminat,
2076 2768 2194 2822 quae
2232 2753 2489 2808 charitate
2518 2753 2656 2805 circa
2684 2765 2743 2806 se
2767 2761 2910 2816 sunt,
2939 2760 2996 2807 et
3023 2764 3320 2820 sequuntur

1747 2843 1898 2896 illum
1950 2858 2054 2897 non
2103 2843 2294 2913 pedum
2346 2843 2634 2912 gressibus,
2667 2844 2760 2897 sed
2791 2842 3064 2895 cliaritatis
3103 2842 3315 2896 olliciis.

1745 2931 1887 2989 Duos
1944 2935 2200 2988 adventus
2235 2933 2440 2987 Domini
2473 2933 2638 2988 nostri
2677 2932 2800 2986 Jesu
2847 2931 3044 2985 Christi
3094 2932 3317 3000 legimus

1744 3019 1796 3074 in
1853 3020 2142 3088 Scripturis
2196 3020 2392 3073 sanctis
2429 3035 2458 3073 a
2497 3019 2766 3087 prophetis
2824 3033 2962 3072 esse:
2989 3021 3270 3086 praedictos
3302 3038 3313 3070 :

1744 3123 1904 3162 unum
1937 3109 2336 3174 misericordiae,
2365 3109 2452 3178 qui
2483 3119 2726 3178 peractus
2753 3115 2834 3162 est
2861 3125 2874 3173 ;
2907 3108 3131 3162 alterum
3175 3109 3315 3177 judi-

1743 3200 1833 3266 cii,
1859 3200 1946 3269 qui
1978 3210 2229 3254 venturus
2257 3208 2358 3254 est.
2393 3199 2564 3252 Prima
2595 3213 2721 3266 ergo
2749 3197 3073 3264 dispensatio
3102 3198 3312 3252 Domini

1744 3291 1914 3345 nostri
1941 3290 2066 3345 Jesu
2098 3290 2314 3354 Christi,
2373 3289 2723 3353 medicinalis,
2756 3304 2859 3342 non
2894 3287 3160 3357 judicialis
3211 3301 3314 3343 est.

1742 3380 1874 3435 Nam
1905 3381 1948 3435 si
1981 3381 2153 3449 primo
2185 3382 2413 3435 venisset
2448 3379 2796 3448 judicaturus,
2850 3382 3114 3433 neminem
3167 3381 3315 3432 inve-

1740 3471 1907 3526 nisset
1932 3472 2016 3524 cui
2045 3469 2491 3538 prminiajiistitite
2535 3468 2802 3522 redderet.
2848 3467 2980 3534 Quia
3023 3482 3148 3537 ergo
3187 3469 3316 3522 vidit

1739 3576 1927 3618 omnes
1957 3570 2285 3628 peccatores,
2315 3570 2370 3615 et
2394 3562 2609 3616 omnino
2640 3562 2905 3614 neminem
2955 3577 3073 3616 esse
3123 3561 3314 3616 iiniiin-

1741 3666 1860 3707 nem
1893 3666 1921 3703 a
1949 3659 2119 3704 morte
2151 3650 2371 3719 peccati,
2427 3652 2570 3718 prius
2614 3661 2729 3704 crat
2777 3650 2894 3718 ejus
2943 3651 3307 3706 misericordia

1742 3741 2109 3811 prieroganda,
2142 3752 2195 3793 ct
2227 3748 2346 3808 post
2388 3741 2742 3794 exercendum
2784 3739 3062 3807 judicium,
3095 3742 3215 3808 quia
3247 3741 3314 3796 de

1740 3832 1828 3885 illo
1857 3841 2155 3886 cantaverat
2209 3830 2508 3893 Psalinista,
2543 3827 2951 3882 Misericordia»;
2981 3840 3028 3884 et
3049 3831 3310 3899 judicium

1736 3925 1952 3976 cantabo
1979 3923 2064 3975 tibi
2097 3921 2310 3974 Domine
2337 3918 2504 3988 (Psal.
2528 3919 2730 3987 c).Non
2760 3920 2901 3974 enim
2933 3921 3027 3988 ait,
3050 3919 3310 3974 Judicinin

1739 4021 1788 4066 et
1846 4011 2264 4065 misericordiam
2297 4025 2312 4062 :
2346 4023 2464 4062 nam
2493 4011 2536 4062 si
2568 4010 2791 4076 primum
2845 4017 2987 4062 esset
3033 4009 3307 4077 judicium,

1739 4103 1882 4158 nulla
1936 4091 2075 4155 esset
2111 4100 2505 4165 misericordia;
2557 4099 2649 4152 sed
2704 4098 2875 4165 primo
2917 4098 3304 4163 misericordia,

1741 4203 1921 4264 postea
1950 4192 2221 4260 judicium.
2254 4191 2381 4257 Quae
2410 4200 2488 4242 est
2518 4191 2687 4257 prima
2718 4187 3114 4242 misericordia?
3140 4189 3306 4245 Crea-

1741 4295 1821 4338 tor
1851 4285 2104 4348 hominis,
2136 4282 2294 4336 homo
2340 4295 2458 4335 esse
2502 4279 2744 4349 dignatus
2787 4290 2868 4333 est
2900 4295 2915 4334 :
2950 4279 3119 4336 factus
3165 4283 3303 4350 quod

1741 4376 1958 4440 fecerat,
1989 4389 2054 4427 ne
2085 4373 2278 4441 periret
2306 4371 2443 4440 quod
2475 4369 2690 4423 iecerat.
2740 4369 2875 4434 Quid
2928 4369 3050 4423 huic
3099 4372 3306 4425 miseri-

107 4462 246 4513 [uitiis
273 4473 331 4511 aa
362 4462 532 4512 horam
573 4463 828 4514 exsultare
856 4461 908 4512 in
936 4462 1121 4514 lumine
1161 4463 1288 4525 eius.
1326 4461 1632 4528 Responde-
1663 4493 1713 4555 Β
1738 4464 1932 4520 cordia:
1961 4461 2077 4516 audi
2109 4461 2317 4531 potest?
2347 4460 2563 4514 Addidit
2592 4467 2764 4512 tamen
2800 4476 2812 4510 :
2848 4474 2966 4512 nam
2994 4463 3306 4526 rcproliatiis

108 4566 209 4606 runt
238 4570 354 4624 ergo
381 4555 543 4609 Juilzei
578 4573 588 4606 :
636 4554 715 4608 Tu
754 4556 815 4606 de
852 4564 898 4607 te
928 4555 1266 4608 testimonium
1297 4555 1423 4606 dicis
1452 4569 1470 4606 :
1501 4556 1636 4608 testi-

109 4649 306 4698 nionniin
351 4658 484 4698 tuum
533 4662 632 4700 non
681 4655 755 4699 est
797 4661 966 4698 verum
1009 4643 1184 4712 (Joan.
1237 4645 1312 4714 v).
1357 4644 1638 4698 Videamus

110 4740 217 4801 quid
239 4741 460 4801 audiant,
487 4739 765 4792 audiamus
795 4748 847 4790 et
871 4751 990 4798 nos,
1023 4737 1115 4790 sed
1148 4753 1250 4789 non
1273 4738 1408 4790 sicut
1432 4738 1500 4791 illi
1527 4755 1542 4801 ;
1567 4739 1636 4791 illi

109 4836 496 4893 c-ititemnentes,
525 4843 622 4881 nos
644 4827 962 4887 credentes;
993 4825 1069 4880 illi
1094 4825 1360 4880 Christum
1391 4827 1638 4880 occidere

109 4917 329 4972 volentes
355 4959 368 4984 ,
406 4934 501 4971 nos
543 4933 633 4984 per
659 4916 928 4970 Christum
963 4914 1140 4970 vivere
1169 4917 1459 4984 cupientes.
1497 4916 1637 4970 intc-

113 5008 198 5058 riin
252 5011 339 5060 ista
376 5008 620 5062 distantia
658 5007 950 5075 distinguat
988 5019 1144 5060 aures
1183 5018 1492 5074 mentesque
1541 5024 1636 5059 no-

113 5111 230 5151 stras
254 5139 266 5161 ,
305 5110 354 5154 et
379 5101 648 5155 audiamus
691 5099 819 5169 quid
856 5097 1054 5154 ludatis
1085 5099 1421 5167 responderit
1453 5099 1636 5154 Domi-

115 5205 218 5244 nus.

174 5281 423 5351 Respondit
444 5280 614 5346 Jesus,
647 5291 692 5336 et
722 5281 851 5335 dixit
875 5283 949 5334 eis
979 5298 994 5335 :
1025 5279 1134 5334 Etsi
1149 5297 1250 5352 ego
1301 5282 1640 5336 testimonium

113 5375 166 5424 de
183 5389 253 5425 ate
273 5376 508 5441 perhibeo,
539 5391 711 5428 verum
733 5388 803 5427 est
829 5375 1166 5427 testimonium
1197 5390 1379 5439 meum,
1404 5376 1520 5443 quia
1533 5377 1640 5427 scio

116 5468 230 5520 unde
276 5468 375 5518 seni
422 5477 592 5533 etquo
634 5467 782 5518 uado.
833 5464 1032 5519 Lumen
1088 5473 1140 5518 et
1178 5464 1276 5516 alia
1316 5466 1644 5518 demonstrat

115 5569 160 5612 et
180 5560 406 5622 seipsum,
433 5560 668 5612 Christus
691 5569 742 5611 et
765 5574 822 5612 se
845 5559 1075 5610 ostendit
1091 5568 1143 5612 et
1163 5557 1366 5610 Patrem
1392 5557 1638 5621 ostendit,

115 5649 236 5703 etde
256 5645 432 5701 Iudaeis
463 5648 585 5716 quid
608 5661 750 5702 esset
773 5657 1069 5702 venturum.
1101 5649 1237 5716 Ergo
1263 5649 1335 5700 ait
1368 5648 1641 5710 DoinEiins,

117 5751 163 5793 et
193 5755 352 5794 verum
389 5740 501 5794 ait:
534 5737 648 5792 Etsi
682 5755 772 5810 ego
808 5739 869 5793 de
909 5755 983 5793 me
1023 5741 1359 5794 testimonium
1385 5739 1642 5805 perhibito,

1741 4567 1820 4612 est
1857 4555 1924 4609 ab
1967 4555 2291 4620 hominibus,
2348 4567 2442 4621 pro
2489 4564 2712 4619 quorum
2768 4553 2936 4604 salute
2988 4564 3202 4605 venerat
3244 4553 3301 4606 in

1737 4646 2010 4701 mundum.
2045 4644 2320 4698 lrrisioncs
2347 4639 2619 4704 sustinuit,
2651 4640 2873 4708 ﬂagella,
2906 4649 3082 4710 sputa.
3113 4655 3306 4709 appro-

1738 4737 1852 4790 bria
1883 4736 2236 4800 inimicorum,
2271 4730 2622 4798 turpissimam
2654 4741 2878 4783 mortem
2926 4731 3118 4783 crucis.
3175 4731 3299 4784 ll.t:c

1738 4828 1912 4881 omnia
1948 4824 2214 4890 sustinuit,
2245 4828 2366 4893 quia
2397 4822 2582 4875 voluit.
2621 4821 2815 4886 Voluit,
2843 4831 2898 4874 ut
2927 4821 3156 4875 salvaret
3204 4823 3303 4874 lio-

1739 4919 1954 4981 tninem,
1986 4931 2143 4986 quem
2175 4924 2465 4970 creaverat.
2497 4913 2704 4966 Nullum
2735 4925 2899 4981 genus
2926 4913 3109 4966 mortis
3158 4913 3300 4965 inio-

1739 5009 2011 5065 lerabilius
2041 5009 2137 5061 fuit
2162 5021 2339 5073 cruce,
2375 5014 2586 5075 propter
2633 5005 2816 5072 longos
2866 5002 3147 5056 cruciatus.
3196 5001 3302 5056 Seil

1739 5098 1865 5153 nihil
1896 5111 2030 5149 nunc
2059 5094 2360 5165 gloriosius,
2393 5107 2548 5159 quam
2580 5090 2784 5159 signum
2814 5090 2986 5143 crucis
3018 5099 3225 5156 portare
3251 5089 3300 5142 in

1739 5190 1930 5242 fronte.
1950 5186 2098 5241 Unde
2114 5185 2395 5254 Apostolus
2415 5182 2748 5251 ait,'gloriam
2772 5183 2946 5234 crucis
2972 5179 3262 5247 praedicans
3284 5193 3301 5232 :

1742 5280 1870 5334 Mihi
1901 5290 2065 5332 autem
2095 5275 2219 5332 absit
2248 5277 2475 5346 gloriari,
2507 5273 2600 5326 nisi
2631 5274 2682 5326 in
2709 5287 2853 5326 cruce
2903 5270 3104 5324 Domini
3143 5273 3301 5322 nostri

1739 5371 1864 5426 Iesu
1893 5371 2100 5436 Christi,
2133 5385 2219 5436 per
2246 5383 2386 5437 quem
2418 5366 2545 5418 mihi
2585 5363 2802 5416 mundus
2831 5361 3107 5428 cruciﬁxus
3136 5370 3226 5422 est,
3257 5369 3302 5410 et

1741 5479 1831 5534 ego
1863 5463 2050 5515 mundo
2073 5461 2268 5529 (Galut.
2294 5461 2388 5525 vi).
2420 5457 2552 5522 Quia
2581 5454 2722 5509 venit
2752 5451 3016 5506 neminem
3042 5449 3299 5519 judicare,

1742 5561 2125 5620 consequenter
2155 5549 2349 5603 inda-is
2381 5545 2651 5614 respondit
2685 5559 2698 5599 :

1822 5643 1923 5698 Vos
1964 5644 2238 5697 secundum
2285 5645 2486 5694 carnem
2525 5638 2771 5710 judicatis
2800 5648 2939 5703 :ego
2985 5647 3085 5684 non
3124 5630 3305 5702 judico

1745 5755 2059 5809 quemquam.
2094 5735 2314 5791 Pertulit
2344 5735 2593 5802 injustam
2620 5727 2896 5799 judicium,
2928 5734 2985 5778 ut
3014 5733 3188 5792 ageret
3229 5718 3304 5790 ju.
