3822 6226
449 366 557 423 759
882 363 1083 418 DEDJ".
1130 360 1573 417 VENERABlLlS
1614 359 1762 415 OPP.
1808 358 1984 416 PARS
2026 358 2089 413 ll.

2133 360 2322 417 εεοτ.
2368 360 2407 414 Ι.
2443 390 2509 401 --
2550 359 2939 416 EXEGETICA
2983 362 3303 420 CENUINA.
3589 366 3682 421 736

445 490 619 544 stum;
652 478 745 533 sed
769 478 821 533 in
843 492 906 532 eo
932 478 1070 546 quod
1094 478 1305 548 pertulit
1336 474 1615 546 iujustum,
1638 475 2013 530 misericordia:
2046 477 2098 534 Α
2125 474 2366 545 Nunquid
2394 490 2487 543 per
2516 488 2573 530 se
2601 475 2706 529 duo
2735 475 2977 531 homines
3009 491 3193 531 verum
3224 478 3407 534 dicunt
3460 481 3684 536 testimo-

448 572 565 628 fuit.
596 571 830 639 Denique
860 572 931 624 ita
965 570 1177 624 humilis
1208 569 1375 623 laetus
1404 580 1508 634 est,
1534 579 1591 623 ut
1620 568 1919 635 perveniret
1960 565 2029 620 ad

448 677 683 717 crucem.
741 660 960 714 Distulit
1015 661 1226 728 quidem
1264 662 1583 727 potentiam,
1619 658 1712 713 sed
1746 658 2032 727 publicavit
2084 669 2088 673 '

450 752 894 806 misericordiam.
947 749 1098 806 Unde
1146 750 1352 805 distulit
1408 750 1738 819 potentiam?
1793 752 1913 815 quia
1967 750 2034 805 de

449 858 611 898 cruce
651 841 983 896 descendere
1027 841 1218 903 noluit,
1259 841 1348 909 qui
1382 841 1548 909 potuit
1574 841 1639 894 de
1669 841 1914 906 sepulcro
1946 854 2032 893 re-

451 946 668 1000 surgere
691 931 881 997 (Marc.
920 929 1028 1000 xv).
1065 929 1216 985 Unde
1248 929 1536 998 publicavit
1566 929 2032 989 misericordiam?

451 1023 569 1091 quia
603 1022 839 1090 pendens
870 1021 920 1074 in
951 1034 1108 1075 cruce
1136 1021 1270 1074 dixit
1295 1038 1307 1072 :
1333 1018 1510 1086 Pater,
1534 1022 1735 1088 ignosce
1764 1020 1888 1082 illis,
1917 1021 2037 1090 quia

452 1113 683 1166 nesciunt
710 1111 833 1178 quid
864 1112 1057 1179 faciunt
1081 1111 1233 1181 (Luc.
1276 1112 1451 1179 χχιιι).
1499 1112 1621 1166 Sive
1666 1126 1794 1179 ergo
1824 1124 2037 1180 propter

453 1204 578 1269 hoc,
608 1206 730 1271 quia
759 1216 865 1255 non
898 1212 1115 1256 venerat
1136 1202 1376 1270 judicare
1401 1202 1675 1267 ntttndum,
1706 1202 1799 1255 sed
1830 1204 2038 1257 salvare

454 1294 730 1359 mundum,
750 1293 903 1360 dixit,
929 1292 1037 1363 Ego
1053 1294 1346 1363 nonjudico
1360 1309 1690 1362 quemquam;
1709 1294 1840 1357 sive,
1856 1309 2037 1362 quem-

454 1384 742 1437 admodum
793 1384 1262 1449 commemoravi,
1319 1385 1567 1451 quoniam
1621 1385 1828 1440 dixerat
1886 1403 1898 1438 :
1942 1384 2039 1440 Vos

454 1478 731 1530 secundum
758 1492 963 1529 carnem
1008 1476 1294 1548 judicatis,
1328 1476 1521 1529 addidit
1551 1493 1565 1530 :
1594 1475 1705 1546 Ego
1736 1493 1835 1530 non
1858 1479 2039 1549 judico

457 1584 788 1637 quemquam;
818 1578 873 1622 ut
909 1568 1262 1637 intelligamus
1294 1567 1561 1622 Christum
1599 1587 1701 1623 non
1745 1572 2039 1626 seCUndum

456 1674 675 1715 carnem
704 1662 967 1729 judicare,
1018 1663 1241 1717 sicutab
1270 1663 1576 1716 hominibus
1624 1664 1892 1730 judicatus
1938 1673 2035 1718 est.

462 1749 594 1805 Nam
624 1760 681 1805 ut
708 1752 1006 1821 agnoscatis
1038 1750 1146 1821 jam
1179 1761 1232 1808 et
1256 1753 1490 1822 judicent
1524 1755 1818 1821 Christum,
1864 1756 2044 1812 audite

457 1842 584 1912 quid
616 1846 855 1913 sequitur
891 1862 901 1896 :

538 1932 608 1988 Et
638 1937 681 1988 si
700 1937 881 2004 judico
921 1952 1032 2006 ego,
1071 1937 1329 2006 judicium
1381 1954 1544 1989 meum
1587 1954 1754 1991 verum
1782 1949 1872 1994 est.
1907 1938 2042 1993 Ecce

461 2026 621 2099 habet
650 2040 699 2082 et
728 2027 1010 2097 judicium.
1043 2031 1146 2085 Sed
1173 2044 1403 2099 agnosce
1452 2034 1792 2095 salvatorem,
1825 2048 1890 2087 ne
1916 2048 2040 2087 sen-

461 2120 558 2170 tias
594 2117 852 2187 judicem.
898 2119 1073 2185 Quare
1116 2132 1293 2174 autem
1325 2121 1454 2175 dixit
1480 2120 1737 2189 judicium
1767 2136 1921 2177 suum
1952 2138 2043 2177 ve-

462 2223 581 2261 rum
603 2207 762 2262 esse?

534 2298 666 2365 Quia
686 2298 848 2365 solus,
874 2299 1063 2368 inquit,
1092 2317 1191 2354 non
1214 2317 1347 2367 sunt,
1375 2302 1463 2355 sed
1486 2318 1597 2372 ego,
1625 2312 1669 2355 et
1693 2305 1780 2370 qui
1805 2320 1881 2355 me
1905 2304 2042 2358 misit

469 2387 649 2443 Pater.
681 2390 819 2458 Quid
848 2404 929 2446 est
959 2392 1137 2448 missio
1174 2396 1395 2462 Christi,
1430 2395 1527 2449 nisi
1558 2398 1848 2452 incarnatio
1897 2397 2043 2467 ejus?

473 2481 668 2535 Missus
700 2494 778 2536 est
808 2482 1073 2548 Christus,
1106 2486 1247 2539 idem
1273 2495 1355 2539 est
1377 2502 1438 2540 ac
1464 2489 1509 2541 si
1536 2488 1702 2556 dicas,
1737 2490 2045 2544 lncarnatus

464 2580 553 2626 cst
582 2570 845 2627 Christus.
883 2574 945 2627 Et
968 2588 998 2628 a
1029 2574 1184 2628 Patre
1215 2576 1407 2631 missus
1436 2588 1538 2645 est,
1566 2588 1619 2633 et
1648 2594 1676 2631 a
1710 2580 1864 2634 Patre
1914 2596 2047 2632 nun-

470 2680 629 2734 quani
660 2668 916 2733 recessit;
940 2678 991 2721 et
1024 2668 1107 2721 hic
1132 2668 1226 2722 fuit
1256 2684 1349 2735 per
1379 2670 1799 2727 incarnationem
1831 2688 1848 2727 ι
1877 2680 1932 2727 ει
1962 2672 2048 2726 hic

473 2770 553 2815 est
580 2761 739 2816 modo
767 2777 859 2830 per
888 2764 1239 2819 divinitatem.
1289 2764 1444 2820 Fides
1474 2780 1600 2833 ergo
1626 2766 1846 2821 mandet
1885 2766 2045 2820 corda

468 2860 649 2904 nostra
682 2868 693 2903 :
723 2861 779 2904 ut
823 2850 1121 2907 intellectus
1174 2855 1390 2922 impleat
1432 2856 1593 2910 corda
1639 2866 1841 2921 nostra,
1891 2866 1944 2912 et
1990 2866 2049 2913 ιιι

470 2941 829 3011 intelligamus
873 2938 1183 3012 mysterium
1226 2946 1413 3000 salutis
1451 2958 1665 3001 nostrae.
1715 2948 1893 3002 Altum
1941 2959 2045 3014 est,

474 3028 797 3101 profundum
847 3042 951 3098 est,
1002 3044 1268 3089 secretum
1312 3047 1414 3089 est.
1461 3034 1573 3091 Una
1614 3045 1694 3091 (ει
1730 3039 2046 3104 substantia,

478 3138 580 3178 una
607 3124 877 3188 divinitas,
906 3140 1007 3178 una
1031 3125 1278 3194 majestas
1304 3127 1475 3192 Patris
1500 3138 1553 3184 et
1578 3130 1725 3187 Filii.
1756 3131 1912 3186 Pater
1942 3147 2046 3185 non

478 3230 663 3282 passus
691 3223 793 3279 est,
823 3214 917 3270 sed
947 3216 1090 3271 solus
1123 3218 1302 3272 Filius.
1347 3221 1483 3290 Ergo
1528 3222 1888 3291 intelligamus
1918 3226 2046 3276 mis-

478 3305 686 3359 sionem
723 3303 840 3357 Filii
872 3307 1192 3359 nominatam
1226 3308 1638 3363 incarnationem
1670 3310 1807 3365 Filii.
1842 3311 2052 3367 Patrem

477 3404 653 3449 autem
684 3394 1018 3451 incarnatum
1058 3413 1179 3454 esse
1210 3414 1311 3455 non
1342 3402 1544 3456 credas.
1602 3403 1749 3458 Unde
1793 3420 1920 3475 ergo
1961 3422 2055 3463 ve-

480 3503 595 3540 rum
629 3494 712 3541 εει
734 3488 992 3556 judicium
1024 3488 1159 3560 ejus,
1191 3492 1293 3545 nisi
1324 3497 1444 3561 quia
1475 3510 1633 3549 verus
1660 3494 1828 3550 Filius
1853 3508 1935 3551 est
1965 3499 2056 3551 Pa-

480 3578 609 3631 tris?
635 3578 758 3631 ldeo
784 3578 915 3632 dixit
946 3598 957 3631 :
987 3579 1251 3635 Iudicium
1276 3598 1441 3636 meum
1471 3600 1639 3637 verum
1668 3598 1759 3651 est,
1778 3589 1897 3655 quia
1918 3570 2054 3642 solus

476 3684 576 3721 non
603 3685 713 3722 sum
730 3672 875 3731 ;-sed
900 3686 1013 3737 ego,
1045 3681 1091 3724 et
1122 3674 1205 3740 qui
1245 3690 1323 3727 me
1348 3676 1487 3727 misit
1532 3674 1705 3728 Pater.
1742 3677 1883 3731 Idem
1928 3694 2055 3747 ergo

480 3759 531 3811 in
557 3760 668 3813 alio
686 3761 799 3813 loco
814 3761 945 3814 dixit
972 3780 982 3812 :
1011 3759 1121 3831 Ego
1143 3773 1187 3814 et
1217 3761 1366 3815 Pater
1386 3782 1539 3817 unum
1564 3783 1739 3819 simius
1763 3768 1938 3834 (Joan.
1967 3784 2051 3834 xi;

478 3862 639 3910 unum
674 3848 727 3902 in
760 3849 1078 3913 substantia,
1133 3853 1237 3905 duo
1277 3854 1331 3906 in
1372 3857 1637 3921 persiinis.
1700 3855 1869 3909 Unum
1926 3859 2057 3911 dixit

480 3948 697 4010 propter
746 3940 1058 3995 substantiae
1099 3944 1396 4008 unitatem;
1444 3961 1616 3998 sumus
1663 3946 1795 4001 dixit
1842 3960 2057 4018 propter

486 4043 834 4097 personarum
862 4030 1280 4085 distinetionem.
1314 4034 1449 4087 Audi
1478 4036 1602 4104 quid
1630 4037 1783 4101 dixit,
1827 4036 1959 4106 Ego,
2010 4049 2056 4092 et

484 4127 570 4192 qui
598 4125 732 4178 misit
756 4141 832 4177 me
864 4124 1038 4178 Pater.
1075 4128 1345 4195 Distingue
1373 4146 1645 4195 persOnas,
1678 4149 1907 4201 agnosce
1934 4135 2053 4201 quia

485 4216 639 4268 l'ater
668 4222 813 4282 pater
831 4224 935 4280 est,
957 4230 1184 4282 agnosce
1210 4232 1330 4283 quia
1362 4218 1523 4271 Filius
1542 4218 1678 4275 titius
1693 4235 1793 4285 εει,
1814 4226 1943 4275 ncin
1970 4222 2056 4274 ba-

490 4303 725 4355 rathrum
760 4303 1044 4358 Sabelliani
1080 4310 1450 4373 perveniaszet
1474 4313 1575 4364 noli
1608 4312 1805 4377 dicere,
1838 4315 1986 4368 Aliud
2007 4326 2057 4370 et

485 4394 646 4459 aliud,
680 4396 774 4448 sed
801 4394 903 4456 dic,
930 4397 1073 4449 Alius
1100 4409 1151 4450 et
1174 4398 1325 4451 alius.
1352 4399 1466 4453 Non
1497 4402 1635 4455 aliud
1662 4405 1711 4455 in
1740 4407 2054 4471 substantia,

2134 568 2323 623 nium?
2373 566 2559 622 Nonne
2588 566 2692 621 duo
2722 567 2837 622 falsi
2872 578 3032 622 testes
3062 577 3244 623 contra
3281 570 3572 626 Susannam
3601 574 3685 627 fal-

2134 675 2248 714 sum
2278 664 2609 730 protulerunt
2651 660 3055 713 testiinonium?
3088 661 3151 715 Et
3175 660 3375 716 Judreis
3419 666 3687 732 quaerenti-

2135 750 2232 804 bus
2254 750 2442 803 falsum
2469 748 2829 803 testimonium
2861 760 3042 803 contra
3064 748 3359 814 Christum,
3392 752 3512 804 dicit
3536 768 3683 805 evan-

2134 842 2356 908 gelista,
2405 840 2691 895 Novissime
2720 853 2959 894 venerunt
3001 842 3101 895 duo
3142 844 3263 913 falsi
3304 854 3447 896 testes
3486 845 3685 913 (Matth.

2135 933 2304 1002 X\V|).
2339 932 2581 1002 Nunquid
2615 933 2736 1001 quia
2767 933 2871 985 duo
2903 943 3075 995 erant.
3108 934 3228 988 ideo
3260 934 3374 987 falsi
3407 943 3564 987 testes
3598 953 3686 989 nun

2136 1025 2320 1080 erant?
2347 1025 2483 1092 Quid
2523 1026 2590 1079 de
2615 1027 2820 1080 duobus
2837 1026 3063 1080 dicimus
3086 1028 3167 1081 vel
3188 1028 3395 1082 tribus?
3422 1028 3689 1084 Universos

2140 1119 2362 1187 papirius
2394 1119 2651 1172 mentitus
2673 1128 2758 1172 est
2789 1127 2974 1173 c0ntra
3004 1118 3299 1173 Christum.
3330 1121 3385 1175 Si
3415 1136 3537 1189 ergo
3567 1130 3690 1175 totus

2138 1210 2381 1278 populus,
2406 1209 2496 1278 qui
2518 1218 2725 1263 constat
2750 1222 2813 1262 ex
2837 1223 3024 1279 magna
3048 1207 3319 1262 hominum
3349 1210 3685 1275 multitudine,

2140 1301 2328 1355 falsum
2378 1302 2735 1356 teetimonium
2791 1300 2969 1354 dicere
3011 1301 3258 1353 inventus
3298 1311 3399 1364 est,
3448 1304 3688 1370 quomodo

2140 1394 2502 1460 accipiendum
2526 1400 2630 1455 est,
2664 1392 2715 1444 in
2742 1405 2827 1444 ore
2858 1392 3075 1443 duorum
3103 1390 3179 1443 uel
3207 1390 3360 1442 trium
3388 1392 3579 1442 testium
3604 1401 3692 1442 ιιι.-

2143 1487 2209 1539 bit
2238 1502 2383 1540 omne
2406 1485 2641 1540 uerbum?
2688 1484 2787 1537 nisi
2815 1483 2935 1552 quia
2967 1483 3067 1535 hoc
3097 1482 3255 1535 modo
3285 1496 3378 1549 per
3409 1481 3688 1549 mysterium

2144 1576 2374 1629 Trinitas
2404 1574 2771 1630 commendata
2801 1585 2902 1635 est,
2938 1573 2988 1626 in
3021 1586 3121 1641 qua
3155 1582 3405 1641 perpetua
3454 1572 3687 1625 stabilitas

2146 1668 2383 1721 veritatis
2414 1676 2516 1721 est.
2551 1665 2606 1720 Si
2639 1667 2715 1719 vis
2756 1666 2951 1717 habere
2999 1665 3189 1715 bonam
3235 1676 3470 1721 causam,
3523 1662 3692 1713 habet.)

2147 1757 2280 1812 duos
2326 1756 2409 1811 vel
2455 1766 2562 1811 tres
2612 1766 2795 1817 testes,
2846 1755 3079 1815 l'atrem,
3130 1753 3341 1817 Filium,
3376 1762 3431 1806 et
3460 1752 3689 1819 Spiritum

2146 1858 2408 1902 sanetum.
2465 1846 2705 1917 Denique
2758 1844 2971 1914 quando
3017 1846 3279 1907 Susanna,
3338 1853 3483 1895 casta
3522 1843 3690 1896 femina

2146 1939 2418 2006 lidelisque
2449 1938 2665 2007 conjux,
2700 1937 2906 1991 duobus
2938 1936 3081 1989 falsis
3120 1936 3342 1989 testibus
3372 1936 3689 2001 arguebatur,

2146 2027 2374 2083 Trinitas
2403 2027 2480 2082 illi
2513 2028 2563 2081 in
2599 2028 2923 2082 conscientia
2957 2037 3111 2095 atque
3146 2027 3196 2079 in
3226 2026 3434 2079 occulto
3457 2024 3690 2092 suifraga-

2148 2122 2319 2187 batur,
2349 2121 2425 2175 illi
2450 2121 2681 2174 Trinitas
2704 2121 2766 2172 de
2793 2120 3001 2174 occulto
3028 2135 3185 2171 unum
3222 2128 3407 2171 testem
3445 2118 3687 2171 Dauielem

2147 2212 2415 2276 excitavit,
2443 2220 2497 2267 et
2519 2211 2653 2265 duos
2694 2210 2943 2264 convicit.
2977 2211 3111 2277 Ergo
3136 2211 3255 2277 quia
3288 2210 3340 2260 in
3375 2212 3491 2279 lege
3534 2220 3689 2261 vestra

2150 2304 2412 2372 scriptum
2444 2314 2546 2371 est,
2588 2302 2813 2355 duorum
2847 2300 3117 2353 hominum
3151 2299 3505 2352 testimonium
3534 2313 3691 2351 verum

2149 2410 2291 2459 esse,
2322 2398 2541 2462 accipite
2571 2405 2804 2448 nostrum
2836 2394 3223 2458 testimonium,
3257 2409 3324 2447 ne
3353 2392 3587 2446 sentiatis
3626 2392 3695 2457 jn-

2151 2487 2370 2540 dicium.
2418 2483 2535 2555 Ego
2573 2496 2762 2551 autem,
2809 2484 2999 2553 inquit,
3030 2500 3131 2536 non
3152 2484 3330 2551 judico
3374 2499 3693 2551 quemquam:

2154 2579 2511 2632 testimonium
2542 2576 2792 2643 perhibeo
2821 2575 2888 2628 de
2916 2590 3022 2639 me,
3055 2574 3242 2628 dilTero
3287 2573 3559 2643 judicium.
3608 2575 3692 2626 Eli-

2153 2680 2357 2733 gamus,
2391 2668 2603 2731 fratres,
2632 2664 2989 2719 testimonium
3038 2664 3155 2727 Dei,
3204 2667 3321 2733 quia
3362 2666 3690 2718 testimonium

2155 2760 2245 2815 Dei
2290 2774 2470 2814 verum
2503 2770 2603 2814 est.
2638 2758 2702 2812 Et
2729 2759 2978 2827 quoniam
3031 2758 3181 2811 testis
3206 2769 3285 2811 est
3316 2758 3549 2810 omnium
3596 2774 3693 2823 quae

2153 2852 2382 2919 egimus,
2434 2850 2597 2919 judex
2628 2850 2731 2903 erit
2759 2851 2991 2901 omnium
3040 2862 3158 2916 qua:
3205 2846 3453 2912 fecimus;
3484 2861 3535 2900 et
3561 2850 3693 2900 alium

2154 2957 2258 2998 non
2288 2943 2479 3011 qumrit
2512 2951 2699 2995 testem
2734 2940 2832 2993 nisi
2860 2940 3094 3007 seipsum
3128 2955 3140 2991 :
3168 2938 3287 3005 quia
3316 2940 3493 2991 omnia
3518 2954 3694 2993 Stcret:

2160 3034 2330 3089 cordis
2360 3033 2525 3087 nostri
2552 3031 2873 3093 considerat,
2906 3038 2957 3083 et
2986 3029 3107 3096 quid
3140 3045 3202 3083 ex
3233 3044 3336 3097 quo
3367 3028 3507 3081 fonte
3540 3044 3697 3093 prove-

2160 3126 2244 3179 dat
2268 3140 2281 3176 :
2308 3122 2429 3177 ideo
2456 3124 2623 3186 testis,
2648 3121 2769 3187 quia
2800 3137 2903 3174 non
2926 3121 3115 3187 quierit
3144 3121 3301 3172 alium
3337 3120 3473 3172 unde
3500 3135 3697 3191 cognos-

2155 3227 2237 3268 cat
2267 3217 2355 3284 qui
2380 3214 2473 3277 sis,
2508 3215 2587 3267 vel
2620 3213 2791 3281 qualis
2816 3212 2884 3265 sit
2914 3213 3016 3264 vita
3050 3219 3155 3273 tua,
3190 3213 3278 3275 qui
3311 3211 3489 3263 reddet
3518 3212 3695 3262 unicui-

2154 3322 2257 3375 que
2312 3305 2599 3360 secundum
2629 3318 2788 3371 opera
2819 3316 2934 3355 sua.
2970 3301 3378 3369 Responderunt
3404 3316 3526 3368 ergo
3548 3300 3689 3352 Juda-i

2158 3398 2380 3452 Domino
2407 3396 2637 3465 loquenti
2672 3397 2737 3448 de
2768 3394 2925 3448 Patre
2964 3410 3081 3456 suo,
3114 3404 3165 3447 et
3202 3394 3446 3447 dixerunt
3476 3411 3488 3446 :

2232 3488 2327 3541 Ubi
2358 3497 2428 3540 est
2458 3495 2600 3555 pater
2628 3486 2779 3538 tuus?
2811 3483 3017 3537 Patiem
3048 3484 3242 3539 Christi
3269 3487 3544 3537 carnaliter
3571 3498 3698 3535 acre-

2157 3590 2368 3648 pcrunt,
2399 3581 2518 3645 quia
2558 3580 2715 3631 verba
2743 3576 2943 3629 Christi
2974 3576 3263 3628 secundum
3296 3588 3501 3627 carnem
3526 3576 3696 3638 indos-

2156 3678 2361 3721 vmmt.
2398 3668 2525 3719 Erat
2555 3676 2728 3720 autem
2768 3668 2855 3732 qui
2899 3667 3234 3733 loquebatur,
3279 3669 3327 3718 in
3360 3680 3537 3732 aperto
3574 3680 3696 3726 caro,

2158 3763 2207 3814 iti
2235 3761 2444 3814 occulto
2475 3759 2705 3814 Verbum
2734 3776 2747 3813 :
2774 3759 2931 3811 homo
2960 3754 3296 3819 manifestus,
3316 3757 3449 3809 Deus
3471 3762 3697 3810 occultas.

2162 3853 2443 3905 Videamus
2492 3866 2617 3919 ergo
2656 3850 2792 3919 .quid
2847 3851 2911 3902 ad
2966 3851 3077 3901 bu'c
3127 3849 3385 3903 Dominus
3440 3850 3693 3915 respondit.

2162 3942 2257 3995 Ubi
2301 3952 2392 4005 est,
2439 3942 2703 4010 inquiunt,
2744 3938 2905 3993 Pater
2945 3940 3102 3993 tuus?
3149 3941 3460 3993 Audivinins
3496 3942 3621 3992 enim
3662 3951 3699 3990 te

2157 4038 2357 4101 dicere,
2384 4039 2538 4092 Solus
2564 4055 2665 4091 non
2694 4052 2831 4102 sum,
2856 4040 2944 4092 sed
2970 4052 3067 4106 ego
3092 4047 3145 4090 et
3167 4040 3253 4105 qui
3283 4054 3366 4092 me
3395 4041 3529 4091 misit
3556 4042 3696 4090 l‘atcr.

2159 4130 2265 4183 Nos
2294 4132 2462 4182 solum
2497 4139 2549 4181 te
2571 4129 2828 4193 videmus,
2863 4138 3061 4195 patrem
3089 4138 3233 4179 tuum
3265 4139 3435 4181 tecum
3465 4145 3561 4180 non
3588 4128 3699 4179 ride-

2160 4235 2297 4272 mus.
2324 4219 2599 4284 Quomodo
2631 4228 2680 4270 te
2707 4220 2857 4280 dicis,
2885 4219 3054 4269 solum
3085 4234 3186 4269 non
3209 4233 3346 4280 esse,
3380 4222 3468 4271 sed
3488 4234 3595 4270 Cum
3631 4232 3694 4281 pa-

2163 4320 2241 4363 tre
2266 4322 2352 4363 tuo
2382 4311 2538 4364 esse?
2568 4310 2691 4373 Αυι,
2722 4309 2953 4362 Ostende
2981 4311 3131 4361 nobis
3181 4319 3353 4360 tecum
3384 4325 3499 4362 esse
3526 4320 3696 4373 patrem

2161 4413 2329 4457 tuttm.
2374 4405 2434 4457 Et
2482 4404 2734 4457 Dominus
2769 4420 2780 4453 :
2820 4399 3063 4468 Nunquid
3092 4417 3167 4452 me
3196 4400 3391 4461 ridetis,
3436 4410 3478 4452 et
3523 4398 3696 4450 Patrem

486 4486 577 4541 sed
610 4490 742 4540 alius
777 4489 826 4539 in
870 4501 1129 4555 persona;
1184 4505 1287 4543 non
1326 4491 1482 4545 Pater
1531 4496 1719 4560 major,
1755 4512 1856 4549 non
1896 4498 2057 4551 Filius
2090 4530 2135 4589 ο
2163 4513 2324 4549 meum
2352 4511 2450 4548 non
2479 4495 2693 4547 videtis?
2723 4494 2823 4546 hoc
2841 4495 2979 4545 enim
3006 4502 3259 4558 sequ.tur.
3293 4494 3390 4543 hoc
3421 4492 3527 4542 suis
3555 4490 3695 4541 vevbis

488 4578 661 4630 minor
690 4578 739 4629 in
769 4577 1066 4630 divinitatis
1096 4578 1283 4646 gloria.
1318 4578 1420 4632 Sed
1446 4582 1625 4647 crede,
1655 4600 1815 4637 unum
1847 4603 2055 4644 sumus.

490 4668 614 4723 ldco
660 4671 801 4737 quod
850 4669 989 4721 dixit
1046 4670 1161 4737 ipsa
1196 4672 1402 4724 Veritas
1450 4690 1627 4737 unum,
1682 4676 1869 4729 liberat
1918 4688 1966 4731 te
1996 4681 2062 4733 ab

490 4763 617 4815 Ario
642 4779 651 4813 :
676 4761 814 4830 quod
855 4761 987 4813 dixit
1027 4778 1222 4825 sumus,
1254 4765 1440 4819 liberat
1471 4780 1499 4818 a
1525 4766 1772 4820 Sabellio.
1800 4768 1854 4821 Si
1881 4786 2057 4838 unum,

492 4870 596 4908 non
627 4870 753 4922 ergo
784 4853 1073 4915 diversum,
1101 4854 1144 4907 si
1187 4872 1381 4919 sumus,
1414 4873 1517 4910 non
1542 4874 1667 4929 ergo
1692 4874 1847 4913 unus.
1882 4862 1953 4914 De
1979 4862 2063 4931 ju-

492 4948 629 5001 dicio
666 4949 874 5000 dixerat
904 4947 1028 5001 dum
1061 4946 1212 5011 dixit,
1250 4948 1358 5018 Ego
1388 4966 1485 5002 non
1509 4952 1686 5021 judico
1715 4966 2013 5021 quamquam
2042 4970 2059 5006 :

491 5038 558 5092 de
592 5038 892 5090 testimonio
921 5054 1057 5089 nunc
1089 5040 1196 5090 vult
1226 5039 1403 5093 dicere
1430 5056 1443 5091 :

566 5126 631 5180 In
674 5130 799 5197 tege,
835 5129 1021 5196 inquit,
1055 5140 1213 5182 vestra
1260 5132 1505 5199 scriptum
1535 5141 1626 5185 est.
1676 5130 1864 5185 Vestra
1907 5132 2059 5195 dixit,

496 5232 742 5290 tanquam
774 5222 999 5288 diceret,
1036 5220 1089 5273 ln
1122 5223 1234 5289 lege
1264 5238 1379 5286 qua:
1410 5225 1556 5276 vobis
1585 5240 1611 5276 a
1645 5224 1753 5277 Deo
1804 5225 1924 5277 data
1960 5236 2059 5287 est,

491 5314 625 5365 siettl
650 5312 875 5364 dicimus
905 5326 1086 5379 panem
1135 5322 1361 5364 nostrum
1404 5316 1775 5380 quotidianum,
1828 5331 1986 5383 quem
2033 5332 2061 5368 a

498 5404 604 5455 lteo
633 5403 783 5455 nobis
813 5402 922 5454 dari
955 5404 1242 5469 poscimus.
1283 5402 1414 5469 Quid
1442 5413 1523 5455 est
1566 5405 1704 5473 quod
1738 5411 1786 5458 in
1818 5406 1931 5474 lege
1975 5423 2061 5458 ve—

493 5506 600 5545 stra
635 5495 886 5558 scriptum
918 5492 1043 5545 εειῖ

572 5586 703 5648 Quia
730 5588 947 5636 duorum
979 5585 1236 5637 hominum
1268 5586 1601 5637 testimonium
1632 5603 1798 5638 verum
1830 5597 1916 5639 est.
1950 5586 2061 5656 Ego

494 5692 630 5737 sum,
654 5675 741 5736 qui
770 5677 1110 5728 testimonium
1158 5677 1391 5744 perhibeo
1434 5679 1494 5728 de
1532 5679 1735 5742 meipso,
1768 5689 1813 5729 et
1844 5680 2061 5729 testium—

498 5772 617 5821 tium
644 5767 869 5835 perhibet
892 5766 1051 5818 deme
1072 5768 1157 5835 qui
1181 5770 1315 5821 misit
1342 5787 1432 5829 me,
1464 5768 1634 5822 Pater.
1664 5770 1926 5834 Dicet-aut,
1957 5782 2055 5821 etc.

2163 4589 2275 4651 ipse
2305 4586 2598 4653 respondit.
2630 4586 2864 4650 Quorum
2896 4588 3180 4636 verborum
3220 4584 3593 4646 expositionem
3621 4598 3695 4631 no~

2162 4686 2287 4728 ante
2312 4676 2682 4743 praemisimus.
2712 4673 2895 4726 Videte
2921 4672 3057 4725 enim
3088 4674 3208 4739 quid
3235 4674 3448 4724 dixerit.

2234 4765 2409 4833 Neque
2434 4782 2508 4818 me
2532 4764 2685 4823 scitis,
2721 4780 2877 4833 neque
2903 4762 3107 4815 Patrem
3137 4780 3317 4814 meum.
3345 4763 3403 4815 Si
3428 4778 3500 4813 me
3519 4762 3693 4818 sciretis,

2160 4868 2205 4911 et
2242 4856 2444 4909 Patrem
2472 4873 2636 4908 meum
2668 4856 2883 4909 sciretis.
2929 4855 3109 4908 Dicitis
3148 4870 3295 4920 ergo,
3348 4856 3439 4907 L‘bi
3471 4865 3546 4907 est
3573 4854 3695 4905 Pater

2164 4951 2314 5003 tuus?
2351 4950 2494 5017 quasi
2533 4964 2617 5001 me
2649 4946 2757 5016 jam
2803 4947 3000 5008 sciatis,
3060 4947 3206 5011 quasi
3258 4955 3421 4997 totum
3480 4952 3569 4996 hoc
3617 4944 3692 4995 sim

2161 5038 2298 5104 quod
2350 5040 2559 5091 videtis.
2610 5038 2748 5103 Ergo
2777 5038 2896 5105 quia
2931 5051 3013 5088 me
3040 5050 3142 5087 non
3176 5038 3367 5097 nostis,
3410 5035 3525 5087 ideo
3574 5034 3693 5084 vobis

2163 5130 2370 5182 Patrem
2424 5145 2598 5183 meum
2657 5144 2760 5181 non
2811 5128 3050 5181 ostendo.
3100 5127 3181 5179 Me
3225 5128 3421 5195 quippe
3462 5128 3692 5179 hominem

2167 5222 2391 5288 putatis,
2455 5221 2573 5271 ideo
2631 5228 2833 5284 patrem
2894 5230 3067 5269 meum
3134 5217 3401 5269 hominem
3458 5216 3691 5281 queritis,

2164 5314 2279 5381 quia
2316 5312 2605 5366 secundum
2646 5323 2858 5361 carnem
2887 5308 3135 5375 judicatis
3162 5326 3171 5359 :
3198 5310 3317 5375 quia
3360 5323 3484 5360 vero
3533 5323 3691 5360 serun-

2164 5407 2287 5456 dum
2337 5404 2475 5471 quod
2526 5400 2732 5467 videtis,
2784 5399 2925 5452 aliud
2985 5409 3214 5459 sum,et
3242 5400 3384 5451 aliud
3433 5398 3689 5452 secundum

2164 5492 2300 5559 (μιοά
2332 5509 2435 5545 non
2472 5492 2660 5545 videtis
2690 5508 2700 5542 :
2739 5489 2946 5542 Patrem
2977 5500 3153 5540 autem
3206 5503 3379 5539 meum
3424 5489 3597 5555 loquor
3619 5500 3691 5535 or-

2163 5590 2395 5651 cnltum;
2434 5586 2578 5653 prius
2608 5595 2690 5637 est
2720 5594 2777 5634 Ill
2816 5597 2899 5635 me
2943 5580 3229 5643 noveritis,
3280 5590 3403 5633 tunc
3439 5592 3490 5633 ct
3519 5581 3690 5631 Patrem

2166 5694 2337 5731 meum
2389 5677 2587 5729 scietis.
2623 5673 2681 5729 Si
2710 5675 2839 5727 enim
2872 5686 2948 5722 me
2976 5672 3188 5732 sciretis,
3230 5682 3276 5723 et
3317 5671 3518 5723 Patrem
3558 5683 3687 5717 mem

2168 5770 2379 5836 forsitan
2404 5767 2615 5820 sciretis.
2652 5766 2739 5818 Ille
2766 5764 2851 5831 qui
2883 5764 3055 5817 omnia
3088 5766 3203 5827 scit,
3238 5765 3444 5832 quando
3473 5764 3585 5815 dicit
3610 5760 3689 5828 {w-
