3822 6226
105 395 197 449 711

1010 407 1075 463 IN
1113 408 1172 465 S.
1214 409 1496 470 JOANNIS
1538 417 1986 479 EVANGELIUM
2030 423 2408 482 EXPOSITIO.

3213 441 3317 504 7H

103 507 258 573 sitan,
285 521 384 560 non
408 507 636 576 dubitat,
669 512 762 567 sed
795 513 1048 583 increpat.
1076 517 1303 610 Attende
1339 524 1480 578 enim
1523 542 1656 596 quo-
1680 538 1729 592 Α
1763 532 1967 589 Patrem
2013 553 2215 605 meum;
2260 548 2314 595 et
2353 539 2419 595 de
2459 554 2618 598 carne
2665 554 2931 617 suscepta,
2964 563 3124 620 quam
3150 556 3319 615 Judaei

103 596 258 652 modo
281 598 600 666 increpative
647 601 855 660 dicatur
882 605 1053 675 ipsum
1083 605 1318 678 forsitan,
1347 617 1488 685 quod
1516 619 1661 676 vide-

105 693 187 739 tur
214 701 324 743 esse
348 691 566 745 verbum
595 691 969 763 dubitationis;
992 700 1084 754 sed
1107 702 1325 758 verbum
1363 706 1659 765 dubitatio-

105 778 185 831 nis
226 786 303 835 at
329 781 540 849 quando
591 785 783 841 dicitur
819 789 888 845 ab
925 791 1158 860 homine,
1207 798 1328 853 ideo
1364 800 1660 872 dubitante,

104 871 226 936 quis
259 872 516 927 nesciente
547 891 559 926 :
591 889 710 929 cum
739 892 866 932 vero
894 879 1087 937 dicitur
1116 900 1144 938 a
1174 887 1283 942 Deo
1314 893 1530 946 verbum
1555 871 1659 950 du;

103 959 380 1024 bitationis,
407 977 530 1018 cum
565 964 727 1021 Deum
753 969 933 1037 utique
963 972 1091 1027 nihil
1122 975 1302 1042 lateat,
1334 980 1422 1034 illa
1451 982 1662 1037 dubita-

106 1049 247 1102 tione
297 1053 532 1119 arguitur
585 1053 890 1123 inﬁdelitas,
941 1074 1046 1115 non
1095 1064 1339 1132 Opinatur
1391 1069 1655 1126 divinitas.

104 1138 341 1196 Homines
365 1143 508 1196 enim
532 1144 599 1198 de
623 1144 886 1226 his‘rebus
913 1165 1043 1217 quas
1069 1165 1245 1209 certas
1297 1157 1512 1226 habent,
1562 1162 1660 1216 ali-

107 1233 307 1299 quando
334 1233 657 1302 increpative
683 1222 946 1305 dubitant,
978 1243 1028 1296 id
1061 1253 1163 1311 est,
1195 1249 1413 1302 verbum
1455 1222 1662 1306 dubita-

105 1323 255 1378 tionis
307 1335 526 1392 ponunt,
569 1341 698 1382 cum
746 1331 905 1385 corde
947 1349 1050 1386 non
1097 1334 1338 1391 dubitant
1371 1356 1384 1391 :
1416 1342 1561 1395 velut
1617 1345 1660 1399 si

104 1412 379 1482 indigneris
406 1429 566 1471 servo
594 1429 706 1483 tuo,
731 1431 782 1473 et
808 1420 977 1484 diras,
1005 1425 1316 1483 Contemnis
1352 1432 1479 1486 me?
1523 1435 1662 1489 Con-

103 1504 297 1570 sidera,
351 1506 565 1562 forsitan
624 1510 874 1569 Dominus
925 1515 1063 1572 Deus
1090 1527 1208 1572 tuus
1239 1535 1404 1582 sum:
1439 1523 1560 1579 hinc
1607 1537 1662 1581 et

105 1595 375 1662 Apostolus
412 1598 477 1652 ad
517 1602 776 1668 quosdam
827 1616 1220 1675 contemptores
1271 1626 1395 1669 suos
1443 1614 1663 1681 loquens

103 1684 171 1736 ait
195 1701 208 1736 τ
232 1683 360 1739 Puto
380 1698 547 1759 autem
567 1695 704 1760 quod
725 1705 769 1746 et
791 1711 881 1764 ego
899 1695 1148 1767 Spiritum
1173 1699 1267 1755 Dei
1290 1703 1445 1758 habeo
1469 1703 1519 1776 (1
1538 1704 1658 1762 Cor.

105 1775 212 1840 ru).
263 1775 406 1841 Quod
436 1777 566 1833 dicit
605 1794 746 1848 puto,
798 1786 1043 1843 dubitare
1067 1790 1313 1859 videtur;
1343 1795 1436 1849 sed
1468 1775 1552 1852 ille
1581 1797 1662 1852 in-
1695 1830 1699 1836 -

102 1875 290 1930 crepat,
334 1881 432 1919 non
473 1868 712 1935 dubitat;
744 1884 792 1925 et
829 1875 1079 1934 Dominus
1117 1878 1359 1937 Christus
1400 1886 1506 1939 alio
1546 1887 1664 1943 loco
1693 1894 1740 1956 Β

105 1953 371 2018 increpans
393 1959 759 2016 inﬁdelitatem
782 1963 1006 2022 futuram
1036 1972 1245 2039 generis
1268 1973 1509 2041 humani,
1532 1977 1661 2032 Cum

101 2045 298 2106 venerit,
330 2046 516 2112 inquit,
549 2047 598 2100 F
600 2050 718 2105 ilius
748 2052 987 2121 hominis,
1023 2069 1170 2125 putas
1199 2062 1410 2118 inveniet
1437 2066 1587 2135 ﬁdem
1608 2067 1662 2121 in

103 2135 263 2186 terra?
303 2134 446 2206 (Luc.
479 2139 622 2209 xm.)
654 2140 767 2196 Scit
793 2158 920 2212 ergo
960 2148 1162 2215 omnia,
1202 2165 1295 2220 per
1331 2134 1488 2221 quem
1527 2155 1661 2212 facta

103 2233 219 2277 sunt
272 2229 465 2291 cunnis,
517 2239 570 2283 et
623 2241 797 2287 tamen
849 2235 1142 2293 dubitando
1208 2241 1462 2312 increpat.
1496 2245 1557 2300 Si
1584 2261 1662 2300 nte

107 2316 308 2378 sciretis,
340 2328 386 2372 et
416 2322 626 2374 Patrem
653 2341 850 2379 _meum
904 2330 1124 2397 forsitan
1167 2335 1376 2390 sciretis.
1428 2337 1664 2406 Increpat

105 2406 365 2477 infideles,
409 2411 658 2468 admonet
715 2414 896 2472 ﬁdeles
941 2435 954 2471 :
1004 2427 1063 2474 ut
1105 2423 1277 2478 sciant
1326 2441 1482 2480 unam
1541 2441 1660 2484 esse

105 2495 446 2564 cognitionem
477 2498 657 2555 Patris
682 2511 739 2558 et
765 2502 884 2560 Filii
921 2523 934 2560 :
964 2517 1224 2577 quatenus
1252 2514 1422 2568 sciant
1470 2516 1660 2583 cogni-

113 2583 293 2638 tionem
327 2585 464 2653 Filii,
499 2590 862 2658 cognitionem
891 2608 1010 2650 esse
1039 2607 1094 2651 et
1123 2598 1316 2654 Patris.
1349 2602 1472 2659 Ideo
1501 2604 1662 2660 disci-

111 2677 222 2742 pulo
259 2677 427 2732 electo
473 2684 716 2748 poscenti
756 2694 812 2740 ut
853 2690 1226 2746 ostenderetur
1265 2693 1342 2747 eis
1370 2694 1545 2760 Pater,
1579 2710 1662 2750 re-

111 2766 343 2832 spondit:
375 2768 536 2823 Tanto
573 2782 796 2841 tempore
821 2776 1074 2832 vobiscum
1105 2797 1238 2845 sunt,
1257 2792 1311 2836 et
1347 2800 1445 2837 non
1473 2799 1662 2855 δοθησ-

113 2855 236 2908 cistis
273 2858 400 2911 me?
437 2856 704 2931 Philippe,
742 2865 831 2934 qui
871 2867 1004 2920 videt
1043 2885 1156 2934 me,
1196 2872 1327 2925 videt
1366 2883 1412 2927 et
1455 2874 1663 2928 Patrem

115 2943 272 3014 (Joan.
305 2949 426 3018 xv).
455 2950 512 3006 Si
544 2953 820 3011 dissimilis
847 2969 991 3014 esset
1025 2960 1185 3015 Filius
1217 2963 1381 3030 Patri,
1417 2967 1655 3036 nunquid

113 3037 295 3093 diceret
323 3041 595 3112 discipulis
623 3047 755 3114 suis,
789 3049 890 3116 Qui
913 3066 989 3104 me
1007 3052 1159 3118 videt,
1188 3055 1321 3108 videt
1341 3066 1388 3110 et
1411 3056 1657 3114 Patrem!

115 3124 334 3197 Nunquid
382 3130 585 3186 diceret
611 3135 834 3202 Jttdmis,
887 3139 947 3194 Si
988 3157 1067 3195 me
1109 3144 1325 3212 sciretis,
1369 3157 1414 3201 et
1454 3147 1660 3206 Patrem

115 3232 260 3269 nterim
287 3219 516 3274 sciretis?

1761 637 2047 693 noverant,
2080 636 2136 681 et
2164 628 2315 698 cujus
2349 631 2570 699 patriam
2609 636 2882 705 sciebant,
2914 643 3054 697 unde
3085 643 3187 700 illis
3215 649 3321 704 alio

1761 716 1876 773 loco
1905 718 2056 786 dixit,
2083 717 2150 774 Et
2172 727 2250 775 me
2279 723 2456 793 nostis,
2489 733 2535 778 et
2564 714 2695 782 unde
2722 731 2816 784 sim
2841 733 2978 788 scitis
3000 733 3172 805 (Joan.
3197 741 3317 808 vn).

1762 805 2056 880 Utrumque
2102 814 2410 869 noverimus
2460 816 2510 869 in
2540 816 2778 883 Christo,
2825 831 2882 875 et
2913 825 3053 879 unde
3101 805 3320 897 aequalis

1761 909 1844 954 est
1872 902 2034 970 Patri,
2058 911 2113 958 et
2140 905 2279 959 unde
2311 907 2398 960 illo
2427 907 2599 977 major
2623 919 2703 964 est
2729 911 2900 967 Pater.
2933 915 3061 969 Illud
3086 919 3314 975 .Vorlium

1757 1001 1864 1059 est,
1914 992 2038 1049 illud
2085 1011 2210 1052 caro
2255 1015 2268 1052 :
2315 998 2444 1055 illud
2495 1003 2629 1058 Deus
2678 1014 2778 1071 est,
2811 1007 2938 1062 illud
2992 1012 3176 1079 homo;
3224 1019 3319 1073 sed

1761 1097 1898 1138 unus
1920 1086 2179 1152 Christus,
2214 1091 2349 1145 Deus
2377 1101 2430 1146 et
2458 1091 2638 1147 homo.
2671 1097 2824 1151 Modo
2856 1100 2922 1160 de
2953 1116 3044 1154 sua
3076 1106 3323 1172 passione

1762 1173 1885 1240 quid
1916 1173 2216 1244 loqueretur
2242 1179 2508 1250 Christus,
2538 1186 2834 1243 audiamus.

1833 1279 1941 1353 Ego
1968 1287 2113 1353 vado,
2156 1287 2353 1357 inquit,
2384 1301 2430 1346 et
2455 1277 2694 1362 quieretis
2725 1314 2822 1353 me.
2873 1301 2985 1356 Non
3032 1302 3319 1376 desiderio,

1761 1373 1853 1427 sed
1881 1375 2021 1430 odio.
2038 1377 2168 1433 Nam
2199 1380 2367 1450 illum,
2395 1394 2742 1453 posteaquam
2769 1391 3027 1448 abscessit
3056 1396 3122 1450 ab
3153 1373 3323 1453 oculis

1764 1461 2068 1534 hominum,
2100 1468 2468 1542 inquisierunt,
2500 1481 2553 1529 et
2582 1478 2669 1544 qui
2702 1478 2942 1546 oderant,
2975 1491 3029 1536 et
3056 1484 3143 1552 qui
3175 1503 3324 1541 ama-

1765 1552 1934 1610 bant:
1967 1555 2038 1610 illi
2073 1563 2462 1630 persequendo,
2514 1564 2601 1621 isti
2646 1569 2842 1631 habere
2891 1574 3171 1642 cupiendo.
3227 1579 3325 1634 Bo-

1763 1657 1886 1696 num
1913 1654 1995 1700 est
2021 1647 2253 1703 animam
2286 1649 2480 1707 Christi
2531 1671 2795 1727 quaerere,
2826 1662 2919 1717 sed
2945 1667 3210 1732 quomodo
3236 1669 3323 1722 di-

1763 1732 1948 1802 scipuli
1979 1748 2096 1790 eam
2129 1739 2484 1808 quaesierunt;
2517 1753 2570 1798 et
2601 1747 2794 1802 malum
2827 1761 2911 1805 est
2938 1768 3181 1820 quaerere
3211 1758 3326 1812 aui-

1765 2107 1918 2149 verso
1945 2112 1958 2149 :
1991 2097 2129 2166 quod
2160 2110 2375 2156 secutus
2403 2103 2662 2171 adjunxit.
2715 2108 2977 2187 Quaeretis
3002 2127 3117 2179 me;
3169 2126 3222 2172 et
3255 2132 3323 2173 ne

1763 2186 1958 2255 putetis
1987 2190 2107 2260 quia
2135 2206 2222 2247 me
2251 2192 2387 2249 bene
2413 2197 2662 2264 quaeretis
2689 2216 2701 2252 :

1836 2299 1901 2356 In
1947 2313 2148 2374 peccato
2196 2315 2360 2360 vestro
2404 2309 2706 2365 moriemini.
2761 2313 2870 2368 Hoc
2921 2324 3004 2369 est
3048 2315 3316 2374 Christum

1766 2391 1903 2448 male
1925 2408 2184 2462 quaerere,
2219 2397 2272 2452 in
2302 2407 2519 2467 peccato
2551 2415 2648 2456 suo
2671 2404 2849 2472 (mori.
2898 2403 2956 2463 In
2986 2417 3202 2474 peccato
3227 2425 3325 2465 suo

1765 2486 2039 2550 morietur,
2084 2488 2171 2554 qui
2217 2487 2268 2542 in
2314 2498 2530 2558 peccato
2573 2505 2848 2560 permanet
2888 2510 3057 2563 usque
3083 2499 3148 2551 ad
3177 2503 3320 2552 inor-

1766 2582 1892 2626 tem.
1940 2573 2033 2630 Ille
2062 2574 2328 2631 Christum
2363 2594 2467 2634 non
2498 2580 2707 2648 quierit,
2738 2583 2827 2653 qui
2870 2586 3091 2642 salutem
3134 2590 3324 2646 animae

1763 2676 1874 2716 suae
1913 2679 2005 2732 per
2053 2664 2418 2734 paenitentiam
2465 2683 2570 2724 non
2611 2673 2818 2740 qmerit.
2875 2675 2954 2729 Ad
3000 2691 3157 2746 quem
3206 2694 3327 2747 pro-

1763 2753 1920 2823 pheta
1950 2755 2139 2810 clamat
2172 2775 2186 2810 :
2221 2758 2441 2823 Quwrite
2477 2763 2747 2816 Dominum
2774 2766 2895 2822 dum
2917 2768 3129 2822 inveniri
3170 2781 3329 2839 potest

1765 2842 1918 2914 (Isai.
1950 2849 2058 2913 ιν).
2115 2849 2212 2912 Qui
2276 2851 2675 2907 misericordem
2723 2855 2847 2908 dum
2902 2865 3110 2926 tempus
3163 2862 3320 2916 habet

1764 2947 1868 2988 non
1900 2937 2111 3005 quaerit,
2173 2937 2407 2994 inveniet
2435 2956 2558 2995 eum
2593 2942 2806 2997 iratum.
2839 2945 3036 3002 δυσαής
3069 2949 3219 3016 dixit,
3252 2949 3317 3004 In

1765 3035 1967 3095 peccato
2015 3039 2179 3082 vestro
2236 3031 2550 3097 moriemini,
2601 3036 2722 3102 quia
2770 3038 3084 3104 prmsciebat
3131 3055 3222 3095 eos
3269 3041 3321 3098 in

1767 3124 1981 3184 peccato
2009 3131 2107 3170 suo
2137 3131 2467 3196 permanere.
2519 3120 2780 3190 Singulari
2830 3141 3050 3180 numero
3098 3130 3229 3183 dixit
3274 3131 3326 3184 in

1689 3231 1733 3294 Ε
1769 3217 1990 3277 peccato,
2022 3217 2076 3264 et
2104 3210 2289 3279 plurali
2319 3221 2481 3264 vestro
2528 3211 2701 3283 (Joan.
2739 3218 2876 3283 xm),
2910 3220 3030 3286 quia
3079 3222 3325 3276 omnibus

181 3306 296 3362 lla'c
322 3287 466 3363 verba
493 3313 694 3369 locutus
715 3326 785 3370 est
819 3322 957 3376 Jestts
982 3323 1034 3376 in
1067 3327 1456 3398 gazopltylacio,
1474 3332 1657 3386 docens
1764 3298 1867 3353 mis
1913 3301 1980 3398 ξω
2026 3315 2184 3398 quas“
2218 3300 2550 3398 hauebat?“
2585 3319 2763 3398 nam
2812 3320 2932 3398 esse
2982 3309 3322 3376 mmmam"

118 3400 158 3449 in
181 3403 378 3467 templo.
429 3405 611 3475 Magna
667 3407 877 3477 ﬁducia,
931 3415 1046 3470 sine
1095 3419 1283 3474 timore
1316 3439 1326 3473 :
1357 3437 1462 3477 non
1511 3427 1654 3480 enim

119 3500 363 3557 pateretur
408 3496 450 3548 si
501 3500 690 3563 nollet,
722 3503 844 3570 quia
897 3519 993 3560 nec
1041 3523 1349 3566 nasceretur
1393 3516 1436 3567 si
1469 3516 1652 3572 nollet.

117 3584 233 3650 Quid
259 3597 340 3641 est
365 3589 504 3657 quod
537 3592 653 3647 hec
693 3595 848 3650 verba
882 3596 1035 3653 Jesns
1067 3600 1117 3654 in
1149 3606 1525 3675 gazophylacio
1556 3609 1653 3663 do-

117 3691 229 3730 cens
257 3677 307 3731 in
340 3680 537 3747 templo
592 3681 804 3739 locutus
851 3689 971 3742 est?
1022 3691 1461 3764 Gazopltylacium
1511 3699 1658 3755 locus

117 3776 186 3817 est
217 3766 299 3820 ubi
332 3769 566 3824 thesauri
604 3775 925 3835 conduntur.
974 3779 1130 3834 Jesus
1174 3784 1224 3837 in
1269 3788 1655 3856 gazophylacio

117 3853 406 3922 loquebatur
451 3855 679 3926 ludatis,
725 3863 851 3919 dum
902 3865 954 3921 in
1009 3871 1270 3936 parabolis
1321 3853 1526 3933 locutus
1574 3889 1656 3933 est

120 3947 292 4001 turbis.
337 3948 466 4003 Nam
515 3955 953 4024 gazophylacium
1002 3960 1099 4014 fuit
1141 3964 1403 4032 Christus,
1456 3971 1506 4023 in
1553 3987 1656 4040 quo

114 4039 271 4092 omnia
300 4041 565 4095 latuerunt
595 4052 868 4113 mysteria,
901 4057 1023 4103 tunc
1051 4053 1359 4122 aperienda,
1387 4058 1510 4114 dum
1543 4039 1656 4130 ipse

115 4129 193 4196 qui
239 4130 383 4184 latuit
435 4133 487 4188 in
533 4135 731 4205 littera,
765 4138 1079 4207 loquebatur
1101 4161 1210 4200 non
1255 4148 1308 4203 in
1341 4129 1653 4221 proverbiis,

115 4219 195 4270 sed
222 4221 384 4288 palam
427 4225 607 4279 omnia
663 4227 908 4285 ﬁdelibus
955 4233 1065 4288 suis
1113 4251 1391 4294 enarratis.
1443 4243 1572 4297 Nam
1601 4219 1655 4300 et

119 4311 466 4380 gazopliylacia
499 4313 842 4374 adluerebant
869 4324 1087 4389 templo,
1118 4331 1237 4392 quia
1272 4331 1382 4396 ipse
1411 4334 1654 4400 Christus

120 4403 344 4469 templum
387 4417 501 4468 est,
533 4404 602 4460 de
637 4422 743 4473 quo
772 4410 885 4478 ipse
915 4413 1007 4479 ait,
1059 4414 1250 4470 Solvite
1279 4422 1520 4490 templum
1561 4426 1655 4479 Itoc

117 4487 272 4554 (loco.
305 4495 383 4562 ιι).
418 4493 512 4549 Cui
546 4499 726 4552 omnia
777 4504 1025 4571 mysteria
1058 4509 1254 4561 veteris
1294 4487 1423 4580 legis
1468 4515 1652 4572 adhae-

1759 3389 2015 3457 zequalem
2067 3391 2316 3445 malitiam
2366 3392 2618 3459 perdendi
2665 3411 2784 3447 eum
2830 3397 2917 3464 qui
2968 3400 3178 3454 salvare
3225 3415 3317 3455 eos

1758 3491 2019 3549 venerat,
2073 3482 2292 3536 sciebat.
2346 3484 2468 3538 Alio
2527 3499 2650 3538 vero
2709 3486 2823 3540 loco
2881 3488 3152 3556 discipulis
3208 3495 3320 3546 suis

1758 3570 1890 3624 dixit
1915 3586 1929 3624 :

1836 3684 1948 3749 Quo
1978 3699 2070 3753 ego
2095 3685 2245 3751 vado,
2277 3701 2362 3739 vos
2389 3702 2491 3739 non
2537 3688 2742 3756 potestis
2783 3691 2949 3743 venire
2981 3691 3156 3746 modo:
3207 3693 3319 3747 Non

1765 3773 1983 3827 abstulit
2015 3774 2094 3828 eis
2120 3790 2289 3842 spem,
2322 3778 2413 3830 sed
2449 3778 2692 3846 praedixit
2723 3778 3046 3833 dilationem.
3099 3781 3320 3848 Quando

1761 3865 1902 3919 enim
1934 3865 2033 3920 hoc
2069 3866 2342 3931 discipulis
2372 3866 2623 3919 Dominus
2670 3868 3003 3936 loquebatur,
3051 3879 3176 3926 tunc
3219 3889 3322 3926 non

1763 3963 2012 4022 poterant
2066 3956 2246 4009 venire
2291 3970 2399 4024 quo
2453 3956 2541 4010 ille
2589 3957 2714 4022 ibat,
2767 3959 2859 4011 sed
2903 3972 3082 4027 postea
3115 3967 3319 4017 venturi

1758 4056 1930 4100 erant.
1969 4045 2056 4100 Isti
2089 4055 2264 4100 autem
2317 4064 2602 4117 nunquam,
2648 4051 2839 4117 quibus
2887 4048 3139 4121 praescius
3166 4057 3317 4121 dixit,

1759 4136 1822 4190 In
1849 4146 2052 4207 peccato
2082 4146 2240 4191 vestro
2271 4141 2577 4193 moriemini.
2639 4139 2730 4194 liis
2761 4154 2937 4197 autem
2986 4147 3177 4202 auditis
3207 4164 3321 4202 rer-

1757 4223 1858 4290 bis,
1893 4227 2161 4295 quomodo
2192 4227 2365 4281 solent
2408 4230 2637 4282 carnalia
2691 4233 3000 4300 cngitantes,
3034 4245 3087 4288 et
3133 4252 3320 4290 secun-

1761 4315 1882 4370 dum
1935 4331 2148 4370 carnem
2200 4318 2519 4386 judicantes,
2572 4332 2623 4372 et
2679 4332 2844 4374 tntum
2896 4328 3175 4379 carnaliter
3224 4344 3317 4379 au-

1758 4405 1964 4460 dientes
2009 4415 2062 4460 et
2091 4409 2378 4476 sapientes,
2434 4412 2724 4464 dixerunt:
2761 4411 3008 4480 Nunquid
3059 4417 3319 4485 interﬁciet

1756 4501 2096 4568 semetipsum.
2129 4502 2246 4568 quia
2275 4501 2416 4563 dicit,
2451 4502 2563 4565 Quo
2615 4519 2703 4572 ego
2744 4506 2894 4568 vado,
2928 4523 3009 4559 ros
3071 4525 3168 4561 non
3227 4529 3315 4576 po-

116 4581 280 4636 ,ebam
303 4624 317 4649 ν
349 4596 401 4638 ει
446 4588 510 4640 ad
547 4602 668 4644 eum
699 4593 878 4646 omnia
907 4596 1278 4664 respiciebam’
1309 4577 1476 4660 danae
1506 4610 1652 4662 veni.
1683 4577 1732 4637 D
1761 4589 1895 4641 testis
1923 4590 2136 4642 venire?
2183 4590 2353 4642 Stulta
2404 4594 2584 4657 verba,
2638 4603 2690 4647 et
2736 4597 2953 4648 omnino
3002 4597 3317 4666 insipientia:

116 4680 184 4722 ret
220 4673 278 4724 ad
319 4678 602 4741 aperienda
652 4678 983 4748 singulorum
1032 4692 1406 4761 gazopliylacia
1454 4710 1650 4766 myste-

117 4759 310 4825 riorum,
335 4766 608 4832 aperiente
634 4782 699 4821 eo
720 4783 910 4826 sensus
933 4774 1166 4832 Iidelium
1192 4759 1432 4850 suorum,
1474 4799 1528 4840 ut
1560 4791 1652 4843 in-

117 4851 382 4917 telligerent
407 4871 527 4923 qum
561 4856 816 4924 latebant,
851 4864 985 4917 sicut
1009 4866 1341 4936 Evangelista
1370 4874 1476 4928 ait:
1505 4878 1644 4933 Tunc

115 4941 284 5005 operuit
309 4941 407 4996 illis
449 4960 675 5011 sensum,
704 4958 759 5001 stt
795 4950 1131 5024 intelligerent
1164 4957 1459 5029 Scripturas
1490 4965 1642 5033 (Luc.

119 5033 270 5098 μιν).
328 5034 561 5102 Denique
610 5040 732 5106 quid
781 5043 1043 5112 sequitur,
1094 5048 1259 5104 Nemo
1302 5056 1652 5121 apprehendit

120 5135 242 5184 cum,
270 5125 386 5190 quia
416 5127 644 5182 necdum
679 5143 901 5186 venerat
950 5135 1075 5191 hora
1108 5141 1222 5209 ejus
1252 5160 1263 5194 ε
1289 5145 1486 5201 scilicet
1523 5151 1650 5203 liora

117 5209 444 5276 dispositionis
488 5232 623 5283 suae,
680 5220 807 5274 hora
856 5225 1145 5284 voluntatis
1175 5248 1284 5287 sum
1328 5251 1341 5287 :
1397 5240 1516 5305 quia
1563 5242 1648 5308 qui

117 5300 361 5356 voluntate
405 5314 557 5360 natus
605 5317 710 5373 est,
753 5311 1026 5370 voluntate
1075 5333 1260 5385 passus
1287 5333 1385 5378 est.
1414 5300 1494 5380 'Si
1524 5300 1650 5398 ergo

116 5388 203 5451 pati
232 5390 402 5456 nollet,
427 5407 532 5447 non
564 5406 852 5465 pateretur,
884 5405 1098 5472 sanguis
1130 5407 1218 5464 ille
1252 5426 1355 5464 non
1387 5388 1635 5472 fundere-

116 5484 204 5540 tur,
223 5481 431 5538 mondus
457 5499 559 5540 non
589 5488 960 5549 redimeretur.
990 5498 1224 5567 Agamus
1250 5503 1427 5572 itaque
1443 5517 1638 5576 gratias

113 5575 390 5634 ctpoteststi
405 5576 714 5647 divinitatis,
733 5591 786 5638 et
815 5587 1141 5645 miserationi
1169 5593 1494 5653 inﬁrmitatis
1520 5599 1636 5669 ejus

113 5659 167 5712 de
195 5667 380 5722 occulta
426 5673 700 5739 patientia.
752 5692 909 5747 quam
959 5681 1127 5738 Judaei
1197 5703 1299 5742 non
1356 5659 1631 5760 noverant,

115 5753 232 5808 unde
269 5756 360 5813 illis
389 5765 542 5818 modo
571 5765 771 5822 dietum
814 5779 923 5836 est,
960 5772 1133 5844 Ner/ue
1166 5795 1241 5831 ire
1269 5783 1444 5849 nostis,
1480 5799 1637 5852 neque

1759 4677 1931 4745 plena.
1979 4679 2116 4744 Quid
2147 4683 2285 4734 enim
2321 4697 2422 4734 non
2456 4691 2695 4750 poti-rant
2744 4685 2832 4737 illo
2866 4688 3064 4753 venire,
3096 4706 3197 4758 quo
3229 4692 3314 4745 ille

1758 4768 2013 4835 perrexit,
2063 4771 2109 4824 si
2150 4771 2466 4826 interﬁt-cret
2523 4776 2901 4842 semetipsum?
2932 4778 3174 4847 Nunqqu
3219 4785 3314 4850 ipsi

1755 4873 1858 4911 nntt
1890 4871 2040 4913 erant
2073 4861 2351 4915 morituri?
2383 4865 2514 4929 Quid
2546 4877 2624 4918 est
2661 4883 2809 4934 ergo,
2848 4867 3092 4938 Nunquid
3125 4875 3314 4940 inter/i-

1754 4952 1847 5006 ciet
1874 4955 2221 5022 semetipsum,
2254 4957 2369 5021 quin
2413 4957 2556 5019 dixit,
2609 4959 2719 5021 Quo
2767 4974 2855 5027 ego
2904 4965 3050 5025 vado,
3097 4978 3180 5014 vos
3226 4981 3310 5018 nos

1755 5043 1961 5107 potestis
1990 5044 2198 5104 venire?
2245 5043 2299 5100 Si
2331 5047 2395 5099 de
2443 5054 2610 5099 morte
2657 5047 2884 5101 hominis
2937 5050 3161 5117 diceret,
3193 5057 3313 5118 qu‘s

1753 5127 2024 5184 hominum
2074 5146 2180 5186 non
2230 5133 2497 5188 moritur?
2547 5134 2683 5202 Ergo
2721 5153 2819 5203 quo
2871 5155 2960 5208 ego
3007 5143 3134 5193 vado
3162 5143 3305 5204 dixit;

1749 5232 1854 5272 non
1897 5233 2015 5273 cum
2057 5220 2160 5274 itur
2203 5221 2267 5274 ad
2310 5232 2558 5288 mortem,
2606 5225 2694 5277 sed
2742 5241 2844 5294 quo
2892 5229 3000 5282 ibnt
3046 5230 3158 5296 ipse
3196 5241 3311 5298 post

1747 5321 1994 5364 mortem.
2048 5312 2154 5367 Illis
2197 5315 2374 5384 itaque
2423 5332 2524 5370 non
2581 5318 2997 5389 intelligentibus
3046 5324 3164 5392 ista,
3219 5341 3308 5379 re-

1747 5401 1962 5468 spondit
2006 5405 2082 5457 eis
2131 5402 2404 5473 Dominus,
2463 5408 2550 5477 qui
2603 5420 2794 5465 terram
2841 5414 3135 5482 sapiehant.
3172 5417 3307 5482 Quid

1742 5489 1852 5544 ait?

1815 5602 2017 5659 Dicebat
2041 5607 2133 5668 eis,
2166 5605 2266 5661 Vos
2290 5607 2521 5662 deorsum
2553 5611 2690 5663 estis.
2724 5611 2842 5665 Ideo
2872 5623 3064 5667 terrain
3096 5616 3300 5683 sapitis,

1748 5697 1867 5766 quia
1917 5697 2051 5750 sicut
2103 5712 2320 5765 serpens
2379 5711 2571 5753 terram
2640 5704 2986 5758 nianducatis.
3039 5705 3169 5771 Quid
3203 5717 3300 5768 est,

1745 5786 1963 5844 Terram
2020 5789 2392 5846 manducatis?
2444 5793 2667 5848 terrenis
2720 5796 3021 5863 pascimini,
3078 5797 3302 5852 terrenis
