3822 6226
508 371 609 425 753

889 364 1088 421 BEDAE
1125 359 1575 417 VENERABILIS
1604 356 1753 414 OPP.
1788 352 1966 412 PARS
2000 354 2071 410 ll.

2177 348 2301 408 εστ.
2342 349 2381 405 l.
2424 379 2489 392 —
2528 348 2909 407 EXEGETICA
2951 348 3267 408 GENUINA.

3612 356 3707 408 7i!

502 471 860 534 delectamini,
891 470 1122 525 terrenis
1153 466 1394 533 inhiatis,
1425 478 1642 522 sursum
1675 476 1769 518 cor
1818 475 1921 515 non
1954 461 2049 515 ba-
2079 462 2131 522 Α
2159 459 2489 529 loquebatur,
2542 459 2753 515 fuerant
2787 461 3065 528 credituri,
3105 473 3159 517 et
3209 462 3277 517 ab
3326 464 3469 517 omni
3500 476 3710 531 peccatu

502 563 658 619 betis.
692 562 798 617 Vos
828 561 1076 614 deorsum
1108 558 1238 613 estis
1273 575 1288 613 :

573 650 684 717 Ego
715 648 777 702 de
802 648 1036 717 supernis
1066 663 1201 700 sum.
1234 646 1329 700 Vos
1356 644 1420 699 de
1448 643 1640 697 mundo
1666 640 1807 704 estis,
1837 653 1928 707 ego
1955 652 2056 691 non

502 756 615 796 sum
640 740 703 791 de
735 739 828 791 hoc
855 738 1071 791 mundo.
1104 735 1386 802 Quomodo
1417 748 1544 805 ergo
1576 747 1685 787 non
1720 739 1836 785 erat
1858 729 1927 783 de
1958 729 2059 781 hoc

502 830 722 891 mundo,
754 844 850 898 per
892 843 1050 899 quem
1096 830 1268 882 tactus
1314 834 1397 882 est
1438 824 1699 888 mundus,
1745 831 1801 877 et
1845 832 2061 886 semper

503 922 590 975 ubi
612 930 712 985 est,
737 928 789 973 et
812 934 999 973 omnes
1017 923 1083 974 de
1106 917 1303 973 mundo
1326 916 1481 989 (sic)?
1507 916 1613 971 Sed
1630 916 1786 985 prius
1808 911 2058 972 mundus,

500 1024 686 1082 postea
718 1012 908 1076 homo;
945 1022 1000 1067 et
1029 1012 1279 1067 Christus
1308 1021 1432 1067 ante
1466 1011 1744 1072 mundum,
1765 1016 1887 1062 ante
1910 1002 2062 1060 Chri-

503 1114 644 1160 SIum
674 1105 824 1168 nihil,
863 1104 987 1173 quia
1022 1104 1073 1157 in
1104 1105 1362 1174 principio
1389 1114 1499 1157 erat
1539 1100 1782 1164 Verbum,
1806 1111 1851 1153 et
1884 1096 2062 1152 omnia

501 1212 591 1262 per
614 1200 782 1264 ipsum
808 1195 949 1264 facta
980 1206 1118 1249 sunt.
1154 1196 1243 1250 Sic
1266 1196 1407 1250 enim
1445 1204 1563 1248 erat
1590 1193 1677 1247 ille
1699 1194 1763 1245 de
1790 1188 2058 1257 supernis.

507 1286 579 1340 De
604 1287 799 1357 quibus
827 1287 1115 1356 supernis?
1144 1286 1393 1341 Christus
1425 1286 1492 1340 ab
1540 1284 1652 1353 ipso
1693 1282 1867 1335 Patre.
1917 1276 2062 1332 Nihil

504 1376 592 1431 illo
642 1377 924 1445 superius,
972 1381 1094 1446 quia
1150 1377 1379 1431 Verbum
1454 1376 1639 1445 genuit
1682 1372 1882 1441 aequale
1934 1370 2060 1436 sibi,

505 1478 823 1523 comternum
861 1471 982 1537 sibi,
1009 1471 1338 1538 unigenitum
1374 1468 1500 1531 sibi,
1538 1468 1655 1523 sine
1682 1474 1943 1534 tempore,
1970 1477 2065 1532 per

502 1571 661 1625 quem
694 1558 955 1615 conderet
987 1568 1247 1628 tempora.
1290 1561 1417 1615 ideo
1446 1558 1694 1614 Christus
1727 1564 1850 1609 ante
1877 1564 2066 1606 omnes

505 1658 803 1712 creaturas,
853 1659 905 1703 et
935 1660 1059 1703 ante
1103 1651 1277 1703 omnia
1313 1658 1551 1716 tempora
1586 1648 1752 1716 :quia
1795 1646 1858 1700 de
1907 1643 2067 1699 Patre

506 1749 807 1795 eomterntts
838 1742 984 1796 Patri
1020 1743 1228 1812 genitus
1270 1752 1373 1797 est.
1425 1739 1533 1811 Ego
1570 1742 1631 1793 de
1659 1738 1896 1808 supernis
1927 1752 2063 1799 sum,

2159 548 2435 604 liberandi.
2487 550 2684 605 Tamen
2733 550 2833 607 hoc
2888 553 3119 614 attende.
3150 554 3289 623 quod
3338 555 3415 608 ait
3470 555 3714 609 Dominus

2160 635 2403 692 Christus
2454 656 2466 692 :
2517 637 2701 694 Sinon
2740 641 3053 694 credideritis
3080 643 3200 710 quia
3229 658 3321 711 ego
3374 658 3505 707 sum,
3532 646 3715 695 morie-

2161 727 2285 780 mini
2311 728 2362 780 in
2388 739 2590 798 peccato
2617 740 2802 786 vestro.
2833 731 2967 796 Quid
2996 744 3079 786 εει
3104 772 3118 797 ,
3155 734 3201 784 si
3251 748 3354 785 non
3383 733 3713 791 credideritis,

2160 820 2279 887 quia
2307 836 2396 889 ego
2420 821 2575 874 sum?
2600 821 2698 889 Qui
2730 822 2858 876 nihil
2890 823 3134 890 addidit,
3179 826 3399 878 multum
3429 836 3507 879 est
3528 864 3541 889 ,
3573 827 3712 892 quod

2162 912 2570 966 commendavit.
2616 913 2777 977 Dixit,
2806 930 2898 984 ego
2918 932 3048 979 sunt,
3085 924 3140 970 et
3166 930 3270 969 non
3296 915 3519 980 addidit,
3547 916 3671 984 quid
3698 934 3709 965 ;

2161 1002 2271 1055 sive
2297 999 2539 1056 Christus
2564 1042 2578 1067 ,
2610 1004 2724 1057 sive
2753 1002 2914 1058 Filius
2945 1004 3075 1069 Dei,
3112 1006 3226 1060 sive
3248 1006 3373 1073 ille,
3406 1019 3557 1074 quem
3588 1020 3717 1074 pro-

2164 1092 2333 1159 phetae
2400 1091 2792 1160 prtcdixerunt,
2846 1093 2963 1148 sive
3012 1093 3258 1149 Salvator
3328 1095 3549 1161 mundi,
3607 1098 3714 1149 sive

2163 1182 2304 1235 aliud
2361 1182 2553 1251 aliquid
2606 1184 2746 1253 quod
2810 1184 2876 1239 de
2926 1199 2991 1238 eo
3042 1185 3095 1239 in
3158 1186 3447 1255 Scripturis
3512 1188 3712 1257 legitur.

2163 1273 2379 1328 Multum
2441 1282 2524 1327 est
2583 1274 2722 1342 quod
2782 1274 2854 1328 ait
2932 1274 3143 1342 ipsum,
3198 1276 3311 1345 Ego
3362 1294 3472 1331 sum
3524 1293 3542 1331 :
3603 1294 3715 1347 qua

2163 1366 2365 1418 dixerat
2415 1364 2553 1418 Deus
2604 1364 2763 1427 Mosi,
2826 1363 2933 1434 Ego
2979 1381 3092 1418 sum
3121 1368 3204 1435 qui
3248 1382 3361 1420 sum
3402 1367 3593 1437 (Exod.
3621 1372 3715 1433 tu),

2163 1462 2216 1507 et
2255 1452 2340 1507 hic
2377 1454 2553 1517 modo,
2587 1452 2706 1506 Nisi
2756 1454 3070 1509 credideritis
3108 1459 3225 1525 quia
3256 1474 3351 1527 ego
3375 1474 3509 1523 sum,
3538 1459 3717 1513 eodem

2166 1544 2324 1598 modo
2374 1546 2535 1599 verbo
2582 1547 2827 1600 essentia:
2857 1548 3192 1614 sempiterna!
3223 1565 3350 1604 usus
3392 1562 3474 1605 est
3522 1552 3588 1606 ad
3635 1568 3720 1620 po-

2164 1637 2343 1705 pulum
2391 1636 2710 1703 ludaaorum,
2736 1653 2842 1705 quo
2882 1646 3005 1691 tunc
3031 1639 3097 1692 ad
3128 1640 3305 1695 Mosen
3352 1656 3445 1709 per
3483 1643 3714 1710 angelum

2172 1727 2222 1779 in
2252 1727 2383 1779 rubo
2416 1725 2647 1781 ﬂamma:
2694 1728 2851 1797 ignis,
2878 1743 3031 1796 quem
3064 1729 3321 1784 missurus
3348 1741 3464 1785 erat
3504 1732 3566 1784 ad
3598 1732 3717 1785 libe-

506 1845 590 1881 vos
622 1831 682 1882 de
713 1831 808 1883 Iwc
840 1802 1201 1885 mundovestis.
1227 1832 1335 1901 Ego
1366 1802 1607 1884 uouvsum
1628 1832 1691 1883 de
1720 1802 1814 1883 hoc
1849 1827 2063 1883 mundo.
2094 1802 2139 1861 Β
2170 1819 2385 1871 randum
2409 1820 2655 1887 Ρορυιιυῐι
2687 1820 3014 1886 ﬁliuni-Quid
3047 1830 3129 1875 εει
3152 1822 3291 1890 quod
3322 1822 3411 1875 llic
3438 1822 3584 1885 dixit.
3615 1822 3718 1892 Ego

576 1918 703 1972 Dixi
729 1938 849 1990 ergo
875 1921 1034 1989 vobis,
1058 1924 1180 1991 quia
1204 1922 1499 1976 moriemini
1524 1923 1579 1975 in
1604 1920 1827 1989 peccatis
1860 1919 2063 1985 vestris,

511 2011 767 2079 Exposuit
801 2014 978 2077 nobis,
1004 2014 1221 2079 fratres,
1248 2015 1375 2083 quid
1405 2014 1628 2083 intelligi
1657 2013 1845 2075 voluit,
1874 2010 1975 2065 Vos
2001 2011 2066 2065 de

507 2105 604 2154 hoc
655 2104 846 2157 mundo
902 2106 1047 2159 estis.
1100 2103 1225 2159 Ideo
1278 2105 1476 2175 quippe
1526 2106 1681 2169 dixit,
1715 2103 1815 2157 Vos
1858 2103 1922 2166 de
1969 2101 2065 2155 hoc

508 2196 702 2248 mundo
754 2196 899 2258 estis,
958 2198 1082 2262 quia
1136 2206 1447 2265 peccatores
1484 2205 1662 2256 erant,
1718 2194 1841 2263 quia
1897 2192 2066 2261 iniqui

508 2292 684 2347 erant,
713 2286 835 2349 quia
862 2285 1101 2339 infideles
1135 2295 1311 2351 erant,
1356 2286 1479 2353 quia
1515 2296 1721 2341 terrena
1758 2284 2059 2353 sapiebant.

512 2369 779 2439 Numquid
811 2373 1038 2439 apostoli
1071 2382 1123 2427 et
1150 2374 1321 2428 sancti
1352 2373 1448 2431 Dei
1488 2373 1556 2428 de
1588 2374 1692 2427 hoc
1730 2370 1929 2425 mundo
1958 2385 2063 2426 non

510 2463 697 2517 erant?
723 2464 890 2518 Erant
918 2464 1153 2533 quidem,
1185 2464 1310 2535 quia
1344 2465 1409 2519 de
1430 2465 1599 2519 Adam
1638 2462 1747 2519 nati
1781 2470 1942 2529 sunt;
1971 2460 2067 2518 sed

512 2553 623 2620 ipsa
665 2552 873 2633 veritas
923 2559 988 2610 de
1022 2558 1105 2611 his
1138 2558 1257 2611 ait:
1313 2556 1427 2626 Ego
1471 2556 1599 2626 elegi
1628 2572 1713 2611 vos
1758 2555 1821 2609 de
1873 2556 2067 2607 mundo

512 2643 695 2712 (Joan.
737 2649 867 2715 xv);
913 2648 963 2701 id
992 2660 1094 2710 est,
1131 2650 1197 2703 de
1238 2651 1441 2704 carnali
1479 2648 1905 2711 conversatione,
1951 2659 2069 2715 quae

513 2739 694 2792 mundi
725 2742 940 2795 nomine
972 2742 1071 2796 hoc
1105 2743 1221 2797 loco
1251 2743 1541 2813 significari
1568 2743 1796 2796 videtur.
1821 2740 1920 2806 Qui
1939 2753 2068 2809 ergo

513 2840 667 2883 erant
697 2832 763 2885 de
788 2837 1006 2898 mundo,
1038 2833 1166 2891 facti
1196 2844 1322 2889 sunt
1348 2850 1450 2889 non
1480 2836 1546 2888 de
1580 2835 1797 2899 mundo,
1822 2842 1874 2885 et
1904 2829 2068 2899 perti-

515 2936 642 2977 nere
670 2935 949 2992 cteperunt
989 2928 1053 2979 ad
1089 2942 1231 2991 eum,
1264 2942 1359 2997 per
1400 2942 1559 2997 quem
1599 2928 1771 2980 factus
1800 2934 1881 2979 est
1906 2938 2064 2977 mun-

515 3012 634 3067 dus.
665 3014 749 3069 lsti
782 3026 959 3070 autem
988 3026 1363 3073 remanserunt
1389 3030 1506 3071 esse
1542 3018 1597 3070 in
1628 3016 1847 3076 mundo,
1874 3014 2065 3085 quibus

2165 1922 2277 1960 sum
2300 1908 2325 1959 γ
2381 1907 2481 1960 nisi
2515 1924 2527 1959 :
2559 1908 2650 1962 llle
2680 1909 2812 1975 ipse,
2839 1911 2925 1977 qui
2959 1917 3081 1964 tunc
3128 1910 3249 1963 veni
3308 1910 3357 1962 in
3387 1910 3575 1977 angelo
3606 1913 3713 1964 mit-

2167 2004 2279 2050 tere
2305 1995 2487 2050 Moseu
2528 2011 2740 2059 servum
2771 2011 2947 2052 meum
2996 1998 3061 2051 ad
3093 1997 3427 2052 liberandum
3476 2000 3711 2068 populum

2166 2104 2363 2155 meum,
2386 2104 2483 2159 ego
2513 2090 2627 2159 ipse
2653 2090 2811 2145 modo
2836 2106 2931 2160 per
2956 2105 3039 2145 me
3061 2090 3230 2160 ipsum
3254 2092 3373 2146 veni
3398 2092 3708 2155 incarnatus,

2167 2182 2326 2235 homo
2348 2180 2536 2245 factus,
2584 2182 2809 2236 liberare
2839 2184 3098 2250 homines,
3133 2196 3264 2252 quos
3292 2184 3491 2248 creavi,
3522 2184 3712 2237 saltare

2165 2276 2252 2341 qui
2284 2274 2479 2341 perditi
2511 2274 2740 2327 fuerant.
2768 2272 3031 2341 Quidquid
3056 2274 3196 2327 enim
3225 2272 3401 2341 aliquo
3427 2273 3582 2327 modo
3612 2289 3711 2325 mu.

2173 2362 2272 2415 tari
2308 2370 2502 2430 potest,
2530 2361 2617 2416 vel
2649 2362 2700 2415 in
2743 2361 2955 2426 melius,
2981 2362 3061 2415 vel
3094 2360 3145 2415 in
3173 2362 3430 2421 deterius.
3474 2363 3713 2429 quodam-

2168 2453 2325 2507 modo
2357 2452 2583 2505 moritur
2633 2451 2700 2504 ab
2740 2465 2804 2506 eo
2857 2452 2999 2520 quod
3048 2450 3147 2506 fuit
3196 2462 3341 2515 ante,
3373 2451 3498 2505 dum
3548 2452 3714 2518 incipi

2165 2542 2307 2597 aliud
2354 2554 2492 2606 ease,
2549 2542 2628 2595 vel
2662 2539 2812 2596 aliter
2861 2556 3001 2606 csse,
3058 2557 3216 2611 quam
3246 2542 3365 2595 fuit.
3415 2541 3570 2597 Solus
3600 2556 3712 2595 veru

2170 2632 2314 2686 Deus
2342 2645 2556 2700 semper
2586 2630 2723 2685 idem
2753 2639 2856 2696 est,
2892 2629 3235 2685 immutabilis
3277 2632 3493 2694 veritas,
3542 2631 3715 2685 immu-

2170 2723 2344 2778 labilis
2374 2722 2606 2788 bonitas,
2638 2720 2983 2777 immutabilis
3028 2721 3442 2790 sempiternims,
3486 2722 3710 2773 immuta.

2168 2813 2289 2869 bilis
2320 2822 2528 2879 natura,
2578 2812 2921 2867 immutabilis
2945 2810 3273 2876 substantia;
3303 2819 3358 2865 et
3384 2808 3630 2878 quidquid
3658 2810 3711 2859 de

2166 2918 2232 2960 eo
2261 2903 2361 2959 dici
2393 2914 2587 2974 potest,
2619 2917 2828 2971 semper
2873 2902 3011 2957 idem
3040 2910 3141 2965 est,
3185 2900 3326 2970 quod
3366 2898 3469 2954 fuit
3511 2908 3565 2952 et
3606 2900 3709 2952 erit.

2170 2994 2394 3049 Prorsus
2449 2993 2577 3048 nihil
2624 2994 2763 3046 aliud
2815 2994 3003 3046 melius
3050 2992 3260 3046 videtur
3288 2990 3504 3059 intelligi
3533 2991 3582 3042 in
3620 2988 3711 3040 hoc

515 3104 717 3159 dictum
754 3116 834 3160 est
860 3125 873 3161 :
900 3106 1200 3162 Moriemini
1222 3111 1272 3161 in
1293 3108 1521 3178 peccatis
1549 3107 1748 3160 vestris.
1786 3104 1954 3159 Nemo
1984 3102 2065 3158 di-

2177 3086 2359 3153 verbo,
2389 3086 2527 3156 quod
2553 3086 2628 3139 ait
2662 3084 2934 3152 Dominus,
2964 3082 3073 3154 Ego
3109 3099 3219 3136 sum
3248 3100 3261 3136 :
3296 3084 3419 3151 nisi,
3464 3083 3572 3152 Ego
3609 3096 3712 3136 sum

514 3202 621 3257 cat,
653 3194 726 3250 De
754 3195 854 3251 hoc
885 3197 1082 3252 mundo
1115 3213 1219 3252 non
1248 3214 1387 3253 sum.
1425 3198 1682 3266 Quisquis
1716 3211 1795 3260 es,
1825 3212 1856 3249 ο
1887 3196 2067 3260 homo,

516 3280 582 3334 de
612 3281 713 3335 hoc
747 3284 944 3337 mundo
971 3300 1049 3339 es.
1086 3284 1192 3340 Sed
1242 3286 1388 3339 venit
1416 3284 1482 3338 ad
1522 3293 1593 3349 te,
1630 3283 1721 3353 qui
1759 3283 1888 3337 fecit
1915 3298 2070 3337 mun—

517 3372 664 3435 dum,
690 3383 743 3428 et
788 3374 1035 3430 liberavit
1076 3386 1125 3431 te
1154 3377 1221 3431 de
1260 3377 1361 3433 hoc
1388 3380 1608 3431 mundo.
1646 3376 1701 3430 Si
1745 3376 1973 3430 delectat
2019 3386 2071 3429 te

519 3467 769 3528 inundus,
798 3482 1009 3536 semper
1045 3468 1123 3523 vis
1150 3484 1267 3524 esse
1297 3469 1628 3523 immundus.
1670 3467 1724 3521 Si
1755 3478 1932 3522 autem
1961 3466 2070 3535 jam

522 3567 630 3607 non
665 3555 895 3609 delectat
929 3566 976 3610 te
1023 3557 1111 3611 hic
1159 3558 1405 3622 mundus,
1436 3556 1547 3625 jam
1584 3566 1639 3611 tu
1666 3559 1774 3613 eris
1817 3555 2070 3622 mundus,

520 3654 573 3699 ct
605 3662 708 3699 non
738 3648 942 3713 audies,
979 3650 1120 3717 quod
1149 3648 1316 3704 Judaei
1350 3651 1653 3711 audierunt,
1680 3642 1983 3703 Moriemini
2017 3648 2073 3701 in

520 3736 744 3800 peccatis
793 3736 997 3800 vestris,
1046 3746 1098 3789 et
1148 3738 1237 3803 qui
1291 3738 1410 3807 pius
1461 3748 1663 3806 peccat,
1721 3738 1839 3805 plus
1895 3747 1977 3793 est
2018 3739 2073 3793 in

523 3826 739 3889 mundo,
775 3836 827 3879 et
862 3826 979 3896 plus
1010 3828 1353 3883 immundus:
1382 3839 1435 3883 et
1458 3841 1657 3899 quanto
1686 3832 1805 3900 quis
1834 3846 1893 3885 se
1918 3846 2075 3886 mun-

521 3913 616 3965 dat
648 3928 674 3965 a
704 3925 943 3981 peccato,
970 3925 1119 3969 tanto
1144 3930 1199 3968 se
1233 3916 1469 3971 declarat
1492 3919 1557 3972 de
1583 3919 1779 3973 mundo
1805 3934 1910 3973 non
1934 3932 2074 3974 esse.

521 4000 708 4054 Merito
727 4003 1009 4055 audierunt
1024 4000 1217 4066 Judtei,
1235 4003 1535 4058 Moriemini
1555 4006 1605 4058 in
1624 4008 1847 4073 peccatis
1859 4006 2036 4061 vestris
2057 4021 2077 4061 :

522 4090 647 4157 quia
676 4102 782 4141 non
811 4089 1009 4144 habere
1035 4100 1312 4157 peccatum
1343 4093 1486 4144 nullo
1520 4094 1675 4147 modo
1704 4097 1950 4163 poteStis,
1986 4096 2075 4165 qui

521 4194 642 4233 cum
678 4190 900 4249 peccatu
931 4181 1039 4234 nati
1071 4182 1231 4247 estis;
1265 4184 1356 4237 sed
1393 4193 1570 4237 tamen
1604 4184 1645 4238 si
1672 4185 1722 4237 in
1756 4200 1861 4249 me,
1886 4187 2075 4254 inquit,

522 4269 884 4332 credideritis,
918 4284 1037 4322 cum
1069 4279 1291 4338 peccato
1325 4272 1541 4341 quidem
1573 4273 1681 4327 nati
1710 4274 1862 4337 estis,
1899 4277 1992 4329 sed
2026 4276 2077 4328 in

520 4371 747 4429 peccato
771 4372 950 4417 vestro
976 4364 1223 4417 morituri
1258 4380 1361 4417 non
1386 4364 1537 4419 estis.
1566 4366 1702 4421 Tota
1736 4382 1865 4437 ergo
1897 4367 2078 4421 infeli-

2179 3179 2337 3233 Deus.

2248 3269 2538 3325 lloriemini
2585 3270 2638 3323 in
2688 3278 2891 3338 peccato
2931 3276 3113 3322 vestro.
3153 3266 3259 3322 Sed
3290 3266 3364 3321 illi
3394 3280 3601 3335 semper
3625 3274 3713 3317 tcr-

2175 3377 2300 3418 reua
2332 3364 2621 3431 sapientes,
2657 3370 2711 3417 et
2738 3376 2949 3431 semper
2972 3362 3257 3415 secundum
3282 3373 3495 3412 carnem
3518 3356 3713 3410 audien-

2175 3461 2274 3518 tes,
2305 3461 2359 3508 et
2385 3454 2789 3521 respondentes,
2822 3450 2951 3520 quid
2984 3450 3058 3504 illi
3088 3448 3380 3503 dixerunt?

2246 3544 2323 3598 Tu
2351 3546 2465 3613 quis
2507 3544 2596 3599 es?
2642 3544 2759 3598 Non
2807 3542 2950 3597 enim
2988 3556 3106 3595 cum
3140 3540 3338 3601 dixisti,
3397 3537 3515 3591 Nisi
3570 3541 3710 3588 credi-

2173 3636 2347 3688 deritis
2373 3636 2487 3703 quia
2508 3650 2597 3703 ego
2624 3649 2756 3696 sum,
2792 3629 3050 3685 addidisti
3078 3629 3200 3700 quis
3248 3643 3415 3685 esses.
3446 3628 3573 3693 Quis
3602 3642 3645 3679 es
3669 3637 3711 3686 ut

2173 3725 2473 3780 credamus!
2529 3724 2593 3777 Et
2620 3724 2710 3778 ille
2737 3739 2752 3774 :

2246 3814 2583 3883 Principium.
2653 3813 2792 3866 Ecce
2841 3812 2980 3881 quod
3048 3818 3149 3864 est.
3204 3809 3333 3863 Esse
3376 3808 3709 3875 principium,

2174 3906 2366 3960 mutari
2397 3919 2502 3958 non
2533 3911 2727 3970 potest.
2756 3900 3078 3969 Principium
3111 3900 3161 3953 in
3192 3913 3248 3953 se
3279 3908 3479 3962 manet,
3504 3908 3554 3949 et
3583 3897 3709 3949 inno-

2175 4008 2264 4052 vat
2284 3998 2481 4052 omnia.
2515 3992 2839 4064 Prin’cipium
2860 4002 2964 4057 est,
2986 3991 3070 4046 cui
3101 3992 3302 4044 dictum
3324 4001 3438 4043 est:
3464 3988 3542 4041 Tu
3571 3998 3708 4039 autem

2174 4089 2307 4143 idem
2333 4089 2439 4157 ipse
2465 4104 2537 4150 es,
2564 4097 2608 4138 et
2638 4086 2761 4137 anni
2791 4085 2864 4136 tui
2888 4099 2990 4134 non
3011 4082 3264 4148 deﬁcient.

2247 4175 2594 4247 Principium,
2624 4178 2716 4241 ait,
2745 4176 2832 4245 qui
2855 4184 2900 4228 et
2927 4172 3108 4242 loquor
3134 4173 3290 4226 vobis.
3316 4169 3623 4236 Principium
3644 4183 3710 4218 me

2176 4272 2376 4325 credite
2408 4310 2424 4334 ,
2480 4283 2545 4323 ne
2598 4264 2898 4323 moriamini
2959 4265 3012 4319 in
3062 4264 3293 4332 peccatis
3330 4262 3541 4317 vestris.
3599 4258 3711 4312 ‘l'an.

2176 4374 2333 4429 quam
2382 4359 2523 4413 enim
2576 4359 2627 4411 in
2656 4372 2721 4412 eo
2750 4355 2891 4426 quod
2926 4353 3190 4419 dixerant,
3223 4351 3302 4405 Tu
3342 4354 3453 4420 quis
3480 4351 3575 4403 es?
3605 4350 3709 4401 nihil

525 4455 659 4507 citas
691 4454 803 4522 ipsa
836 4462 974 4518 erat,
1008 4470 1110 4508 non
1161 4466 1436 4525 peccatum
1474 4457 1695 4525 habere,
1728 4460 1819 4513 sed
1869 4459 1919 4512 in
1956 4475 2071 4528 pec-

2180 4448 2319 4503 aliud
2348 4448 2625 4513 dixissent,
2654 4461 2837 4516 quam,
2867 4444 3001 4512 Quid
3033 4452 3086 4498 te
3114 4457 3233 4497 esse
3259 4441 3580 4497 credamus?
3617 4453 3709 4490 res-

524 4547 658 4601 catis
692 4546 848 4612 mori,
876 4548 977 4602 hoc
1010 4557 1110 4611 est,
1143 4552 1281 4617 quod
1310 4552 1468 4605 debet
1504 4552 1687 4619 fugere
1720 4554 1895 4607 omnis
1920 4554 2082 4607 Chri-

522 4640 749 4693 stianus.
776 4638 997 4709 Propter
1022 4640 1123 4695 hoc
1148 4642 1209 4695 ad
1238 4644 1559 4713 baptismum
1582 4645 1834 4698 curritur.
1858 4645 2084 4714 Propter

524 4728 648 4792 hoc,
674 4729 717 4781 si
752 4729 1067 4797 aegritudine
1094 4732 1174 4785 vel
1206 4731 1414 4785 aliunde
1440 4732 1799 4800 periclitatur,
1820 4736 1917 4787 sibi
1943 4736 2086 4804 quis-

524 4832 628 4884 que
654 4818 923 4872 desiderat
952 4821 1246 4875 subveniri.
1274 4820 1499 4889 PrOpter
1527 4822 1629 4876 hoc
1661 4824 1821 4877 etiam
1852 4838 2082 4893 surgens

524 4908 777 4979 parvulus
804 4925 831 4963 a
859 4919 1034 4964 matre
1062 4912 1163 4980 piis
1190 4913 1434 4967 manibus
1457 4914 1524 4967 ad
1556 4912 1852 4969 Ecclesium
1886 4916 2076 4983 fertur,

524 5018 593 5056 ne
626 5004 744 5057 sine
775 5004 1040 5070 baptismo
1083 5012 1257 5069 exeat,
1306 5013 1359 5058 et
1411 5004 1463 5057 in
1500 5014 1745 5073 peccato,
1792 5020 1895 5074 quo
1927 5019 2083 5062 natus

524 5100 630 5155 est,
664 5092 945 5145 moriatur.
977 5091 1235 5159 Adjunxit
1265 5094 1406 5146 enim
1432 5091 1657 5146 dicens:
1690 5093 1751 5147 Si
1782 5111 1883 5147 non
1918 5095 2085 5148 credi-

524 5184 728 5245 deritis,
761 5183 1054 5235 moriemini
1098 5184 1151 5234 in
1197 5185 1420 5249 peccatis
1452 5185 1655 5236 vestris.
1704 5182 1933 5237 Reddita
1964 5200 2086 5253 spes

525 5286 607 5331 est
643 5276 1076 5341 desperantibus,
1118 5276 1373 5328 excitatio
1417 5275 1554 5330 facta
1592 5284 1671 5329 est
1698 5277 2085 5332 dormientibus

527 5363 799 5428 cordibus,
837 5363 1247 5430 evigilaverunt,
1285 5364 1406 5417 inde
1459 5364 1672 5431 plurimi
1717 5364 2083 5431 crediderunt,

530 5451 671 5506 sicut
696 5450 963 5519 Evangelii
993 5451 1159 5518 ipsius
1190 5453 1572 5519 consequentia
1605 5460 1830 5507 teStatur
1853 5452 1939 5505 ubi
1970 5454 2081 5507 ait:

599 5538 641 5592 ἑὲ
655 5556 727 5592 wc
750 5539 838 5591 illo
860 5540 1115 5606 loquente,
1136 5539 1285 5591 multi
1309 5541 1638 5594 crediderunt
1666 5541 1715 5592 in
1741 5558 1878 5595 eum.
1899 5540 1958 5596 In
1988 5543 2086 5598 hoc

528 5646 659 5697 ergo
687 5631 899 5698 populo,
924 5630 1013 5683 cui
1050 5629 1308 5684 Dominus
1341 5630 1683 5699 loquebatur,
1715 5633 1997 5701 erant,qui
2033 5635 2084 5687 in

530 5733 749 5789 peccato
779 5736 877 5778 suo
912 5722 1122 5780 fuerant
1172 5724 1439 5789 morituri,
1471 5731 1523 5777 et
1573 5724 1661 5793 qui
1702 5724 1751 5779 in
1786 5725 1959 5793 ipsum
1994 5725 2082 5794 qui

2184 4542 2386 4613 pondit,
2414 4540 2735 4607 Principium
2762 4552 2847 4593 me
2874 4551 2997 4592 esse
3020 4536 3247 4598 credite,
3280 4542 3335 4588 et
3361 4532 3576 4597 addidit,
3598 4530 3708 4599 quod

2179 4642 2225 4687 et
2270 4634 2448 4699 loquor
2477 4631 2636 4694 vobis,
2668 4629 2719 4682 id
2751 4638 2854 4695 est,
2900 4626 2992 4697 qui
3040 4626 3255 4680 humilis
3287 4633 3504 4693 propter
3548 4637 3633 4675 vos
3651 4620 3710 4670 ia-

2178 4734 2317 4788 ctus,
2351 4723 2415 4775 ad
2463 4721 2564 4775 ista
2615 4721 2775 4774 verba
2830 4716 3103 4773 descendi.
3132 4715 3263 4769 Nam
3314 4715 3359 4769 si
3410 4714 3709 4783 principium,

2180 4817 2334 4871 sicuti
2358 4826 2457 4879 est,
2484 4815 2557 4868 ita
2580 4822 2819 4867 maneret
2840 4812 2986 4879 apud"
3008 4810 3241 4872 Patrem,
3267 4816 3326 4861 ut
3347 4821 3450 4860 non
3481 4806 3713 4873 acciperet

2180 4908 2403 4963 formam
2434 4906 2593 4970 servi,
2627 4914 2679 4958 et
2712 4903 2873 4957 homo
2912 4904 3227 4971 loqueretur
3256 4899 3579 4961 hominibus,
3609 4908 3712 4962 quo-

2180 5003 2338 5057 modo
2376 4999 2424 5055 ei
2469 4998 2770 5061 crederent,
2800 5011 2921 5052 cum
2966 4994 3175 5048 infirma
3206 4992 3367 5046 corda
3416 4987 3711 5058 intelligibile

2181 5096 2399 5149 verbum
2441 5092 2555 5146 sine
2585 5105 2716 5145 voce
2743 5130 2758 5156 ,
2795 5103 2894 5143 ceu
2922 5085 3214 5147 sensibilis,
3262 5082 3444 5136 videre
3487 5096 3589 5134 non
3616 5091 3710 5144 pos-

2180 5188 2335 5243 sent?
2383 5186 2544 5254 Ergo,
2599 5182 2787 5250 inquit,
2844 5179 3042 5235 credite
3095 5192 3181 5231 me
3220 5189 3341 5230 esse
3386 5172 3707 5241 principium:

2181 5279 2301 5350 quia
2326 5288 2381 5333 ut
2402 5277 2650 5341 credatis,
2678 5290 2782 5329 non
2806 5273 2978 5329 solum
2998 5284 3142 5334 sum,
3165 5268 3258 5322 scd
3283 5276 3339 5322 et
3363 5266 3551 5333 loquor
3571 5259 3709 5358 vobis.

2182 5373 2355 5426 Verba
2387 5380 2511 5424 sunt
2544 5368 2753 5423 Domini
2784 5367 2949 5420 nostri
2978 5364 3103 5418 Jesu
3133 5360 3372 5424 Christi,
3408 5373 3525 5427 qua
3564 5354 3713 5407 habuit

2183 5481 2300 5520 cum
2330 5463 2556 5527 iudicis,
2588 5462 2660 5515 ita
2692 5460 2972 5514 moderans
3017 5456 3282 5526 loquelam
3316 5468 3489 5515 suam,
3534 5461 3586 5503 ut
3609 5444 3709 5500 arti

2184 5572 2288 5612 non
2322 5556 2577 5617 viderent,
2607 5561 2662 5608 et
2708 5552 2889 5607 fideles
2916 5549 3097 5605 oculos
3140 5548 3430 5618 aperirent.
3486 5543 3711 5598 Dicebant

2184 5664 2310 5717 ergo
2331 5647 2521 5713 Judaei,
2546 5645 2626 5698 Tu
2650 5646 2763 5715 quis
2784 5644 2871 5699 es?
2892 5643 3011 5712 quia
3036 5640 3245 5695 dixerat
3269 5653 3429 5708 supra
3456 5635 3709 5690 Dominus:

2189 5740 2305 5794 Nisi
2337 5738 2650 5793 credideritis
2674 5739 2791 5806 quia
2819 5751 2910 5807 ego
2939 5750 3079 5798 sum,
3127 5731 3416 5787 moriemini
3446 5732 3495 5783 in
3533 5734 3710 5795 peccata
