3822 6226
81 375 182 427 ῑιπ

1001 369 1066 423 ΙΝ
1105 369 1162 426 S.
1207 370 1490 427 JOANNIS
1535 368 1977 427 EVANGELIUM
2021 367 2391 423 EXPSSITIO.

3202 370 3302 422 ’146

82 486 270 535 vestris.
306 481 383 534 Ad
414 483 516 535 hoc
537 495 664 551 ergo
692 480 781 543 illi,
816 478 893 532 'I'u
915 482 1022 547 quis
1047 482 1132 534 cs?
1153 481 1321 534 Veluti
1340 491 1638 550 qutercntcs
1676 481 1719 538 Λ
1751 477 1858 548 Ego
1883 466 1994 532 sum
2024 481 2120 540 via,
2159 491 2204 532 et
2231 481 2428 532 veritas.
2455 479 2580 532 Cum
2611 489 2784 533 autem
2813 480 3030 534 dixisset
3057 481 3306 535 Dominus

82 587 258 636 nosse,
295 574 347 625 in
369 587 530 639 quem
561 574 813 626 deberent
841 572 1060 624 credere
1080 611 1094 634 ,
1127 587 1190 624 ne
1219 573 1268 623 in
1302 587 1396 625 sun
1431 582 1646 640 peccato

81 674 436 715 morerentur.
460 661 753 728 Respondit
773 660 1064 714 dicentibus
1104 661 1177 712 Tu
1222 663 1330 728 quis
1352 665 1438 715 es?
1463 674 1514 715 et
1539 663 1641 715 ait:

81 752 421 820 Principium,
452 753 540 820 qui
570 761 617 803 et
642 753 818 820 loquor
838 752 975 805 vobis
1005 752 1176 818 (Psal.
1204 757 1339 819 cut).
1387 756 1560 820 Quare
1589 768 1646 808 se

78 839 201 893 dicit
245 840 508 894 Dominus
548 840 704 894 Jesus
733 840 1087 909 principium?
1141 843 1490 908 Principium,
1523 843 1643 909 quia

79 932 251 985 omnia
281 946 379 999 per
409 933 580 997 ipsum
628 930 760 985 faeta
791 941 955 996 sunt,
987 931 1129 985 sicut
1162 933 1435 985 Psalmista
1469 933 1597 986 dicit
1628 951 1640 986 :

84 1022 263 1073 Omnia
294 1022 349 1072 in
373 1021 624 1089 sapientia
655 1022 834 1088 fecisti.
869 1021 924 1076 Si
954 1021 1113 1090 igitur
1143 1022 1314 1073 omnia
1346 1021 1397 1074 in
1429 1022 1642 1089 sapien-

81 1114 143 1162 tia
176 1112 296 1162 fecit
322 1108 487 1173 Deus,
527 1110 578 1164 id
607 1123 710 1174 est,
738 1110 870 1164 Filio
900 1126 997 1165 suo
1018 1124 1284 1164 coaeterno
1313 1112 1412 1165 sibi
1443 1125 1495 1166 et
1520 1116 1643 1167 sub-

80 1200 502 1266 stantiali,Filius
523 1203 706 1270 utique
723 1203 957 1256 omnium
983 1201 1297 1270 principium
1320 1213 1429 1257 est.
1445 1204 1640 1273 Utique

80 1301 210 1344 recte
226 1291 494 1345 dicitur'et
511 1291 667 1346 Pater
684 1291 1019 1360 principium,
1034 1301 1089 1344 et
1107 1291 1269 1346 Filius
1290 1293 1636 1361 principium:

80 1398 174 1434 non
207 1392 384 1434 tamen
414 1382 520 1436 duo
537 1384 791 1451 principia
817 1400 830 1438 :
861 1383 998 1436 sicut
1026 1383 1181 1437 Pater
1203 1381 1364 1449 Deus,
1394 1394 1448 1438 et
1477 1383 1640 1436 Filius

77 1472 225 1532 Deus,
244 1486 352 1524 non
378 1482 556 1526 tamen
574 1475 677 1525 duo
697 1473 801 1538 dii,
825 1473 918 1526 sed
943 1488 1076 1526 unus
1098 1473 1233 1526 Deus
1254 1473 1512 1526 dicendus
1537 1486 1635 1526 cSt.

78 1565 157 1616 Sic
176 1564 333 1616 Pater
349 1563 692 1632 principium,
725 1573 778 1618 et
790 1564 951 1618 Filius
964 1564 1299 1632 principium,
1335 1581 1437 1618 non
1463 1574 1636 1620 tamen

79 1655 172 1705 duo
212 1652 495 1720 principia,
546 1654 640 1708 sed
677 1670 834 1708 unum
868 1654 1181 1723 principium
1224 1656 1489 1709 fatendum
1537 1667 1636 1710 est.

79 1744 204 1811 Ergo
223 1744 522 1810 etSpiritus
537 1755 752 1799 sanctus
775 1745 1090 1814 principium
1109 1758 1215 1810 est;
1232 1761 1333 1800 non
1351 1758 1524 1800 tamen
1545 1748 1638 1799 tria

1750 569 1907 622 Jcsus
1961 587 1971 620 :
2030 569 2196 622 Vertat:
2226 578 2318 630 est,
2350 571 2436 637 qui
2485 585 2562 621 me
2605 570 2759 632 misit,
2794 587 2895 622 non
2935 571 3306 626 intellexerunt

1750 658 1845 722 illi,
1880 661 2015 727 quod
2047 659 2112 712 de
2163 659 2316 712 Patre
2359 660 2434 712 eis
2463 660 2701 723 dicebat;
2752 661 2974 713 necdum
3009 659 3309 715 habuerunt

1751 750 1935 802 oculos
1965 751 2139 804 cordis
2171 761 2403 817 apertos,
2437 760 2492 802 ut
2523 750 2814 818 intelligere
2846 759 3058 816 possent
3084 749 3310 819 aequali-

1750 847 1910 890 tatem
1944 839 2145 891 veracis
2176 849 2228 891 et
2261 839 2520 892 veritatis.
2557 838 2769 891 Dicebat
2794 837 2871 890 eis
2898 853 2912 890 :

1819 926 1942 980 Cum
1968 929 2308 982 exaltareritis
2342 928 2529 980 Filium
2554 931 2793 992 hominis,
2829 940 2942 982 tunc
2996 931 3306 999 cognoscetis

1744 1023 1863 1088 quia
1894 1019 1984 1090 ego
2011 1039 2123 1075 sum
2156 1038 2174 1074 .'
2205 1033 2248 1075 et
2289 1040 2317 1075 a
2356 1024 2545 1090 meipso
2587 1025 2717 1091 facio
2753 1023 2909 1087 nihil,
2943 1025 3033 1075 sed
3067 1035 3195 1076 sicut
3223 1041 3299 1076 nte

1745 1115 1914 1166 docuit
1943 1113 2117 1177 Pater,
2150 1117 2256 1168 lucc
2304 1117 2502 1184 loquor.
2551 1115 2682 1181 Quid
2713 1123 2793 1167 est
2824 1117 2958 1168 hoc?
3000 1115 3136 1168 Nihil
3162 1117 3301 1170 enim

1744 1206 1882 1258 aliud
1920 1207 2124 1260 videtur
2163 1207 2381 1268 dixisse,
2415 1206 2511 1259 nisi
2539 1221 2629 1260 eos
2662 1217 2774 1274 post
2825 1207 3120 1272 passionem
3152 1223 3301 1260 suam

1744 1296 2070 1364 cognituros,
2101 1296 2221 1364 quis
2249 1306 2410 1350 esset.
2447 1296 2633 1350 Procul
2662 1297 2819 1350 dubio
2849 1312 2975 1364 ergo
3001 1297 3206 1351 videbat
3233 1296 3302 1350 ibi

1743 1387 1961 1452 aliquos,
2007 1402 2138 1452 quos
2180 1388 2291 1456 ipse
2323 1396 2570 1448 noverat,
2633 1402 2764 1455 quos
2797 1388 2908 1455 ipse
2936 1403 3053 1441 cum
3097 1389 3308 1442 creteris

1742 1477 1934 1527 sanctis
1982 1479 2090 1529 suis
2122 1490 2240 1530 ante
2270 1478 2446 1530 mundi
2499 1480 2929 1532 constitutionem
2980 1480 3305 1546 prazscieudo

1741 1564 1993 1630 elegerat,
2041 1576 2162 1633 post
2191 1567 2487 1634 passionem
2530 1582 2678 1624 suam
2711 1583 2829 1623 esse
2860 1569 3174 1624 credituros.
3205 1570 3305 1639 Ipsi

1741 1665 1863 1706 sunt
1890 1655 2000 1721 illi,
2033 1671 2164 1722 quos
2197 1658 2408 1712 assidue
2437 1661 2870 1715 commendamus
2893 1701 2908 1726 ,
2949 1671 3002 1716 et
3032 1663 3096 1715 ad
3132 1665 3304 1718 imita-

1743 1744 1939 1799 tionem
1971 1761 2090 1799 cum
2123 1761 2311 1815 magna
2340 1749 2706 1804 exhortatione
2743 1752 3105 1820 proponimus.
3141 1753 3301 1808 Misso

81 1836 322 1903 principia
350 1877 364 1898 ,
421 1837 580 1890 Pater
605 1849 659 1890 et
689 1837 851 1890 Filius
873 1879 887 1901 ,
920 1847 974 1891 et
1003 1838 1229 1906 Spiritus
1258 1849 1470 1890 sanctus
1496 1877 1509 1900 ,
1547 1839 1638 1890 sed
1676 1823 1718 1880 Β
1746 1834 1884 1885 enim
1909 1833 2136 1902 desuper
2159 1835 2356 1902 Spiritu
2387 1847 2569 1890 sancto
2600 1848 2718 1906 post
2756 1838 2964 1894 Domini
2999 1841 3298 1908 passionem

80 1941 224 1976 unum
259 1927 584 1991 principium
615 1943 626 1977 ;
662 1926 797 1979 sicut
821 1927 976 1980 Pater
1005 1928 1166 1990 Deus,
1197 1926 1358 1981 Filius
1394 1927 1551 1993 Deus,
1583 1938 1638 1980 et

79 2016 294 2079 Spiritus
326 2028 548 2068 sanctus
581 2016 750 2078 Deus;
783 2031 886 2069 non
912 2027 1082 2069 tamen
1112 2026 1217 2069 tres
1248 2015 1350 2078 Dii,
1380 2016 1473 2068 sed
1503 2032 1637 2069 unus

82 2108 204 2160 beas
235 2107 393 2160 Pater
421 2109 765 2176 omnipotens
789 2148 802 2171 ,
852 2108 1015 2162 Filius
1061 2109 1398 2177 omnipotens
1419 2150 1433 2173 ,
1466 2108 1632 2177 Spiriv

80 2209 148 2246 Ius
187 2207 402 2250 sanctus
432 2199 791 2263 omnipotens,
827 2213 930 2252 non
964 2209 1139 2272 tamen
1169 2208 1274 2254 tres
1303 2199 1632 2268 omnipoten-

79 2295 164 2348 tes,
185 2286 273 2339 sed
309 2300 449 2338 unus
476 2285 841 2354 omnipotens;
872 2287 1008 2340 Idem
1041 2289 1179 2341 enim
1215 2288 1370 2342 Pater
1393 2291 1530 2358 quod
1564 2293 1626 2346 ad

79 2391 129 2430 se
150 2390 241 2440 est,
279 2376 420 2431 Deus
453 2388 536 2432 est
589 2396 601 2430 :
651 2381 788 2447 quod
837 2381 902 2433 ad
953 2379 1141 2434 Filium
1171 2391 1272 2448 est,
1309 2383 1464 2437 Pater
1503 2395 1625 2439 est:

79 2468 203 2534 quod
247 2467 413 2521 Filius
455 2468 518 2521 ad
552 2472 782 2536 seipsum
817 2481 920 2534 est,
949 2472 1085 2525 Deus
1114 2482 1194 2525 est
1221 2490 1230 2523 :
1266 2473 1404 2540 quod
1436 2474 1499 2527 ad
1529 2475 1626 2528 Pa-

83 2574 198 2613 trem
220 2572 315 2624 est,
343 2562 512 2614 Filius
537 2573 635 2616 est.
669 2563 900 2629 Spiritus
923 2575 1141 2618 sanctus
1182 2567 1319 2633 quod
1345 2567 1410 2619 ad
1435 2583 1492 2622 se
1524 2579 1628 2633 est,

81 2651 203 2704 Deus
223 2663 300 2705 est
342 2670 357 2704 :
403 2656 547 2722 quod
578 2655 640 2707 ad
673 2654 881 2709 Patrem
914 2665 966 2709 et
996 2655 1211 2722 Filium,
1243 2658 1477 2725 Spiritus
1507 2676 1632 2713 san-

81 2759 181 2800 itus
205 2759 303 2810 est,
325 2751 450 2816 quia
484 2748 655 2804 Patris
675 2760 727 2804 et
758 2751 893 2819 Filii,
921 2752 1146 2819 Spiritus
1167 2763 1264 2816 est,
1293 2770 1356 2808 ex
1390 2756 1551 2809 Patre
1577 2764 1631 2810 et

85 2838 198 2890 Filio
237 2841 554 2904 procedens,
604 2842 758 2894 unius
798 2843 1128 2905 substantiae,
1164 2847 1464 2911 potestatis,
1519 2862 1628 2903 nta-

78 2927 262 2993 jestatis
301 2945 421 2982 cum
462 2928 616 2983 Patre
666 2939 717 2983 et
748 2931 898 2985 Filio.
948 2934 1236 2988 Audiamus
1265 2952 1390 3005 ergo
1430 2936 1624 3008 princi-

82 3018 205 3082 pium
235 3020 354 3085 quid
382 3020 622 3087 loquitur
652 3022 823 3074 nobis.

1742 1929 1795 1973 et
1843 1927 2280 1979 resurrectionem
2325 1937 2377 1980 et
2425 1930 2795 1982 ascensionem
2823 1970 2838 1994 ,
2878 1944 2998 1984 cum
3049 1931 3305 1987 miracula

1742 2012 1926 2066 tierent
1978 2013 2027 2067 in
2073 2016 2185 2082 ejus
2240 2017 2475 2083 nomine,
2525 2034 2681 2086 quem
2739 2029 2985 2088 tanquam
3037 2031 3304 2076 mortuum

1743 2114 2129 2173 persequentes
2154 2105 2326 2160 Judaei
2373 2117 2830 2175 contempserunt,
2858 2113 3159 2179 compuncti
3182 2121 3309 2168 sunt

1740 2195 1929 2252 corde;
1960 2205 2015 2250 et
2044 2200 2133 2265 qui
2163 2198 2446 2254 saevientes
2473 2201 2818 2266 occiderunt,
2849 2205 3035 2257 mutati
3062 2205 3304 2260 credide-

1740 2293 1894 2349 runt;
1927 2293 1980 2339 et
2008 2302 2161 2354 quem
2209 2291 2517 2357 sanguinem
2550 2292 2816 2347 szeviendo
2867 2293 3134 2363 fuderunt,
3186 2311 3304 2352 cre-

1738 2374 1910 2429 dendo
1941 2377 2206 2442 biberunt,
2232 2379 2320 2432 illa
2349 2381 2444 2434 tria
2475 2382 2659 2445 millia,
2693 2393 2744 2436 ct
2768 2383 2852 2436 illa
2880 2385 3114 2454 quinque
3137 2387 3302 2440 millia

1736 2465 2040 2520 Judaeorum
2085 2467 2223 2536 (Act.
2255 2484 2290 2522 ll
2317 2480 2361 2524 et
2393 2469 2465 2541 tv)
2503 2489 2514 2524 :
2543 2473 2682 2539 quod
2712 2473 2813 2526 sibi
2843 2474 3066 2541 volebat,
3094 2477 3306 2546 quando

1735 2554 1941 2608 dicebat
1964 2575 1974 2607 :
2002 2556 2127 2610 Cum
2147 2559 2482 2613 cxaltaveritis
2507 2559 2701 2615 Filium
2717 2563 2955 2631 hominis,
2979 2575 3095 2618 tunc
3119 2583 3306 2636 cogno-

1735 2650 1877 2700 scetis
1904 2651 2020 2717 quia
2050 2667 2140 2719 ego
2185 2667 2314 2706 sum.
2350 2652 2620 2721 Tanquam
2649 2656 2831 2708 dicens
2859 2675 2869 2708 :
2903 2655 3098 2712 Diﬁero
3123 2659 3304 2728 cogni-

1736 2743 1931 2794 tionem
1960 2753 2214 2806 vestram,
2267 2752 2320 2796 ut
2353 2744 2596 2810 impleam
2630 2746 2928 2813 passionem
2979 2763 3169 2802 meam.
3200 2750 3298 2804 0r-

1733 2833 1856 2885 dine
1907 2843 2087 2885 vestro
2135 2836 2460 2900 cognoscetis
2508 2837 2592 2903 qui
2637 2836 2756 2899 sint,
2802 2852 2904 2889 non
2947 2838 3066 2905 quia
3115 2853 3302 2892 omnes

1735 2939 1858 2981 tunc
1905 2937 2058 2980 erant
2105 2928 2354 2981 credituri
2387 2944 2449 2982 ex
2484 2928 2594 2993 his,
2644 2927 2731 2996 qui
2776 2928 3080 2992 audiebant,
3111 2930 3159 2982 id
3192 2940 3296 2994 est,

1733 3027 1851 3087 post
1873 3017 2080 3071 Domini
2107 3020 2424 3086 passionem.
2475 3019 2604 3072 Nam
2637 3022 2790 3088 paulo
2817 3029 2940 3074 ante
2964 3019 3094 3074 dixit
3122 3038 3132 3072 :
3169 3020 3295 3075 "rec

141 3107 317 3174 Multa,
345 3111 536 3178 inquit,
567 3111 724 3164 habeo
761 3113 823 3163 de
848 3113 982 3166 vobis
1013 3116 1171 3181 loqui,
1199 3126 1244 3168 et
1269 3119 1525 3187 judicare,
1572 3125 1625 3177 ιη
1655 3153 1703 3218 C
1733 3121 1792 3159 eo
1845 3111 2096 3175 loquente,
2147 3111 2294 3162 multi
2340 3111 2660 3163 crediderunt
2699 3111 2752 3162 in
2783 3127 2918 3176 eum,
2964 3120 3016 3165 et
3064 3113 3296 3166 nondum

79 3200 168 3252 alio
204 3217 324 3255 vero
374 3205 494 3256 loco
523 3205 653 3257 dixit
688 3223 699 3256 :
735 3205 856 3258 Non
892 3209 1072 3275 judico
1104 3225 1404 3277 quemquam
1447 3209 1624 3280 (Joun.

78 3295 174 3359 rut)
217 3309 231 3346 :
281 3305 601 3358 prasentcm
650 3312 804 3349 suum
853 3298 1144 3352 ostendens
1182 3300 1486 3367 adventum,
1526 3320 1629 3372 quo

81 3385 201 3435 venit
225 3386 447 3447 salvare,
481 3400 583 3440 n0n
604 3387 844 3455 judicare
870 3406 882 3440 :
908 3390 1028 3456 quia
1058 3401 1296 3456 venerat,
1318 3403 1374 3446 ut
1394 3394 1628 3450 salvaret

83 3475 336 3538 mundum,
368 3492 475 3530 non
527 3488 583 3531 ut
633 3480 896 3547 judicaret
943 3482 1220 3536 mundum.
1273 3485 1420 3550 Quod
1450 3495 1624 3540 autem

83 3582 198 3618 nunc
229 3567 349 3621 dicit
381 3587 391 3619 :
429 3567 597 3622 Multa
644 3571 800 3623 habeo
837 3572 900 3624 de
945 3575 1081 3627 vobis
1126 3576 1264 3643 loqui
1289 3587 1335 3630 et
1365 3579 1622 3645 judicare,

77 3656 303 3723 judicium
345 3659 580 3712 futurum
614 3661 762 3715 dicit.
815 3662 937 3718 Ideo
967 3664 1106 3718 enim
1151 3668 1408 3730 ascendit,
1439 3676 1499 3722 ut
1530 3684 1620 3721 ve-

79 3747 418 3815 niatjudicare
453 3750 603 3802 vivos
631 3759 686 3803 et
717 3762 978 3807 mortuos.
1005 3754 1170 3810 Nemo
1196 3756 1392 3823 justius
1417 3758 1622 3825 judica-

80 3839 157 3894 bit.
201 3854 345 3907 quam
392 3841 480 3909 qni
532 3841 735 3908 injuste
777 3842 1044 3910 judicatus
1085 3855 1188 3900 est.
1221 3847 1393 3902 Multa
1433 3851 1614 3916 habeo,

79 3934 238 4000 inquit,
273 3936 407 3999 loqui
434 3937 742 4007 etjudicare
764 3939 827 3991 de
854 3939 1010 3991 vobis.

136 4023 228 4078 Sed
265 4028 346 4094 qui
382 4029 521 4081 misit
569 4045 668 4092 me,
717 4045 869 4082 verna:
915 4041 1009 4084 est.
1064 4033 1244 4088 Videte
1273 4037 1620 4104 quemadmo-

77 4115 180 4167 dum
209 4117 338 4171 Patri
381 4120 474 4175 dat
501 4124 729 4188 gloriam
759 4124 980 4190 aequalis
1015 4125 1179 4180 Filius
1210 4127 1374 4180 Patri.
1417 4129 1611 4182 Exem-

79 4204 198 4267 plum
221 4207 355 4259 enim
383 4208 536 4261 nobis
561 4209 784 4275 praebet,
817 4210 1041 4278 gloriam
1073 4212 1200 4268 dare
1235 4216 1360 4281 Deo,
1393 4217 1616 4285 gloriam

80 4294 153 4348 Dei
181 4311 438 4363 querere,
485 4313 589 4350 non
625 4309 859 4352 nostram
891 4316 904 4351 :
936 4304 1085 4368 quasi
1117 4302 1350 4369 diceret,
1383 4307 1426 4359 0
1459 4306 1618 4360 homo

81 4384 244 4448 fidelis,
270 4387 312 4440 si
352 4403 452 4455 ego
508 4389 670 4442 Filius
703 4389 896 4448 Patris.
930 4393 1152 4457 aequalis
1181 4394 1347 4460 Patri,
1387 4399 1616 4451 consub-

84 4480 312 4534 stantialis
360 4479 528 4548 Patri,
571 4491 870 4536 comternus
910 4483 1072 4546 Patri,
1120 4484 1188 4538 do
1233 4487 1458 4554 gloriam
1487 4491 1556 4554 ei,
1587 4507 1614 4544 a
1643 4502 1698 4563 υ

79 4585 163 4634 ψιο
187 4586 292 4624 sum
326 4590 337 4623 :
369 4573 640 4638 quomodo
673 4584 725 4625 tu
757 4573 1015 4640 superbus
1044 4589 1100 4627 es
1123 4577 1258 4643 apud
1289 4593 1433 4645 eum,
1461 4581 1612 4648 cujus

80 4661 336 4714 esservus?
356 4661 550 4723 Multa,
575 4661 761 4727 ittquit,
791 4662 949 4714 habeo
973 4663 1036 4716 de
1062 4665 1201 4717 vobis
1229 4666 1386 4734 loqui,
1413 4682 1459 4721 et
1484 4673 1614 4737 iudi-

79 4766 210 4812 care;
251 4752 334 4801 sed
357 4753 444 4818 qui
476 4753 612 4802 misit
645 4767 743 4816 me,
772 4767 924 4803 verax
951 4764 1043 4817 est,
1091 4763 1339 4824 tanquam
1385 4759 1609 4825 diceret,

83 4843 181 4896 ideo
219 4857 398 4897 verum
449 4843 591 4910 dico,
625 4844 743 4908 quia
776 4844 915 4896 ﬁlius
949 4845 1174 4906 veracis,
1223 4849 1418 4903 veritas
1468 4865 1605 4906 sum.

82 4933 212 4985 l’atcr
238 4934 424 4986 veritas
453 4944 535 4985 est
556 4973 569 4992 ,
606 4933 768 4985 Filius
797 4934 1014 4987 veritas.
1090 4937 1179 4988 Ait
1225 4942 1366 4992 enim
1384 4943 1610 5006 apertis-

81 5027 188 5076 sime
214 5026 316 5091 ipse
348 5025 622 5087 Dominus,
677 5025 784 5094 Ego
829 5043 939 5078 sum
968 5027 1066 5088 via,
1099 5039 1143 5079 et
1193 5034 1392 5096 veritas,
1434 5050 1477 5086 et
1509 5037 1608 5088 vita

83 5116 232 5172 (luas.
265 5118 390 5183 xiv).
448 5117 587 5184 Ergo
617 5117 660 5168 si
694 5117 852 5171 Filius
885 5120 1103 5183 veritas,
1150 5119 1307 5174 Pater
1327 5123 1471 5190 quid,
1509 5127 1607 5180 nisi

81 5212 194 5274 quod
239 5211 327 5272 ait,
376 5209 610 5261 veritas?
638 5210 736 5273 Qui
778 5223 862 5262 me
906 5209 1066 5275 misit,
1103 5227 1264 5266 verax
1291 5222 1394 5268 est.
1445 5217 1606 5273 Filius

82 5304 247 5352 teritas
268 5341 282 5364 ,
316 5301 467 5353 Pater
498 5315 653 5353 verax
682 5309 760 5353 est
784 5339 801 5364 ,
847 5302 937 5353 sed
969 5319 1073 5356 non
1105 5320 1133 5356 a
1163 5307 1404 5361 veritate.
1441 5309 1604 5365 Filius

84 5393 267 5453 ternas,
307 5392 395 5444 sed
430 5408 459 5444 a
491 5393 662 5453 Patre,
695 5392 814 5458 quia
848 5391 1010 5446 Filius
1039 5409 1068 5446 a
1117 5395 1297 5462 Patre,
1331 5413 1433 5452 non
1465 5416 1492 5452 a
1520 5417 1604 5456 se-

84 5498 194 5546 ipso,
219 5495 267 5536 et
287 5485 399 5537 ideo
422 5486 492 5537 ait
523 5487 625 5537 alio
657 5489 770 5538 loco
797 5505 808 5535 :
862 5487 902 5537 Α
934 5486 1122 5555 meipso
1150 5505 1251 5540 non
1282 5491 1394 5543 veni
1424 5491 1602 5560 (Joan.

86 5574 197 5641 un),
227 5575 273 5628 id
301 5588 398 5638 est,
428 5592 454 5629 a
485 5580 686 5645 meipsn
720 5593 821 5630 non
854 5593 988 5631 sum.
1038 5579 1192 5634 Pater
1223 5583 1404 5652 utique
1435 5601 1593 5641 verax

84 5679 175 5726 est.
202 5683 294 5721 non
323 5671 681 5737 participando
711 5671 983 5721 verita:em
1006 5711 1020 5734 ,
1054 5673 1144 5724 sed
1175 5677 1480 5741 generando
1512 5695 1602 5730 vc-

86 5757 283 5822 ritstcm,
312 5761 428 5826 quia
458 5759 607 5811 Pater
634 5759 813 5826 genuit
845 5757 1051 5824 Filium,
1078 5762 1162 5829 qui
1197 5763 1262 5817 de
1283 5766 1459 5833 sei‘pso
1481 5771 1552 5825 ait
1585 5790 1597 5826 :

433 5852 696 5909 PntmL.
749 5847 934 5907 XCiI.

1733 3199 1992 3252 cxaltatus
2035 3209 2149 3252 erat
2194 3199 2357 3253 Filius
2388 3201 2637 3254 hominis.
2689 3201 3074 3255 Exaltationem
3104 3204 3300 3271 quippe

1730 3289 1860 3342 dicit
1913 3292 2207 3358 passionis,
2259 3308 2360 3345 non
2410 3292 2812 3360 glorillcatiouis
2875 3311 2884 3343 :
2936 3295 3138 3361 crucis,
3191 3310 3294 3350 non

1728 3381 1870 3436 cadi.
1927 3382 2058 3435 Nam
2111 3383 2180 3436 ibi
2229 3385 2491 3438 exaltatus
2537 3397 2636 3449 est,
2694 3387 2904 3452 quando
2958 3390 3205 3455 pependit
3243 3392 3296 3444 iit

1727 3471 1886 3541 ligno.
1940 3471 2044 3526 Sed
2076 3473 2162 3526 illa
2193 3475 2452 3529 exaltatio
2481 3474 2773 3528 butuiliatio
2813 3477 2928 3529 fuit.
2980 3475 3125 3532 Tunc
3151 3481 3293 3534 enim

1727 3566 1891 3634 factus
1921 3576 1992 3618 est
2038 3564 2185 3617 Patri
2229 3566 2460 3618 obediens
2507 3581 2666 3634 usque
2709 3567 2775 3618 ad
2810 3577 3041 3632 mortem,
3081 3581 3294 3624 mortem

1724 3666 1890 3708 autem
1917 3658 2098 3722 crucis,
2132 3665 2332 3724 prapter
2357 3655 2493 3722 quod
2517 3656 2754 3710 exultavit
2782 3657 2926 3710 illum
2957 3658 3091 3712 Deus
3134 3659 3292 3729 (Phi-

1724 3749 1817 3818 lip.
1847 3748 1930 3817 ιι).
1980 3748 2161 3803 Altera
2203 3747 2454 3801 exaltatio
2486 3747 2580 3802 fuit
2609 3785 2622 3809 ,
2667 3748 2876 3816 quando
2903 3750 3104 3805 levatus
3133 3762 3215 3805 est
3238 3753 3288 3806 in

1723 3854 1956 3894 crucem.
2006 3840 2205 3901 Altera,
2231 3837 2356 3892 dum
2388 3838 2626 3892 ascendit
2649 3840 2702 3891 in
2732 3839 2947 3893 caelum.
2995 3840 3087 3894 Illa
3116 3843 3283 3897 Itumi-

1723 3928 1954 3983 liationis
1974 3967 1987 3990 ,
2016 3929 2112 3981 ista
2140 3927 2564 3996 gloriiicationis.
2613 3929 3001 3985 Exaltatlonem
3024 3946 3149 3985 vero
3170 3949 3294 3987 cru-

1724 4019 1824 4084 cis,
1857 4018 2141 4085 oportebat
2172 4017 2379 4086 impleri
2421 4033 2516 4086 per
2541 4031 2725 4071 eorum
2749 4032 2969 4084 manus,
2998 4021 3082 4089 qui
3109 4030 3290 4089 postea

1723 4110 2197 4165 iuerantcredituri
2225 4129 2238 4164 :
2262 4109 2454 4178 quibus
2479 4109 2607 4164 dicit
2635 4128 2646 4161 :
2676 4108 2802 4165 Cum
2828 4113 3168 4167 exaltacei-itis
3195 4114 3290 4167 Fi-

1721 4203 1845 4254 lium
1877 4201 2113 4265 hominis,
2163 4211 2281 4252 tunc
2336 4203 2644 4269 cognoscetis
2687 4204 2807 4271 quia
2834 4219 2925 4272 ego
2955 4220 3066 4256 sum
3104 4204 3281 4273 (Joan.

1722 4297 1855 4358 uti).
1897 4295 2068 4358 Quare
2101 4289 2238 4344 hoc?
2291 4289 2399 4344 Nisi
2430 4300 2484 4343 ut
2517 4306 2672 4344 nemo
2699 4292 3029 4360 desperaret,
3059 4295 3110 4348 in
3152 4312 3285 4363 quo-

1719 4397 1925 4448 cunque
1967 4383 2168 4434 SCclere
2216 4381 2351 4433 male
2383 4378 2482 4434 sibi
2510 4382 2752 4434 conscius
2778 4422 2791 4444 ,
2837 4384 3046 4450 quando
3076 4386 3287 4441 videbat

1723 4473 1799 4528 eis
1820 4476 2001 4526 donari
2036 4473 2396 4538 homicidium,
2423 4473 2511 4541 qui
2541 4473 2851 4528 occiderunt
2879 4475 3146 4530 Christum
3178 4481 3279 4531 llo-

1723 4568 1946 4621 minum.
1997 4563 2258 4617 Addidit:
2308 4563 2447 4616 Tunc
2499 4567 2802 4636 cognoscetis
2850 4567 2969 4633 quia
3015 4584 3104 4635 ego
3147 4586 3278 4624 sunt.

1720 4659 1853 4726 Quid
1877 4666 1978 4721 est,
2003 4674 2093 4727 ego
2117 4673 2227 4709 sum
2252 4657 2274 4708 ?
2304 4657 2402 4710 nisi
2434 4657 2591 4711 unius
2613 4657 2919 4711 substantia:
2951 4673 3071 4712 cum
3106 4659 3282 4724 Patre,

1716 4755 1852 4808 sicut
1875 4752 1938 4804 ad
1971 4750 2184 4820 Moysen
2213 4752 2455 4816 superius
2484 4747 2712 4800 diximus
2736 4747 2936 4802 dictum
2961 4763 3079 4804 esse
3111 4770 3121 4803 :
3173 4751 3284 4822 Ego

1715 4863 1849 4911 sum,
1892 4845 1977 4912 qui
2021 4859 2134 4894 sunt
2174 4839 2370 4912 (Exod.
2406 4840 2509 4909 tu),
2545 4854 2599 4894 et
2625 4841 2701 4895 sic
2732 4841 2876 4895 dices
2917 4841 3040 4895 [iliis
3074 4842 3230 4898 Israel
3267 4863 3277 4896 :

1719 4939 1818 5004 Qui
1839 4948 1931 4999 est,
1964 4936 2096 4988 misit
2121 4951 2198 4987 me
2227 4934 2295 4986 ad
2315 4951 2418 4987 vos.
2477 4934 2650 4988 Verbo
2677 4935 3009 4989 substantiali
3034 4938 3193 4991 utitur
3215 4939 3282 4994 de

1714 5034 1889 5098 seipso
1938 5030 2210 5094 Dominus,
2240 5038 2294 5081 ut
2336 5029 2654 5094 intelligatur
2702 5036 2952 5080 aeternam
2991 5044 3108 5081 esse
3151 5031 3277 5082 sub—

1713 5123 1978 5186 stantiam,
2013 5131 2066 5174 et
2090 5134 2248 5173 unam
2298 5134 2418 5173 esse
2463 5119 2807 5172 substantiam
2853 5118 3019 5169 Patris
3051 5126 3101 5169 et
3135 5117 3275 5171 Filii.

1711 5218 1908 5270 Tamen
1925 5230 1989 5268 ue
2009 5216 2121 5283 ipse
2141 5213 2522 5282 intelligeretur
2537 5211 2709 5270 Pater,
2724 5209 2977 5263 continuo
2994 5210 3232 5278 adjunxit
3257 5230 3268 5263 :

1715 5312 1777 5363 Et
1804 5329 1833 5364 a
1864 5313 2052 5376 meipso
2076 5312 2210 5378 facio
2241 5311 2388 5373 nihil,
2413 5309 2498 5362 sed
2522 5309 2648 5361 sicut
2672 5309 2838 5359 docuit
2858 5322 2936 5358 me
2965 5305 3138 5372 Pater,
3167 5312 3273 5361 hwc

1710 5409 1906 5471 loquor.
1939 5403 2085 5469 Quod
2118 5417 2246 5456 vero
2276 5403 2349 5453 ait
2380 5419 2390 5451 :
2425 5401 2464 5452 A
2485 5400 2669 5466 meipso
2696 5399 2826 5467 facio
2848 5400 2996 5461 nihil,
3020 5400 3144 5467 quid
3168 5411 3270 5461 est,

1709 5519 1738 5551 a
1769 5501 1954 5566 meipso
1980 5498 2112 5564 facio
2144 5495 2312 5548 nihil?
2339 5496 2386 5548 id
2416 5505 2497 5548 est
2525 5510 2552 5546 a
2579 5498 2779 5559 meipso
2807 5507 2911 5545 non
2941 5507 3078 5545 sum.
3119 5492 3269 5558 Quod

1707 5602 1882 5644 autem
1915 5587 2147 5651 addidit,
2177 5587 2315 5640 sicut
2342 5585 2519 5639 docuit
2551 5598 2634 5637 me
2667 5583 2842 5647 Pater,
2888 5584 3000 5634 haec
3031 5584 3218 5646 quuor
3255 5597 3266 5630 :

1705 5695 1892 5735 sensus
1922 5679 2212 5732 altissimus
2237 5686 2339 5743 est,
2371 5691 2461 5729 cor
2484 5675 2622 5729 enim
2653 5670 3011 5724 mtmdandum
3037 5679 3117 5724 est
3149 5669 3262 5738 (nec

1704 5774 1834 5826 enim
1857 5773 1909 5825 in
1939 5769 2229 5824 malevolum
2257 5769 2476 5822 animum
2505 5765 2727 5818 introibit
2753 5763 3022 5825 sapientia.
3047 5775 3136 5814 nec
3168 5763 3262 5812 ha.

2798 5850 2872 5908 Ξὶί
