3822 6226
527 355 629 410 787

949 350 1147 407 BEDE
1191 351 1632 408 VENEIIABILIS
1665 352 1812 407 ΟΡΡ.
1857 350 2028 406 PARS
2066 351 2125 406 ll.
2170 351 2360 408 SECT.
2406 354 2443 408 Ι.
2487 385 2555 395 -
2595 354 2973 411 EXEGETICA
3016 357 3332 415 GENUINA.
3619 369 3696 424 748

524 470 695 525 bitabit
733 473 785 523 in
814 483 1022 537 corpore
1048 469 1245 522 subdite
1272 470 1486 525 peccatis
1517 468 1778 540 \Sapient.
1814 471 1873 536 ι),
1909 479 1965 522 ιιι
1995 469 2073 521 in-
2107 472 2149 527 Α
2180 483 2283 536 quo
2311 472 2614 537 pervenitur
2637 487 2728 540 per
2764 474 2937 527 fidem.
2959 476 3088 530 Audi
3113 475 3290 545 igitur,
3315 493 3421 546 quo
3444 487 3694 549 perveniat,

524 563 789 630 telligatur
813 563 950 632 quod
991 562 1062 614 ait
1095 579 1106 613 :
1140 560 1283 615 Sicut
1322 560 1490 614 docuit
1527 579 1605 615 me
1644 563 1798 615 Pater
1824 602 1838 626 ,
1883 563 1956 615 sic
1997 563 2072 615 lo.

518 671 647 725 quor
676 669 696 708 :
726 669 830 708 non
870 653 1009 708 enim
1057 653 1127 706 ita
1173 651 1566 720 intelligendum
1610 663 1690 707 est
1729 654 1876 722 quasi
1917 655 2074 706 homo

524 754 675 814 pater
729 744 927 798 homini
979 743 1086 798 lilio
1124 743 1426 811 loqueretur
1449 783 1465 808 ,
1503 744 1594 798 sed
1652 745 1992 800 excellentius
2021 755 2074 798 et

518 834 801 890 sacratius.
851 834 1017 888 Aliter
1063 848 1187 887 vero
1232 833 1624 903 iutelligendmn
1671 845 1771 899 est,
1817 835 1953 903 quod
2001 837 2074 889 ait

520 925 847 994 Evangelista
882 942 894 978 :
941 925 1003 978 In
1034 924 1281 996 principio
1318 936 1422 978 erat
1454 925 1707 988 Verbum;
1738 937 1790 980 et
1817 927 1968 980 aliter
1996 927 2074 982 in-

519 1016 854 1086 telligendum
890 1034 902 1070 :
943 1016 1162 1070 Verbum
1201 1032 1318 1069 caro
1353 1019 1544 1086 factum
1574 1028 1663 1070 est.
1700 1017 1863 1071 Aliter
1892 1019 1957 1071 de
1986 1018 2069 1071 di-

516 1108 734 1162 vinitate
761 1105 979 1171 Christi,
1011 1106 1062 1160 in
1091 1123 1192 1177 qua
1223 1108 1438 1176 aequalis
1466 1117 1544 1160 est
1576 1107 1682 1160 Deo
1713 1109 1885 1173 Patri;
1914 1109 2068 1162 aliter

515 1198 584 1254 de
614 1197 934 1251 humanitate
957 1197 1088 1261 eius,
1138 1197 1190 1251 in
1220 1211 1322 1265 qua
1351 1197 1640 1249 consimilis
1664 1207 1744 1249 est
1774 1197 1944 1262 nobis,
1979 1213 2070 1251 co-

513 1288 782 1357 gitandum
826 1295 928 1340 est.
978 1286 1088 1342 Non
1143 1301 1249 1340 uno
1293 1288 1448 1339 modo
1497 1286 1893 1356 intelligendum
1948 1297 2064 1352 est,

511 1377 650 1446 (ιυυά
681 1376 753 1430 ait
783 1375 1031 1430 Dominus
1063 1392 1074 1425 :
1105 1374 1214 1442 Ego
1243 1386 1288 1428 et
1321 1373 1475 1427 Pater
1501 1392 1650 1428 unum
1688 1392 1856 1428 sumus
1888 1373 2065 1442 (Joan.

515 1485 543 1523 ι
567 1468 586 1536 )
611 1484 626 1531 ;
675 1477 727 1522 et
756 1467 880 1521 illud
909 1467 1047 1537 quod
1077 1466 1214 1521 dixit
1245 1485 1256 1518 :
1295 1465 1443 1520 Pater
1472 1471 1634 1535 major
1661 1484 1736 1521 me
1762 1481 1834 1522 est
1863 1467 2061 1537 (Joan.

511 1558 650 1628 xtv).
687 1559 822 1628 Ergo
855 1558 1256 1626 incorporaliter
1281 1559 1536 1625 cogitate,
1574 1559 1730 1612 Pater
1757 1560 1958 1613 locutus
1986 1569 2068 1614 est

513 1651 722 1713 Filium,
752 1651 870 1720 quia
901 1649 1300 1718 incorporaliter
1331 1649 1485 1702 Pater
1510 1652 1688 1718 genuit
1722 1649 1927 1702 Filium.
1959 1650 2064 1705 Nec

513 1757 632 1796 eum
673 1742 748 1794 sic
778 1741 953 1793 docuit
975 1777 991 1804 ,
1041 1739 1187 1808 quasi
1232 1738 1499 1791 indoctum
1532 1739 1805 1806 genuerit;
1837 1739 1929 1791 sed
1960 1738 2058 1792 huc

511 1840 592 1884 est
637 1846 754 1884 eum
795 1829 1040 1883 docuisse
1064 1868 1080 1894 ,
1129 1828 1266 1896 quod
1298 1836 1378 1882 est
1415 1827 1667 1882 scientem
1698 1830 1964 1898 genuisse.
1996 1831 2058 1883 Et
2094 1806 2135 1862 Β

511 1923 610 1975 hoc
640 1930 742 1983 est,
774 1919 939 1972 docuit
968 1934 1045 1971 me
1071 1915 1247 1982 Pater,
1272 1917 1408 1985 quod
1429 1956 1443 1980 ,
1473 1918 1730 1972 scientem
1761 1934 1844 1971 me
1877 1919 2059 1988 genuit

509 2013 681 2068 Pater.
711 2010 764 2065 Si
794 2009 933 2063 enim
955 2049 970 2074 ,
1011 2008 1149 2078 quod
1193 2007 1338 2076 pauci
1369 2007 1698 2077 intelligunt,
1725 2008 1947 2076 simplex
1979 2018 2061 2063 est

508 2116 688 2158 natura
722 2099 978 2164 veritatis,
1007 2099 1104 2153 hoc
1130 2109 1228 2162 est,
1263 2098 1395 2153 Filio
1424 2113 1562 2164 esse,
1594 2101 1732 2167 quod
1764 2114 1920 2153 nosse
1954 2102 2060 2154 :ab

505 2194 593 2248 illo
614 2207 738 2261 ergo
766 2191 922 2245 habet
944 2191 1084 2260 quod
1115 2190 1336 2252 noverit,
1369 2205 1397 2242 a
1419 2205 1522 2258 quo
1547 2189 1705 2243 habet
1734 2199 1786 2242 ut
1817 2191 1884 2242 sit
1911 2207 1925 2243 :
1955 2205 2057 2244 non

504 2294 572 2340 ut
588 2287 734 2352 prius
780 2286 846 2338 ab
873 2281 961 2338 illo
991 2295 1161 2347 esset,
1202 2291 1255 2337 et
1282 2284 1350 2336 ab
1380 2283 1468 2335 illo
1495 2293 1674 2350 postea
1705 2295 1918 2349 nosset;
1961 2284 2056 2337 sed

505 2372 950 2444 quemadmodum
982 2372 1055 2426 illi
1091 2371 1351 2441 gignendo
1380 2372 1557 2437 dedit,
1602 2382 1658 2424 ut
1701 2381 1904 2438 nosset,
1938 2373 2058 2440 quia

502 2467 758 2537 simplicis
785 2467 865 2529 (ut
893 2466 1093 2520 dictum
1124 2465 1226 2528 est)
1255 2472 1455 2518 natura:
1484 2466 1679 2518 veritas
1707 2474 1787 2517 est
1812 2505 1826 2529 ,
1858 2479 1976 2519 esse
2006 2472 2060 2519 et

503 2576 657 2615 nosse
712 2574 815 2614 non
861 2569 944 2614 est
988 2557 1130 2611 aliud
1182 2567 1338 2626 atque
1385 2557 1545 2623 aliud,
1596 2556 1687 2610 sed
1737 2557 1834 2610 hoc
1864 2557 2056 2625 ipsum,

500 2655 633 2708 dixit
660 2666 788 2721 ergo
817 2653 915 2707 ista
944 2650 1160 2715 Judazis,
1192 2658 1246 2704 et
1274 2649 1476 2704 addidit
1509 2667 1520 2701 :

570 2764 1022 2834 thuisnemisit,
1054 2777 1244 2815 mecum
1273 2770 1363 2815 est.
1404 2759 1516 2814 lum
1548 2759 1646 2814 hoc
1673 2769 1727 2814 et
1755 2769 1876 2815 ante
1904 2761 2054 2815 dixe-

496 2867 599 2925 rat,
631 2856 720 2910 sed
747 2869 854 2907 rem
896 2867 1136 2921 magnam
1183 2854 1390 2906 assidue
1434 2862 1810 2907 commemorat
1851 2869 1865 2907 :
1917 2851 2057 2906 Misit

500 2965 576 3001 nte
599 2981 633 3011 ,ι
653 2957 699 3001 et
723 2962 912 2998 mecum
939 2956 1029 2998 est.
1060 2943 1114 2998 Si
1134 2958 1259 3013 etgo
1290 2953 1457 2999 tecum
1488 2954 1586 3008 est,
1618 2959 1649 2995 ο
1680 2944 1920 3008 Domine,
1949 2958 2053 2998 non

503 3052 635 3092 unus
664 3036 853 3089 abalio
885 3037 1073 3088 missus
1100 3045 1198 3097 est,
1227 3035 1317 3087 sed
1349 3035 1503 3088 ambo
1531 3033 1774 3098 veniSIis;
1803 3043 1857 3088 et
1881 3044 2052 3089 tamen

498 3145 617 3184 cum
649 3129 803 3181 ambo
832 3126 986 3179 simul
1016 3126 1120 3180 sint
1141 3166 1155 3190 ,
1185 3142 1316 3179 unus
1342 3128 1531 3180 missus
1558 3137 1656 3190 eat,
1691 3126 1824 3180 alter
1859 3126 2003 3179 misit
2039 3144 2051 3180 :
2083 3137 2128 3198 ί)

500 3221 742 3288 quoniam
776 3218 957 3272 missio
1004 3217 1293 3270 incarnatio
1336 3228 1436 3273 est,
1471 3218 1579 3284 ip-a
1616 3217 1900 3270 incarnatio
1933 3217 2054 3270 Filii

501 3321 701 3364 tantum
731 3319 841 3371 est,
866 3326 967 3362 non
996 3320 1048 3362 et
1080 3310 1264 3361 l‘atris.
1301 3307 1436 3361 Misit
1458 3310 1630 3377 itaque
1660 3309 1811 3362 Pater
1841 3309 2053 3376 Filium,

496 3401 587 3455 sed
617 3414 718 3453 non
748 3398 961 3453 recessit
987 3412 1017 3450 a
1049 3397 1200 3450 Filio.
1237 3398 1374 3466 Ergo
1395 3439 1408 3460 ,
1448 3389 1630 3466 inquit,
1661 3399 1746 3464 qui
1776 3415 1854 3450 me
1888 3401 2051 3463 misit,

500 3510 600 3546 non
643 3491 840 3560 reliquit
880 3505 957 3542 me
999 3490 1178 3542 solum.
1235 3487 1395 3554 Cujus
1440 3488 1750 3543 auctoritate
1807 3498 2051 3557 tauquam

502 3593 713 3651 patente
763 3580 1062 3633 itiearmtus
1105 3593 1251 3641 sum,
1296 3593 1501 3632 mecum
1529 3589 1607 3634 est
1634 3619 1647 3641 ,
1691 3594 1790 3633 non
1819 3595 1902 3634 me
1934 3581 2054 3634 reli-

501 3673 632 3743 quit.
664 3672 838 3735 Quare
857 3682 943 3722 me
966 3680 1069 3720 non
1094 3665 1340 3734 reliquit?

576 3782 695 3836 Non
722 3780 919 3851 reliquit
951 3792 1047 3840 me,
1078 3776 1267 3844 inquit,
1299 3775 1460 3828 solum
1481 3816 1494 3838 ,
1519 3777 1641 3847 quia
1663 3792 1772 3846 ego,
1798 3792 1910 3846 qua:
1941 3777 2052 3847 pla-

497 3873 598 3929 cita
623 3881 737 3925 sunt
766 3873 839 3934 ei,
863 3869 996 3940 facio
1021 3883 1231 3935 semper.
1268 3866 1378 3934 Ipsa
1401 3875 1481 3920 est
1517 3867 1789 3936 aequalitas
1817 3882 2044 3934 semper,

498 3979 604 4021 non
634 3978 698 4018 ex
725 3961 949 4031 quodam
993 3959 1141 4013 initio
1177 3968 1230 4013 et
1268 3957 1536 4026 deinceps,
1585 3958 1678 4010 sed
1713 3960 1828 4011 sine
1875 3958 2045 4022 initio,

497 4057 614 4113 sine
631 4054 764 4108 (Ine.
791 4052 889 4106 Dei-
908 4051 1052 4107 enim
1075 4049 1345 4121 generatio
1368 4064 1471 4103 non
1503 4048 1663 4102 habet
1684 4049 1889 4102 initium
1917 4057 2048 4103 temo

497 4149 660 4217 poris,
689 4144 807 4212 quia
837 4156 928 4211 per
960 4140 1292 4210 Unigenitum
1324 4139 1458 4192 facta
1490 4149 1612 4193 sunt
1644 4149 1903 4205 tempora.

571 4253 696 4308 llaec
723 4253 813 4305 illo
866 4250 1113 4320 loquente,
1154 4250 1299 4301 multi
1329 4249 1642 4301 crediderunt
1674 4249 1723 4300 in
1751 4264 1885 4302 eum.
1918 4247 2049 4302 Nec-

499 4349 620 4400 dum
669 4345 719 4396 itt
769 4357 962 4396 omnem
1008 4348 1190 4392 terram
1238 4339 1387 4392 exivit
1433 4355 1582 4391 sonus
1629 4354 1801 4390 eorum
1851 4337 2041 4407 (Psal.

501 4436 670 4503 xvtn),
703 4431 924 4485 necdum
953 4430 1199 4484 omnibus
1231 4427 1567 4496 pranlicatum
1591 4437 1688 4490 est,
1719 4428 1941 4482 necdum
1973 4430 2047 4482 di-

498 4536 638 4578 ctum
675 4531 756 4575 est
802 4561 814 4574 .
848 4517 926 4573 Ite
947 4559 962 4586 ,
994 4521 1164 4571 docete
1191 4531 1360 4569 omnes
1400 4524 1567 4585 gentes
1592 4515 1798 4584 (Matth.
1835 4519 2040 4587 xxvut).

497 4616 636 4685 Ergo
661 4614 916 4668 Dominus
941 4611 1005 4665 ad
1037 4625 1127 4666 eos
1155 4653 1168 4678 ,
1208 4609 1296 4677 qui
1325 4608 1660 4663 crediderunt
1699 4611 1748 4663 in
1786 4626 1904 4666 eum
1927 4652 1942 4679 ,
1972 4613 2048 4665 ait

498 4703 708 4758 Judaeos
737 4719 747 4754 :

567 4817 624 4872 Si
646 4832 727 4868 vos
751 4813 1030 4866 manseritis
1054 4813 1104 4865 in
1125 4809 1268 4864 verbo
1291 4825 1422 4862 meo.
1443 4809 1563 4864 Ideo
1579 4810 1897 4874 manseritis,
1922 4811 2044 4880 quia

507 4909 689 4962 initiati
721 4907 869 4970 estis,
901 4903 1020 4973 quia
1051 4918 1170 4957 esse
1197 4901 1264 4955 ibi
1295 4901 1551 4968 cmpistis,
1595 4901 1636 4953 si
1667 4903 1967 4955 manseritis
1996 4906 2045 4956 iu

503 4999 625 5061 lide,
659 5014 771 5066 quae
824 4999 874 5048 in
902 4994 1046 5048 vobis
1083 5008 1198 5046 esse
1226 4992 1559 5046 credentibus
1587 4994 1767 5060 coepit,
1800 5008 1903 5061 quo
1933 5009 2049 5061 per-

505 5087 758 5143 venietis?
791 5085 920 5141 Vide
960 5083 1116 5153 quale
1145 5084 1342 5136 initium
1372 5121 1386 5147 ,
1427 5097 1529 5150 quo
1558 5083 1814 5148 perducit.
1851 5085 2047 5138 Amasti

497 5177 935 5236 fundamentum?
975 5177 1182 5231 culmen
1208 5176 1439 5236 attende.
1465 5185 1517 5228 et
1545 5192 1606 5229 ex
1634 5177 1730 5229 ista
1761 5176 2049 5230 humilitate

497 5273 655 5324 aliam
685 5267 1050 5322 celsitudinem
1088 5281 1282 5334 quaere.
1328 5265 1484 5319 Fides
1522 5267 1660 5320 enim
1698 5267 2047 5320 humilitatem

498 5362 654 5414 habet
687 5377 698 5410 :
751 5358 979 5425 cognitio
1018 5366 1072 5410 et
1108 5354 1507 5418 immortalitas.
1558 5370 1609 5409 et
1647 5357 1915 5410 aeternitas
1946 5372 2046 5408 non

498 5453 656 5506 habet
679 5449 1046 5511 humilitatem,
1080 5447 1169 5500 sed
1199 5448 1649 5510 escel~itudinetu,
1680 5451 1998 5500 erectionetn
2031 5464 2042 5497 :

497 5541 687 5594 nullam
716 5536 1064 5591 defectionem
1094 5578 1107 5600 ,
1150 5547 1398 5590 aeternam
1428 5535 1768 5588 stabilitatem
1805 5553 1814 5585 :
1851 5535 2044 5587 nullam

495 5634 561 5684 ab
592 5632 802 5683 inimico
832 5630 1268 5695 expugnationem
1295 5667 1310 5692 ,
1361 5629 1558 5679 nullum
1588 5627 1861 5680 tleltciendi
1893 5626 2045 5680 timo-

495 5739 629 5776 rem.
673 5721 908 5786 Magnum
935 5728 1013 5771 est
1039 5759 1052 5781 ,
1083 5717 1224 5785 quod
1253 5718 1434 5784 incipit
1466 5733 1491 5768 a
1524 5719 1619 5769 lide
1643 5758 1658 5776 .
1709 5718 1798 5771 sed
1829 5718 1993 5788 majus
2022 5761 2034 5786 ,

2175 569 2228 614 et
2269 562 2407 624 vide,
2440 572 2637 631 quanta
2666 565 2735 618 sit
2761 565 2913 619 lides.
2950 567 3083 635 Ergo
3109 577 3161 621 et
3189 584 3299 632 vos,
3328 571 3435 635 ait,
3464 575 3507 624 si
3531 589 3697 630 sianu-

2173 650 2281 704 ritis
2307 653 2357 702 in
2381 653 2525 705 verbo
2551 670 2680 718 meo,
2711 656 2766 707 in
2790 671 2889 724 quo
2914 658 3218 721 credidistis,

2252 740 2379 795 Vere
2402 743 2638 812 discipuli
2662 747 2759 798 mei
2783 747 2940 800 eritis.
2973 748 3250 814 Subiunxit
3278 764 3486 819 quoque
3513 768 3526 803 :

2243 829 2307 884 Et
2331 833 2632 900 cognoscetis
2677 836 2954 889 veritatem.
2983 838 3078 903 Qui
3128 841 3397 909 cognoscit
3437 842 3692 908 veritatem.

2172 923 2445 991 cOgnoscit
2477 923 2636 977 Deum
2663 963 2678 988 ,
2710 926 2831 992 quia
2861 926 2995 981 Deus
3020 929 3210 983 vetitas
3236 940 3315 985 est
3338 972 3354 996 ,
3382 931 3584 987 dicente
3608 934 3699 1001 ipso

2173 1015 2397 1070 Domino
2441 1034 2451 1068 :
2498 1017 2604 1088 Ego
2644 1035 2755 1071 sum
2784 1019 2863 1070 via
2887 1060 2900 1082 ,
2934 1024 3113 1074 ueritas
3137 1063 3152 1084 ,
3180 1033 3226 1075 et
3255 1023 3355 1075 vita
3395 1022 3566 1089 (Joan.
3592 1027 3691 1093 sit).

2170 1104 2455 1161 Credamus
2504 1123 2666 1177 ergo,
2718 1117 2772 1161 ιιι
2812 1123 3195 1177 cognoscamus
3236 1113 3507 1165 veritatem
3548 1129 3559 1163 :
3600 1129 3695 1181 qua

2169 1197 2285 1250 sine
2324 1198 2424 1252 lide
2462 1199 2526 1250 ad
2575 1199 2925 1266 eogttitionetu
2971 1199 3205 1253 veritatis
3237 1202 3413 1254 nullus
3445 1204 3691 1269 pervenire

2170 1288 2377 1353 poterit.
2409 1288 2542 1354 Quid
2573 1298 2656 1343 est
2680 1329 2694 1352 ,
2721 1290 2858 1357 quod
2883 1290 3140 1358 cognituri
3170 1305 3351 1344 sumus
3377 1292 3398 1342 ?
3427 1291 3566 1345 Illud
3586 1299 3691 1360 quod

2168 1395 2256 1432 nec
2287 1377 2460 1432 oculus
2489 1380 2641 1446 vidit,
2678 1397 2766 1434 nec
2793 1381 2932 1434 auris
2959 1382 3166 1446 audiuit,
3200 1397 3286 1434 nec
3320 1382 3370 1434 iu
3401 1400 3486 1435 cor
3513 1386 3692 1438 honuni:

2167 1470 2389 1522 ascendit
2423 1470 2471 1539 (Ι
2505 1470 2623 1523 Cor.
2649 1473 2734 1539 tt).
2764 1470 2897 1537 Quid
2929 1483 3006 1525 est
3030 1472 3166 1525 enim
3201 1472 3348 1535 lides,
3383 1473 3479 1525 nisi
3511 1477 3693 1529 credere

2166 1563 2302 1630 quod
2349 1577 2449 1614 non
2491 1563 2682 1616 vides?
2724 1563 2877 1616 Fides
2915 1578 3040 1630 ergo
3070 1575 3182 1626 est,
3227 1565 3368 1632 quod
3419 1581 3518 1616 non
3551 1569 3692 1626 vides.

2165 1651 2410 1706 credere.
2446 1650 2675 1716 Veritas,
2716 1652 2853 1721 quod
2900 1653 3189 1714 credidisti,
3220 1654 3419 1708 videre.
3463 1655 3587 1715 Quid
3615 1670 3692 1715 est,

2165 1742 2303 1809 quod
2338 1742 2517 1796 videre
2549 1742 2704 1797 nobis
2737 1743 3094 1810 promittitur?
3138 1743 3270 1797 Diett
3298 1747 3439 1796 enim
3475 1745 3694 1798 Dominus
3782 1742 3783 1810 ἦ

2163 1832 2212 1884 in
2240 1831 2345 1884 alio
2373 1832 2511 1894 loco,
2543 1833 2662 1899 qttid
2694 1843 2862 1893 esset,
2895 1832 3032 1900 quod
3060 1833 3219 1887 visttri
3251 1835 3469 1888 erimus.
3497 1835 3592 1900 Qui
3616 1851 3690 1886 as-

2161 1931 2257 1973 tem
2285 1923 2450 1991 diligit
2484 1938 2563 1974 me
2590 1963 2604 1987 ,
2638 1924 2871 1991 diligetur
2899 1940 2929 1974 a
2961 1922 3112 1974 Patre
3150 1941 3256 1976 meo
3280 1964 3296 1990 ,
3339 1933 3384 1976 et
3405 1939 3496 1992 ego
3520 1925 3694 1994 diligant

2159 2028 2294 2075 eum,
2329 2022 2371 2064 et
2401 2013 2730 2079 manifestabo
2760 2015 2804 2065 ei
2825 2029 2904 2066 me
2928 2015 3094 2080 ipsum
3121 2014 3301 2083 (Joau.
3333 2017 3467 2083 xiv).
3501 2015 3612 2068 Hac
3629 2027 3693 2069 est

2163 2101 2440 2169 promissio
2465 2141 2480 2164 ,
2513 2101 2625 2153 hare
2664 2110 2745 2153 est
2775 2115 2977 2154 merces
3007 2103 3123 2155 lidei
3153 2142 3167 2167 ,
3209 2119 3330 2170 qua:
3359 2118 3456 2171 per
3481 2103 3690 2157 dilectio~

2161 2209 2279 2247 netn
2327 2203 2616 2260 operatur,
2671 2191 2782 2244 IM'C
2829 2203 2912 2244 est
2957 2193 3188 2254 satietas,
3243 2207 3398 2260 quam
3450 2192 3690 2245 Psaltnista
3782 2195 3783 2258 ᾖ

2158 2283 2377 2350 optavit,
2411 2281 2593 2335 dicens
2624 2299 2634 2331 :
2670 2281 2940 2345 Satiabor,
2973 2284 3092 2333 dum
3125 2282 3524 2348 manifestabitur
3553 2283 3690 2351 gloria

2161 2383 2245 2424 tut
2273 2371 2442 2438 (Psal.
2481 2371 2607 2439 xw).
2639 2367 2681 2424 0
2714 2371 2966 2435 Domine,
3011 2370 3091 2424 l’ac
3123 2387 3221 2424 nos
3243 2371 3396 2439 digne
3427 2385 3596 2424 annue
3619 2379 3689 2434 te,

2159 2474 2209 2517 et
2243 2477 2344 2515 nou
2371 2477 2552 2516 amare
2593 2463 2840 2514 saeculum
2878 2481 2888 2514 :
2922 2473 2979 2514 ut
3003 2463 3266 2515 valeamus
3293 2463 3356 2514 ad
3386 2463 3528 2514 illam
3561 2462 3687 2515 liber-

2160 2562 2315 2607 tatem
2349 2554 2642 2620 pervenire,
2674 2553 2738 2605 ad
2769 2568 2925 2620 quam
2959 2567 3050 2619 per
3079 2553 3434 2622 cognitionem
3480 2552 3688 2606 veritatis
3782 2587 3783 2606 ι

2158 2642 2480 2710 pervenitur,
2511 2642 2574 2694 de
2600 2656 2696 2707 qua
2729 2640 3069 2710 subjunsisti,
3101 2641 3286 2695 dicens
3315 2661 3326 2693 :
3782 2629 3783 2644 1

2230 2732 2292 2783 Et
2319 2735 2496 2784 veritas
2524 2732 2749 2784 liberabit
2776 2747 2878 2784 vos.
2907 2731 3044 2796 Quid
3077 2742 3178 2793 est,
3210 2731 3448 2786 liberabit
3477 2731 3690 2785 vos?“-

2157 2823 2310 2877 beros
2344 2822 2515 2876 faciet.
2569 2823 2806 2891 Denique
2834 2822 3002 2877 ludaai
3045 2823 3282 2878 carnales
3303 2865 3318 2887 ,
3348 2833 3401 2877 et
3430 2824 3689 2878 secundum
3782 2901 3783 2906 η

2154 2928 2364 2967 carnem
2394 2913 2688 2978 judicanles
2713 2953 2729 2976 ,
2762 2929 2864 2966 non
2900 2917 2978 2978 bi,
3009 2912 3096 2980 qui
3129 2911 3511 2979 crediderunt,
3542 2912 3624 2967 sed
3650 2915 3692 2966 in

2155 3004 2242 3058 illa
2273 3005 2421 3058 turba
2457 3045 2473 3068 ,
2507 3005 2593 3071 qui
2636 3014 2783 3056 erant
2808 3044 2823 3067 ,
2855 3004 2942 3071 qui
2990 3019 3092 3056 non
3124 3002 3434 3064 credebant,
3472 3003 3690 3071 injuriatu

2159 3097 2256 3150 sibi
2288 3095 2478 3149 laetam
2511 3104 2817 3161 putaverunt
2842 3135 2858 3158 ,
2887 3094 3007 3161 quia
3035 3092 3174 3148 dixit
3201 3093 3278 3148 eis
3309 3111 3322 3148 :
3370 3093 3557 3148 Veritas
3584 3093 3691 3146 libe-

2160 3190 2287 3243 rabit
2316 3205 2418 3240 vos.
2453 3187 2707 3255 luilignlati
2748 3187 2884 3240 sicut
2910 3200 3095 3240 servos
3135 3201 3193 3241 se
3227 3200 3346 3241 esse
3371 3187 3690 3255 signiﬁcatus.

2164 3281 2225 3332 Et
2258 3294 2378 3334 vere
2406 3283 2541 3334 servi
2576 3287 2748 3334 erant.
2782 3278 2850 3332 Et
2875 3287 3099 3347 exponet
3134 3279 3237 3333 illis
3258 3319 3274 3343 ,
3302 3295 3424 3347 qua
3451 3280 3518 3334 sit
3545 3280 3690 3334 servi-

2159 3380 2239 3422 tus
2265 3410 2279 3430 ,
2306 3379 2354 3422 et
2386 3385 2501 3438 quae
2534 3370 2600 3422 sit
2645 3367 2813 3422 futura
2869 3367 3106 3433 libertas,
3137 3384 3291 3438 quam
3350 3372 3462 3438 ipse
3503 3370 3693 3437 promit.

2161 3461 2238 3511 tit.
2272 3457 2408 3511 Nihil
2451 3460 2589 3511 enim
2633 3458 2772 3511 aliud
2819 3466 2901 3511 est
2927 3457 3148 3512 dicere:
3189 3458 3256 3512 Et
3285 3462 3465 3513 ueritas
3494 3460 3694 3515 liberabit

2158 3564 2262 3610 t-os,
2299 3550 2394 3600 nisi
2421 3547 2727 3610 liberosvos
2760 3545 2915 3598 faciet
2948 3563 2960 3596 :
2992 3546 3129 3599 sicut
3154 3545 3287 3599 nihil
3314 3555 3397 3601 est
3423 3547 3580 3612 aliud,
3607 3549 3692 3600 sal-

2160 3647 2265 3696 val,
2294 3637 2390 3688 nisi
2417 3639 2588 3688 salvos
2611 3635 2753 3688 facit.
2779 3633 3090 3689 Audivimus
3112 3650 3270 3704 ergo,
3296 3638 3419 3706 quid
3444 3638 3598 3692 libers
3620 3654 3690 3692 ve-

2157 3729 2281 3780 ritas
2303 3728 2452 3793 dixit,
2468 3727 2744 3780 audiamus
2760 3726 2882 3794 quid
2907 3730 3130 3793 superba
3157 3727 3360 3782 falsitas
3381 3730 3691 3799 respondeat.

2228 3817 2476 3870 Dixerunt
2515 3832 2634 3886 ergo
2674 3814 2849 3869 Juda'i
2897 3815 3124 3870 :Semen
3172 3816 3389 3870 Abraluz
3430 3835 3613 3881 sumus,
3654 3831 3690 3871 et

2154 3912 2337 3961 nemini
2368 3911 2654 3962 seruiuimus
2681 3923 2902 3976 unquam
2929 3924 2947 3960 .'
2987 3908 3241 3977 quomodo
3279 3917 3334 3960 lu
3376 3909 3502 3963 dicis
3524 3949 3540 3974 ,
3568 3909 3692 3962 liberi

2152 4002 2287 4053 eritis
2314 4001 2336 4052 ?
2363 3999 2474 4051 Non
2507 3998 2645 4052 enim
2674 3997 2878 4050 dixerat
2917 3996 3193 4062 Dominus,
3225 3998 3382 4054 liberi
3411 3999 3574 4063 eritis,
3611 4000 3687 4052 sed

2152 4091 2332 4141 ueritas
2375 4089 2600 4141 liberabit
2649 4103 2752 4140 ros.
2797 4087 2848 4140 In
2897 4102 3000 4154 quo
3045 4096 3221 4141 tamen
3277 4088 3437 4142 verbo
3479 4090 3550 4142 illi
3580 4087 3689 4142 nihil

2154 4179 2294 4232 aliud
2324 4178 2718 4240 inrellexerunt,
2753 4178 2850 4230 nisi
2884 4176 3182 4230 libertatem
3210 4179 3516 4243 carnalem;
3542 4188 3592 4233 et
3615 4193 3683 4232 es-

2155 4270 2384 4322 tuleruut
2413 4283 2470 4321 se
2501 4306 2516 4331 ,
2555 4270 2696 4336 quod
2742 4280 2920 4320 semen
2959 4278 3135 4321 essent
3167 4269 3397 4322 Abrahae
3421 4310 3435 4331 ,
3465 4280 3520 4323 et
3554 4268 3691 4322 dixe-

2154 4367 2275 4411 runt
2308 4375 2320 4410 :
2354 4358 2533 4412 Semen
2559 4355 2774 4410 Abram:
2795 4371 2989 4418 sumus,
3015 4367 3061 4408 et
3087 4358 3276 4410 nemini
3301 4358 3591 4411 seruiuimus
3612 4374 3689 4409 ιιι-
3782 4409 3783 4412 η

2153 4465 2302 4518 quam
2325 4448 2611 4517 :quomodo
2642 4458 2693 4499 tu
2715 4447 2839 4499 dicis
2861 4486 2877 4511 ,
2904 4447 3043 4500 liberi
3073 4449 3214 4502 eritis
3236 4447 3263 4500 7
3289 4448 3334 4503 0
3362 4465 3491 4504 vana
3529 4463 3689 4518 super-

2154 4540 2234 4592 bia
2257 4578 2271 4600 ,
2302 4553 2336 4590 ο
2367 4538 2494 4591 falsa
2521 4536 2804 4606 jactantia!
2834 4536 3107 4602 Quomodo
3134 4551 3320 4593 verum
3352 4539 3528 4596 dicitis
3560 4557 3572 4592 :
3601 4538 3690 4592 lie-

2149 4628 2274 4680 mini
2297 4627 2581 4680 seruiuimus
2607 4642 2825 4692 unquam
2855 4626 3007 4697 (Gen.
3034 4631 3252 4696 xxxv").
3277 4627 3476 4698 Joseph
3501 4644 3600 4685 non
3621 4637 3690 4684 est
3782 4643 3783 4688 ξ

2151 4716 2517 4771 venundatus?
2550 4717 2826 4785 Propheta:
2860 4720 3027 4772 sancti
3056 4735 3158 4773 non
3193 4731 3319 4776 sunt
3341 4721 3492 4777 ducti
3531 4723 3580 4778 in
3615 4737 3691 4776 ca-

2150 4807 2478 4875 ptivitatem?
2514 4806 2746 4876 Denique
2773 4823 2949 4862 nonne
2979 4810 3066 4865 ille
3096 4810 3209 4877 ipse
3231 4822 3315 4866 est
3341 4815 3586 4883 populus,
3613 4813 3687 4882 qui
3782 4819 3783 4886 ς

2151 4898 2202 4951 iu
2235 4897 2464 4966 [Egypto
2510 4899 2703 4952 lateres
2750 4895 3013 4953 iaciebant
3047 4897 3240 4970 (Exod.
3278 4901 3354 4970 ι),
3386 4912 3441 4958 et
3470 4907 3689 4975 operibus
3782 4963 3783 4966 η

2151 4987 2318 5054 duris,
2353 5001 2455 5038 non
2488 4986 2674 5039 Saltem
2705 4986 2756 5038 in
2778 4996 2995 5054 argento
3013 4997 3067 5041 et
3092 5003 3243 5053 auro,
3268 4989 3363 5044 sed
3388 4992 3444 5045 in
3467 4994 3572 5046 luto
3592 5007 3684 5045 ser-

2152 5077 2393 5130 viebant?
2419 5077 2473 5131 Si
2502 5076 2699 5129 nemini
2729 5076 2969 5129 servistis
2995 5093 3249 5147 unquam,
3279 5095 3315 5135 ο
3341 5082 3560 5151 ingrati,
3584 5085 3689 5152 quid

2151 5181 2250 5236 est,
2292 5171 2432 5238 quod
2463 5169 2612 5223 vobis
2639 5169 2848 5226 assidue
2877 5170 3094 5238 imputat
3124 5171 3284 5238 Deus,
3321 5174 3588 5244 quomodo
3613 5190 3690 5225 vos

2150 5263 2215 5316 de
2254 5263 2410 5316 domo
2449 5260 2717 5316 servitutis
2757 5261 3015 5315 liberavit.
3041 5267 3122 5317 An
3164 5266 3299 5320 torte
3342 5277 3525 5334 palm
3551 5263 3690 5320 vestri

2148 5358 2442 5409 servierunt
2467 5394 2478 5415 ,
2529 5370 2619 5406 vos
2649 5365 2857 5419 autem,
2904 5355 2990 5419 qui
3025 5357 3341 5422 loquimini.
3382 5357 3515 5413 nulli
3546 5371 3686 5414 sene

2148 5450 2241 5498 stis
2267 5443 2531 5512 unquam?
2556 5443 2829 5509 Quomodo
2854 5460 2980 5513 ergo
3011 5445 3211 5499 solvitis
3235 5447 3493 5504 tributu-
3517 5446 3690 5504 lens-

2147 5538 2248 5596 nis,
2280 5537 2417 5588 umle
2441 5545 2492 5588 et
2520 5534 2618 5603 ipsi
2649 5535 2851 5587 veritati
2876 5536 3116 5602 laqueum
3136 5535 3282 5602 quasi
3312 5539 3688 5605 captionis)“-

2147 5628 2412 5698 posuiStis,
2462 5636 2516 5678 ut
2541 5625 2782 5679 diceretis
2815 5641 2825 5674 :
2859 5623 3060 5676 Licetne
3092 5624 3302 5677 reddere
3329 5627 3574 5678 tributu-
3591 5625 3686 5678 Cc-

2145 5720 2285 5773 sari?
2318 5721 2382 5773 υι
2408 5720 2448 5772 si
2482 5719 2718 5785 dixisset,
2748 5716 2891 5770 Licet
2922 5736 2930 5767 :
2966 5720 3216 5771 teneretis
3247 5732 3371 5770 eum
3407 5719 3555 5786 quasi
3579 5715 3688 5767 tuat-
