3822 6226
147 369 232 422 739

1042 360 1102 413 IN
1144 360 1199 415 S.
1244 357 1526 414 JOANMS
1571 357 2006 411 ISYANtil'ZlJlF-Al
2055 355 2431 410 LXPUSITIU.

3237 358 3339 410 750

146 488 205 536 let
227 491 518 550 oppressam
553 474 853 529 libertatem
895 473 1113 528 seminis
1147 473 1392 525 Alirahzr.
1419 474 1471 523 Si
1501 481 1671 524 autem
1705 474 1746 528 A
1778 481 2011 538 peccato,
2049 483 2230 521 sci-viis
2276 469 2374 521 crit
2401 469 2632 533 jiistitim.
2682 468 2904 531 Terruit,
2953 485 3020 524 ne
3068 477 3339 537 peccatum

143 576 332 630 diceret,
363 568 474 622 Non
507 567 654 629 licet,
699 565 1155 619 calumniaremini
1199 565 1332 631 apud
1377 579 1530 633 rcges
1570 573 1674 614 ter-

148 680 206 716 ra!
229 703 241 724 ,
265 660 394 727 quod
426 659 731 727 prohiberet
762 657 972 725 regibus
1003 655 1194 707 tributa
1226 655 1453 719 persolvi
1482 670 1497 719 ;
1528 653 1675 705 dein-

146 757 202 807 de
222 754 412 820 prolato
436 764 652 802 nummo
703 748 826 802 victi
858 748 1007 810 estis,
1039 757 1091 799 et
1113 747 1342 816 captioni
1377 758 1563 799 vestrae
1585 760 1676 796 vos

147 844 230 910 ipsi
268 842 389 894 estis
435 839 758 907 respondere
807 837 1084 901 compulsi.
1132 837 1206 889 lbi
1250 837 1389 891 enim
1431 835 1575 888 vobis
1600 835 1678 886 di-

143 949 263 986 eiuin
294 950 305 983 :
341 931 551 983 Reddite
594 927 804 994 Cesari,
853 945 966 997 quia
1015 928 1228 982 Caesaris
1277 939 1414 992 sunt,
1460 939 1505 981 et
1550 928 1674 990 Deo,

144 1043 238 1092 qui?
267 1023 349 1074 Dei
389 1032 522 1073 sunt.
579 1020 710 1074 Cum
761 1035 853 1073 vos
896 1020 993 1086 ipsi
1046 1018 1452 1087 respondissetis
1480 1060 1492 1081 ,
1536 1019 1676 1086 quod

146 1126 362 1167 nummus
408 1111 626 1164 haberet
657 1111 937 1181 imaginem
987 1126 1136 1164 suam
1174 1128 1184 1160 :
1219 1111 1295 1162 sic
1327 1109 1464 1162 Deus
1493 1111 1681 1176 quaerit

147 1209 189 1257 iu
212 1205 408 1257 homine
435 1218 617 1262 suam;
664 1217 758 1256 nec
797 1204 1024 1256 alienum
1066 1202 1189 1271 quid
1223 1203 1410 1270 quairit
1449 1203 1586 1256 Deus
1615 1203 1681 1256 ab

148 1295 350 1354 homine,
404 1292 495 1346 sed
539 1294 679 1360 quod
725 1292 964 1345 condidit
1010 1294 1059 1344 in
1108 1293 1338 1345 homine.
1396 1293 1514 1346 Ideo
1541 1295 1680 1345 enim

149 1387 268 1438 Deus
313 1386 466 1437 homo
511 1384 682 1438 factus
730 1394 848 1446 est,
909 1393 962 1434 ut
1013 1383 1062 1436 in
1113 1382 1328 1438 homine
1369 1385 1680 1438 reformaret

145 1472 266 1542 quod
307 1474 351 1524 in
382 1473 593 1525 homine
644 1472 905 1524 formavit.
945 1472 1081 1540 Ergo
1112 1475 1508 1538 mentientibus,
1540 1483 1587 1527 et
1618 1474 1684 1528 ile

147 1581 260 1618 vana
289 1564 528 1616 libertate
569 1565 919 1627 tumentibus,
965 1565 1088 1633 quid
1132 1564 1462 1633 responderit
1493 1564 1678 1619 Domi-

146 1672 230 1709 nus
253 1655 463 1717 Jiulazis,
494 1655 798 1708 audiamus.

207 1749 370 1808 Amen,
402 1760 542 1796 amen
570 1746 683 1796 dico
714 1745 872 1807 vobis,
898 1745 1020 1813 quia
1056 1745 1217 1798 omnis
1241 1744 1328 1813 qui
1355 1745 1475 1814 facit
1505 1761 1676 1815 pecca«

1778 575 2072 614 amarenius
2100 579 2110 612 :
2142 575 2286 628 spem
2319 561 2486 622 dedit,
2520 575 2586 613 ne
2613 561 2679 613 de
2711 563 2905 627 peccati
2953 562 3213 615 solutione
3240 563 3343 617 dif-

1780 650 2075 704 lideremus.
2105 648 2298 711 Omnis,
2351 650 2531 716 inquit,
2565 651 2650 717 qui
2690 651 2810 718 facit
2858 659 3132 716 peccatum,
3176 669 3347 707 servus

1779 749 1848 792 est
1889 739 2093 806 peccati.
2140 739 2334 793 Servus
2379 750 2553 794 autem
2603 757 2705 793 non
2757 754 2933 794 manet
2976 742 3025 796 iii
3083 745 3242 797 domo
3291 747 3345 797 in

1781 839 2061 883 aeternum.
2091 829 2216 892 Qum
2249 844 2374 894 ergo
2417 830 2564 883 nobis
2591 847 2715 899 spes
2742 843 2823 886 est
2844 873 2858 894 ,
2889 834 2976 901 qui
3025 849 3127 888 non
3162 850 3348 887 suinua

1779 924 1894 974 sine
1949 919 2195 987 peccato?
2243 919 2374 973 Audi
2431 934 2576 989 spem
2631 931 2789 978 tuam.
2853 924 3016 978 Filius
3069 935 3247 978 manet
3298 927 3347 977 in

1781 1021 2061 1064 interitum.

1852 1103 1913 1156 Si
1935 1121 2053 1175 ergo
2089 1109 2226 1174 ﬁlius
2261 1125 2342 1160 vos
2384 1108 2682 1174 liberaverit,
2717 1117 2832 1160 tunc
2866 1125 2974 1160 rere
3017 1109 3161 1162 liberi
3190 1111 3350 1163 eritis.

1785 1190 1906 1246 "me
1933 1209 2053 1260 spes
2083 1208 2280 1261 nostra,
2333 1200 2542 1260 fratres,
2575 1208 2629 1250 ut
2674 1212 2702 1250 a
2752 1198 2914 1251 libero
2961 1198 3264 1259 liberemur,
3298 1208 3351 1249 i-t

1785 1284 2059 1340 lilierando
2105 1304 2286 1344 servos
2316 1307 2408 1344 nos
2456 1293 2626 1344 faciat.
2660 1291 2812 1346 Servi
2851 1292 2990 1344 cnim
3021 1307 3232 1344 eramus
3257 1307 3348 1344 cu-

1787 1374 2056 1439 piditatis:
2094 1379 2295 1432 liberati
2339 1380 2601 1435 efficimur
2643 1383 2781 1435 servi
2833 1383 3126 1435 cliaritatis.
3173 1382 3351 1437 Prima

1790 1463 2008 1518 libertas
2037 1477 2118 1519 est
2149 1485 2250 1521 non
2286 1485 2594 1537 permanere
2627 1473 2675 1524 in
2707 1483 2941 1539 peccato,
2975 1475 3176 1527 servire
3198 1473 3353 1540 justi-

1788 1556 1892 1619 tiai,
1927 1557 2134 1613 dicente
2157 1561 2407 1627 Apostolo
2434 1580 2445 1614 :
2475 1563 2600 1615 Cum
2621 1565 2748 1615 sert'i
2776 1566 2946 1617 essetis
2972 1565 3184 1631 peccati,
3213 1565 3357 1616 liberi

1786 1649 1937 1699 eratis
1955 1650 2210 1717 justitite:
2243 1667 2374 1703 nunc
2401 1662 2566 1704 autent
2596 1653 2781 1707 habetis
2811 1658 3029 1721 fructum
3058 1665 3273 1706 t'eslrttm
3305 1656 3353 1705 iu

1787 1739 2250 1806 sanctificationem,
2283 1743 2434 1809 ﬁnem
2462 1760 2576 1797 vero
2604 1745 2754 1796 vitam
2783 1755 3022 1797 cateruam
3049 1746 3223 1815 (liam.
3256 1750 3354 1812 vi).

147 1845 258 1898 tam,
285 1849 450 1885 aereus
477 1841 548 1885 est
576 1835 788 1901 peccati.
815 1835 941 1900 Quis
972 1849 1074 1887 non
1105 1835 1204 1888 sub
1240 1836 1320 1888 liis
1343 1837 1516 1889 verbis
1549 1851 1678 1890 con.
1716 1822 1761 1880 B
1791 1830 2026 1884 Perfecta
2057 1847 2182 1885 vero
2214 1833 2428 1886 libertas
2475 1843 2574 1897 est,
2613 1835 2717 1888 Deo
2764 1834 2973 1887 Christo
3013 1837 3211 1888 servire
3241 1852 3251 1883 :
3288 1836 3352 1886 il-

147 1925 428 1976 lriftniSCal?
466 1924 520 1976 Si
549 1925 724 1977 omnis
765 1924 922 1977 homo
971 1935 1216 1992 peccator
1241 1967 1254 1988 ,
1305 1928 1480 1980 omnis
1532 1927 1685 1980 homo

147 2025 314 2065 servus
342 2010 557 2078 peccati.
587 2011 695 2066 Sed
727 2013 977 2066 intentius
1023 2014 1319 2079 audiamus,
1369 2016 1594 2083 qualiter
1621 2018 1685 2070 li-

148 2106 371 2157 beremur
391 2104 454 2156 de
478 2104 573 2156 hac
600 2104 873 2159 servitute.
904 2106 1183 2161 Terrorem
1218 2108 1422 2171 incutit,
1465 2109 1556 2162 sed
1581 2124 1687 2164 me-

147 2195 354 2246 dicinam
383 2193 593 2247 adhibet
639 2212 648 2244 :
702 2210 821 2248 nam
853 2197 925 2249 ait
952 2196 1204 2252 Dominus
1241 2217 1250 2249 :
1297 2199 1498 2264 Amen,
1532 2214 1686 2254 amen

145 2287 249 2338 dico
276 2286 434 2338 vobis.
462 2284 594 2349 Quid
617 2294 698 2338 est
727 2300 900 2349 amen,
931 2299 1083 2339 amen
1109 2305 1118 2338 :
1156 2288 1254 2341 nisi
1278 2303 1480 2354 verum,
1505 2304 1687 2343 verum

149 2379 257 2432 dico
283 2380 453 2432 vobis?
483 2379 630 2444 Quod
664 2380 881 2433 verbum
915 2396 1012 2435 nec
1036 2381 1248 2436 Graecus
1296 2383 1556 2449 interpres
1593 2398 1690 2438 nec

147 2470 344 2523 Latinus
370 2484 530 2522 ausus
574 2479 654 2524 est
703 2473 754 2524 in
787 2473 943 2523 aliam
995 2474 1280 2526 transferre
1322 2473 1585 2541 linguam,
1633 2485 1691 2528 ut

150 2563 380 2614 honorem
411 2562 665 2615 traherent
709 2563 1004 2617 velamento
1050 2573 1270 2618 secretae
1302 2566 1689 2621 testificationis

152 2651 360 2702 veritatis
383 2650 430 2703 in
461 2650 691 2706 Christo.
726 2652 925 2705 Veritas
956 2653 1076 2707 dicit
1105 2673 1114 2703 ;
1151 2652 1356 2720 Verum,
1388 2672 1556 2708 verum
1575 2659 1688 2709 dico

148 2742 286 2794 rabis.
319 2741 603 2808 lngeminat
623 2758 685 2796 ac
715 2743 937 2811 replicat
969 2746 1188 2797 verbum
1217 2747 1466 2811 veritatis,
1501 2756 1555 2800 ut
1582 2763 1687 2800 cx-

147 2832 310 2884 citaret
358 2831 704 2895 dormientes,
757 2835 989 2886 intentos
1038 2834 1229 2888 faceret
1273 2836 1572 2900 audientes,
1624 2854 1690 2891 ne

148 2929 552 2973 contemneretur
574 2921 659 2988 qui
689 2921 763 2972 ait
794 2939 804 2971 :
840 2923 995 2974 Amen
1015 2962 1028 2985 ,
1069 2939 1213 2976 amen
1243 2924 1353 2976 dico
1383 2925 1539 2988 vobis,
1571 2929 1690 2994 quia

148 3012 295 3062 cuiuis
321 3012 406 3077 qui
434 3011 554 3078 facit
585 3023 858 3078 peccatum,
882 3030 1052 3066 servus
1077 3025 1149 3067 est
1177 3017 1364 3081 peccati
1408 3016 1451 3069 Ο
1476 3017 1691 3071 misera-

150 3101 256 3152 bilis
300 3103 544 3167 servitus,
577 3106 775 3157 servire
807 3117 1049 3171 peccato,
1081 3106 1278 3159 servire
1324 3107 1553 3171 diabolo,
1603 3109 1690 3177 qui

150 3190 332 3256 peccati
356 3200 437 3244 est
463 3193 673 3245 auctor!
700 3195 851 3260 Sis-pe
881 3194 1122 3248 homines
1147 3197 1311 3250 malos
1333 3198 1576 3250 dominos
1609 3201 1690 3251 lii-

148 3281 298 3348 giunt,
333 3298 399 3336 ne
426 3285 657 3336 serviant
700 3287 851 3338 malis
883 3303 897 3351 ;
941 3297 991 3340 et
1021 3303 1125 3340 non
1159 3287 1363 3355 fugiunt
1389 3301 1694 3358 peccatum,

151 3373 285 3440 cujus
311 3375 446 3428 servi
475 3383 628 3437 sunt;
654 3386 707 3429 et
731 3387 930 3443 quanto
957 3378 1160 3432 felicius
1187 3390 1327 3433 esset
1356 3381 1536 3450 fugere
1571 3398 1696 3449 pec-

149 3473 329 3524 catum,
353 3474 406 3516 et
432 3465 637 3518 servire
669 3466 863 3519 homini
897 3467 1059 3522 libera
1082 3471 1441 3523 conscientia?
1493 3472 1692 3527 Deinde

149 3568 321 3606 servus
367 3555 591 3608 hominis
619 3557 900 3624 aliquando
935 3561 1014 3613 sui
1043 3561 1242 3614 domini
1285 3562 1431 3615 duris
1463 3563 1697 3631 imperiis

151 3643 400 3712 fatigatus,
433 3644 680 3715 fugiendo
729 3651 1027 3716 requiescit.
1078 3652 1274 3706 Servus
1320 3656 1519 3719 peccati
1567 3673 1698 3724 quo-

148 3749 242 3799 quo
271 3734 417 3802 fugit,
464 3750 641 3790 secum
676 3738 726 3790 id
777 3740 972 3793 trabit:
1007 3756 1318 3812 quocunque
1350 3744 1556 3813 fugerit,
1593 3761 1695 3799 non

149 3823 269 3893 fugit
308 3828 558 3893 seipsuin.
605 3829 739 3884 Mala
785 3832 1104 3886 conscientia
1157 3849 1259 3886 non
1309 3848 1388 3887 eat
1419 3852 1522 3903 quo
1567 3847 1692 3889 eat:

151 3917 371 3983 sequitur
398 3908 476 3980 se,
508 3919 611 3970 imo
642 3933 743 3971 non
794 3920 992 3973 recedit
1018 3937 1046 3972 a
1093 3937 1151 3975 se
1186 3941 1196 3974 :
1237 3933 1504 3990 peccatum
1553 3928 1693 3980 enim

150 4007 276 4074 quod
329 4006 474 4073 fecit,
504 4009 642 4061 intus
671 4017 772 4062 est.
825 4009 972 4064 Fecit
1003 4024 1306 4079 peccatum,
1366 4025 1422 4067 ut
1468 4016 1695 4083 aliquam

149 4098 471 4165 corporalem
515 4107 726 4165 caperet
774 4099 1090 4169 voluptatein
1135 4121 1146 4153 :
1198 4105 1432 4172 voluptas
1490 4105 1695 4169 transit,

154 4197 412 4251 peccatum
447 4201 638 4253 manet,
669 4191 904 4257 praeterit
929 4195 1066 4259 quod
1097 4194 1413 4257 delectabat,
1461 4207 1699 4250 remanet

150 4281 276 4346 quod
306 4292 500 4347 pungat
530 4297 543 4332 :
577 4281 710 4332 mala
741 4283 982 4335 servitus.
1026 4283 1322 4350 Aliquando
1371 4285 1574 4352 fugiunt
1607 4287 1700 4339 lio-

153 4373 308 4425 mines
336 4371 602 4441 improbos
630 4374 904 4437 dominos,
957 4373 1192 4428 volentes
1237 4389 1416 4429 carere
1443 4375 1697 4442 dominis,

1788 1919 1891 1972 lum
1946 1920 2202 1989 diligere,
2254 1925 2338 1990 qui
2374 1939 2497 1977 vere
2548 1939 2641 1977 nos
2699 1925 2936 1978 liberavit
2988 1943 2998 1977 :
3065 1927 3151 1994 qui
3200 1941 3355 1980 verus

1788 2017 1867 2062 est
1911 2009 2074 2065 Filius
2121 2012 2244 2074 Dei,
2296 2024 2351 2068 et
2403 2014 2647 2068 dominus
2696 2013 2746 2067 in
2791 2016 2956 2068 forma
3011 2014 3196 2068 servi:
3248 2030 3352 2068 non

1789 2112 1970 2154 servus
1996 2141 2010 2166 ,
2051 2103 2142 2154 sed
2199 2105 2246 2156 in
2289 2104 2453 2157 forma
2511 2105 2646 2159 servi
2697 2103 2961 2159 dominus.
3006 2105 3124 2158 Fuit
3162 2107 3355 2174 quippe

1793 2190 1879 2243 illa
1910 2194 2081 2247 carnis
2117 2194 2282 2248 forma
2327 2197 2565 2258 servilis;
2599 2198 2688 2251 sed
2735 2200 2972 2265 quamvis
3017 2207 3161 2252 esset
3208 2200 3359 2252 simi-

1794 2281 1956 2337 litudo
2004 2286 2175 2338 carnis
2232 2287 2465 2354 peccati,
2522 2302 2624 2341 nou
2664 2297 2777 2341 erat
2821 2288 3020 2356 peccati
3074 2307 3086 2340 :

1793 2384 1898 2428 tem
1941 2378 2180 2443 promisit
2219 2379 2555 2432 credentibus
2607 2380 2654 2431 in
2705 2395 2781 2433 se.
2837 2380 3001 2434 Judaii
3043 2395 3201 2446 vero,
3246 2389 3361 2438 tati-

1801 2480 1958 2532 quam
1991 2466 2055 2519 de
2087 2481 2182 2518 sua
2215 2467 2458 2520 libertate
2488 2469 2871 2535 superbientes,
2919 2470 3183 2538 dedignati
3236 2481 3357 2525 sunt

1798 2555 1908 2608 fieri
1942 2557 2110 2620 liberi,
2160 2573 2278 2611 cum
2320 2569 2495 2612 essent
2525 2560 2661 2612 servi
2694 2563 2908 2629 peccati.
2947 2562 3068 2615 ldco
3096 2571 3271 2616 autent
3302 2578 3362 2618 se

1795 2643 1991 2698 liberos
2046 2661 2161 2698 esse
2219 2647 2478 2711 dixerunt,
2513 2651 2628 2716 quia
2682 2667 2862 2703 semen
2915 2651 3139 2705 Abralite
3185 2663 3356 2708 erant.

1794 2733 1927 2792 Quid
1959 2750 2083 2802 ergo
2115 2737 2190 2788 cis
2221 2738 2430 2789 ad'liaic
2462 2739 2724 2805 respmidil
2759 2740 3029 2807 Dominus,
3059 2744 3353 2799 audiamus.

1866 2824 2009 2891 Scio,
2044 2829 2239 2894 inquit,
2282 2829 2397 2889 quia
2441 2830 2536 2896 lilii
2576 2831 2791 2882 Abralue
2819 2833 2954 2896 estis,
3003 2835 3093 2885 sed
3137 2837 3361 2899 quaeritis

1796 2930 1872 2966 me
1899 2915 2202 2982 interﬁcere.
2254 2921 2496 2983 Agnosco
2532 2918 2706 2971 carnis
2732 2921 3010 2988 originem,
3043 2939 3146 2976 iiou
3185 2927 3360 2978 cordis

1799 3006 1972 3058 fidem.
2004 3005 2127 3059 Filii
2159 3007 2370 3060 Abra/uc
2393 3009 2526 3073 estis,
2553 3009 2643 3063 sed
2665 3011 2951 3067 secundum
2974 3027 3210 3069 carnem.
3237 3015 3358 3071 Ideo

1796 3097 2017 3162 queritis
2047 3114 2121 3149 me
2143 3100 2387 3163 occidere,
2421 3099 2606 3167 inquit.

1871 3188 2047 3240 Sermo
2074 3189 2209 3241 enim
2235 3205 2371 3242 meus
2402 3206 2500 3241 non
2529 3192 2662 3258 capit
2701 3191 2752 3245 in
2801 3193 2953 3246 vobis.
3004 3193 3056 3248 Id
3105 3205 3205 3261 est,
3257 3211 3360 3251 non

1801 3277 1955 3330 habet
1983 3277 2151 3332 locum
2183 3280 2233 3331 in
2267 3282 2438 3333 vobis.
2499 3283 2550 3334 Si
2597 3296 2773 3336 sermo
2821 3299 2968 3338 incus
3011 3299 3289 3354 caperetur
3332 3305 3360 3344 a

1801 3370 1969 3434 vobis,
1999 3382 2211 3437 caperet
2251 3372 2426 3441 utique
2458 3386 2550 3426 vos
2583 3390 2594 3424 :
2626 3374 2748 3442 quid
2802 3384 2882 3429 est
2912 3391 3059 3445 ergo,
3090 3394 3189 3432 non
3228 3383 3364 3449 capit

1796 3459 1846 3510 in
1878 3461 2057 3513 vobis:
2099 3461 2148 3513 id
2181 3471 2280 3524 est,
2335 3477 2437 3515 non
2478 3462 2616 3531 capit
2645 3477 2736 3517 cor
2780 3466 3050 3519 vestrum?
3089 3468 3206 3534 quia
3253 3484 3358 3522 non

1801 3553 2053 3617 recipitur
2083 3568 2110 3604 a
2153 3553 2314 3606 corde
2368 3564 2563 3608 vestro.
2614 3555 2843 3609 Audistis
2891 3567 3035 3613 certe
3082 3559 3364 3616 Dominum

1797 3645 2096 3697 dicentem:
2131 3647 2248 3699 Scio
2276 3647 2393 3708 quia
2419 3646 2516 3712 filii
2555 3647 2770 3700 Abralttc
2796 3649 2914 3701 estis
2952 3665 2971 3707 :
3013 3651 3191 3706 audite
3234 3654 3361 3723 quid

1801 3747 1976 3804 postea
2006 3736 2143 3790 dicat
2180 3756 2189 3788 :

1870 3828 1999 3896 Ego,
2031 3828 2218 3894 inquit,
2249 3829 2382 3896 quod
2411 3829 2510 3882 vidi
2541 3831 2679 3894 apud
2702 3829 2907 3884 Patrem
2937 3849 3120 3896 meum,
3154 3833 3360 3902 lautior;

1799 3927 1844 3968 et
1870 3933 1956 3969 t‘Os
1981 3932 2093 3983 qua:
2117 3916 2308 3970 vidistis
2338 3918 2472 3980 apud
2499 3929 2694 3987 patrem
2739 3930 2978 3986 vestrum,
3010 3923 3198 3990 facitis.
3225 3924 3360 3990 Quid

1800 4019 1970 4060 autem
2003 4008 2235 4060 faciunt?
2262 4009 2400 4076 quod
2425 4009 2551 4062 dixit
2583 4010 2659 4063 eis
2688 4028 2700 4062 :
2735 4011 2973 4076 Quwritis
3007 4031 3082 4067 me
3112 4017 3361 4074 occidere.

1805 4105 1911 4157 lloc
1951 4103 2089 4170 apud
2136 4104 2402 4158 Abraham
2436 4121 2701 4174 nunquam
2736 4109 2993 4164 viderant.
3031 4092 3197 4165 Dicit:
3235 4115 3363 4175 Quae

1803 4193 1903 4244 titli
1933 4193 2070 4259 apud
2102 4190 2310 4246 Patrem
2332 4210 2522 4257 meum,
2568 4196 2763 4262 loquor.
2801 4197 3082 4252 Veritatem
3116 4201 3238 4267 vidi,
3270 4219 3363 4257 ve-

1803 4283 2011 4334 ritatem
2038 4283 2224 4348 loquor
2252 4283 2406 4350 ;quia
2439 4285 2633 4337 veritas
2677 4301 2814 4339 sum.
2852 4287 2905 4340 Si
2935 4289 3074 4341 enim
3109 4290 3360 4348 Dominus

1805 4372 2074 4425 veritatem
2117 4370 2344 4439 loquitur
2393 4388 2404 4423 :
2464 4372 2582 4439 quia
2637 4374 2746 4439 ipse
2789 4383 2871 4427 est
2925 4380 3121 4431 vei-it..s
3173 4377 3365 4446 Patris,

153 4460 236 4529 qui
275 4461 462 4514 nolunt
491 4477 672 4517 carere
707 4465 953 4530 peccatis.
994 4464 1200 4529 Quanto
1238 4465 1436 4520 felicius
1487 4467 1694 4522 deserat
1722 4499 1772 4558 Ι)
1802 4478 1957 4529 quam
1988 4463 2120 4517 Vidit
2149 4463 2284 4529 apud
2336 4463 2548 4519 Palrem
2578 4483 2587 4516 :
2619 4479 2676 4518 se
2717 4466 2912 4522 vidisse
2944 4470 3195 4537 loquitur,
3237 4476 3358 4542 quia

154 4559 300 4604 homo
319 4561 604 4618 peccatum,
619 4553 781 4620 fugiat
797 4555 861 4605 ad
879 4552 1167 4618 Christum,
1186 4555 1347 4608 Deum
1363 4557 1695 4612 liberatorem

154 4643 468 4711 interpellet?
488 4642 838 4712 Liberatergo
863 4645 928 4698 ab
950 4645 1046 4699 hac
1065 4647 1315 4700 servitute
1336 4650 1531 4716 peccati
1553 4649 1698 4702 solus

157 4733 416 4794 Dominus,
435 4733 519 4801 qui
540 4733 677 4786 illam
702 4750 805 4786 non
833 4734 1014 4788 habuit
1037 4751 1048 4785 :
1073 4737 1158 4802 qui
1186 4736 1329 4788 solus
1350 4740 1462 4789 sine
1487 4749 1698 4804 peccato

156 4824 290 4877 venit
310 4825 362 4876 in
391 4823 657 4876 mundum.
692 4823 781 4877 ille
797 4824 939 4879 solus
958 4823 1181 4877 liberare
1194 4834 1359 4891 potest
1379 4827 1444 4880 de
1463 4836 1695 4894 peccato,

155 4914 235 4978 qui
279 4915 423 4966 venit
468 4912 578 4967 sine
608 4922 852 4980 peccato,
883 4924 935 4967 et
963 4914 1129 4968 factus
1160 4927 1238 4968 est
1264 4916 1575 4970 sacrificium
1607 4931 1700 4985 pro

159 5017 384 5071 peccato.
429 5006 556 5059 Cum
598 5021 724 5074 ergo
761 5009 931 5060 omnis
974 5008 1062 5076 qui
1109 5006 1228 5060 facit
1269 5018 1558 5072 peccatum,
1592 5025 1703 5063 ser-

160 5111 249 5149 vits
273 5097 339 5148 sit
362 5096 552 5163 peccati
585 5115 596 5148 :
625 5113 743 5165 quae
773 5100 841 5151 sit
877 5112 998 5167 spes
1026 5099 1175 5152 nobis
1200 5099 1471 5162 libertatis,
1503 5102 1697 5154 audite.

223 5184 410 5240 Servus
438 5199 619 5253 autem,
651 5190 836 5255 inquit,
869 5205 964 5240 non
994 5202 1157 5244 manet
1198 5190 1248 5242 in
1294 5191 1444 5242 domo
1484 5192 1534 5243 in
1561 5204 1703 5244 teter-

161 5294 292 5331 iiiutt.
327 5279 550 5332 Ecclesia
580 5291 661 5332 est
704 5281 911 5340 domus,
944 5294 1126 5335 servus
1164 5292 1242 5333 est
1294 5292 1552 5347 peccator.
1589 5281 1702 5335 Non

164 5377 364 5421 maneat
390 5369 542 5423 homo
567 5371 618 5422 in
667 5380 902 5437 peccato,
950 5386 1014 5423 ne
1052 5372 1118 5424 sit
1157 5388 1340 5425 servus
1390 5375 1606 5438 peccati.
1641 5375 1706 5426 Ut

165 5459 318 5523 possit
347 5473 557 5512 manere
603 5464 651 5512 in
683 5461 859 5520 dumo,
895 5459 942 5510 id
975 5471 1083 5522 est,
1136 5466 1184 5512 in
1217 5462 1470 5526 Ecclesia,
1501 5473 1708 5529 nuntient

164 5549 213 5599 in
238 5561 458 5616 corpore
473 5550 651 5618 capitis
676 5551 780 5613 sui,
800 5561 854 5603 ut
882 5553 946 5604 sit
972 5552 1123 5615 filius,
1150 5568 1250 5605 non
1279 5569 1481 5608 servus.
1531 5555 1706 5624 Longe

166 5639 296 5692 aliud
325 5649 408 5693 est
435 5654 663 5708 peccare,
697 5641 834 5694 aliud
861 5657 1065 5695 manere
1097 5643 1145 5695 in
1175 5657 1403 5710 peccato.
1455 5645 1548 5707 Qui
1595 5661 1706 5698 nia-

168 5740 252 5784 iiet
291 5733 342 5786 in
390 5744 630 5801 peccato,
687 5748 870 5786 servus
919 5744 996 5786 est
1057 5736 1254 5804 peccati
1300 5752 1311 5785 :
1371 5737 1454 5803 qui
1511 5737 1637 5805 fugit
1682 5753 1708 5789 a

1801 4557 1911 4621 ipse
1967 4566 2044 4607 eat
2089 4557 2280 4609 veritas
2334 4555 2523 4622 Patris,
2579 4572 2732 4623 quam
2780 4560 2906 4613 vidit
2945 4564 3080 4628 apud
3126 4564 3364 4626 Patrem.

1800 4643 1914 4710 Ipse
1942 4653 2024 4697 est
2046 4647 2184 4696 enim
2209 4644 2446 4709 verbum,
2471 4647 2603 4708 quod
2633 4645 2848 4701 Verbum
2878 4661 2981 4704 erat
3001 4658 3140 4719 apud
3171 4655 3352 4715 Deum.

1801 4731 1883 4784 Isti
1915 4747 2040 4800 ergo
2069 4735 2259 4788 malum
2309 4734 2444 4802 quod
2476 4735 2691 4800 faciunt,
2723 4739 2858 4802 quod
2895 4739 3143 4797 Dominus
3171 4745 3357 4816 objur-

1799 4832 1885 4890 gat
1931 4832 1982 4877 et
2028 4824 2265 4892 corripit,
2312 4826 2397 4879 ubi
2448 4826 2690 4881 viderunt
2732 4830 2867 4896 apud
2916 4842 3117 4900 patrem
3167 4851 3351 4904 suum,

1801 4929 1918 4967 cuin
1950 4915 2269 4969 audierimus
2314 4917 2365 4968 in
2397 4920 2843 4986 consequentibus
2873 4924 3107 4989 apertius
3155 4925 3353 4984 dictum

1801 5003 1886 5070 qui
1913 5004 1984 5056 sit
2010 5018 2194 5057 eorum
2252 5013 2422 5073 pater,
2469 5014 2591 5058 tunc
2621 5006 2975 5077 intelligemus
3005 5012 3178 5081 qualia
3209 5016 3353 5070 vide.

1804 5095 1906 5146 rint
1945 5094 2082 5161 apud
2129 5095 2288 5149 talem
2322 5104 2545 5162 patrem.
2576 5095 2760 5150 Adhuc
2803 5100 2941 5153 cnim
2985 5117 3091 5156 non
3120 5106 3359 5161 nominat

1805 5192 2003 5250 pati-em
2036 5185 2288 5251 ipsorum.
2333 5186 2492 5240 Paulo
2532 5189 2776 5253 superius
2822 5190 3086 5246 Abraham
3117 5210 3358 5252 commev

1807 5277 2047 5341 inoravit,
2082 5277 2174 5330 sed
2222 5279 2397 5330 carnis
2426 5279 2708 5345 originem,
2753 5295 2854 5334 non
2888 5284 3009 5337 vita:
3054 5286 3363 5342 similitudi-

1809 5381 1924 5419 iieui
1955 5368 2210 5420 dicturus.
2236 5369 2495 5432 Alterum,
2529 5381 2728 5435 patrem
2761 5373 2988 5438 illorum,
3021 5378 3107 5444 qui
3152 5395 3247 5432 nec
3269 5397 3359 5449 ge-

1810 5460 1920 5511 nuit
1945 5474 2056 5523 eos,
2103 5475 2199 5513 nec
2229 5462 2446 5524 creavit,
2477 5473 2529 5512 iit
2561 5463 2800 5514 homines
2832 5477 3033 5526 essent,
3063 5470 3153 5521 sed
3182 5477 3363 5528 tamen

1811 5550 1898 5601 lilii
1940 5561 2093 5601 erant
2135 5551 2270 5616 ejus,
2323 5551 2372 5602 in
2426 5560 2676 5618 quantum
2731 5555 2853 5606 mali
2902 5568 3094 5623 erant,
3150 5574 3251 5610 non
3312 5561 3365 5616 in

1809 5653 2059 5709 quantum
2093 5647 2331 5698 homines
2362 5654 2532 5709 erant,
2566 5647 2613 5698 in
2645 5660 2751 5718 quo
2781 5648 2990 5718 imitati,
3036 5664 3137 5705 non
3174 5651 3224 5706 in
3256 5665 3364 5724 quo

1809 5749 1986 5794 creato

3149 2288 3362 2342 liberta-
3433 2307 3436 2312 -
