3822 6226
489 322 584 374 751

909 321 1106 375 ΙίῑυίΕ
1153 321 1587 374 VENERABILIS
1628 322 1769 376 OPI‘.
1817 321 1986 375 PARS
2025 319 2086 371 11.
2131 322 2316 374 SECT.
2362 325 2496 376 1.-
2531 320 2906 376 EXEGETICA
2953 323 3268 376 CENUINA.
3566 321 3653 371 7Ἷέ

563 435 960 501 Responderunt,
1009 442 1051 484 et
1096 434 1329 485 dixerunt
1359 434 1402 485 ei
1430 447 1446 483 :
1479 432 1631 484 Pater
1670 443 1832 485 noster
1864 435 2016 485 Abra-
2053 437 2100 488 Α
2136 435 2419 502 Audiamus
2478 437 2599 502 quid
2656 437 2872 497 dicant,
2929 437 3200 488 audiamus
3251 433 3371 502 quid
3430 435 3651 486 audiant.

488 530 598 579 ham
627 537 719 578 est.
754 524 911 589 Quasi
943 535 994 575 tu
1023 523 1142 590 quid
1171 524 1408 576 dicturus
1435 539 1490 576 es
1518 533 1700 576 contra
1729 523 2017 586 Abraham;

490 621 578 666 aut
604 615 647 666 si
678 612 877 680 aliquid
913 625 1078 679 potes,
1125 612 1257 665 aude
1301 613 1684 678 reprehendere
1716 612 1975 665 Abraham
2009 632 2020 664 :

486 703 607 769 quia
636 717 738 755 non
770 703 1026 754 Dominus
1053 715 1156 755 n0u
1191 701 1414 753 audebat
1442 703 1830 768 reprehendere
1859 702 2026 755 Abra-

494 794 635 855 ham,
651 793 741 844 sed
765 793 878 843 talis
900 802 1008 844 erat
1034 792 1315 855 Abraham,
1332 791 1415 858 qui
1440 806 1540 844 non
1561 791 2029 855 reprehenderetur

489 900 514 936 a
541 886 780 946 lminino,
802 886 890 935 sed
919 885 1087 947 potius
1112 885 1410 938 laudaretur
1433 904 1443 936 :
1471 895 1640 937 tamen
1672 886 1753 937 isti
1780 885 2029 938 videban-

489 986 570 1029 tur
595 993 711 1029 euin
745 979 988 1042 probare,
1023 984 1079 1027 ut
1107 974 1304 1042 aliquid
1354 975 1474 1026 mali
1526 975 1727 1027 diceret
1755 973 1820 1026 de
1865 973 2031 1026 Abra-

490 1067 631 1126 ham,
679 1074 732 1117 et
791 1074 930 1117 esset
981 1065 1188 1116 occasio
1235 1064 1479 1126 faciendi,
1523 1062 1659 1130 quod
1711 1063 2028 1129 cogitabant.

491 1152 644 1207 Pater
668 1163 851 1217 noster,
892 1155 1149 1222 inquiunt,
1194 1153 1444 1206 Abraham
1471 1162 1564 1206 est.
1597 1154 1878 1206 Audiamus
1901 1167 2030 1221 quo-

497 1242 652 1294 modo
679 1243 755 1295 eis
805 1243 1073 1307 respondit
1120 1241 1389 1304 Dominus,
1423 1254 1539 1293 cum
1571 1240 1778 1293 illorum
1814 1239 2032 1293 damna-

491 1333 632 1384 tione
660 1329 876 1382 laudans
906 1329 1186 1382 Abraham.

563 1435 694 1489 Dicit
725 1437 796 1489 eis
815 1434 962 1489 Jesus
985 1451 1002 1488 :
1028 1434 1087 1490 Si
1110 1437 1205 1505 ﬁlii
1234 1437 1450 1488 Abrahae
1476 1439 1612 1501 estis,
1643 1451 1794 1505 opera
1821 1435 2033 1489 Abrahae

493 1527 656 1592 facite.
695 1526 848 1580 Nunc
889 1537 1053 1579 autem
1091 1527 1312 1593 quaeritis
1353 1542 1430 1579 me
1459 1526 1752 1592 interﬁcere,
1784 1525 2035 1580 hominem

491 1613 578 1680 qui
603 1614 854 1666 veritatem
885 1613 1016 1666 vobis
1044 1613 1237 1665 locutus
1277 1629 1406 1677 sum,
1433 1629 1580 1680 quam
1621 1614 1790 1667 audivi
1824 1631 1853 1664 a
1884 1614 1988 1666 Deo
2016 1630 2033 1666 :

496 1706 588 1753 hoc
617 1703 864 1754 Abraham
893 1719 988 1754 non
1016 1703 1148 1770 fecit.
1186 1703 1317 1756 Ecce
1361 1704 1445 1755 ille
1477 1703 1734 1767 laudatus,
1765 1704 1846 1756 isti
1888 1704 2030 1757 dam-

494 1793 621 1844 nati.
653 1792 915 1845 Abraham
951 1806 1050 1845 non
1080 1801 1195 1846 erat
1218 1793 1501 1846 homicida.
1531 1792 1644 1845 Non
1681 1792 1817 1857 dico,
1843 1792 2033 1861 inquit,

498 1898 596 1951 ego
623 1884 876 1936 Dominus
904 1895 1022 1936 sum
1046 1883 1270 1936 Abrahte
1296 1899 1307 1934 :
1333 1885 1472 1950 quod
1502 1883 1544 1936 si
1576 1883 1828 1947 dicerem,
1857 1898 2034 1937 verum

496 1973 746 2027 dicerem.
779 1972 908 2026 Nam
934 1972 1067 2026 dixit
1087 1973 1191 2026 alio
1222 1973 1354 2036 loco,
1381 1974 1506 2025 Ante
1533 1973 1782 2024 Abraham
1807 1989 1898 2041 ego
1931 1991 2037 2025 sum

497 2062 792 2132 (loan.vm)
821 2078 838 2117 :
869 2072 923 2117 et
952 2070 1076 2116 tunc
1095 2078 1212 2116 eum
1244 2063 1314 2116 illi
1341 2063 1570 2130 lapidare
1604 2065 1896 2116 voluerunt.
1926 2064 2037 2118 Non

496 2149 630 2202 dixit
680 2151 817 2203 hoc:
849 2149 1062 2202 Interim
1101 2151 1238 2217 quod
1299 2152 1485 2204 videtis
1513 2191 1525 2213 ,
1571 2150 1711 2218 quod
1764 2152 1996 2219 aspicitis
2022 2192 2035 2216 ,

494 2238 631 2305 quod
655 2253 737 2291 me
762 2238 927 2291 solum
959 2239 1167 2305 putatis,
1201 2241 1356 2291 homo
1385 2254 1521 2292 sum.
1557 2240 1830 2292 llominetn
1861 2241 2038 2294 dicen-

497 2337 603 2382 tem
627 2329 773 2380 vobis
797 2326 933 2395 quod
963 2327 1158 2380 audivit
1183 2344 1210 2380 a
1235 2327 1366 2390 Deo,
1399 2342 1562 2395 quare
1589 2327 1747 2381 vultis
1777 2329 2036 2392 occidere,

496 2419 595 2470 nisi
615 2419 731 2486 quia
757 2432 857 2472 non
875 2418 1001 2472 estis
1019 2419 1106 2471 lilii
1130 2418 1390 2473 Abrahae?
1411 2419 1473 2472 Et
1495 2429 1667 2472 tamen
1684 2419 1925 2487 superius
1945 2421 2039 2483 ait,

503 2507 624 2561 Scio
653 2508 770 2575 quia
793 2509 887 2574 ﬁlii
921 2509 1134 2562 Abrahae
1169 2511 1302 2564 estis.
1334 2510 1444 2563 Non
1477 2511 1683 2578 negavit
1723 2525 1904 2565 eorum
1938 2513 2043 2563 ori-

499 2601 693 2665 ginem,
741 2598 832 2654 sed
883 2596 1014 2653 facta
1057 2600 1390 2652 condemnat.
1431 2599 1569 2654 Caro
1616 2615 1798 2656 eorum
1847 2615 1910 2654 ex
1954 2601 2042 2653 illo

495 2693 630 2750 erat,
675 2685 764 2738 sed
799 2686 902 2739 vita
931 2699 1032 2739 non
1078 2696 1208 2739 erat.
1261 2687 1394 2754 Ergo
1438 2687 1724 2741 Christiani
1764 2689 1879 2741 facti
1920 2698 2041 2741 sunt

503 2789 681 2828 semen
726 2775 949 2829 Abraha:
995 2776 1158 2844 gratia
1195 2776 1283 2830 Dei
1322 2795 1330 2827 :
1365 2791 1464 2830 non
1517 2780 1582 2831 de
1611 2793 1766 2833 carne
1817 2780 2041 2833 Abrahae

500 2865 620 2917 facti
688 2864 759 2915 illi
849 2865 1184 2930 cohmredes,
1268 2865 1401 2918 Deus
1468 2866 1585 2917 illos
1667 2868 2040 2934 exh-.eredavit,

506 2955 634 3006 istos
685 2954 969 3020 adoptavit.
1026 2952 1113 3006 lsti
1161 2965 1305 3019 sunt,
1359 2956 1423 3008 de
1464 2957 1652 3022 quibus
1701 2957 1801 3008 alio
1852 2957 1969 3010 loco
2011 2970 2040 3009 a

504 3042 706 3098 Joanne
731 3043 956 3110 Baptista
1012 3043 1206 3096 dictum
1237 3053 1314 3098 est
1341 3061 1352 3095 :
1388 3043 1570 3098 Potens
1600 3056 1669 3100 est
1699 3047 1832 3099 Deus
1871 3048 1932 3101 de
1960 3050 2038 3101 la-

504 3134 702 3204 pidibus
739 3134 846 3214 istis
890 3133 1133 3185 suscitare
1161 3133 1293 3195 filios
1339 3131 1550 3186 Abrahae
1586 3133 1794 3200 (Matth.
1829 3137 1930 3202 ιιι).
1966 3137 2041 3191 1111

497 3224 634 3278 enim
667 3235 787 3276 sunt
817 3224 904 3277 lilii
937 3224 1185 3286 Abrahze,
1235 3226 1319 3291 qui
1356 3225 1506 3276 ﬁdem
1554 3225 1780 3279 Abrahze
1837 3227 2042 3280 imitan-

508 3324 608 3366 tur.
639 3315 756 3367 Ideo
787 3315 1055 3380 subjunxit
1086 3314 1334 3368 Dominus
1373 3314 1550 3368 dicens
1579 3333 1588 3365 :
1624 3313 1681 3368 Si
1708 3315 1803 3380 ﬁlii
1834 3316 2047 3376 Abraha:

503 3404 636 3465 estis,
670 3420 820 3470 opera
866 3402 1079 3456 Abrahte
1119 3404 1286 3470 facile.
1340 3405 1508 3457 Factis
1541 3405 1753 3471 probate
1799 3407 2043 3458 nobilita-

504 3502 627 3552 tem,
662 3507 764 3543 non
795 3492 988 3545 verbis.
1036 3491 1139 3546 Sed
1178 3494 1398 3559 quaeritis
1427 3510 1502 3545 me
1533 3494 1830 3560 inter/icere,
1876 3495 2045 3546 1101111-

507 3597 626 3634 110111
658 3580 744 3647 qui
777 3582 1048 3634 veritatem
1076 3580 1278 3634 locutus
1300 3595 1414 3633 sum
1437 3581 1605 3648 vobis,
1637 3597 1792 3649 quam
1821 3581 1993 3634 audivi
2019 3596 2048 3632 a

505 3671 631 3726 Deo.
665 3670 775 3724 Hoc
803 3670 1067 3723 Abraham
1101 3686 1202 3724 non
1232 3671 1370 3725 fecit.

579 3780 680 3833 Vos
709 3780 859 3849 facite
886 3796 1037 3849 opera
1075 3781 1234 3850 patris
1269 3771 1434 3834 vestri.
1466 3779 1528 3832 Et
1561 3780 1729 3833 adhuc
1771 3797 1874 3834 non
1897 3780 2041 3845 dicit,

499 3874 617 3940 quis
648 3882 729 3926 est
760 3873 857 3925 iste
885 3884 1027 3939 pater
1075 3887 1278 3925 eorum.
1303 3871 1454 3926 Modo
1493 3873 1561 3924 illi
1608 3872 1727 3940 quid
1759 3875 2038 3942 responde-

503 3965 658 4018 runt?
687 3961 975 4030 C(eperunt
1003 3962 1143 4014 enim
1177 3973 1438 4030 utcunque
1477 3977 1792 4030 cognoscere
1834 3979 1934 4016 non
1984 3965 2048 4016 de

502 4053 678 4106 carnis
728 4050 1067 4120 generatione
1119 4049 1395 4104 Dominmn
1448 4052 1625 4118 loqui,
1676 4053 1765 4104 sed
1817 4053 1882 4105 de
1930 4053 2046 4106 vitae

502 4147 850 4200 institutione.
887 4141 951 4197 Et
993 4144 1109 4212 quia
1154 4143 1478 4197 consuetudo
1509 4141 1892 4209 Scripturarum
1946 4155 2045 4209 est,

502 4251 657 4304 quam
691 4233 934 4301 legebant
959 4231 1382 4297 fornicationem,
1411 4231 1750 4298 spiritualiter
1772 4235 2043 4301 appellari,

498 4340 616 4377 eum
649 4325 748 4377 diis
778 4323 956 4375 multis
987 4330 1036 4376 et
1085 4323 1228 4375 falsis
1268 4322 1440 4375 anima
1474 4331 1718 4391 tanquam
1767 4324 2040 4390 prostituta

497 4414 791 4481 subjicitun,
823 4412 886 4463 ad
918 4413 1015 4464 hoc
1045 4409 1446 4479 reSponderuut.

571 4525 815 4576 Dixerunt
840 4524 1004 4590 itaque
1041 4523 1085 4572 ei
1110 4538 1122 4574 :
1153 4521 1262 4575 Nos
1290 4537 1349 4574 ex
1375 4523 1720 4590 prostitutione
1745 4538 1844 4574 non
1875 4538 2043 4575 sumus

495 4620 625 4680 nati,
658 4632 810 4666 unum
842 4626 1033 4680 patrem
1073 4612 1309 4666 habemus
1340 4613 1520 4666 Deum.
1555 4615 1669 4666 .lam
1707 4614 1851 4666 viluit
1882 4614 2046 4667 Abra-

503 4704 648 4771 ham,
684 4703 876 4769 repulsi
907 4712 1027 4756 sunt
1055 4717 1197 4769 eum,
1243 4701 1506 4770 quomodo
1537 4703 1715 4769 repelli
1748 4706 2039 4766 voluerunt,

497 4809 593 4849 are
622 4794 871 4856 veridico,
919 4792 1038 4861 quia
1071 4801 1182 4844 erat
1212 4792 1328 4844 talis
1359 4791 1646 4853 Abraham,
1679 4792 1824 4858 cujus
1854 4795 2042 4844 factum

502 4903 605 4939 non
631 4886 991 4945 imitabantur,
1027 4892 1079 4935 et
1107 4883 1171 4936 de
1199 4882 1339 4936 illius
1370 4896 1561 4950 genere
1586 4881 1961 4949 gloriabantur,
1994 4892 2047 4936 et

499 4982 834 5027 tnutaverunt
890 4973 1332 5039 responsionem,
1385 4972 1578 5033 credo,
1627 4971 1859 5024 dicentes
1911 4973 2042 5039 apud
2119 5007 2122 5010 η

496 5067 736 5132 seipsos:
794 5066 1217 5130 Quotiescunque
1263 5061 1708 5115 nominaverimus
1756 5063 2042 5124 Abraham,

495 5159 729 5210 dicturus
759 5169 837 5209 est
884 5157 1072 5209 nobis:
1111 5156 1285 5221 Quare
1335 5170 1435 5207 non
1478 5151 1754 5207 imitamini
1805 5168 1946 5214 eum,
1978 5156 2044 5206 de

495 5249 644 5314 cujus
680 5263 872 5314 genere
909 5249 1238 5314 gloriamini?
1268 5246 1373 5298 Nos
1415 5255 1676 5311 sanctum,
1704 5244 1926 5313 justum,
1961 5245 2042 5297 in-

497 5349 769 5390 nocentem
844 5347 1041 5389 tantutn
1092 5341 1259 5392 virum
1321 5341 1515 5393 imitari
1567 5356 1668 5393 non
1726 5353 2039 5406 possumus,

501 5429 662 5479 Deum
720 5431 951 5482 dicamus
1004 5442 1199 5496 patrem
1258 5445 1496 5484 nostrum
1547 5433 1864 5485 :videamus
1919 5433 2041 5497 qttid

494 5520 642 5570 nobis
671 5519 905 5572 dicturus
932 5531 1027 5572 est.
1058 5520 1301 5586 Nunquid
1333 5523 1532 5575 lalsitas
1563 5522 1761 5574 invenit
1788 5521 1924 5589 quod
1957 5521 2038 5574 di-

491 5620 654 5671 ceret,
689 5619 740 5660 et
798 5612 986 5661 veritas
1032 5627 1133 5663 non
1184 5612 1441 5666 inveniret
1489 5612 1612 5680 quid
1661 5613 2042 5682 responderet?

2129 523 2316 586 Unum,
2349 524 2605 591 inquiunt,
2638 536 2828 592 patrem
2862 527 3096 577 habemus
3132 525 3310 577 Deum.

2197 612 2338 664 Dixit
2367 628 2481 678 ergo
2503 615 2572 666 eis
2596 614 2741 666 Jesus
2767 630 2784 667 .'
2817 615 2873 668 Si
2902 615 3031 666 Deus
3079 624 3216 680 pater
3240 624 3392 665 vester
3415 623 3557 671 esset,
3584 615 3651 662 di-

2128 702 2343 770 ligeretis
2372 702 2538 768 utique
2569 719 2643 755 me
2675 719 2692 755 .·
2723 720 2814 773 ego
2839 705 2969 756 enim
3007 719 3068 756 ex
3101 703 3203 754 Deo
3231 702 3437 770 processi
3466 713 3511 752 rt
3535 701 3656 760 vt-ni,

2128 806 2287 855 neque
2315 791 2445 842 enim
2474 805 2503 839 a
2540 792 2726 858 nteipso
2775 794 2905 857 veni,
2939 793 3024 844 sed
3067 794 3152 844 ille
3201 808 3276 843 me
3307 792 3452 841 misit.
3493 790 3658 841 Dicitis

2131 877 2291 930 Deum
2339 889 2559 945 patrem,
2590 880 2856 944 agnoscite
2905 880 2985 933 vel
3041 880 3252 933 fratrem
3298 887 3547 932 vestrum.
3583 877 3661 928 llic

2131 969 2322 1034 tetigit,
2351 967 2488 1034 quod
2518 969 2707 1034 stepius
2738 969 2873 1020 solet
2901 968 3077 1021 dicere
3106 987 3118 1022 :
3145 968 3262 1020 Non
3283 984 3311 1019 a
3343 968 3524 1032 meipso
3544 965 3659 1026 veni,

2131 1058 2216 1109 sed
2266 1058 2353 1108 ille
2381 1075 2456 1110 me
2507 1060 2662 1118 misit;
2710 1073 2736 1108 a
2779 1058 2887 1108 Deo
2931 1059 3184 1125 processi,
3218 1067 3269 1110 et
3318 1059 3448 1112 veni.
3480 1057 3660 1109 Christi

2134 1161 2259 1212 ergo
2293 1148 2471 1198 miSs-io
2521 1145 2809 1198 incarnatio
2838 1145 2952 1210 ejus
2981 1153 3081 1196 est.
3128 1145 3275 1209 Quod
3308 1160 3430 1196 vero
3458 1145 3524 1196 de
3571 1144 3660 1195 Deu

2135 1234 2287 1286 Patre
2319 1235 2571 1301 processit
2605 1233 2852 1292 Verbum,
2905 1245 3097 1284 aeterna
3134 1234 3393 1296 processio
3442 1244 3543 1292 eSt,
3575 1246 3661 1283 non

2137 1325 2335 1378 habens
2369 1336 2596 1391 tempus,
2628 1339 2720 1391 per
2749 1340 2900 1387 quem
2935 1324 3122 1374 laetum
3158 1332 3238 1374 est
3281 1331 3501 1388 tempus.
3548 1324 3663 1387 Ergo

2135 1417 2202 1467 ab
2232 1415 2322 1467 illo
2354 1413 2608 1479 processit
2655 1423 2708 1465 ut
2742 1413 2900 1477 Deus,
2934 1424 2988 1465 ut
3016 1412 3249 1478 aequalis,
3285 1421 3335 1461 ut
3369 1413 3527 1462 Filius
3558 1416 3659 1461 uni-

2137 1517 2249 1556 cus.
2300 1503 2368 1558 Ut
2399 1503 2625 1555 Verbum
2661 1503 2832 1556 Patris
2863 1505 2998 1555 venit
3045 1503 3106 1554 ad
3140 1517 3274 1553 nos:
3315 1503 3428 1567 quia
3473 1500 3663 1550 Verbum

2139 1608 2256 1644 caro
2289 1597 2476 1659 factum
2505 1601 2596 1653 est,
2621 1601 2676 1643 ut
2705 1592 2957 1644 habitaret
2982 1592 3029 1643 in
3054 1591 3222 1643 nobis.
3249 1591 3518 1642 Adventus
3544 1589 3663 1653 ejus,

2143 1679 2438 1731 humanitas
2466 1680 2576 1745 ejus
2603 1696 2614 1730 :
2648 1678 2851 1731 mansio
2883 1680 3012 1744 ejus,
3052 1679 3300 1734 divinitas
3328 1678 3462 1744 ejus.

2211 1767 2398 1830 Quare,
2449 1765 2647 1832 inquit,
2698 1767 2941 1832 loquelam
2995 1782 3153 1817 meam
3198 1782 3298 1816 non
3345 1764 3665 1831 cognoscitis?

2139 1856 2257 1923 quia
2295 1871 2394 1908 non
2445 1856 2645 1920 potestis
2688 1870 2980 1922 coquosrere
3017 1871 3291 1907 sermonem
3336 1870 3515 1904 meum.
3566 1852 3666 1904 Ideo

2141 1960 2246 1998 non
2296 1952 2578 2012 potuerunt
2624 1957 2963 2012 cognoscere,
3017 1945 3136 2011 quia
3189 1960 3290 1997 non
3325 1955 3660 2011 poterautau-

2141 2033 2278 2087 dire.
2310 2031 2414 2088 Sed
2445 2034 2584 2086 unde
2614 2033 2796 2086 audire
2827 2048 2928 2085 non
2983 2041 3243 2100 poterant,
3278 2033 3378 2087 nisi
3419 2034 3538 2101 quia
3567 2047 3665 2084 cor-

2143 2123 2237 2189 rigi
2269 2122 2532 2176 credendo
2561 2121 2847 2176 uolebant?
2877 2132 2929 2176 et
2961 2123 3056 2175 hoc
3086 2123 3241 2175 inde?

2221 2212 2316 2265 l'os
2346 2231 2404 2265 ex
2431 2225 2570 2281 patre
2610 2214 2812 2266 diabolo
2865 2214 3000 2267 estis.
3043 2215 3280 2278 Quandiu
3319 2223 3514 2282 patrem
3543 2227 3666 2266 com-

2143 2305 2488 2355 memoratis?
2536 2304 2758 2371 quandiu
2817 2314 3016 2370 patrem
3063 2303 3295 2366 mutatis,
3345 2303 3498 2356 modo
3527 2305 3666 2354 Abra-

2149 2394 2290 2454 ham,
2351 2393 2505 2444 modo
2547 2392 2748 2445 Deum?
2781 2393 2967 2446 Audite
3014 2407 3044 2444 a
3077 2393 3212 2446 Filio
3263 2393 3373 2455 Dei,
3403 2392 3547 2461 cujus
3593 2391 3664 2442 ﬁlii

2148 2483 2297 2545 estis,
2341 2483 2376 2531 A
2432 2491 2573 2548 patre
2619 2481 2818 2533 diabolo
2867 2483 3003 2533 estis.
3038 2481 3176 2533 Deus
3223 2489 3427 2533 creator
3456 2480 3664 2531 omnium

2150 2579 2508 2623 creaturarum
2552 2573 2754 2623 creavit
2801 2570 3065 2622 hominem
3103 2587 3116 2622 :
3147 2569 3405 2636 quomodo
3436 2570 3516 2621 hic
3542 2569 3663 2629 dicit,

2141 2675 2223 2712 vos
2260 2676 2289 2710 a
2319 2669 2462 2726 patre
2512 2660 2710 2712 diabolo
2755 2659 2907 2711 estis?
2936 2658 3196 2725 Quidquid
3238 2673 3265 2709 a
3314 2658 3418 2710 Deo
3458 2665 3664 2709 creatum

2142 2759 2242 2812 051,
2275 2749 2468 2801 bonum
2501 2756 2616 2810 est;
2667 2755 2720 2801 et
2768 2748 2942 2800 Omnis
2969 2749 3146 2808 homo.
3177 2756 3422 2814 quantum
3453 2756 3665 2798 creatura

2144 2840 2234 2894 Dei
2274 2853 2374 2904 est,
2422 2841 2590 2892 bonus
2643 2847 2743 2893 est.
2791 2840 3052 2904 Quantum
3084 2853 3208 2890 vero
3250 2851 3307 2890 se
3354 2836 3559 2903 subjicit
3589 2849 3662 2901 per

2146 2932 2371 2986 liberum
2407 2931 2682 2985 arbitrium
2710 2930 2936 2992 diaLolo,
2969 2943 2996 2980 a
3021 2937 3170 2996 patre
3198 2926 3400 2980 diabolo
3420 2935 3516 2979 est.
3546 2923 3662 2977 Bona

2161 3024 2302 3075 enim
2335 3023 2564 3074 hominis
2596 3031 2802 3084 natura,
2833 3019 2925 3074 scil
2955 3019 3131 3072 vitiata
3164 3026 3245 3070 est
3268 3032 3355 3084 per
3384 3017 3564 3069 malam
3588 3031 3663 3066 vo-

2156 3115 2439 3177 luntatem,
2475 3122 2528 3167 et
2583 3112 2705 3167 inde
2747 3127 2772 3164 0
2807 3122 2954 3181 patre
2982 3121 3060 3164 est
3110 3111 3337 3163 diabolo.
3385 3107 3527 3173 Quod
3567 3107 3666 3159 fecit

2146 3207 2304 3271 Deus,
2340 3222 2440 3259 non
2476 3215 2644 3275 potest
2677 3220 2794 3259 esse
2823 3206 3036 3267 malum,
3070 3203 3113 3256 si
3158 3204 3269 3271 ipse
3302 3203 3455 3254 homo
3494 3214 3586 3252 non
3613 3200 3668 3250 sit

2146 3298 2245 3350 sibi
2283 3297 2467 3350 malus.
2519 3297 2639 3350 lude
2666 3310 2788 3363 ergo
2817 3295 2980 3348 Judmi
3011 3294 3138 3346 dicti
3184 3300 3307 3344 sunt
3339 3290 3426 3342 11111
3475 3288 3661 3348 diaboli,

2147 3404 2250 3440 non
2285 3388 2571 3450 nascendo,
2605 3387 2695 3438 sed
2741 3384 3012 3438 imitando.
3040 3380 3377 3435 Consuetudo
3408 3394 3525 3432 vero
3547 3377 3664 3430 Scri-

2156 3491 2323 3547 ptura:
2370 3490 2566 3532 sanctae
2610 3491 2728 3546 est,
2779 3494 2840 3531 ex
2899 3479 3183 3530 imitatione
3230 3477 3309 3528 vel
3361 3471 3665 3527 similitudine

2150 3586 2366 3636 operum
2399 3571 2534 3623 lilios
2573 3585 2713 3639 smpe
2751 3569 3040 3630 nominare,
3091 3567 3171 3619 vel
3221 3567 3468 3633 propheta
3499 3565 3556 3615 ad
3583 3560 3662 3615 Ju-

2149 3660 2289 3710 dzeos
2312 3660 2383 3711 ait
2409 3677 2418 3710 :
2448 3658 2599 3711 Pater
2625 3671 2738 3712 tuus
2761 3658 3096 3720 Amorrhazus,
3122 3666 3165 3708 et
3191 3667 3345 3707 mater
3368 3666 3450 3706 tua
3471 3653 3662 3706 Cethtru.

2149 3749 2442 3799 Amonhaei
2482 3763 2609 3815 gens
2637 3757 2750 3800 erat
2778 3747 3042 3813 quaedam,
3077 3745 3215 3798 unde
3237 3745 3488 3810 originem
3526 3742 3663 3795 Judai

2149 3850 2251 3888 non
2278 3835 2561 3890 ducebant.
2590 3835 2783 3888 Cethzei
2815 3844 2864 3888 et
2895 3834 2990 3901 ipsi
3017 3845 3226 3902 gentem
3257 3846 3406 3885 suam
3438 3830 3665 3882 habebant

2147 3926 2363 3977 omnino
2393 3925 2616 3977 alienam
2647 3941 2672 3976 a
2699 3938 2894 3994 genere
2923 3923 3244 3977 Judzeorum.
3269 3921 3373 3975 Sed
3401 3924 3514 3988 quia
3541 3929 3665 3972 erant

2149 4013 2297 4080 impii
2333 4013 2626 4065 Amorrbmi
2655 4023 2706 4066 et
2733 4012 2949 4077 Ceihmi,
2975 4013 3138 4067 Judaei
3164 4020 3340 4065 autem
3371 4011 3547 4065 imitati
3568 4019 3664 4060 sunt

2149 4101 2439 4169 impietates
2473 4102 2711 4156 illorum:
2742 4101 3048 4155 invenerant
3080 4102 3168 4152 lilii
3201 4111 3468 4168 parentes,
3501 4098 3662 4150 nonde

2145 4190 2332 4257 quibus
2383 4199 2749 4252 nascerentur,
2797 4191 2885 4243 sed
2933 4206 3152 4257 quorum
3201 4204 3378 4243 mores
3424 4187 3662 4247 sectanda,

2150 4278 2342 4342 pariter
2384 4277 2783 4329 damnarentur.
2829 4277 3074 4341 Quaeritis
3100 4286 3275 4335 autem
3307 4277 3523 4329 fortasse
3552 4281 3663 4329 unde

2073 4403 2121 4461 Β
2149 4369 2259 4437 ipse
2289 4368 2573 4421 diabolus?
2620 4367 2743 4421 lude
2779 4371 2975 4434 utique,
3028 4369 3164 4420 unde
3194 4376 3244 4421 et
3274 4368 3472 4420 cteteri.
3509 4366 3661 4434 Angeli

2155 4461 2205 4512 in
2237 4475 2329 4511 sua
2360 4459 2657 4511 obediettlia
2705 4459 3068 4524 perstiterunt,
3119 4458 3206 4511 ille
3254 4456 3590 4510 inobediendo
3623 4454 3662 4505 et

2147 4551 2499 4619 sopiirbiendo
2526 4551 2701 4616 lapsus
2741 4557 2823 4601 est
2865 4550 3102 4617 angelus,
3133 4558 3185 4602 et
3217 4549 3383 4600 factus
3412 4559 3489 4601 est
3515 4547 3661 4597 diabo-

2151 4644 2246 4692 lus.
2279 4639 2382 4694 Sed
2417 4639 2571 4692 modo
2600 4637 2777 4690 audite
2831 4639 2952 4705 quid
2986 4638 3125 4690 dicat
3157 4638 3430 4691 Dominus.
3466 4636 3570 4701 l’os,
3603 4633 3665 4688 111-

2147 4731 2278 4799 quit,
2307 4748 2336 4783 a
2361 4739 2501 4799 patre
2528 4729 2726 4780 diabolo
2753 4729 2889 4780 estis.

2219 4825 2285 4877 Et
2315 4825 2558 4878 desideria
2586 4823 2743 4890 patris
2771 4824 2920 4874 vestri
2947 4823 3109 4889 facere
3129 4822 3296 4873 vultis.
3338 4821 3570 4887 Quatritis
3596 4834 3662 4870 me

2149 4915 2425 4979 occidere,
2483 4914 2750 4966 hominem
2798 4915 2884 4979 qui
2935 4915 3205 4967 veritatem
3254 4913 3404 4965 vobis
3451 4913 3573 4966 dico.
3615 4911 3663 4962 Et

2150 5007 2234 5057 ille
2265 5006 2447 5058 invidit
2498 5004 2720 5068 homini,
2766 5015 2817 5057 et
2867 5005 3060 5056 occidit
3114 5003 3375 5056 hominem
3415 5004 3662 5056 :diabolus

2149 5099 2284 5148 enim
2337 5105 2438 5149 est.
2493 5095 2740 5148 Diabolus
2789 5106 2963 5148 autem
3009 5109 3125 5147 cum
3182 5097 3440 5148 invideret
3477 5093 3660 5155 homini,

2148 5197 2395 5252 serpente
2428 5187 2660 5250 indutus,
2696 5187 2904 5240 locutus
2936 5188 3162 5253 mulieri,
3197 5187 3261 5239 de
3292 5187 3510 5238 muliere
3537 5199 3660 5235 vene-

2150 5275 2292 5327 navit
2347 5285 2396 5327 et
2454 5275 2644 5336 virum,
2700 5277 2890 5327 mortui
2945 5287 3063 5326 sunt
3117 5276 3380 5327 diabolum
3440 5272 3663 5327 audiendo

2149 5363 2354 5432 (Cenes.
2384 5368 2458 5431 111)
2495 5383 2504 5413 :
2537 5379 2692 5431 quem
2727 5381 2829 5417 non
2877 5367 3164 5426 audissent,
3216 5365 3256 5415 si
3312 5365 3471 5416 Deum
3515 5365 3663 5416 audire

2149 5458 2463 5508 Voluissent.
2490 5455 2697 5508 l’ositus
2720 5456 2856 5507 enim
2883 5455 3037 5506 homo
3066 5456 3198 5505 inter
3225 5452 3413 5517 Deum,
3442 5457 3521 5522 qui
3545 5468 3663 5505 crea-

2146 5549 2215 5597 vit
2244 5561 2382 5608 eum,
2415 5555 2467 5597 et
2494 5554 2814 5610 serpentem,
2849 5546 2934 5609 qui
2969 5543 3178 5595 la!lebat
3209 5557 3353 5605 eum,
3383 5545 3470 5597 Cui
3495 5545 3661 5594 obten-

2147 5653 2329 5704 perare
2381 5635 2600 5689 debuit?
2635 5631 2908 5694 Creatori,
2943 5647 3046 5684 non
3085 5636 3378 5698 deceptori.
3431 5637 3554 5703 Ergo
3593 5635 3661 5684 i‘ﬁc
