3822 6226
161 328 246 383 75‘;
1032 315 1093 370 IN
1136 318 1187 370 S.
1234 313 1508 370 JUANNIS
1555 307 1989 364 EVANGELlUM
2031 305 2401 360 EXPOSITIO.

3235 302 3336 359 751

168 440 388 496 numicida
416 448 526 492 erat
555 436 623 489 ah
662 434 832 488 initio.
864 432 1048 486 Videte
1075 446 1242 498 genus
1272 425 1668 484 homicidii.t‘ra-
1704 424 1751 479 Α
1781 421 2014 475 veritatis
2042 430 2296 484 assertor,
2344 420 2462 486 quia
2517 434 2580 472 ex
2613 420 2848 474 veritatis
2893 435 2985 475 ore
3025 420 3163 475 nihil
3202 423 3341 477 aliud

168 548 267 587 tres.
300 529 553 584 Homicida
582 526 779 580 dicitur
801 523 1063 586 diabolus,
1095 537 1198 575 non
1223 521 1394 589 gladio
1419 524 1674 577 armatus,

169 640 246 678 non
285 621 416 675 ferro
459 618 752 671 accinctus.
798 613 878 669 Ad
923 613 1188 666 hominem
1219 612 1412 665 venit:
1455 607 1676 662 verbum

170 716 332 770 malum
381 708 678 770 seminavit,
734 717 784 760 et
815 704 1032 759 occidit.
1073 705 1184 756 Noli
1210 717 1336 772 ergo
1374 710 1579 769 putare,
1629 706 1680 751 te

175 822 254 860 non
287 817 396 857 esse
443 798 780 858 homicidam,
824 797 1033 862 quando
1080 795 1227 848 fratri
1262 806 1350 847 tuo
1379 792 1510 846 mala
1561 805 1679 856 per-

171 895 346 949 suades.
379 891 429 945 Si
461 887 610 948 fratri
655 896 746 942 tuo
777 887 913 941 mala
947 885 1252 955 persuades,
1296 882 1512 936 occidis.
1545 878 1678 934 Audi

173 983 455 1040 Psalmistam
477 998 490 1033 :
512 978 637 1032 Filii
659 979 932 1041 hominum,
962 978 1131 1030 dentes
1155 991 1327 1029 eorum
1353 990 1497 1025 arma
1525 982 1569 1025 et
1592 988 1680 1025 sa-

169 1080 295 1144 qitta,
317 1083 358 1126 et
381 1073 551 1140 lingua
577 1086 749 1123 eorum
773 1071 1022 1122 machtera
1043 1077 1191 1120 acuta
1218 1065 1384 1132 (Psal.
1417 1068 1543 1134 Lvt).
1578 1064 1681 1118 Vos

172 1180 278 1232 ergo
303 1162 551 1217 desideria
576 1161 744 1228 patris
773 1160 932 1214 vestri
963 1159 1132 1212 facere
1154 1157 1309 1210 vultis
1340 1175 1350 1208 :
1384 1156 1503 1210 ideo
1529 1154 1681 1209 saevi-

171 1256 226 1307 tis
253 1254 295 1305 in
322 1266 548 1312 carnem,
576 1251 698 1317 quia
731 1264 834 1303 non
863 1248 1082 1317 potestis
1112 1249 1161 1300 in
1189 1258 1440 1302 mentem.

225 1342 314 1396 Ille
340 1341 580 1396 homicida
611 1353 717 1392 erat
746 1340 805 1391 ab
845 1341 1008 1391 initio.
1049 1337 1240 1406 Utique
1287 1341 1336 1389 in
1376 1338 1545 1404 primo
1584 1335 1680 1388 ho-

171 1437 310 1501 mine,
348 1449 407 1488 ex
447 1434 532 1487 illo
562 1432 650 1486 ille
693 1430 977 1484 homicida.
1012 1431 1081 1483 Ex
1112 1444 1226 1497 quo.
1243 1429 1409 1496 potuit
1439 1427 1550 1482 ﬁeri
1588 1428 1681 1480 bo-

168 1526 400 1581 micidium
423 1523 444 1576 ?
466 1539 526 1577 ex
548 1538 653 1591 quo
678 1522 847 1575 factus
872 1531 954 1575 cst
982 1522 1140 1574 homo
1167 1537 1180 1572 :
1207 1536 1308 1573 non
1337 1521 1476 1574 enim
1506 1525 1683 1587 posset

166 1616 315 1670 occidi
354 1616 518 1677 homo,
548 1613 652 1667 nisi
690 1613 836 1681 prius
867 1612 1014 1666 ﬁeret
1047 1612 1225 1668 homo.
1258 1610 1527 1666 Homicida
1557 1624 1681 1680 ergo

166 1706 242 1759 ille
268 1706 330 1758 ab
355 1703 512 1766 initio,
553 1711 607 1756 et
637 1702 775 1755 unde
804 1702 1096 1756 homicida?

1782 511 1968 578 poterit
2002 510 2310 579 procedere,
2341 508 2442 563 nisi
2475 509 2688 562 veritas.
2722 508 2969 578 Sequitur
2989 525 3117 580 ergo
3148 528 3161 565 :

1854 601 1977 668 Quis
1998 617 2060 655 ex
2087 601 2220 654 vobis
2242 608 2415 670 arguet
2439 616 2515 653 me
2537 601 2598 653 de
2625 601 2871 669 peccato?
2898 600 3048 656 Sicut
3063 616 3160 671 ego
3182 617 3345 667 arguo

1780 709 1873 748 vos
1899 703 2234 762 vestrumque
2262 701 2460 762 patrem
2483 692 2550 746 de
2575 701 2786 757 peccato
2810 703 2860 746 et
2885 692 3183 747 mendacio.
3209 694 3345 747 Ecce

1777 788 1947 855 qualis
1977 796 2059 841 est
2087 785 2436 840 mansuetudo
2466 785 2682 839 Christi.
2717 785 2976 840 Relaxnre
3005 796 3219 855 peccata
3249 801 3342 838 ve-

1781 888 1948 940 nerat,
1993 885 2046 931 et
2096 877 2339 931 dicebat:
2375 876 2497 942 Quis
2541 893 2603 930 ea:
2655 875 2788 928 vobis
2832 883 3010 944 arguet
3037 891 3115 930 me
3146 877 3207 927 de
3231 891 3347 944 pec.

1781 970 1927 1022 cato?
1952 969 2065 1022 Non
2095 969 2411 1039 dedignatur
2438 983 2503 1023 ex
2533 968 2735 1022 ratione
2765 967 3048 1022 ostendere
3073 981 3131 1021 se
3161 981 3348 1034 pecca-

1782 1065 1951 1112 torem
2001 1071 2101 1110 non
2152 1073 2292 1123 esse,
2339 1058 2426 1123 qui
2473 1073 2541 1111 ex
2591 1057 2786 1112 virtute
2835 1057 3124 1112 divinitatis
3175 1056 3346 1125 potuit

1784 1157 2084 1214 peccatores
2117 1147 2427 1214 justiiicare.
2481 1147 2770 1216 lnterrogat
2809 1161 2922 1214 eos,
2963 1161 3127 1216 quare
3155 1147 3349 1203 verita-

1783 1247 1886 1292 tem
1933 1251 2033 1291 n0n
2059 1238 2222 1291 velint
2250 1239 2487 1301 credere,
2516 1239 2698 1292 dicens
2725 1256 2736 1290 :

1852 1329 1913 1383 Si
1940 1330 2188 1384 veritatem
2231 1332 2425 1383 locutus
2476 1347 2587 1382 sum
2632 1331 2795 1393 vobis,
2837 1345 2992 1399 quare
3016 1345 3114 1382 non
3143 1330 3347 1386 creditis

1784 1420 1943 1473 mihi?
1968 1419 2074 1473 Nisi
2108 1420 2226 1484 quia
2260 1421 2347 1472 lilii
2400 1420 2590 1474 diaboli
2645 1422 2794 1482 esus,
2824 1428 2878 1473 et
2923 1435 3025 1475 non
3070 1421 3345 1475 veritatis?

1788 1511 1904 1565 Filii
1939 1513 2131 1565 diaboli
2166 1527 2267 1565 non
2317 1523 2530 1577 natura,
2559 1513 2648 1565 sed
2697 1513 3008 1567 imitzztione.
3050 1510 3346 1580 Redditque

1782 1613 1991 1653 causam
2023 1616 2115 1654 cur
2148 1601 2346 1653 veritati
2378 1616 2478 1653 non
2507 1599 2805 1664 crederent,
2850 1616 2968 1654 cum
3023 1601 3148 1655 dicit
3178 1618 3192 1656 :
3225 1602 3347 1656 ideo

1784 1701 1876 1740 vos
1904 1702 2004 1740 non
2035 1687 2245 1749 auditis,
2278 1688 2395 1757 quia
2444 1703 2507 1742 ex
2542 1688 2650 1742 Deo
2701 1703 2802 1741 non
2834 1691 2981 1744 estis.
3021 1689 3213 1744 lterum
3239 1692 3346 1747 noli

225 1793 286 1846 Et
322 1795 367 1846 in
385 1794 577 1846 veritate
601 1807 701 1844 non
745 1794 898 1855 stetit,
927 1793 1048 1861 quia
1073 1794 1252 1847 veritas
1282 1809 1383 1846 non
1425 1803 1496 1846 est
1524 1793 1576 1847 in
1605 1809 1682 1847 eo.

1794 1781 2057 1835 attendere
2089 1790 2350 1844 naturam,
2378 1783 2468 1837 sed
2500 1782 2706 1838 vitium.
2739 1783 2827 1838 Sic
2853 1791 2978 1838 sunt
3007 1785 3092 1838 isti
3119 1801 3182 1839 ex
3214 1786 3343 1849 Deo,

165 1882 265 1936 Non
291 1883 536 1950 quomodo
560 1883 610 1934 in
642 1881 856 1935 Christo
885 1884 963 1936 sic
995 1892 1077 1935 est
1103 1883 1317 1946 veritas,
1344 1890 1401 1935 ut
1439 1882 1684 1937 Christus

165 1977 266 2042 ipse
307 1976 364 2029 sit
392 1974 591 2029 veritas.
622 1973 678 2028 Si
727 1987 854 2040 ergo
909 1973 1009 2027 iste
1049 1973 1100 2025 in
1151 1973 1373 2028 veritate
1423 1974 1680 2038 stetisset,

165 2069 212 2121 in
235 2065 429 2121 Christo
457 2065 707 2119 stetisset.
737 2062 844 2119 Sed
874 2064 926 2117 in
971 2064 1192 2118 veritate
1224 2079 1328 2118 non
1358 2065 1530 2129 stetit,
1562 2066 1682 2133 quia

165 2159 340 2213 veritas
368 2172 463 2210 non
493 2164 573 2210 est
600 2155 651 2209 in
683 2169 768 2210 eo.

223 2247 336 2300 Cum
378 2246 589 2313 loquitur
639 2243 956 2297 mendacium
983 2283 999 2307 ,
1049 2260 1110 2298 eo:
1175 2244 1390 2315 propriis
1443 2246 1681 2314 loquitur,

165 2336 269 2403 quia
297 2335 493 2388 mendax
536 2343 629 2398 est,
674 2342 722 2387 et
768 2343 910 2401 pater
939 2336 1066 2402 ejus.
1107 2332 1240 2398 Quid
1278 2344 1358 2386 est
1398 2334 1533 2387 hoc?
1578 2339 1684 2388 Att-

168 2427 301 2478 distis
329 2424 474 2477 verba
519 2423 813 2490 Evangelii,
859 2424 1040 2475 intenti
1089 2423 1386 2490 accepistis.
1419 2422 1557 2476 Ecce
1600 2439 1684 2477 re-

167 2524 291 2582 peto,
321 2523 370 2566 ut
393 2513 682 2582 agnoscatis
719 2512 842 2577 quid
872 2513 1111 2580 exigatis.
1148 2511 1219 2566 De
1247 2511 1461 2565 diabolo
1504 2511 1683 2565 Domi-

170 2619 255 2658 nus
277 2606 320 2659 ei
349 2605 559 2670 dicebat,
580 2619 696 2674 qua
723 2604 789 2658 de
813 2604 1023 2660 diabolo
1045 2603 1146 2658 dici
1169 2619 1197 2657 a
1223 2604 1448 2658 Domino
1477 2619 1684 2659 merue-

168 2703 286 2748 runt.
328 2694 409 2748 ille
437 2695 692 2749 homicida
729 2703 844 2748 erat
891 2695 957 2747 ab
996 2694 1165 2758 initio,
1199 2710 1382 2750 verum
1410 2705 1528 2748 est:
1563 2709 1682 2749 nam

172 2787 366 2852 primum
397 2788 652 2841 hominem
673 2786 913 2846 \occidit.
955 2787 1017 2841 Et
1046 2787 1094 2841 in
1130 2787 1352 2842 veritate
1383 2801 1484 2840 non
1515 2787 1680 2854 stetit,

169 2874 270 2942 quia
297 2874 358 2929 de
391 2881 604 2929 veritate
642 2876 821 2944 lapsus
865 2885 969 2928 est.
1021 2873 1152 2928 Cum
1195 2876 1425 2944 loquitur
1468 2875 1684 2929 menda-

169 2966 309 3029 cium,
345 2966 512 3034 utique
534 2966 643 3032 ipse
666 2966 910 3021 diabolus
939 2966 1005 3021 de
1027 2965 1239 3034 proprio
1267 2965 1519 3034 loquitur.
1548 2966 1685 3020 Men-

173 3054 357 3108 dacium
399 3056 567 3123 utique
614 3057 728 3124 ipse
776 3055 1017 3110 diabolus
1061 3055 1128 3109 de
1172 3055 1385 3122 proprio
1423 3055 1678 3122 loquitur,

168 3145 269 3212 quia
313 3145 522 3198 mendax
560 3153 643 3198 est
693 3153 747 3199 et
795 3152 944 3214 pater
973 3145 1106 3212 ejus.
1155 3145 1404 3197 Diabolus
1448 3155 1624 3198 autem
1656 3159 1682 3196 a

166 3234 418 3300 semetipso
440 3233 656 3287 mendax
683 3233 798 3296 fuit,
827 3243 879 3288 et
904 3234 1232 3287 mendacium
1262 3249 1414 3287 suum
1448 3234 1562 3299 ipse
1591 3249 1685 3302 ge-

167 3322 281 3377 nuit.
317 3324 359 3377 A
394 3324 596 3378 nemine
634 3323 834 3376 audivit
863 3323 1007 3392 prius
1037 3322 1387 3377 mendacium.
1407 3324 1684 3388 Quomodo

169 3410 288 3464 Deus
311 3412 453 3467 Pater
474 3413 648 3480 genuit
669 3411 866 3466 Filium
893 3414 1195 3476 veritatem,
1226 3413 1302 3466 sic
1330 3412 1570 3466 diabolus
1594 3427 1685 3482 ge-
1718 3438 1728 3448 -

170 3500 265 3553 nuit
308 3503 444 3570 quasi
486 3501 646 3555 illium
698 3502 1050 3556 mendacium.
1101 3502 1429 3556 Mendacium
1479 3503 1681 3569 genuit,

172 3592 272 3657 quia
301 3591 348 3643 in
376 3592 583 3654 veritate
612 3606 718 3646 non
759 3589 927 3644 stetit.
961 3590 1143 3644 Omnis
1171 3591 1333 3654 enim,
1365 3590 1451 3657 qui
1494 3591 1544 3642 in
1577 3590 1685 3643 Deo

172 3690 344 3744 manet,
365 3681 477 3748 quia
510 3680 648 3734 Deus
672 3679 870 3733 veritas
895 3689 997 3742 eet,
1030 3681 1081 3733 in
1111 3680 1329 3733 veritate
1350 3687 1471 3733 stat.
1493 3679 1545 3734 Si
1568 3679 1684 3746 quis

169 3783 276 3822 vero
304 3784 328 3821 a
352 3772 451 3823 Deo
479 3769 782 3834 recesserit,
814 3769 1037 3822 mendax
1067 3769 1188 3832 erit,
1219 3768 1426 3822 dicente
1452 3767 1684 3821 Psalmo-

168 3858 373 3925 grapho:
407 3859 578 3911 Omnis
602 3858 754 3910 homo
795 3859 1014 3910 mendax
1046 3855 1215 3925 (Psal.
1249 3857 1396 3925 cxv).
1441 3857 1493 3909 in
1524 3873 1688 3924 quan-

171 3957 262 3998 tum
291 3963 404 4000 vero
447 3948 602 4000 homo
647 3962 674 3998 a
709 3946 816 3998 Deo
862 3945 1082 4008 recedit,
1127 3945 1178 3999 in
1227 3953 1429 3998 tantum
1462 3946 1687 3999 mendax

167 4039 268 4099 erit,
298 4040 409 4092 dum
445 4053 471 4090 a
503 4039 720 4092 veritate
749 4035 1091 4090 declinaverit
1120 4052 1135 4100 ;
1172 4045 1224 4089 et
1269 4035 1392 4090 inde
1443 4043 1690 4103 peccator

167 4128 255 4180 erit
276 4143 290 4181 ξ
315 4128 420 4194 quia
449 4141 605 4180 omne
631 4134 906 4193 peccatum
940 4139 1042 4176 non
1073 4134 1154 4177 est
1184 4124 1400 4187 veritas,
1429 4125 1520 4178 sed
1549 4139 1691 4178 men-

168 4217 371 4279 dacium,
399 4217 515 4285 quia
547 4215 851 4270 recedendo
881 4229 910 4266 a
946 4213 1051 4267 Deo
1081 4230 1182 4267 non
1211 4214 1366 4269 habet
1397 4216 1686 4270 veritatem.

171 4305 388 4358 Diabolus
416 4321 540 4359 vero
585 4305 758 4358 bonus
799 4311 1010 4358 creatus
1040 4313 1151 4366 est,
1180 4303 1274 4357 sed
1321 4318 1413 4373 per
1459 4305 1687 4372 seipsum

1784 1879 1965 1923 etnon
1998 1881 2120 1924 sunt
2148 1886 2210 1925 ex
2246 1872 2373 1926 Deo.
2423 1872 2612 1926 Natura
2661 1889 2723 1927 ex
2771 1874 2899 1937 Deo,
2951 1874 3077 1929 vitio
3125 1891 3228 1929 non
3275 1891 3344 1930 ex

1790 1960 1911 2014 Deo.
1947 1958 2137 2015 Natura
2186 1976 2310 2016 vero
2353 1962 2509 2027 bona,
2541 1979 2658 2030 qua:
2702 1977 2764 2016 ex
2815 1963 2924 2018 Deo
2968 1972 3078 2026 est,
3113 1967 3348 2030 peccavit

1784 2051 2069 2114 voluntate,
2102 2053 2365 2107 credendo
2393 2040 2530 2120 quod
2576 2053 2816 2108 diabolus
2857 2055 3159 2122 persuasit;
3186 2064 3242 2109 et
3269 2059 3346 2109 vi-

1787 2143 1908 2196 tiata
1931 2153 2045 2196 est:
2088 2143 2207 2196 ideo
2238 2143 2498 2197 medicum
2539 2154 2763 2209 qumrat,
2794 2145 2915 2213 quia
2943 2159 3070 2199 sana
3101 2161 3205 2200 non
3235 2156 3340 2202 est.

1784 2233 2108 2300 Agnoscatur
2129 2243 2333 2301 natura,
2365 2234 2501 2288 unde
2528 2233 2748 2289 Creator
2778 2235 3048 2290 laudetur:
3081 2251 3338 2304 agnosca-

1785 2331 1867 2374 tur
1897 2323 2100 2387 vitium,
2145 2331 2356 2391 pr0pter
2384 2323 2522 2391 quod
2551 2323 2787 2379 medicus
2819 2325 3122 2379 advocatur.
3153 2325 3338 2382 Terri-

1784 2413 1888 2465 bile
1912 2421 1993 2467 est
2014 2413 2153 2482 quod
2187 2415 2360 2468 subdit
2391 2431 2404 2468 :

1859 2505 1955 2567 Qui
1981 2515 2054 2558 est
2075 2523 2139 2561 ea:
2164 2506 2293 2573 Deo,
2324 2509 2473 2561 verba
2506 2509 2598 2562 Dei
2622 2511 2764 2564 audit
2790 2527 2808 2566 :
2838 2522 3102 2580 propterea
3136 2529 3221 2569 vos
3251 2530 3352 2568 non

1775 2589 1987 2660 ituditis,
2020 2598 2138 2664 quia
2180 2614 2243 2652 ex
2274 2597 2378 2651 Deo
2407 2617 2507 2652 non
2559 2602 2695 2656 estis.
2736 2601 2792 2658 Si
2839 2605 2976 2658 enim
3026 2607 3137 2672 ipse
3186 2608 3346 2662 verba

1788 2683 1878 2738 Dei
1910 2686 2075 2753 audit,
2105 2688 2190 2754 qui
2233 2704 2292 2741 ex
2327 2688 2434 2743 Deo
2471 2700 2572 2751 est.
2604 2701 2657 2744 et
2690 2692 2873 2748 audire
2909 2693 3064 2749 verba
3094 2694 3209 2764 eius
3239 2711 3342 2750 non

1785 2783 1955 2842 potest
1980 2776 2214 2844 quisquis
2239 2792 2300 2832 ex
2333 2779 2420 2832 iflo
2463 2795 2566 2834 non
2611 2791 2711 2847 est,
2768 2781 3051 2852 interroget
3092 2799 3151 2838 se
3179 2799 3347 2840 unus-

1786 2865 2007 2933 quisque
2037 2875 2292 2931 vestrum,
2324 2868 2368 2922 si
2399 2870 2553 2922 verba
2594 2871 2680 2923 Dei
2713 2872 2763 2926 in
2791 2888 2918 2928 aure
2950 2873 3133 2929 cordis
3165 2889 3336 2939 parce

1788 2960 1882 3028 pit,
1915 2969 1978 3014 et.
2007 2959 2247 3029 intelligit
2287 2960 2422 3014 unde
2452 2962 2544 3015 sit.
2579 2962 2857 3018 C(elestem
2889 2965 3110 3032 patriam
3138 2966 3322 3022 deside

1791 3065 1908 3102 rare
1937 3050 2126 3102 veritas
2155 3050 2322 3115 iubet,
2350 3053 2524 3104 carnis
2552 3052 2807 3108 desideria
2836 3063 3132 3121 conterere,
3167 3056 3347 3113 mundt

1792 3139 2007 3205 gloriam
2030 3139 2316 3204 declinare,
2343 3141 2512 3195 aliena
2535 3157 2638 3197 non
2670 3158 2873 3217 rapere,
2903 3147 3110 3212 propria
3143 3146 3348 3216 largiri.

1786 3229 1976 3282 Penset
2016 3245 2140 3298 ergo
2167 3232 2304 3298 apud
2331 3246 2389 3286 se
2419 3233 2778 3303 unusquisque
2819 3245 3051 3290 vestrum
3079 3278 3094 3302 ,
3139 3238 3184 3293 si
3231 3238 3345 3293 hac

1784 3335 1882 3372 vox
1918 3318 2008 3373 Dei
2053 3320 2104 3374 in
2132 3319 2308 3374 cordis
2349 3321 2466 3390 ejus
2513 3337 2639 3377 aure
2690 3324 2971 3392 convaluit,
3012 3335 3065 3380 et
3093 3327 3210 3397 quia
3236 3327 3346 3394 jam

1783 3423 1850 3463 ex
1878 3409 1987 3463 Deo
2012 3411 2099 3474 sit,
2133 3411 2389 3480 agnoscit.
2420 3411 2671 3466 Dixerunt
2706 3429 2831 3484 ergo
2859 3415 3026 3470 Judaei
3061 3434 3072 3469 :

1856 3498 2039 3552 Nonne
2068 3501 2187 3553 bene
2230 3501 2446 3555 dicimus
2490 3518 2601 3570 nos,
2635 3505 2753 3573 quia
2798 3506 3162 3562 Samaritanus
3189 3526 3241 3564 es
3270 3519 3349 3579 tu,

1785 3597 1828 3639 et
1848 3590 2150 3642 (immanium
2173 3590 2359 3646 habes?
2384 3594 2608 3658 Accepta
2636 3603 2812 3649 autem
2836 3606 2978 3651 tanta
3002 3601 3345 3665 contumelia,

1785 3679 1905 3747 quid
1939 3679 2189 3733 Dominus
2217 3683 2556 3751 respondeat,
2591 3686 2888 3742 audiamus.

1857 3768 1968 3839 Ego
2012 3771 2317 3824 dwmonium
2372 3789 2471 3826 non
2503 3776 2682 3839 habeo,
2711 3779 2801 3831 sed
2832 3780 3109 3846 honoriﬁco
3138 3780 3348 3838 Patrem

1787 3874 1985 3925 meum,
2037 3869 2082 3912 et
2111 3875 2192 3913 ros
2242 3861 2578 3917 inhonorastis
2625 3881 2720 3919 me.
2766 3866 2899 3933 Quia
2967 3872 3109 3923 enim
3161 3873 3350 3927 Sama-

1786 3947 1986 4000 ritanus
2044 3947 2426 4015 interpretatur
2476 3960 2678 4021 custos,
2727 3963 2779 4008 et
2825 3956 2940 4024 ipse
2969 3959 3230 4015 veraciter
3257 3977 3351 4015 cu-

1787 4045 1896 4092 stos
1926 4047 2024 4101 est,
2047 4039 2113 4101 de
2134 4055 2235 4109 quo
2257 4040 2531 4097 Psalmista
2567 4044 2641 4099 ait
2681 4063 2693 4098 :
2736 4045 2857 4101 Nisi
2893 4047 3137 4104 Dominus
3178 4063 3350 4107 custo-

1789 4129 2222 4193 dieritcivitatem,
2251 4132 2306 4184 in
2345 4149 2528 4186 vanum
2565 4135 2776 4205 vigilant
2804 4139 2890 4208 qui
2929 4142 3216 4195 custodiunt
3241 4159 3348 4196 eam

1789 4217 1957 4288 (Psal.
1999 4223 2214 4288 cxxvr);
2241 4231 2294 4275 et
2328 4237 2446 4276 cum
2477 4239 2569 4291 per
2594 4226 2799 4281 Esaiam
2828 4227 2984 4284 dicat:
3018 4230 3194 4286 Custos
3222 4234 3344 4300 quid

1790 4307 1852 4361 de
1875 4309 2049 4362 nocte?
2065 4320 2226 4363 custos
2247 4312 2370 4379 quid
2389 4314 2450 4367 de
2465 4326 2607 4368 nocte
2629 4315 2822 4384 (Esaia:
2838 4319 2986 4387 ut)?
3008 4320 3352 4388 Respondere

170 4395 318 4449 malus
345 4396 495 4450 lactus
544 4404 645 4460 est,
697 4394 1013 4448 declinando
1042 4407 1071 4447 a
1119 4409 1326 4448 summo
1372 4397 1534 4448 bono.
1569 4395 1688 4448 ideo
1719 4424 1764 4482 ο
1792 4399 1957 4452 noluit
2010 4400 2298 4454 Dominus:
2331 4402 2687 4458 Samaritanus
2718 4420 2822 4460 non
2862 4421 3014 4475 sum;
3055 4411 3184 4478 sed,
3240 4413 3353 4483 Ego

169 4500 223 4537 ex
251 4487 454 4552 propriis
496 4485 703 4538 locutus
734 4490 819 4537 est
849 4481 1206 4546 mendacium,
1256 4485 1375 4552 quia
1421 4485 1472 4537 in
1516 4483 1689 4551 seipso

172 4576 364 4635 invenit,
393 4574 522 4628 unde
551 4582 694 4628 esset
732 4573 980 4626 mendax.
1019 4574 1185 4628 Homo
1212 4588 1337 4628 vero
1379 4574 1632 4644 deceptus
1661 4591 1690 4629 a

173 4661 376 4724 diabolo,
401 4664 564 4716 lactus
591 4671 674 4716 est
700 4678 728 4714 a
759 4662 973 4716 diabolo
997 4662 1220 4715 mendax
1247 4678 1260 4714 :
1291 4661 1515 4730 ideoque
1555 4663 1692 4717 illius

171 4751 341 4805 diaboli
368 4768 461 4805 non
496 4764 703 4816 natura,
731 4753 824 4806 sed
860 4754 1172 4807 imitatione.
1208 4754 1537 4808 Recedamus
1566 4770 1692 4824 ergo

175 4858 198 4892 a
242 4855 377 4908 patre
423 4845 696 4906 mendacii,
727 4830 1020 4898 heurrarnus
1075 4846 1140 4898 ad
1177 4857 1375 4914 patrem
1430 4848 1687 4901 veritatis.

177 4933 528 4998 Amplectamur
558 4933 862 5000 veritatem,
898 4944 954 4987 ut
983 4934 1299 5001 accipiamus
1323 4951 1502 4991 veram
1534 4938 1690 4990 litier-

177 5032 334 5076 tatem.
358 5024 511 5078 Judaei
541 5026 675 5094 apud
709 5035 913 5093 patrem
946 5041 1097 5081 suum
1137 5027 1399 5092 viderant,
1447 5031 1583 5096 quod
1614 5030 1692 5083 lo—

177 5119 455 5180 quebantur.
483 5119 656 5185 Quid?
685 5119 785 5173 nisi
825 5119 1156 5173 mendacium
1181 5120 1202 5173 ?
1231 5120 1484 5174 Dominus
1516 5132 1689 5175 autem

179 5204 360 5259 Patrem
410 5222 556 5260 suum
610 5207 758 5271 vidit,
810 5208 950 5275 quod
1001 5208 1323 5275 loqueretur.
1365 5208 1543 5273 Quid?
1593 5211 1691 5263 nisi

177 5295 416 5361 "ipsum?
443 5297 607 5362 Quid?
635 5298 735 5350 nisi
759 5296 986 5350 Verbum
1019 5300 1187 5353 Patris
1217 5310 1494 5364 :cternurn,
1515 5311 1567 5354 et
1598 5301 1692 5356 Pa-

180 5387 232 5436 tri
258 5389 590 5440 coazternum?
624 5388 746 5441 Ideo
767 5388 1067 5455 subiunxit:

241 5473 334 5541 Ego
371 5478 608 5527 ceritatem
631 5478 746 5531 dico
777 5477 929 5539 robis,
965 5487 1007 5530 et
1033 5494 1130 5530 non
1159 5478 1358 5532 creditis
1387 5479 1528 5533 milii.
1565 5480 1691 5536 Nam

181 5566 375 5620 mendax
405 5568 730 5622 mendacium
787 5569 1034 5636 loquitur,
1068 5569 1157 5621 sed
1199 5571 1387 5623 veritas
1419 5572 1691 5625 veritatem

170 5650 366 5722 ‘prolcrt.
402 5658 639 5714 Diabolus
688 5661 933 5726 mendax,
963 5659 1196 5716 Christus
1233 5678 1353 5717 vero
1401 5665 1587 5718 veritas
1643 5677 1691 5720 et

1796 4491 2097 4544 dwnwnium
2126 4509 2226 4545 non
2257 4494 2434 4549 habeo.
2469 4496 2582 4552 Duo
2610 4498 2802 4568 quippe
2831 4501 2880 4556 ei
2918 4502 3059 4556 illata
3093 4504 3300 4559 fuerunt
3335 4525 3351 4563 :

1795 4596 1951 4634 unum
2007 4585 2230 4651 negavit,
2266 4594 2319 4639 et
2355 4587 2494 4641 aliud
2554 4589 2775 4644 tacendo
2823 4596 3109 4648 consensit.
3154 4595 3350 4652 Custos

1795 4689 2020 4741 namque
2053 4677 2264 4730 humani
2295 4680 2506 4746 generis
2534 4691 2780 4747 venerat;
2811 4693 2865 4737 et
2887 4683 2930 4737 si
2961 4686 3348 4744 Samaritannm

1792 4776 1849 4815 se
1875 4777 1974 4815 non
2006 4779 2123 4817 esse
2153 4766 2372 4830 diceret,
2420 4783 2536 4822 esse
2576 4785 2633 4824 se
2683 4773 2950 4827 custodem
2984 4786 3217 4842 negaret.
3244 4778 3354 4834 Sed

1795 4853 1952 4905 tacuit
2002 4855 2139 4920 quod
2191 4861 2512 4925 recognovit,
2545 4869 2596 4913 et
2644 4863 2902 4928 patienter
2946 4867 3157 4932 repulit,
3209 4874 3347 4936 quod

1792 4943 1985 4995 dictum
2038 4945 2288 4998 fallaciter
2337 4949 2567 5012 audivit,
2623 4952 2845 5006 dicens;
2891 4954 2997 5024 Ego
3041 4959 3349 5016 dwmonium

1792 5050 1892 5084 non
1941 5034 2116 5086 habeo.
2166 5035 2260 5090 llic
2289 5053 2415 5091 vero
2467 5040 2517 5091 in
2559 5044 2843 5108 semetipso
2896 5048 3047 5103 nobis
3095 5047 3346 5109 Dominus

1794 5121 2056 5187 patientiae
2085 5126 2303 5189 praebuit
2345 5129 2663 5195 exemplum,
2695 5133 2779 5200 qui
2813 5136 2855 5187 si
2896 5141 3220 5204 respondere
3248 5159 3341 5194 vn-

1794 5210 1973 5264 luisset
2020 5211 2237 5279 Judmis,
2279 5215 2379 5269 Vos
2427 5218 2727 5273 dcemom'um
2782 5224 3001 5289 habetis,
3059 5244 3346 5299 verumque

1793 5301 2010 5355 dixisset
2047 5305 2166 5371 quia
2192 5308 2288 5359 nisi
2323 5309 2520 5375 impleti
2548 5313 2829 5382 daemonio,
2863 5327 2967 5371 tam
2999 5334 3246 5386 perverse
3274 5325 3340 5379 de

1795 5389 1902 5443 Deo
1932 5392 2072 5459 loqui
2111 5410 2214 5448 non
2246 5408 2484 5464 possent.
2525 5403 2629 5456 Sed
2658 5413 2873 5474 accepta
2923 5408 3147 5477 injuria,
3187 5412 3344 5468 etiam

1793 5482 1932 5548 quod
1987 5499 2164 5540 verum
2219 5499 2352 5557 erat,
2405 5492 2580 5551 dicere
2632 5495 2827 5552 veritas
2878 5501 3068 5567 noluit,
3121 5519 3187 5557 ne
3237 5521 3348 5559 no'r

1795 5572 1988 5629 dixisse
2019 5579 2314 5646 veritatem,
2346 5583 2438 5637 sed
2464 5590 2795 5659 provocatus,
2822 5595 3192 5650 contumeliam
3224 5599 3340 5651 red-

1798 5664 1990 5720 didisse
2023 5670 2303 5730 videretur.
2343 5677 2412 5731 [Cx
2449 5693 2546 5746 qua
2603 5697 2656 5736 re
2702 5684 2823 5752 quid
2879 5687 3028 5742 nobis
3077 5688 3344 5745 innuitur?
