3822 6226
512 328 602 360 Ιυο)

915 312 1112 369 ΒΕῡᾹΞ
1156 312 1592 368 VENERABILIS
1622 311 1771 367 OPP.
1807 307 1977 363 PARS
2015 303 2075 359 11.
2119 302 2309 360 SECT.
2350 305 2388 357 Ι.
2424 334 2490 347 --
2516 302 2901 362 EXEGEUCA
2944 308 3262 367 GENUINA.

3576 312 3679 372 736

498 425 599 481 nisi
630 434 685 479 ut
713 439 777 479 eo
801 432 1053 489 tempore,
1088 438 1192 492 quo
1222 438 1248 475 a
1279 422 1526 492 proximis
1562 439 1626 477 ex
1661 421 1887 475 falsitate
1916 432 2041 472 con-
2068 416 2121 475 Α
2145 430 2234 469 sus
2258 414 2516 483 Christus,
2550 435 2704 485 quem
2746 420 2819 473 illi
2845 422 3089 475 dicebant
3129 424 3405 476 dominum
3430 440 3591 493 suum,
3623 439 3675 482 et

498 514 735 570 tumelias
763 511 1068 579 accipimus,
1100 528 1283 567 eorum
1329 512 1484 566 etiam
1535 525 1653 564 vera
1697 512 1830 563 tnala
1868 518 2042 561 tacea-

494 622 633 670 mus,
654 620 723 662 ne
753 605 1095 659 ministerium
1120 602 1275 674 justas
1300 603 1648 670 correptionis
1676 601 1727 654 iu
1752 616 1899 655 arma
1928 614 2041 653 rer-

497 706 633 752 tatur
666 698 876 751 luroris.
910 696 1012 751 Sed
1041 696 1164 763 quid
1195 696 1343 749 nobis
1374 696 1436 747 ad
1479 695 1574 748 ista
1622 695 1913 747 faciendum
1946 693 2037 758 sit,

500 790 667 843 adlmc
696 790 941 857 exemplo
978 802 1075 843 nos
1104 788 1370 850 admonet,
1403 800 1521 840 cmn
1553 786 1821 855 subjungit
1852 802 1861 836 :

564 880 675 950 Ego
696 890 863 934 autem
888 892 1173 947 ωηιξη
1197 883 1408 949 gloriam
1436 895 1594 931 meam
1616 894 1631 929 :
1674 887 1747 931 est
1784 878 1868 946 qui
1898 890 2043 945 que-

493 985 595 1040 rat,
620 983 665 1027 et
684 972 893 1041 iudicet.
923 969 1130 1026 Scimus
1157 980 1317 1033 crrte,
1343 972 1478 1037 quod
1504 970 1749 1035 scriptum
1774 978 1853 1022 est
1879 1009 1893 1031 ,
1921 970 2041 1037 qu’a

498 1063 657 1119 Pater
678 1077 833 1117 omne
849 1061 1103 1132 judicium
1132 1062 1276 1115 dedit
1303 1061 1435 1113 Filio
1464 1060 1639 1128 (Joan.
1674 1058 1726 1128 ν)
1752 1076 1764 1122 ;
1789 1070 1838 1112 et
1870 1070 2042 1111 tamen

496 1171 621 1211 ecca
642 1156 779 1210 idem
826 1154 989 1209 Filius
1036 1151 1255 1223 injurias
1285 1153 1569 1219 accipiens,
1624 1151 1840 1221 gloriam
1896 1164 2041 1201 suam

504 1261 607 1300 non
637 1244 845 1314 quierit.
868 1245 1074 1298 lllicitas
1103 1244 1448 1298 contumelias
1479 1240 1856 1308 Patrisjudicio
1875 1254 2045 1292 reser-

495 1345 601 1397 vat,
634 1346 688 1388 ut
733 1335 881 1388 nobis
914 1332 1151 1402 profecto
1181 1332 1435 1397 insinuet,
1479 1339 1730 1399 quantum
1782 1345 1877 1382 nos
1928 1344 2045 1382 esse

492 1426 747 1484 patientes
784 1424 1055 1486 debemus,
1105 1425 1229 1477 dum
1270 1423 1443 1477 adhuc
1488 1438 1547 1477 se
1578 1422 1755 1475 ulcisci
1789 1434 1892 1472 non
1937 1419 2045 1471 vult

489 1529 544 1575 et
571 1520 683 1587 ipse
710 1518 795 1585 qui
818 1516 1036 1585 iudicat.
1083 1516 1214 1569 Cum
1257 1530 1381 1569 vero
1423 1516 1679 1568 malorum
1729 1511 2044 1579 perversitas

492 1610 704 1672 crescit,
754 1622 859 1661 non
911 1606 1079 1659 solum
1140 1605 1303 1673 frangi
1354 1606 1656 1673 prtedicatio
1701 1619 1803 1657 non
1862 1604 2039 1665 debet,

493 1699 584 1751 sed
610 1695 768 1750 etiam
794 1695 970 1764 augeri
998 1713 1009 1745 :
1039 1695 1176 1763 quod
1222 1709 1317 1749 suo
1356 1695 1599 1759 exemplo
1628 1708 1724 1746 nos
1767 1694 2034 1757 admonet,

480 1786 578 1855 .qui
604 1795 874 1855 postquam
906 1785 1101 1840 habere
1127 1786 1444 1840 daemonium
1472 1786 1642 1840 dictus
1664 1793 1765 1851 est,
1787 1784 2041 1852 przedicao

492 1877 651 1932 tionis
688 1892 798 1931 sua:
828 1877 1080 1931 beneficia
1114 1876 1308 1945 largius
1340 1876 1613 1944 impendit,
1645 1875 1826 1929 dicens
1853 1894 1865 1925 :

565 1968 743 2029 Amen,
769 1982 917 2019 auten
937 1967 1049 2018 dico
1070 1968 1227 2028 vobis,
1258 1966 1300 2019 si
1331 1967 1439 2034 quis
1460 1982 1736 2019 sermonem
1760 1981 1918 2018 meum
1942 1982 2045 2018 ser-

492 2059 699 2121 uaverit,
727 2068 942 2110 mortem
966 2074 1063 2111 non
1088 2059 1268 2112 videbit
1298 2060 1347 2111 in
1372 2070 1633 2113 wternum.
1659 2059 1759 2113 Sed
1788 2061 1925 2113 sicut
1953 2059 2045 2111 bo-

490 2151 573 2204 nis
601 2165 823 2206 necesse
851 2160 953 2216 est,
992 2161 1047 2205 ut
1075 2152 1321 2207 meliores
1363 2154 1523 2207 etiam
1565 2168 1657 2221 per
1701 2151 2043 2205 contumelias

487 2243 733 2309 existant,
785 2242 855 2297 ita
906 2257 1117 2311 semper
1163 2243 1369 2308 reprobi
1421 2242 1485 2295 de
1537 2241 1788 2295 beneficio
1837 2240 2041 2309 pejores

492 2332 644 2397 fiunt,
686 2348 804 2386 nam
833 2342 1047 2401 accepta
1070 2332 1442 2397 praedicatione
1472 2330 1659 2385 iterum
1683 2331 1861 2383 dicunt
1889 2347 1899 2380 :

562 2422 717 2477 Nunc
765 2425 1124 2494 cognovimus,
1174 2422 1293 2487 quia
1340 2422 1644 2476 damonium
1695 2419 1863 2472 habes.
1913 2419 2041 2483 Quia

492 2518 635 2571 enim
662 2525 875 2570 :eterna:
898 2516 1053 2573 morti
1085 2516 1424 2579 inbmserant,
1448 2514 1687 2569 eamdem
1719 2524 1940 2565 mortem
1960 2511 2041 2563 cui

492 2609 833 2671 inbreserant,
865 2623 968 2661 non
1008 2608 1258 2663 videbant
1286 2624 1302 2669 ;
1346 2608 1469 2661 dum
1502 2607 1669 2660 solam
1715 2606 1897 2657 mortis
1930 2620 2042 2655 car-

492 2713 612 2753 nem
652 2698 968 2769 aspicerent,
996 2698 1048 2752 in
1074 2696 1306 2754 veritatis
1333 2710 1580 2755 sermone
1608 2696 1923 2764 caligabunt,
1957 2695 2039 2745 ui-

487 2797 671 2840 CBDIOS
701 2804 712 2839 Ξ

560 2878 817 2931 Abraham
845 2888 1070 2930 mortuus
1094 2888 1187 2942 est,
1219 2886 1267 2932 et
1295 2872 1565 2943 mm
1585 2893 1604 2931 :
1644 2887 1689 2930 et
1716 2887 1769 2929 tu
1800 2878 1949 2939 diris,
1983 2876 2040 2929 Si

489 2974 602 3040 quis
630 2988 905 3025 sermonem
934 2988 1094 3025 meum
1120 2973 1409 3035 servm,
1457 2980 1665 3031 Μαι
1698 2988 1800 3027 non
1824 2972 2041 3039 gustabit

487 3066 539 3116 in
574 3061 853 3115 a'ternttm?
885 3062 1028 3115 Unde
1057 3072 1108 3116 et
1138 3063 1231 3128 ipsi
1261 3064 1464 3115 veritati
1494 3063 1739 3119 eorum
1770 3064 2037 3117 Abraham
2064 3098 2113 3158 ϐ

489 3164 543 3207 et
578 3155 858 3223 prophetas
881 3153 1027 3221 quasi
1058 3163 1368 3207 venerantes
1400 3154 1705 3222 praeierunt,
1734 3154 1827 3204 sed
1857 3163 2035 3218 aperta

495 3246 649 3300 nobis
691 3247 824 3299 ratio
862 3245 1172 3307 ostenditur,
1226 3245 1363 3313 quod
1412 3246 1498 3313 qui
1551 3244 1717 3298 Deum
1783 3244 2040 3307 nesciunt,

494 3337 587 3391 Dei
636 3353 844 3407 quoque
878 3338 1098 3389 famulos
1140 3338 1271 3389 falso
1301 3346 1640 3391 venerantur.
1687 3337 1801 3395 Vos,
1854 3337 2038 3403 inquit,

499 3429 687 3489 dicitis,
722 3426 1030 3479 llwntonium
1065 3426 1210 3477 habes
1242 3441 1259 3485 ,'
1309 3439 1406 3493 ego
1435 3439 1528 3479 vos
1577 3426 1639 3477 ad
1670 3428 1825 3477 vitam
1868 3441 1996 3476 voco
2030 3445 2039 3476 :

496 3525 705 3569 servate
736 3530 1030 3568 sermonem
1062 3532 1256 3579 meum,
1285 3525 1339 3569 et
1366 3531 1467 3569 non
1495 3516 1815 3569 moriemini.
1850 3515 1923 3567 illi
1957 3531 2042 3567 auo

492 3606 745 3659 diebant:
780 3616 995 3660 mortem
1026 3623 1127 3661 nou
1159 3609 1357 3662 videbit
1394 3608 1445 3661 in
1477 3620 1755 3673 aeternum,
1801 3608 1887 3674 qui
1919 3622 2035 3659 ser-

492 3701 693 3753 vaverit
720 3713 1015 3752 sermonem
1045 3715 1239 3766 meum,
1267 3709 1321 3753 et
1354 3700 1739 3763 irascebantur,
1788 3700 1908 3765 quia
1936 3700 2041 3765 jam

495 3790 687 3843 mortui
728 3799 874 3843 erant
908 3790 990 3841 illa
1025 3801 1212 3856 morte,
1242 3806 1360 3858 qua:
1398 3790 1609 3844 vilanda
1642 3802 1797 3844 erat:
1830 3806 1949 3843 nam
1983 3791 2042 3840 il-

498 3882 601 3934 lam
634 3892 856 3934 mortem
890 3883 1051 3933 vitare
1098 3896 1198 3933 non
1241 3891 1535 3947 potuerunt,
1568 3896 1666 3948 qua
1697 3892 1933 3933 mortuus
1963 3890 2041 3931 ρει

493 3970 784 4034 Abraham,
817 3980 869 4023 et
897 3971 1182 4038 prophetae,
1215 3971 1265 4025 id
1304 3980 1406 4037 est,
1436 3974 1609 4026 carnis
1636 3982 1879 4025 mortem.
1913 3972 2039 4023 Nam

494 4062 755 4114 Abraham
787 4062 981 4129 Spiritu
1004 4063 1246 4116 vivebat:
1275 4072 1326 4116 et
1352 4062 1470 4116 ideo
1510 4062 1577 4115 de
1612 4078 1676 4117 eo
1706 4064 1814 4129 ipsa
1848 4064 2041 4115 veritas

492 4155 564 4203 ait
594 4152 695 4204 alio
721 4154 831 4205 loctt
863 4170 872 4203 :
920 4152 1027 4204 Van
1072 4162 1143 4206 est
1172 4152 1306 4206 Deus
1337 4163 1679 4217 mortuorum,
1711 4141 1798 4208 δὶα
1822 4155 2043 4207 vivorum

490 4241 705 4309 (Matth.
739 4246 887 4311 uti).
934 4244 1066 4309 Quid
1097 4254 1175 4297 est
1203 4245 1338 4309 quod
1371 4245 1460 4304 ait,
1496 4241 1712 4297 Mortem
1738 4260 1834 4296 non
1862 4245 2041 4297 videbit

489 4332 541 4383 in
570 4335 846 4384 retentum?
893 4334 939 4384 id
980 4344 1081 4397 est,
1115 4344 1338 4387 mortem
1382 4333 1735 4389 danutationis
1762 4350 1881 4388 cum
1924 4335 2037 4386 dia-

2148 519 2249 558 non
2280 518 2651 574 cognomruut.
2687 510 2741 563 Si
2770 512 2909 563 enim
2942 511 3108 577 ipsum
3137 512 3524 581 cognovissent,
3555 518 3670 582 ejus

2149 596 2336 650 Filium
2374 598 2714 664 recepissent.

2220 687 2325 755 Ego
2353 697 2540 751 autem,
2590 688 2776 755 inquit,
2822 691 3089 742 novieum.
3134 691 3431 744 Secundum
3484 707 3684 747 carnem

2141 780 2499 848 iudicantibus
2548 782 2716 847 potuit
2759 792 2811 835 et
2860 782 2981 835 hinc
3032 796 3287 850 arrogans
3341 783 3521 847 videri,
3564 787 3681 853 quia

2148 876 2277 928 dixit
2306 892 2316 925 :
2355 874 2464 944 Ego
2489 874 2604 926 novi
2630 890 2761 927 eum.
2795 874 2899 927 Setl
2940 875 3055 929 vide
3080 876 3201 945 quid
3249 878 3519 945 sequitur:

2221 968 2280 1022 Si
2310 968 2510 1033 dixero,
2541 964 2659 1018 Non
2690 967 2802 1016 novi
2848 982 2983 1029 eum,
3030 984 3115 1021 ero
3154 969 3332 1022 similis
3380 970 3527 1033 vobis,
3555 986 3689 1022 mea-

2153 1063 2275 1114 dax.
2312 1058 2453 1129 Ergo
2490 1059 2785 1127 arrogantia
2827 1072 2929 1109 non
2963 1058 3029 1111 ita
3070 1058 3285 1123 vitatur,
3316 1072 3373 1115 ut
3403 1060 3591 1117 veritas
3612 1078 3688 1115 re-

2149 1154 2429 1221 linquatur.

2220 1242 2323 1299 δή
2353 1242 2455 1297 scio
2488 1258 2622 1305 eum,
2646 1251 2693 1295 et
2720 1257 2998 1295 sermonem
3045 1244 3154 1310 ejus
3199 1258 3360 1299 sev-ro.
3390 1244 3685 1302 Sermonem

2149 1334 2321 1387 Patris
2356 1342 2603 1402 tanquam
2633 1331 2798 1386 Filius
2850 1332 3176 1398 loquebatur,
3204 1341 3258 1385 et
3298 1333 3413 1403 ipse
3438 1345 3547 1391 erat
3575 1350 3688 1389 ver-

2149 1430 2268 1481 bum
2311 1427 2500 1491 Patris,
2532 1425 2670 1495 quod
2707 1424 3006 1479 hominibus
3037 1426 3364 1491 loquebatur.
3416 1424 3479 1479 Et
3510 1436 3689 1480 notan-

2145 1520 2290 1583 dum,
2322 1518 2461 1585 quod
2488 1519 2613 1571 vidit
2649 1532 2739 1571 eos
2772 1518 3023 1570 Dominus
3047 1526 3225 1585 aperta
3273 1520 3377 1572 sibi
3422 1520 3682 1590 impugna-

2148 1607 2286 1662 tioue
2312 1609 2574 1671 resistere,
2608 1617 2663 1661 et
2694 1618 2866 1660 tamen
2916 1608 2991 1662 eis
3021 1624 3079 1662 se
3136 1611 3320 1662 iterata
3355 1626 3457 1661 non
3500 1611 3689 1665 desinit

2148 1713 2277 1751 voce
2301 1698 2611 1765 praedicare,
2645 1698 2824 1751 dicens
2850 1717 2861 1749 :

2218 1791 2471 1843 Abraham
2518 1798 2658 1859 pater
2702 1799 2856 1843 vester
2896 1792 3179 1854 exsultavit,
3235 1802 3290 1844 ut
3336 1794 3516 1846 videret
3568 1793 3690 1857 diem

2147 1898 2344 1943 meum;
2386 1880 2530 1944 vidit,
2558 1889 2603 1931 et
2642 1882 2843 1949 gavisus
2870 1891 2961 1934 est.
3017 1882 3161 1935 Tunc
3186 1882 3381 1951 quippe
3408 1883 3537 1937 diem
3592 1884 3687 1935 Do-

2149 1972 2274 2025 tuiui
2301 1972 2563 2024 Abraham
2594 1972 2722 2024 vidit
2748 1989 2759 2022 :
2788 1988 2905 2024 cum
2936 1972 2984 2024 in
3016 1971 3175 2039 ﬁgura
3213 1987 3438 2026 summa:
3468 1974 3682 2026 Trinita-

2149 2062 2215 2113 tis
2246 2072 2351 2115 tres
2376 2062 2589 2129 angelos
2622 2060 2848 2129 hospitio
2890 2064 3088 2127 recepit
3118 2062 3271 2131 (Gen.
3308 2068 3495 2127 xxviii)
3525 2084 3536 2115 :
3586 2067 3689 2133 qui-

2146 2152 2243 2205 bus
2274 2153 2507 2219 profecto
2536 2152 2815 2217 susceptis,
2847 2152 2923 2206 sic
2970 2154 3132 2206 tribus
3178 2156 3327 2221 quasi
3373 2158 3459 2208 uni
3498 2159 3689 2209 locutus

2145 2250 2258 2293 est:
2292 2240 2410 2307 quia
2433 2241 2529 2293 etsi
2561 2241 2610 2292 in
2644 2242 2879 2307 personis
2906 2256 3153 2294 numerus
3190 2243 3461 2296 Trinitatis
3488 2255 3589 2305 est,
3634 2247 3678 2296 in

2144 2342 2327 2384 natura
2373 2339 2545 2386 tamen
2595 2333 2765 2385 unitas
2809 2342 2888 2385 est
2936 2333 3253 2389 divinitatis.
3304 2334 3410 2389 Sed
3454 2337 3680 2390 etruales

2147 2430 2352 2474 mentes
2380 2422 2724 2485 audientium,
2753 2422 2934 2476 oculos
2955 2438 2983 2475 a
3007 2438 3165 2477 carne
3191 2440 3292 2477 non
3314 2426 3610 2480 sublevaut:
3642 2429 3687 2481 in

2146 2525 2209 2562 eo
2237 2511 2401 2562 solam
2425 2510 2597 2563 carnis
2627 2521 2833 2565 mtatem
2866 2524 3108 2579 pensant,
3135 2514 3369 2568 dicentes
3394 2534 3406 2566 :

2221 2598 2596 2668 Quinquaginta
2646 2616 2805 2652 annos
2852 2603 3076 2654 nondum
3124 2604 3310 2669 habes,
3356 2615 3402 2657 et
3448 2606 3685 2659 Abraham

2144 2688 2348 2740 vidisti?
2396 2688 2539 2751 Quos
2579 2687 2799 2756 benigne
2848 2690 3169 2758 Redemptor
3222 2702 3399 2747 noster
3443 2709 3471 2747 a
3521 2696 3683 2749 carnis

2146 2791 2251 2829 Suae
2282 2776 2467 2831 intuitu
2495 2778 2789 2843 submovet,
2813 2790 2863 2833 et
2889 2781 2953 2833 ad
2982 2780 3270 2836 divinitatis
3297 2786 3683 2853 contemplatio.

2148 2886 2265 2924 nem
2300 2870 2482 2935 trahit,
2514 2870 2694 2925 dicens
2725 2888 2737 2922 :

2220 2966 2398 3024 Amen,
2422 2978 2565 3014 amen
2592 2962 2703 3014 dico
2747 2964 2902 3027 vobis,
2938 2965 3218 3031 Antequam
3250 2966 3388 3032 ﬁeret
3427 2966 3683 3031 Abraham,

2146 3072 2235 3123 ego
2276 3068 2407 3107 sum.
2450 3058 2585 3108 Ante
2630 3057 2769 3108 enim
2820 3058 3069 3125 praeteriti
3122 3060 3374 3126 temporis
3422 3070 3531 3124 est,
3583 3075 3685 3116 sum

2149 3146 2438 3214 praesentis.
2476 3144 2537 3199 Et
2588 3148 2708 3214 quia
2761 3148 3081 3216 preterittttn
3111 3159 3165 3204 et
3214 3148 3449 3211 futurum
3498 3160 3686 3225 W

2145 3237 2389 3289 divinitas
2420 3253 2521 3288 non
2563 3237 2737 3302 habet,
2786 3240 2876 3292 sed
2928 3253 3139 3308 semper
3188 3254 3306 3297 esse
3352 3244 3544 3307 habet,
3594 3258 3683 3297 non

2144 3327 2216 3380 ait
2250 3344 2262 3378 :
2292 3327 2420 3380 Ante
2460 3328 2710 3381 Abraham
2742 3346 2829 3398 ego
2870 3331 2965 3396 fui,
2998 3330 3114 3396 sed,
3153 3343 3271 3386 aute
3318 3334 3569 3387 Abraham
3604 3351 3684 3404 ego

2146 3436 2271 3471 sum.
2311 3420 2456 3473 Unde
2486 3430 2539 3473 et
2563 3422 2623 3473 ad
2656 3421 2867 3489 Moysen
2899 3422 3113 3488 dicitur,
3153 3422 3259 3493 Ego
3278 3442 3406 3489 sum,
3438 3429 3522 3495 qui
3549 3444 3687 3479 sum:

2143 3526 2194 3563 et
2238 3513 2383 3565 Dices
2426 3514 2545 3577 ﬁliis
2572 3556 2583 3575 ,
2618 3512 2817 3578 Israel,
2871 3516 2965 3575 Qui
3021 3525 3132 3579 est,
3190 3518 3324 3569 misit
3375 3534 3451 3570 me
3494 3520 3560 3569 ad
3612 3535 3685 3571 vos

2147 3603 2340 3673 (Exod.
2365 3606 2467 3670 tu).
2490 3607 2619 3654 Ante
2646 3618 2771 3672 ergo
2794 3603 2871 3655 vel
2893 3613 3033 3670 post,
3050 3606 3310 3657 Abraham
3327 3606 3523 3666 habuit,
3542 3607 3686 3674 quiet

2146 3696 2400 3748 accedere
2461 3697 2626 3758 potuit
2685 3710 2776 3759 per
2827 3695 3210 3750 exhibitionem
3268 3700 3595 3764 praesentiae,
3639 3714 3681 3751 et

2145 3786 2394 3841 recedere
2420 3800 2510 3851 per
2540 3800 2747 3837 cursum
2791 3786 2931 3839 vitaz.
2966 3785 3169 3840 Veritas
3199 3802 3322 3841 vero
3350 3804 3556 3857 semper
3581 3805 3682 3842 esse

2144 3880 2319 3941 habet,
2354 3878 2473 3945 quia
2503 3877 2549 3930 ei
2576 3876 2859 3944 quidquam
2906 3892 3003 3931 nec
3034 3880 3209 3945 priore
3261 3888 3495 3947 tempore
3523 3881 3686 3947 incipi-

2146 3983 2247 4029 tur,
2287 3968 2742 4036 netzsubscquenti
2774 3968 3113 4023 terminatur.
3161 3971 3264 4024 Sed
3315 3975 3572 4025 sustinere
3600 3974 3681 4027 ista

2152 4060 2462 4114 aeternitatis
2493 4060 2651 4111 verba
2682 4067 2885 4112 mentes
2912 4058 3197 4114 inﬁdelium
3228 4075 3329 4113 non
3358 4062 3610 4121 valentes,
3632 4062 3682 4113 ad

2148 4152 2345 4219 lapides
2372 4158 2621 4213 currunt;
2653 4159 2706 4203 et
2760 4161 2913 4215 quem
2947 4150 3235 4219 intelligere
3294 4168 3393 4204 non
3441 4166 3681 4220 poterant.

2146 4247 2366 4296 obruere
2422 4244 2747 4310 quaerebant.
2802 4242 2937 4306 Quid
2988 4252 3162 4296 autem
3230 4253 3411 4296 contra
3472 4245 3679 4297 furorem

2148 4333 2487 4401 lapidautium
2512 4332 2764 4386 Dominus
2795 4333 2942 4398 fecit,
2973 4333 3287 4400 OSteuditur,
3315 4350 3433 4389 cum
3468 4337 3680 4403 protinus

491 4421 631 4486 bolo,
664 4434 714 4475 et
739 4423 933 4489 angelis
960 4425 1090 4489 ejus.
1125 4423 1252 4476 Nam
1286 4424 1383 4477 ista
1413 4440 1552 4478 mors
1575 4426 1811 4492 corporis
1844 4426 2038 4490 migra-
2070 4441 2117 4503 ο
2142 4426 2489 4479 subiniertur:

492 4514 565 4565 tio
592 4515 828 4582 quaedam
862 4526 942 4567 est
994 4516 1188 4571 sanctis
1225 4516 1290 4570 ad
1338 4518 1605 4573 meliorem
1641 4520 1820 4581 vitam,
1869 4521 2041 4590 impiis

495 4621 621 4657 vero
646 4607 709 4657 ad
750 4623 925 4674 poenas
966 4619 1245 4675 perpetuas
1274 4627 1284 4659 :
1327 4624 1459 4669 quas
1488 4609 1571 4664 hic
1600 4612 1784 4667 multis
1828 4614 2041 4670 nomine

492 4698 684 4750 veritas
711 4697 983 4764 designare
1014 4700 1192 4751 voluit.
1226 4698 1331 4753 Sed
1360 4693 1457 4751 iSIa
1504 4708 1693 4763 morte,
1722 4714 1880 4768 quam
1932 4700 2035 4754 Do-

496 4787 666 4839 minus
698 4788 804 4839 vult
834 4789 1071 4857 intelligi,
1106 4805 1202 4843 nec
1243 4790 1507 4843 Abraham
1557 4800 1791 4843 mortuus
1817 4802 1918 4854 est,
1950 4808 2044 4844 nec

499 4878 767 4942 propheta:
799 4880 986 4931 mortui
1019 4890 1157 4932 sunt.
1205 4880 1279 4933 Illi
1310 4882 1448 4933 enim
1484 4881 1673 4933 mortui
1705 4889 1845 4945 sttnt,
1880 4891 1931 4934 et
1960 4884 2033 4935 vi-

494 4978 621 5019 vunt
648 4984 658 5018 :
705 4968 785 5020 isti
817 4969 1080 5034 vivebant,
1116 4979 1166 5021 et
1194 4973 1381 5023 mortui
1414 4982 1587 5025 erant.
1616 4971 1779 5039 Quem
1822 4974 2041 5039 teipsutn

496 5060 643 5123 lacis,
698 5061 983 5129 inquiunt:
1037 5071 1092 5115 ut
1139 5063 1302 5126 dicos,
1349 5075 1569 5117 mortem
1613 5078 1717 5116 non
1753 5064 1947 5117 videbit
1994 5067 2042 5117 in

497 5160 770 5215 aiternum,
797 5154 879 5219 qui
906 5153 1191 5204 servaverit
1221 5169 1515 5207 sermonem
1541 5170 1737 5215 meum,
1770 5170 1884 5205 cum
1910 5156 2044 5207 scias

498 5253 549 5295 et
591 5244 849 5295 Abraham
885 5256 1167 5308 mortuum,
1195 5254 1247 5297 et
1280 5246 1563 5310 prophetas
1609 5244 1881 5296 mortuos?

573 5336 847 5400 Respondit
876 5336 1063 5389 Jesus:
1114 5338 1169 5387 Si
1200 5353 1291 5403 ego
1318 5338 1546 5405 glori/ica
1594 5338 1854 5402 mripsutu,
1886 5339 2044 5407 gloria

500 5444 606 5478 mea
635 5427 758 5480 nihil
785 5438 892 5481 est:
924 5439 991 5480 est
1023 5427 1175 5480 Pater
1222 5446 1379 5492 utens,
1408 5430 1488 5493 qui
1517 5429 1764 5496 glori/ient
1797 5445 1887 5481 me.
1939 5428 2043 5479 liet-

503 5519 570 5569 ait
601 5528 810 5584 propter
848 5517 993 5576 illud,
1026 5520 1161 5584 quod
1194 5519 1435 5570 dixerunt
1465 5535 1476 5568 ε
1527 5521 1682 5577 Quem
1727 5520 1936 5585 teipsum
1966 5520 2043 5583 fa-

500 5612 605 5663 cis?
646 5611 822 5664 Refert
862 5613 999 5663 enim
1050 5612 1263 5678 glori-tn
1298 5626 1445 5661 suam
1479 5609 1539 5659 ad
1577 5608 1802 5667 Putrem,
1838 5610 1901 5659 tle
1943 5624 2045 5674 quo

500 5712 578 5756 est
618 5702 750 5769 quod
786 5701 917 5757 Deus
947 5713 1023 5755 cst
1082 5702 1208 5756 i’lcli
1243 5700 1447 5755 Patrem
1495 5716 1641 5755 suum
1679 5700 1928 5755 llotniutzs
1961 5700 2045 5754 lc~

2214 4514 2361 4567 Jcsus
2392 4528 2556 4566 autem
2586 4515 2844 4567 abscondit
2875 4531 2948 4576 se,
2972 4516 3181 4567 etexivit
3212 4516 3275 4569 de
3299 4518 3501 4583 templo.
3517 4517 3675 4571 Mirum

2145 4608 2295 4660 valde
2329 4616 2434 4669 eSt,
2477 4603 2666 4657 fratres
2695 4604 3012 4665 charissimi,
3045 4619 3141 4657 cur
3173 4617 3540 4672 perseeutores
3574 4620 3679 4658 suos

2148 4698 2399 4754 Dominus
2424 4709 2540 4751 sese
2570 4694 2946 4749 abscondendo
2976 4695 3342 4759 declinaverit,
3378 4698 3469 4766 qui
3493 4701 3533 4751 si
3563 4698 3677 4751 divi.

2148 4791 2325 4843 uitatis
2359 4804 2469 4844 sua
2493 4788 2781 4857 potentiam
2805 4800 3055 4843 exercere
3077 4789 3353 4853 voluisset,
3387 4792 3546 4844 tacito
3571 4799 3678 4843 nutu

2148 4884 2337 4937 tuentis
2360 4883 2407 4935 in
2443 4882 2549 4935 suis
2573 4897 2664 4935 eos
2686 4880 2878 4934 ictibus
2904 4882 3103 4950 ligaret,
3146 4890 3235 4933 aut
3259 4883 3311 4934 in
3338 4896 3495 4947 penna
3522 4882 3680 4938 mortis

2146 4976 2328 5028 subitze
2359 4975 2623 5026 obrueret.
2645 4972 2749 5025 Sed
2777 4973 2893 5037 quia
2938 4970 3037 5037 pali
3068 4982 3316 5034 venerat,
3347 4987 3592 5029 exercere
3612 4972 3681 5040 ju-

2146 5068 2337 5121 dicium
2372 5068 2602 5119 nolebat.
2636 5066 2792 5118 Certe
2830 5064 2929 5117 sub
2975 5065 3086 5131 ipso
3126 5066 3392 5131 passionis
3444 5076 3673 5136 tempore.

2146 5172 2193 5210 et
2218 5169 2470 5224 quantum
2498 5166 2721 5223 poterat,
2748 5156 2997 5217 ostendit,
3023 5164 3077 5208 et
3107 5167 3282 5210 tamen
3316 5159 3439 5218 hoc,
3471 5159 3532 5210 ad
3560 5156 3673 5225 quod

2147 5259 2380 5306 νμιιθιειι,
2426 5247 2657 5313 pertulit.
2692 5246 2818 5297 Nam
2872 5260 2989 5297 cunt
3038 5250 3471 5312 persecutoribus
3498 5249 3598 5304 sitis
3630 5259 3677 5302 sc

2146 5339 2501 5404 munientibus
2523 5339 2717 5388 diceret
2745 5354 2754 5385 :
2781 5334 2887 5399 Ego
2914 5352 3023 5385 sum
3051 5334 3230 5400 (Joan.
3249 5341 3405 5401 xvut)
3436 5340 3569 5390 :sola
3598 5338 3676 5387 hac

2146 5442 2273 5479 voce
2303 5440 2483 5478 eorum
2517 5427 2817 5490 superbiam
2850 5424 3093 5491 perculit,
3126 5434 3179 5477 et
3200 5440 3390 5481 omnes
3424 5432 3473 5480 En
3508 5440 3673 5481 terram

2146 5517 2348 5570 stravit.
2379 5516 2475 5580 Qui
2517 5527 2641 5582 ergo
2674 5516 2772 5567 hoc
2800 5515 2850 5568 in
2883 5514 3001 5569 loco
3033 5516 3203 5583 potuit
3253 5534 3441 5574 manu:
3470 5520 3671 5586 'apidan-

2148 5607 2273 5658 tium
2304 5620 2404 5657 non
2431 5620 2486 5657 se
2514 5603 2890 5657 abscondendo
2919 5605 3161 5672 evadere,
3196 5622 3293 5661 cur
3324 5611 3673 5665 absconditsr.

2148 5699 2240 5751 nisi
2268 5700 2401 5766 quod
2432 5698 2587 5750 homo
2627 5696 2761 5752 inter
2789 5698 3047 5763 homines,
3082 5710 3129 5755 ct
3178 5702 3345 5757 iactu:
3386 5703 3672 5768 [imlcmp’ot
