3822 6226
528 303 628 360 759

946 301 1143 359 ΒΕΟΑΕ
1187 304 1626 359 VENERABILIS
1665 304 1809 357 UPP.
1855 304 2023 358 PARS
2056 304 2123 358 ΙΙ.
2159 303 2348 359 SECT.
2390 307 2426 359 l.
2469 332 2539 345 —-
2570 303 2953 361 EXEGETICA
2996 306 3311 363 GENUINA.
3619 310 3703 363 760

526 415 838 469 illuminavit
863 434 873 466 :
894 416 1103 483 quando
1133 417 1359 479 innnxit,
1391 416 1612 469 fortasse
1636 415 2070 469 catechumenum
2099 418 2149 474 Α
2247 415 2379 480 Quia
2407 416 2648 487 propheta
2669 425 2763 470 est.
2794 416 2978 471 Adhuc
3003 417 3215 485 quidem
3246 419 3494 472 inuectus
3522 418 3575 473 in
3599 432 3703 473 eer-

526 505 671 563 hcil.
700 506 877 559 Potest
901 504 1111 574 quidem
1155 504 1304 560 aliter
1350 515 1504 574 atque
1526 506 1678 558 aliter
1722 504 1851 559 tanti
1894 519 2071 557 sacra-

528 596 688 651 menti
717 595 909 663 exponi
958 604 1013 649 et
1063 597 1363 665 pertractari
1422 596 1779 666 profunditas;
1828 596 1919 650 sed
1977 595 2075 649 hoc

528 687 759 744 sufﬁciat
783 688 1027 743 cltaritati
1068 700 1279 744 vestrm.
1312 688 1530 756 Ungitur
1567 688 1992 751 catechumenus,
2022 686 2073 739 id

524 785 626 841 est,
671 778 891 835 docetur
945 786 1001 833 ut
1043 778 1220 832 credat
1270 779 1320 832 in
1372 778 1637 832 Christum
1684 795 1695 830 :
1738 775 1959 829 mittitur
2009 778 2072 829 ad

526 868 779 935 piscinam
808 867 1070 933 baptismi,
1107 877 1163 922 ut
1205 869 1549 932 illuminetur,
1602 877 1655 921 ut
1686 870 1858 920 lumen
1891 883 2070 921 verum

526 964 795 1025 agnoscat,
836 967 893 1013 ut
932 959 1289 1014 remissionem
1344 968 1677 1024 peccatorum
1731 958 1971 1025 accipiat,
2024 968 2078 1011 ut

528 1061 596 1100 ex
640 1045 750 1101 lilio
788 1046 880 1100 irae
909 1048 1167 1101 etliciatur
1198 1047 1359 1101 Filius
1390 1048 1504 1115 Dei,
1535 1047 1961 1115 illuminatusque
1990 1062 2076 1100 ve-

532 1138 641 1190 niat
669 1137 954 1205 prmdicare
978 1138 1265 1190 Christum.

604 1209 782 1297 ltdque
809 1229 980 1289 vicini,
1025 1238 1069 1282 ct
1098 1230 1183 1296 qui
1212 1229 1439 1281 viderant
1469 1244 1581 1281 eum
1612 1230 1767 1296 prius,
1799 1228 1917 1297 quia
1943 1242 2079 1279 men-

528 1318 671 1371 dicus
696 1327 823 1379 erat,
852 1317 1079 1370 dicebant
1116 1332 1135 1370 :
1177 1315 1362 1370 Nonne
1387 1316 1468 1368 hic
1511 1329 1604 1376 est,
1655 1318 1740 1382 qui
1782 1317 2002 1381 sedebat,
2032 1325 2077 1369 et

528 1408 883 1462 mendicabat?
919 1408 1021 1461 Alii
1068 1409 1316 1471 dicebant,
1361 1408 1476 1475 quia
1517 1409 1599 1461 hic
1638 1416 1749 1471 est;
1776 1410 1866 1461 alii
1890 1421 2077 1473 autem,

530 1514 860 1569 nequaquam.
905 1501 993 1553 sed
1016 1498 1194 1553 similis
1234 1508 1308 1553 est
1340 1503 1469 1566 ejus.
1504 1498 1679 1565 Aperti
1713 1499 1846 1553 oeuli
1879 1500 2078 1553 vultum

534 1597 885 1644 mutaverant.

605 1681 707 1736 Ille
732 1684 943 1745 dicebat.
963 1684 1080 1754 quia
1107 1700 1197 1754 ego
1226 1699 1354 1737 sum.
1382 1683 1488 1737 Vox
1521 1694 1690 1751 grata,
1718 1698 1782 1737 ne
1806 1689 2082 1738 damnaret

533 1775 756 1851 ingrata.

603 1864 846 1920 Dicebant
879 1884 997 1938 ergo
1034 1868 1081 1922 ei
1110 1884 1129 1921 :
1170 1867 1432 1933 Quomodo
1460 1877 1578 1920 sunt
1611 1870 1771 1937 apati
1800 1865 1938 1919 oculi
1968 1865 2083 1919 tui?

534 1954 856 2024 Respondit:
880 1956 977 2011 Ille
1001 1960 1171 2025 homo,
1194 1959 1278 2027 qui
1300 1958 1484 2011 dicitur
1502 1956 1745 2021 Christus,
1768 1957 1925 2009 lutum
1942 1956 2080 2023 fecit,

530 2055 575 2099 et
597 2047 739 2100 unxit
770 2049 941 2101 oculos
971 2065 1126 2114 meos,
1169 2060 1216 2103 et
1242 2050 1369 2103 dixit
1411 2050 1576 2102 nti/ti:
1618 2047 1756 2099 Vade
1782 2047 1849 2098 ad
1880 2057 2084 2098 natato-

531 2134 683 2199 riant,
713 2148 757 2189 et
788 2137 921 2202 lava,
948 2148 995 2191 et
1018 2140 1119 2191 abii
1160 2148 1205 2192 et
1235 2140 1352 2205 lavi,
1378 2149 1424 2192 et
1454 2138 1615 2192 video.
1651 2139 1783 2191 Ecce
1810 2153 1855 2189 av
1882 2138 2085 2189 nuntia-

531 2234 613 2279 tor
640 2225 806 2281 lactus
848 2230 1157 2293 estgrativ.
1212 2230 1348 2283 Ecce
1401 2228 1746 2298 evangelizat,
1801 2227 2086 2281 conﬁtetur

532 2314 738 2369 videns.
788 2317 969 2371 Cacus
1016 2319 1105 2372 ille
1152 2318 1521 2382 conﬁtebatur,
1555 2328 1609 2372 et
1658 2332 1753 2371 cor
1801 2318 2081 2383 impiorum

532 2404 855 2472 ﬁngebatur,
900 2409 1017 2475 quia
1068 2423 1172 2462 non
1222 2408 1485 2465 habebant
1513 2409 1565 2462 in
1594 2408 1774 2473 corde,
1808 2406 1947 2476 quod
1973 2406 2080 2475 jam

532 2490 622 2547 ille
650 2493 875 2548 habebat
906 2497 956 2549 in
988 2496 1138 2551 laci».

599 2582 849 2640 Dixerunt
878 2587 944 2644 ei.
988 2586 1085 2642 Ubi
1113 2598 1183 2641 est
1212 2589 1338 2641 ille?
1361 2589 1453 2649 ait,
1485 2586 1693 2640 Nescio.
1719 2588 1771 2639 In
1804 2587 1884 2640 his
1911 2585 2083 2639 verbis

535 2674 743 2729 animus
771 2676 933 2743 ipsius
953 2678 1128 2731 adhuc
1159 2678 1373 2730 inuncta
1401 2677 1589 2732 similis
1612 2685 1727 2731 erat
1748 2676 1977 2728 nondum
2005 2676 2081 2727 vi-

536 2763 704 2822 denti.
730 2766 833 2821 Sed
860 2782 1137 2837 pnnamus,
1160 2764 1370 2831 fratres,
1392 2777 1636 2833 tanquam
1661 2766 1799 2821 illam
1824 2765 2084 2819 inunctio-

530 2862 653 2915 nem
706 2858 761 2912 in
787 2857 967 2924 animo
1022 2859 1282 2922 habuerit,
1336 2868 1390 2913 et
1450 2858 1721 2924 praedicat.
1782 2868 1836 2912 et
1887 2857 2078 2923 nescit,

531 2961 689 3014 quem
730 2949 995 3014 praedicat.

601 3037 874 3091 Adducunt
920 3055 1032 3093 eum
1088 3040 1155 3092 ad
1204 3036 1509 3102 Pharisteos,
1553 3040 1637 3108 qui
1686 3056 1845 3094 aecus
1894 3040 2075 3109 fuerat.

537 3125 666 3181 Erat
701 3137 868 3183 autem
896 3128 1170 3185 Sabbatum
1197 3131 1400 3191 quando
1444 3132 1604 3186 lutum
1648 3133 1763 3201 fecit
1816 3130 1989 3198 Iesus,
2035 3141 2081 3187 et

531 3220 733 3286 aperuit
760 3220 932 3274 oculos
974 3222 1104 3289 ejus.
1153 3220 1346 3276 lterum
1390 3237 1506 3291 ergo
1550 3222 1924 3291 interrogabant
1972 3239 2084 3277 eum

532 3308 814 3387 Pharisaei,
840 3312 1089 3377 quomodo
1122 3311 1342 3365 vidisset.
1376 3310 1477 3365 Ille
1503 3321 1671 3365 autem
1692 3312 1819 3366 dixit
1848 3328 1867 3365 :
1898 3311 2083 3365 Lutum

528 3398 696 3459 posuit
732 3398 855 3451 mihi
878 3414 1025 3461 super
1050 3399 1223 3453 oculos
1248 3415 1400 3461 meos,
1435 3410 1483 3452 et
1510 3397 1634 3465 lavi,
1665 3412 1709 3453 et
1737 3401 1899 3453 video.
1930 3400 2081 3453 Dice-

528 3490 646 3543 bant
671 3506 789 3559 ergo
817 3507 879 3545 ea:
901 3490 1171 3545 Pharisa'is
1198 3492 1427 3561 quidam.
1465 3492 1577 3547 Non
1607 3507 1815 3557 omnes,
1851 3493 1945 3547 sed
1966 3493 2083 3561 qui-

527 3579 653 3633 dam
671 3597 691 3635 .:
715 3582 822 3646 jam
854 3581 993 3636 enim
1025 3582 1405 3649 iungebantur
1426 3576 1663 3650 quidam.
1688 3583 1823 3650 Quid
1850 3598 1973 3653 ergo
2002 3585 2082 3639 di—

533 3668 743 3734 cebant,
781 3685 877 3725 nec
911 3672 1171 3733 videntes,
1203 3686 1300 3725 nec
1330 3674 1510 3727 uncti?

602 3758 723 3813 Non
742 3771 815 3814 est
836 3762 927 3814 iste
952 3761 1103 3814 homo
1129 3777 1162 3813 a
1189 3760 1319 3822 Deo,
1341 3762 1424 3823 qui
1467 3761 1747 3817 Sabbatum
1772 3779 1871 3818 non
1910 3775 2082 3819 custo-

532 3852 625 3905 dit.
655 3853 770 3912 Ipse
813 3852 983 3920 potius
1025 3854 1370 3919 cusIodiebat,
1406 3854 1495 3923 qui
1524 3853 1640 3908 sine
1688 3865 1903 3922 peccato
1947 3866 2079 3910 erat.

531 3942 812 3998 Sabbatum
842 3944 982 3998 enim
1009 3944 1241 4009 spiritale
1277 3946 1376 3997 hoc
1402 3954 1501 4008 est,
1537 3960 1641 3999 non
1674 3945 1867 4000 habere
1896 3962 2081 4011 pecca-

533 4043 665 4088 tum.
715 4035 966 4104 Denique.
999 4036 1209 4099 fratres.
1242 4035 1342 4089 hoc
1366 4036 1614 4090 admonet
1664 4037 1823 4102 Deus,
1873 4039 2082 4105 quando

525 4126 860 4180 commendat
889 4116 1171 4181 Sabbatttm
1206 4143 1217 4177 :
1251 4125 1408 4179 Omne
1429 4142 1554 4194 opus
1586 4129 1767 4180 servile"
1798 4144 1896 4179 non
1921 4128 2079 4197 facie-

530 4218 591 4270 tis
628 4216 811 4287 (Leuit.
842 4214 1011 4284 χχιιι).
1042 4216 1163 4269 llaec
1188 4226 1311 4269 sunt
1333 4218 1486 4269 verba
1518 4217 1603 4269 Dei
1628 4217 1911 4271 Sabbatum
1935 4232 2080 4271 com-

533 4306 825 4361 mendantis
857 4324 869 4359 :
908 4306 1065 4359 Omne
1104 4324 1229 4373 opus
1250 4309 1426 4361 servile
1456 4324 1554 4361 non
1593 4308 1808 4372 facietis.
1846 4306 1960 4363 Jam
1993 4323 2084 4362 sn-

2106 3092 2156 3157 C

2175 509 2259 573 de,
2291 509 2518 562 nondum
2552 509 2642 563 Dei
2673 508 2863 562 Filium
2906 509 3204 573 conﬁtetur,
3230 524 3327 563 nec
3357 510 3608 563 mentitur
3630 519 3701 573 ta-

2176 613 2318 653 men.
2354 599 2465 666 lpse
2505 598 2759 652 Dominus
2783 599 2848 652 de
2875 599 3051 668 seipso
3079 601 3191 653 ait:
3223 598 3342 652 Non
3371 610 3443 652 est
3474 601 3701 667 propheta

2174 689 2282 743 sine
2306 688 2516 755 honore,
2543 688 2639 741 nisi
2661 690 2712 741 in
2733 690 2899 757 patria
2922 705 3014 742 sua
3036 686 3212 760 (Joan.
3248 688 3345 754 tv).

2249 778 2367 832 Non
2417 780 2731 833 crediderunt
2783 796 2901 849 ergo
2942 778 3111 833 Judwi
3156 780 3217 832 de
3258 779 3370 840 illo,
3408 778 3526 847 quia
3569 792 3709 831 cacus

2179 870 2375 938 fuisset,
2400 879 2446 924 et
2472 869 2701 937 vidisset,
2730 871 2887 931 donec
2914 878 3209 923 vocaverunt
3233 878 3461 938 parentes
3484 868 3616 937 ejus,
3643 870 3709 928 qui

2176 960 2391 1025 viderat,
2418 970 2465 1014 et
2492 961 2922 1032 interroqaverunt
2950 977 3053 1025 eos,
3074 961 3294 1014 dicentes
3318 976 3334 1013 :
3371 956 3465 1011 Hic
3489 966 3567 1010 est
3592 957 3711 1021 ﬁlius

2178 1059 2351 1114 vester,
2374 1066 2521 1118 quem
2534 1066 2618 1105 vos
2644 1050 2832 1115 dicitis,
2856 1052 2972 1119 quia
2994 1066 3153 1104 caicus
3170 1058 3321 1103 natus
3348 1051 3452 1103 est?
3468 1048 3712 1113 Quomodo

2178 1153 2299 1207 ergo
2341 1155 2474 1192 nunc
2498 1141 2669 1194 videt?
2718 1140 3101 1210 Responderunt
3132 1149 3360 1207 presses
3401 1140 3509 1209 ejus
3548 1139 3634 1200 eis,
3676 1148 3711 1189 et

2130 1229 2134 1234 ’
2180 1228 2454 1282 dixerunt:
2495 1229 2696 1284 Scimus
2745 1232 2863 1299 quia
2913 1231 2991 1283 hic
3036 1237 3109 1282 est
3143 1230 3285 1296 filius
3330 1239 3517 1293 noster,
3550 1237 3593 1280 et
3614 1226 3713 1293 quia

2178 1333 2339 1370 aecus
2380 1328 2528 1373 natus
2572 1330 2675 1386 est;
2720 1321 2975 1390 quomodo
3004 1327 3173 1372 autem
3202 1335 3336 1371 nunc
3368 1319 3551 1386 videat,
3581 1318 3714 1369 nesci-

2180 1426 2310 1463 mus.
2341 1409 2410 1464 Et
2436 1412 2672 1467 dixerunt
2700 1428 2717 1465 :
2766 1393 2945 1482 ipsum
2992 1413 3311 1482 interrogate,
3345 1421 3539 1464 atatem
3569 1412 3711 1469 habet.

2181 1506 2287 1571 ipse
2314 1506 2374 1558 de
2403 1522 2455 1558 se
2482 1506 2733 1574 loquatur.
2761 1506 2968 1560 Scimus
2998 1514 3192 1569 autem,
3241 1506 3361 1572 quia
3391 1504 3527 1557 ﬁlius
3560 1515 3715 1558 noster

2182 1607 2294 1661 est;
2324 1596 2415 1649 sed
2434 1596 2575 1663 juste
2599 1611 2912 1667 cogeremur
2933 1596 3068 1665 loqui
3102 1609 3194 1663 pro
3222 1594 3437 1657 infante,
3469 1594 3587 1660 quia
3615 1596 3709 1660 ipse

2186 1699 2277 1753 pro
2306 1701 2365 1739 se
2392 1686 2530 1753 loqui
2559 1701 2662 1740 non
2692 1696 2870 1756 posset
2894 1706 2905 1739 :
2936 1688 3062 1741 olim
3107 1688 3358 1755 loquitur,
3389 1688 3545 1742 modo
3574 1688 3712 1751 videt,

2184 1788 2378 1828 caseum
2395 1788 2425 1827 a
2440 1774 2708 1829 aativitate
2733 1777 2992 1830 novimus.
3032 1775 3354 1844 Loqumtem
3376 1778 3498 1831 olim
3525 1778 3713 1839 scimus,

2186 1864 2445 1920 videntem
2483 1866 2639 1921 modo
2666 1866 2926 1933 videmus,
2960 1868 3131 1935 ipsum
3174 1867 3515 1937 interrogate,
3551 1878 3604 1920 ut
3642 1868 3707 1920 in-

2184 1956 2481 2009 strnamini.

2260 2044 2382 2098 Hazc
2410 2047 2645 2099 dixerunt
2674 2056 2901 2113 parentes
2932 2049 3062 2118 ejus,
3089 2048 3209 2117 quia
3233 2046 3473 2101 timebant
3500 2043 3715 2107 Iudicas;

2187 2136 2289 2201 iam
2314 2136 2443 2188 enim
2474 2138 2883 2204 conspirauerunt
2922 2135 3115 2201 Judaei,
3149 2144 3202 2189 ut
3229 2137 3274 2189 si
3311 2135 3419 2201 quis
3446 2150 3556 2187 eum
3584 2135 3714 2198 conﬁ-

2186 2238 2372 2283 teretur
2410 2227 2686 2292 Christum,
2728 2240 2871 2282 extra
2918 2242 3232 2298 synagogam
3280 2227 3439 2293 fieret.
3477 2225 3591 2279 Jam
3632 2240 3713 2277 non

2185 2328 2298 2374 erat
2327 2321 2519 2373 malum
2562 2329 2708 2373 extra
2744 2333 3064 2391 synagogam
3114 2318 3249 2371 fieri.
3274 2316 3355 2371 illi
3382 2316 3709 2383 expellebant.

2185 2410 2277 2463 sed
2324 2410 2569 2463 Christus
2618 2409 2957 2479 excipiebat:
3012 2418 3291 2478 propterea
3346 2414 3588 2475 parentes
3621 2404 3713 2473 ejus

2183 2502 2471 2556 dixerunt:
2502 2504 2618 2565 quia
2659 2511 2853 2554 (etatem
2888 2501 3054 2566 habet,
3083 2500 3253 2567 ipsum
3274 2498 3594 2567 interrogate.

2264 2589 2575 2643 Vocaverunt
2594 2606 2711 2658 ergo
2729 2604 2931 2641 rursum
2960 2588 3228 2653 hominem,
3256 2588 3344 2657 qui
3368 2587 3534 2657 fuerat
3556 2600 3708 2644 cacus.

2186 2690 2233 2733 ct
2263 2682 2498 2733 dixerunt
2526 2680 2573 2733 ei
2597 2696 2614 2732 :
2644 2678 2725 2733 Da
2752 2680 2969 2749 gloriam
3000 2677 3130 2733 Deo.
3158 2678 3291 2743 Quid
3311 2686 3412 2740 est,
3444 2679 3509 2730 da
3528 2676 3712 2746 gloriam

2188 2768 2337 2822 Deo?
2380 2768 2519 2838 Nega
2566 2770 2701 2836 quod
2749 2768 3019 2837 accepisti.
3053 2768 3163 2823 Hoc
3188 2770 3345 2836 plane
3375 2782 3477 2821 non
3507 2775 3587 2820 est
3620 2768 3711 2833 glo-

2188 2864 2313 2916 tiam
2346 2862 2455 2916 Deo
2484 2862 2629 2923 dare,
2660 2863 2753 2913 sed
2785 2862 2947 2914 Deum
2980 2864 3152 2929 potius
3193 2861 3583 2925 blasphemare.
3624 2856 3707 2921 De,

2184 2953 2446 3020 inquiunt,
2486 2952 2698 3027 gloriam
2732 2951 2857 3004 Deo.

2258 3042 2369 3098 Nos
2396 3044 2603 3108 scimus,
2634 3044 2753 3113 quia
2778 3043 2859 3095 hic
2890 3043 3038 3095 homo
3068 3048 3298 3111 peccator
3323 3050 3417 3094 est.
3460 3038 3711 3107 Dirith

2182 3136 2273 3191 ille
2302 3151 2322 3191 :
2360 3137 2422 3191 Si
2459 3146 2691 3204 peccator
2727 3147 2818 3203 est,
2847 3136 3013 3189 nescio
3043 3152 3061 3199 ;
3093 3151 3245 3188 unum
3274 3135 3402 3199 scio,
3434 3138 3552 3203 quia
3577 3149 3712 3186 aecus

2182 3246 2359 3299 essem,
2417 3229 2565 3282 modo
2618 3229 2781 3281 video.
2835 3227 3087 3280 Dixerunt
3124 3242 3243 3296 ergo
3279 3225 3360 3278 illi
3390 3242 3407 3277 :
3450 3224 3581 3291 Quid
3611 3222 3713 3292 fea't

2184 3321 2314 3373 tibi?
2353 3319 2601 3386 quomodo
2636 3320 2833 3384 aperuit
2874 3317 2962 3371 tibi
3001 3318 3211 3371 oculos?
3254 3315 3316 3369 Et
3357 3316 3445 3369 ille
3470 3315 3574 3383 jam
3614 3324 3706 3367 ste-

2185 3410 2434 3463 machans
2464 3410 2719 3463 adversus
2747 3409 2998 3462 duritiam
3042 3407 3375 3472 ludmorum,
3407 3416 3463 3461 et
3499 3420 3560 3461 ex
3590 3418 3711 3458 ceco

2183 3500 2387 3564 videns,
2421 3514 2523 3555 nOn
2570 3499 2747 3554 ferens
2775 3513 2964 3554 caecos.

2257 3590 2531 3658 Respondit
2563 3591 2655 3649 eis,
2697 3588 2819 3641 Dixi
2856 3589 2991 3640 vobis
3022 3588 3135 3655 jam
3170 3594 3215 3639 et
3253 3585 3467 3637 audistis
3504 3583 3617 3649 quid
3638 3582 3713 3632 ite-

2184 3697 2296 3735 rum
2331 3682 2480 3737 vultis
2517 3681 2733 3734 audire?
2776 3679 3021 3747 Nunquid
3060 3688 3108 3731 et
3153 3694 3237 3730 vos
3292 3677 3445 3728 vultis
3502 3673 3707 3739 discipuli

2185 3780 2294 3844 ejus
2332 3774 2477 3842 ﬁeri?
2513 3772 2646 3838 Quid
2682 3781 2786 3835 est,
2824 3768 3072 3838 Nunquid
3109 3777 3155 3821 et
3193 3768 3316 3821 vos?
3348 3766 3468 3830 nisi,
3491 3766 3604 3834 quia
3630 3780 3709 3831 ego

2181 3866 2285 3934 jam
2330 3864 2479 3918 sum?
2538 3862 2785 3931 Nunquid
2822 3870 2866 3915 et
2904 3876 2990 3915 vos
3025 3861 3214 3913 vultis?
3260 3859 3368 3929 jam
3420 3858 3589 3921 video,
3632 3854 3709 3911 sed

2187 3975 2287 4010 non
2319 3958 2469 4010 video
2503 3970 2597 4011 vos
2624 3954 2826 4009 videre.

2262 4047 2629 4100 Maledixerunt
2669 4046 2734 4108 ei,
2781 4056 2824 4097 et
2872 4044 3148 4097 dixerunt:
3188 4038 3268 4093 Tu
3319 4039 3593 4104 discipulus
3626 4039 3712 4107 ejus

2189 4138 2276 4189 sis.
2315 4134 2442 4188 Tale
2471 4133 2809 4187 maledictum
2861 4145 3020 4197 super
3050 4144 3165 4193 nos,
3199 4139 3253 4182 et
3293 4142 3452 4195 super
3482 4127 3610 4179 ﬁlios
3636 4139 3710 4175 no-

2187 4240 2344 4283 stros.
2389 4226 2723 4282 Maledictum
2757 4234 2836 4278 est
2864 4224 3029 4289 enim,
3062 4222 3109 4276 si
3136 4235 3230 4275 cor
3255 4219 3526 4282 discutias,
3558 4230 3651 4270 non
3673 4216 3706 4268 si

2190 4319 2343 4373 verba
2385 4317 2700 4386 perpendes.

532 4396 768 4463 perieres
790 4394 1039 4450 lectiones
1078 4396 1420 4466 interrogate,
1452 4396 1587 4461 quod
1616 4397 1685 4449 sit
1707 4412 1840 4464 opus
1870 4397 2080 4460 servile,
2115 4437 2161 4494 υ
2262 4410 2368 4463 Νοδ
2392 4420 2556 4464 autem
2588 4408 2720 4462 Μοεί
2747 4405 2985 4471 discipuli
3012 4420 3205 4458 sumus,
3250 4402 3361 4457 Νος
3388 4404 3590 4463 scimus,
3612 4400 3709 4467 quis

530 4497 583 4539 et
610 4499 638 4538 a
672 4486 892 4539 Domino
918 4485 1094 4541 audite
1126 4504 1136 4537 :
1171 4486 1345 4539 Omnis
1365 4488 1449 4553 qui
1478 4487 1596 4554 facit
1630 4494 1885 4549 peccatum
1915 4503 2083 4541 servus

529 4583 603 4628 est
625 4576 813 4635 peccati
839 4574 1014 4645 (Joan.
1042 4578 1178 4643 vm).
1211 4575 1317 4630 Sed
1350 4577 1435 4629 isti
1464 4590 1559 4630 nec
1581 4577 1844 4643 videntes,
1871 4587 1929 4631 ut
1950 4578 2083 4643 dixi,

530 4678 627 4718 nec
656 4662 876 4726 inuncti,
898 4665 1183 4720 Sabbatum
1214 4666 1495 4721 carnaliter
1521 4667 1893 4731 observabant,
1922 4670 2082 4738 spiri-

534 4755 745 4807 tualiter
768 4756 1050 4809 violabant.

602 4843 704 4896 Alii
743 4844 970 4897 dicebant
994 4864 1012 4898 :
1046 4845 1307 4910 Quomodo
1340 4856 1495 4914 potest
1542 4846 1688 4901 homo
1720 4856 1949 4916 peccator
1978 4852 2083 4903 lucc

532 4936 675 5003 signa
706 4935 916 5001 facere?
946 4936 1079 4989 Ecce
1109 4946 1229 4988 sunt
1258 4937 1479 4991 inuncti.

602 5026 668 5079 Et
695 5028 909 5080 schisma
938 5039 1043 5080 erat
1072 5028 1122 5080 in
1154 5032 1241 5082 eis.
1298 5030 1416 5081 Dios
1447 5029 1533 5083 ille
1565 5028 1762 5085 divisus
1788 5042 1903 5085 erat
1948 5033 2086 5085 inter

535 5116 705 5171 lucrm
752 5128 803 5171 et
834 5123 1097 5172 tenebras.

602 5206 789 5261 Dicunt
816 5220 933 5278 ergo
976 5225 1106 5263 cceco
1146 5211 1322 5263 iterum
1353 5210 1469 5263 :Tu
1492 5211 1615 5280 quid
1645 5212 1769 5265 dicis
1800 5213 1860 5266 de
1906 5229 1963 5267 eo
1997 5216 2081 5282 qui

529 5304 723 5371 aperuit
751 5304 925 5355 oculos
956 5304 1103 5357 tuos?
1132 5303 1263 5369 Quid
1294 5304 1359 5357 de
1391 5305 1475 5356 illo
1507 5292 1669 5359 sentis
1692 5306 1711 5359 ?
1738 5305 1869 5372 Quid
1903 5308 2080 5360 existi-

530 5393 680 5445 mas?
709 5392 841 5457 Quid
866 5394 1106 5459 judicas?
1138 5393 1453 5458 Qumrebant
1495 5395 1933 5461 quemadmodum
1982 5399 2079 5450 lto-

530 5484 654 5535 mini
685 5484 1147 5551 calumniarentur,
1184 5495 1237 5537 ut
1261 5485 1325 5538 de
1356 5501 1618 5556 synagoga
1652 5488 1953 5556 pelleretur,
1988 5494 2079 5545 sed

528 5593 552 5627 ει
585 5575 793 5629 Clu-isto
820 5577 1161 5631 inveniretur.
1196 5578 1299 5630 Sed
1332 5578 1419 5631 ille
1442 5588 1765 5645 constanter,
1797 5582 1933 5650 quod
1964 5597 2079 5637 scn—

529 5666 706 5726 liebtt,
740 5669 1018 5731 expressit.
1052 5668 1127 5721 Ait
1164 5668 1300 5722 enim
1336 5689 1343 5721 :

2191 4503 2325 4556 Mosi
2356 4504 2551 4555 locutus
2580 4512 2655 4555 est
2682 4498 2842 4554 Deus.
2878 4498 3086 4554 Utinam
3117 4498 3328 4549 sciretis
3354 4495 3477 4563 quia
3506 4493 3622 4545 Mosi
3652 4491 3709 4541 lo-

2188 4604 2341 4647 cutus
2369 4602 2450 4647 est
2482 4580 2617 4645 Deus
2642 4594 2654 4645 !
2678 4592 2913 4659 _sciretis
2943 4590 3083 4657 quod
3127 4603 3219 4655 per
3248 4586 3428 4640 Mosen
3462 4582 3710 4653 prmdietns

2187 4697 2266 4742 est
2298 4687 2455 4741 Deus.
2488 4685 2705 4737 llabetis
2734 4684 2873 4739 enim
2904 4682 3180 4735 Dominum
3210 4679 3474 4733 dicentem
3504 4693 3515 4728 :
3547 4674 3599 4728 Si
3627 4686 3712 4723 cre-

2187 4780 2366 4833 deretis
2395 4776 2549 4841 Mosi,
2582 4778 2847 4830 crederetis
2875 4784 2919 4827 et
2946 4774 3068 4838 mihi
3096 4790 3111 4836 ;
3153 4774 3217 4826 de
3242 4787 3319 4825 me
3346 4771 3479 4824 enim
3506 4768 3591 4821 ille
3610 4766 3708 4817 scri-

2192 4870 2287 4934 psit
2319 4866 2530 4936 (Joann.
2558 4865 2635 4935 v).
2671 4864 2852 4918 Itane?
2881 4860 3158 4929 sequimini
3184 4874 3417 4923 servum,
3450 4866 3502 4911 et
3528 4856 3707 4909 dorsum

2192 4961 2383 5027 ponitis
2405 4969 2589 5012 contra
2611 4957 2922 5012 Dominum?
2952 4955 3056 5009 Sed
3084 4969 3179 5007 nec
3198 4966 3414 5008 servum
3437 4947 3707 5018 sequimini,

2192 5064 2309 5101 nam
2342 5063 2435 5113 per
2462 5048 2606 5103 illum
2640 5048 2699 5099 ad
2732 5046 3009 5099 Dominum
3043 5042 3393 5096 duceremini.

2263 5140 2539 5209 Respondit
2570 5141 2656 5192 ille
2685 5139 2857 5203 homo,
2889 5147 2935 5189 et
2962 5137 3089 5190 dixit
3116 5136 3225 5189 eis:
3279 5132 3345 5186 In
3384 5133 3477 5185 hoc
3517 5127 3708 5181 mirabile

2187 5242 2279 5297 est,
2315 5234 2439 5302 quia
2460 5248 2541 5285 vos
2568 5230 2766 5284 nescitis
2795 5232 2929 5284 unde
2955 5232 3037 5287 sit.
3079 5242 3125 5283 et
3159 5228 3360 5297 aperuit
3390 5231 3556 5279 oculos
3581 5233 3703 5273 mea.

2190 5322 2386 5375 Scimus
2422 5333 2583 5375 autem
2618 5324 2735 5391 quia
2776 5332 3055 5389 peccatores
3083 5320 3217 5374 Deus
3249 5336 3349 5373 non
3384 5316 3608 5375 exaudit;
3640 5310 3707 5361 sei

2186 5414 2227 5465 si
2257 5414 2365 5479 quis
2399 5412 2487 5464 Dei
2517 5416 2676 5465 cultor
2708 5422 2807 5475 est,
2858 5424 2902 5465 et
2936 5415 3231 5465 voluntatem
3261 5413 3373 5468 eius
3403 5409 3555 5475 facit,
3602 5404 3707 5454 Ιιιηί

2188 5506 2410 5557 exaudit.
2444 5506 2627 5559 Adhuc
2653 5506 2896 5559 intinctus
2918 5506 3181 5572 loquitur;
3215 5518 3335 5557 nam
3366 5513 3417 5555 et
3443 5504 3707 5568 peccaloh‘s

2190 5599 2403 5672 exaudit
2428 5600 2584 5653 Deus.
2633 5600 2682 5655 Si
2711 5604 2849 5655 cnim
2880 5609 3182 5668 peccatores
3216 5600 3354 5654 Deus
3382 5614 3485 5653 non
3515 5594 3704 5651 exaudi-

2189 5701 2287 5759 ret,
2324 5685 2514 5748 frustra
2547 5692 2628 5748 ille
2661 5694 2976 5749 Publicanus
3006 5692 3181 5748 oculos
3224 5692 3275 5747 in
3320 5701 3514 5747 terram
3544 5686 3705 5745 demito
