  <div class='ocr_page' id='page_1' title='image "/cluster/home/n/w/nwhite01/storage/ocr_20150623/92-93/uva.x000827076/388.png"; bbox 0 0 3822 6226; ppageno 0'>
   <div class='ocr_carea' id='block_1_1' title="bbox 178 308 261 362">
    <p class='ocr_par' dir='ltr' id='par_1_1' title="bbox 178 308 261 362">
     <span class='ocr_line' id='line_1_1' title="bbox 178 308 261 362; baseline 0.024 -2"><span class='ocrx_word' id='word_1_1' title='bbox 178 308 261 362; x_wconf 73' lang='lat' dir='ltr'><strong>7b!</strong></span> 
     </span>
    </p>
   </div>
   <div class='ocr_carea' id='block_1_2' title="bbox 1081 300 2461 365">
    <p class='ocr_par' dir='ltr' id='par_1_2' title="bbox 1081 300 2461 365">
     <span class='ocr_line' id='line_1_2' title="bbox 1081 300 2461 365; baseline 0.002 -5"><span class='ocrx_word' id='word_1_2' title='bbox 1081 305 1146 360; x_wconf 77' lang='grc' dir='ltr'><strong>ΙΝ</strong></span> <span class='ocrx_word' id='word_1_3' title='bbox 1182 304 1243 360; x_wconf 89' lang='lat' dir='ltr'><strong>S.</strong></span> <span class='ocrx_word' id='word_1_4' title='bbox 1285 302 1563 360; x_wconf 82' lang='lat' dir='ltr'><strong>JOANNIS</strong></span> <span class='ocrx_word' id='word_1_5' title='bbox 1605 300 2046 361; x_wconf 78' lang='lat' dir='ltr'><strong>EVANGELIUM</strong></span> <span class='ocrx_word' id='word_1_6' title='bbox 2088 306 2461 365; x_wconf 58' lang='lat' dir='ltr'><strong>EXPUSITIO.</strong></span> 
     </span>
    </p>
   </div>
   <div class='ocr_carea' id='block_1_3' title="bbox 3239 313 3343 368">
    <p class='ocr_par' dir='ltr' id='par_1_3' title="bbox 3239 313 3343 368">
     <span class='ocr_line' id='line_1_3' title="bbox 3239 313 3343 368; baseline -0.038 0"><span class='ocrx_word' id='word_1_7' title='bbox 3239 313 3343 368; x_wconf 69' lang='lat'><strong>762</strong></span> 
     </span>
    </p>
   </div>
   <div class='ocr_carea' id='block_1_4' title="bbox 172 415 3336 491">
    <p class='ocr_par' dir='ltr' id='par_1_4' title="bbox 172 415 3336 491">
     <span class='ocr_line' id='line_1_4' title="bbox 172 415 3336 491; baseline 0.001 -15"><span class='ocrx_word' id='word_1_8' title='bbox 172 434 293 487; x_wconf 85' lang='lat' dir='ltr'><strong>tens,</strong></span> <span class='ocrx_word' id='word_1_9' title='bbox 328 427 378 476; x_wconf 88' lang='lat' dir='ltr'><strong>et</strong></span> <span class='ocrx_word' id='word_1_10' title='bbox 407 429 579 489; x_wconf 85' lang='lat' dir='ltr'><strong>pectus</strong></span> <span class='ocrx_word' id='word_1_11' title='bbox 610 433 764 473; x_wconf 85' lang='lat' dir='ltr'><strong>suum</strong></span> <span class='ocrx_word' id='word_1_12' title='bbox 796 419 1124 488; x_wconf 84' lang='lat' dir='ltr'><strong>percutiens,</strong></span> <span class='ocrx_word' id='word_1_13' title='bbox 1153 418 1394 474; x_wconf 81' lang='lat' dir='ltr'><strong>diceret:</strong></span> <span class='ocrx_word' id='word_1_14' title='bbox 1448 416 1679 478; x_wconf 80' lang='lat' dir='ltr'><strong>Domine,</strong></span> <span class='ocrx_word' id='word_1_15' title='bbox 1709 415 1760 472; x_wconf 76' lang='grc' dir='ltr'>Α</span> <span class='ocrx_word' id='word_1_16' title='bbox 1794 416 1847 468; x_wconf 92' lang='lat' dir='ltr'><strong>in</strong></span> <span class='ocrx_word' id='word_1_17' title='bbox 1881 419 2222 486; x_wconf 77' lang='lat' dir='ltr'><strong>sequentibus</strong></span> <span class='ocrx_word' id='word_1_18' title='bbox 2267 422 2442 473; x_wconf 81' lang='lat' dir='ltr'><strong>vet-Ms</strong></span> <span class='ocrx_word' id='word_1_19' title='bbox 2492 429 2653 489; x_wconf 85' lang='lat' dir='ltr'><strong>patet,</strong></span> <span class='ocrx_word' id='word_1_20' title='bbox 2701 421 2952 491; x_wconf 85' lang='lat' dir='ltr'><strong>judicium</strong></span> <span class='ocrx_word' id='word_1_21' title='bbox 3002 422 3336 479; x_wconf 72' lang='lat' dir='ltr'><strong>discretionis</strong></span> 
     </span>
    </p>
   </div>
   <div class='ocr_carea' id='block_1_5' title="bbox 171 507 1684 585">
    <p class='ocr_par' dir='ltr' id='par_1_5' title="bbox 171 507 1684 585">
     <span class='ocr_line' id='line_1_5' title="bbox 171 507 1684 585; baseline -0.007 -17"><span class='ocrx_word' id='word_1_22' title='bbox 171 515 392 585; x_wconf 76' lang='lat' dir='ltr'><strong>propitius</strong></span> <span class='ocrx_word' id='word_1_23' title='bbox 416 521 513 565; x_wconf 84' lang='lat' dir='ltr'><strong>esto</strong></span> <span class='ocrx_word' id='word_1_24' title='bbox 536 509 657 563; x_wconf 79' lang='lat' dir='ltr'><strong>ntilti</strong></span> <span class='ocrx_word' id='word_1_25' title='bbox 685 511 933 576; x_wconf 81' lang='lat' dir='ltr'><strong>peccaturi</strong></span> <span class='ocrx_word' id='word_1_26' title='bbox 955 509 1104 580; x_wconf 87' lang='lat' dir='ltr'><strong>(Luc.</strong></span> <span class='ocrx_word' id='word_1_27' title='bbox 1132 508 1313 577; x_wconf 75' lang='lat' dir='ltr'><strong>svnt);</strong></span> <span class='ocrx_word' id='word_1_28' title='bbox 1343 507 1526 563; x_wconf 51' lang='lat' dir='ltr'><strong>et&#39;ista</strong></span> <span class='ocrx_word' id='word_1_29' title='bbox 1557 520 1684 559; x_wconf 91' lang='lat' dir='ltr'><strong>con-</strong></span> 
     </span>
    </p>
   </div>
   <div class='ocr_carea' id='block_1_6' title="bbox 171 592 1682 670">
    <p class='ocr_par' dir='ltr' id='par_1_6' title="bbox 171 592 1682 670">
     <span class='ocr_line' id='line_1_6' title="bbox 171 592 1682 670; baseline -0.009 -10"><span class='ocrx_word' id='word_1_30' title='bbox 171 606 373 660; x_wconf 76' lang='lat' dir='ltr'><strong>fessione</strong></span> <span class='ocrx_word' id='word_1_31' title='bbox 398 600 582 656; x_wconf 83' lang='lat' dir='ltr'><strong>meruit</strong></span> <span class='ocrx_word' id='word_1_32' title='bbox 601 592 1052 670; x_wconf 75' lang='lat' dir='ltr'><strong>iustiﬁcationem,</strong></span> <span class='ocrx_word' id='word_1_33' title='bbox 1083 600 1350 669; x_wconf 88' lang='lat' dir='ltr'><strong>quomodo</strong></span> <span class='ocrx_word' id='word_1_34' title='bbox 1383 599 1482 652; x_wconf 90' lang='lat' dir='ltr'><strong>iste</strong></span> <span class='ocrx_word' id='word_1_35' title='bbox 1508 610 1682 650; x_wconf 67' lang='lat' dir='ltr'><strong>caecus</strong></span> 
     </span>
    </p>
   </div>
   <div class='ocr_carea' id='block_1_7' title="bbox 169 691 1682 760">
    <p class='ocr_par' dir='ltr' id='par_1_7' title="bbox 169 691 1682 760">
     <span class='ocr_line' id='line_1_7' title="bbox 169 691 1682 760; baseline -0.004 -12"><span class='ocrx_word' id='word_1_36' title='bbox 169 693 588 748; x_wconf 82' lang='lat' dir='ltr'><strong>illuminationem.</strong></span> <span class='ocrx_word' id='word_1_37' title='bbox 636 692 742 745; x_wconf 86' lang='lat' dir='ltr'><strong>Sed</strong></span> <span class='ocrx_word' id='word_1_38' title='bbox 770 692 1132 760; x_wconf 74' lang='lat' dir='ltr'><strong>peccatoribus</strong></span> <span class='ocrx_word' id='word_1_39' title='bbox 1165 691 1444 745; x_wconf 83' lang='lat' dir='ltr'><strong>lavandum</strong></span> <span class='ocrx_word' id='word_1_40' title='bbox 1474 699 1561 744; x_wconf 92' lang='lat' dir='ltr'><strong>est</strong></span> <span class='ocrx_word' id='word_1_41' title='bbox 1586 692 1682 743; x_wconf 79' lang='lat' dir='ltr'><strong>eor</strong></span> 
     </span>
    </p>
   </div>
   <div class='ocr_carea' id='block_1_8' title="bbox 168 781 1682 854">
    <p class='ocr_par' dir='ltr' id='par_1_8' title="bbox 168 781 1682 854">
     <span class='ocr_line' id='line_1_8' title="bbox 168 781 1682 854; baseline -0.005 -13"><span class='ocrx_word' id='word_1_42' title='bbox 168 787 454 854; x_wconf 66' lang='lat' dir='ltr'><strong>pauitantia:</strong></span> <span class='ocrx_word' id='word_1_43' title='bbox 475 781 741 854; x_wconf 84' lang='lat' dir='ltr'><strong>lacrymis,</strong></span> <span class='ocrx_word' id='word_1_44' title='bbox 767 795 824 836; x_wconf 92' lang='lat' dir='ltr'><strong>ut</strong></span> <span class='ocrx_word' id='word_1_45' title='bbox 846 783 1227 848; x_wconf 76' lang='lat' dir='ltr'><strong>exaudiantur;</strong></span> <span class='ocrx_word' id='word_1_46' title='bbox 1257 791 1311 837; x_wconf 90' lang='lat' dir='ltr'><strong>et</strong></span> <span class='ocrx_word' id='word_1_47' title='bbox 1334 783 1421 837; x_wconf 79' lang='lat' dir='ltr'><strong>[let</strong></span> <span class='ocrx_word' id='word_1_48' title='bbox 1443 782 1492 836; x_wconf 91' lang='lat' dir='ltr'><strong>in</strong></span> <span class='ocrx_word' id='word_1_49' title='bbox 1521 781 1682 835; x_wconf 89' lang='lat' dir='ltr'><strong>corde</strong></span> 
     </span>
    </p>
   </div>
   <div class='ocr_carea' id='block_1_9' title="bbox 166 873 1680 944">
    <p class='ocr_par' dir='ltr' id='par_1_9' title="bbox 166 873 1680 944">
     <span class='ocr_line' id='line_1_9' title="bbox 166 873 1680 944; baseline -0.004 -13"><span class='ocrx_word' id='word_1_50' title='bbox 166 878 346 932; x_wconf 83' lang='lat' dir='ltr'><strong>illorum</strong></span> <span class='ocrx_word' id='word_1_51' title='bbox 370 876 504 944; x_wconf 86' lang='lat' dir='ltr'><strong>quod</strong></span> <span class='ocrx_word' id='word_1_52' title='bbox 532 874 728 930; x_wconf 79' lang='lat' dir='ltr'><strong>factum</strong></span> <span class='ocrx_word' id='word_1_53' title='bbox 758 882 840 932; x_wconf 73' lang='lat' dir='ltr'><strong>est</strong></span> <span class='ocrx_word' id='word_1_54' title='bbox 868 876 920 929; x_wconf 91' lang='lat' dir='ltr'><strong>in</strong></span> <span class='ocrx_word' id='word_1_55' title='bbox 952 876 1081 930; x_wconf 82' lang='lat' dir='ltr'><strong>tacte</strong></span> <span class='ocrx_word' id='word_1_56' title='bbox 1109 876 1235 929; x_wconf 67' lang='lat' dir='ltr'><strong>cruci</strong></span> <span class='ocrx_word' id='word_1_57' title='bbox 1264 873 1450 942; x_wconf 82' lang='lat' dir='ltr'><strong>hujus;</strong></span> <span class='ocrx_word' id='word_1_58' title='bbox 1481 880 1534 926; x_wconf 88' lang='lat' dir='ltr'><strong>et</strong></span> <span class='ocrx_word' id='word_1_59' title='bbox 1559 887 1680 926; x_wconf 88' lang='lat' dir='ltr'><strong>sen-</strong></span> 
     </span>
    </p>
   </div>
   <div class='ocr_carea' id='block_1_10' title="bbox 167 962 1678 1033">
    <p class='ocr_par' dir='ltr' id='par_1_10' title="bbox 167 962 1678 1033">
     <span class='ocr_line' id='line_1_10' title="bbox 167 962 1678 1033; baseline -0.003 -13"><span class='ocrx_word' id='word_1_60' title='bbox 167 968 277 1021; x_wconf 86' lang='lat' dir='ltr'><strong>tient</strong></span> <span class='ocrx_word' id='word_1_61' title='bbox 311 963 462 1020; x_wconf 82' lang='lat' dir='ltr'><strong>Deum</strong></span> <span class='ocrx_word' id='word_1_62' title='bbox 490 964 609 1017; x_wconf 81' lang='lat' dir='ltr'><strong>illos</strong></span> <span class='ocrx_word' id='word_1_63' title='bbox 637 963 908 1032; x_wconf 79' lang='lat' dir='ltr'><strong>exaudire,</strong></span> <span class='ocrx_word' id='word_1_64' title='bbox 936 965 1043 1031; x_wconf 91' lang='lat' dir='ltr'><strong>qui,</strong></span> <span class='ocrx_word' id='word_1_65' title='bbox 1091 975 1150 1018; x_wconf 88' lang='lat' dir='ltr'><strong>ut</strong></span> <span class='ocrx_word' id='word_1_66' title='bbox 1178 971 1480 1033; x_wconf 85' lang='lat' dir='ltr'><strong>peccatores</strong></span> <span class='ocrx_word' id='word_1_67' title='bbox 1509 962 1678 1016; x_wconf 84' lang='lat' dir='ltr'><strong>salva-</strong></span> 
     </span>
    </p>
   </div>
   <div class='ocr_carea' id='block_1_11' title="bbox 163 1054 954 1121">
    <p class='ocr_par' dir='ltr' id='par_1_11' title="bbox 163 1054 954 1121">
     <span class='ocr_line' id='line_1_11' title="bbox 163 1054 954 1121; baseline -0.003 -9"><span class='ocrx_word' id='word_1_68' title='bbox 163 1068 252 1121; x_wconf 86' lang='lat' dir='ltr'><strong>rct,</strong></span> <span class='ocrx_word' id='word_1_69' title='bbox 277 1055 405 1109; x_wconf 72' lang='lat' dir='ltr'><strong>Venit</strong></span> <span class='ocrx_word' id='word_1_70' title='bbox 428 1054 480 1108; x_wconf 88' lang='lat' dir='ltr'><strong>in</strong></span> <span class='ocrx_word' id='word_1_71' title='bbox 511 1056 649 1108; x_wconf 89' lang='lat' dir='ltr'><strong>hunc</strong></span> <span class='ocrx_word' id='word_1_72' title='bbox 675 1055 954 1110; x_wconf 80' lang='lat' dir='ltr'><strong>mundum.</strong></span> 
     </span>
    </p>
   </div>
   <div class='ocr_carea' id='block_1_12' title="bbox 223 1145 1674 1218">
    <p class='ocr_par' dir='ltr' id='par_1_12' title="bbox 223 1145 1674 1218">
     <span class='ocr_line' id='line_1_12' title="bbox 223 1145 1674 1218; baseline -0.002 -18"><span class='ocrx_word' id='word_1_73' title='bbox 223 1150 255 1200; x_wconf 79' lang='grc' dir='ltr'><em>Α</em></span> <span class='ocrx_word' id='word_1_74' title='bbox 280 1147 446 1201; x_wconf 69' lang='lat' dir='ltr'><strong>seculo</strong></span> <span class='ocrx_word' id='word_1_75' title='bbox 471 1162 572 1198; x_wconf 82' lang='lat' dir='ltr'><strong>non</strong></span> <span class='ocrx_word' id='word_1_76' title='bbox 599 1157 671 1199; x_wconf 91' lang='lat' dir='ltr'><strong>est</strong></span> <span class='ocrx_word' id='word_1_77' title='bbox 701 1147 928 1200; x_wconf 81' lang='lat' dir='ltr'><strong>auditum</strong></span> <span class='ocrx_word' id='word_1_78' title='bbox 956 1146 1074 1218; x_wconf 89' lang='lat' dir='ltr'><strong>quia</strong></span> <span class='ocrx_word' id='word_1_79' title='bbox 1101 1145 1298 1215; x_wconf 79' lang='lat' dir='ltr'><strong>aperuit</strong></span> <span class='ocrx_word' id='word_1_80' title='bbox 1343 1145 1456 1214; x_wconf 75' lang='lat' dir='ltr'><strong>quis</strong></span> <span class='ocrx_word' id='word_1_81' title='bbox 1503 1145 1674 1198; x_wconf 84' lang='lat' dir='ltr'><strong>oculos</strong></span> 
     </span>
    </p>
   </div>
   <div class='ocr_carea' id='block_1_13' title="bbox 159 1237 1674 1309">
    <p class='ocr_par' dir='ltr' id='par_1_13' title="bbox 159 1237 1674 1309">
     <span class='ocr_line' id='line_1_13' title="bbox 159 1237 1674 1309; baseline -0.001 -17"><span class='ocrx_word' id='word_1_82' title='bbox 159 1242 260 1292; x_wconf 71' lang='lat' dir='ltr'><strong>caci</strong></span> <span class='ocrx_word' id='word_1_83' title='bbox 276 1239 386 1296; x_wconf 76' lang='lat' dir='ltr'><strong>uati.</strong></span> <span class='ocrx_word' id='word_1_84' title='bbox 413 1237 528 1292; x_wconf 79' lang='lat' dir='ltr'><strong>Nisi</strong></span> <span class='ocrx_word' id='word_1_85' title='bbox 553 1252 680 1293; x_wconf 83' lang='lat' dir='ltr'><strong>esset</strong></span> <span class='ocrx_word' id='word_1_86' title='bbox 701 1240 784 1292; x_wconf 73' lang='lat' dir='ltr'><strong>hic</strong></span> <span class='ocrx_word' id='word_1_87' title='bbox 801 1257 834 1292; x_wconf 83' lang='lat' dir='ltr'><strong>a</strong></span> <span class='ocrx_word' id='word_1_88' title='bbox 855 1238 982 1303; x_wconf 88' lang='lat' dir='ltr'><strong>Deo,</strong></span> <span class='ocrx_word' id='word_1_89' title='bbox 1005 1254 1105 1292; x_wconf 83' lang='lat' dir='ltr'><strong>non</strong></span> <span class='ocrx_word' id='word_1_90' title='bbox 1127 1238 1320 1307; x_wconf 75' lang='lat' dir='ltr'><strong>poterat</strong></span> <span class='ocrx_word' id='word_1_91' title='bbox 1341 1240 1510 1309; x_wconf 80' lang='lat' dir='ltr'><strong>facere</strong></span> <span class='ocrx_word' id='word_1_92' title='bbox 1525 1240 1674 1308; x_wconf 87' lang='lat' dir='ltr'><strong>quid-</strong></span> 
     </span>
    </p>
   </div>
   <div class='ocr_carea' id='block_1_14' title="bbox 156 1329 1672 1394">
    <p class='ocr_par' dir='ltr' id='par_1_14' title="bbox 156 1329 1672 1394">
     <span class='ocr_line' id='line_1_14' title="bbox 156 1329 1672 1394; baseline 0 -12"><span class='ocrx_word' id='word_1_93' title='bbox 156 1343 300 1394; x_wconf 76' lang='lat' dir='ltr'><strong>quam.</strong></span> <span class='ocrx_word' id='word_1_94' title='bbox 338 1329 516 1384; x_wconf 72' lang='lat' dir='ltr'><strong>Libero</strong></span> <span class='ocrx_word' id='word_1_95' title='bbox 543 1339 597 1384; x_wconf 90' lang='lat' dir='ltr'><strong>et</strong></span> <span class='ocrx_word' id='word_1_96' title='bbox 625 1339 934 1385; x_wconf 78' lang='lat' dir='ltr'><strong>constanter</strong></span> <span class='ocrx_word' id='word_1_97' title='bbox 960 1329 1234 1384; x_wconf 71' lang='lat' dir='ltr'><strong>confessus</strong></span> <span class='ocrx_word' id='word_1_98' title='bbox 1261 1338 1344 1384; x_wconf 85' lang='lat' dir='ltr'><strong>est</strong></span> <span class='ocrx_word' id='word_1_99' title='bbox 1375 1331 1672 1385; x_wconf 79' lang='lat' dir='ltr'><strong>veritatem.</strong></span> 
     </span>
    </p>
   </div>
   <div class='ocr_carea' id='block_1_15' title="bbox 159 1417 1672 1489">
    <p class='ocr_par' dir='ltr' id='par_1_15' title="bbox 159 1417 1672 1489">
     <span class='ocr_line' id='line_1_15' title="bbox 159 1417 1672 1489; baseline 0.002 -20"><span class='ocrx_word' id='word_1_100' title='bbox 159 1418 266 1471; x_wconf 65' lang='grc' dir='ltr'><strong>ηπ</strong></span> <span class='ocrx_word' id='word_1_101' title='bbox 297 1417 442 1489; x_wconf 86' lang='lat' dir='ltr'><strong>enim,</strong></span> <span class='ocrx_word' id='word_1_102' title='bbox 473 1432 590 1486; x_wconf 68' lang='lat' dir='ltr'><strong>quas</strong></span> <span class='ocrx_word' id='word_1_103' title='bbox 615 1419 751 1471; x_wconf 78' lang='lat' dir='ltr'><strong>facta</strong></span> <span class='ocrx_word' id='word_1_104' title='bbox 780 1423 905 1470; x_wconf 85' lang='lat' dir='ltr'><strong>sunt</strong></span> <span class='ocrx_word' id='word_1_105' title='bbox 930 1431 962 1471; x_wconf 89' lang='lat' dir='ltr'><strong>a</strong></span> <span class='ocrx_word' id='word_1_106' title='bbox 993 1417 1235 1483; x_wconf 84' lang='lat' dir='ltr'><strong>Domino,</strong></span> <span class='ocrx_word' id='word_1_107' title='bbox 1266 1432 1297 1471; x_wconf 84' lang='lat' dir='ltr'><strong>a</strong></span> <span class='ocrx_word' id='word_1_108' title='bbox 1328 1432 1432 1486; x_wconf 88' lang='lat' dir='ltr'><strong>quo</strong></span> <span class='ocrx_word' id='word_1_109' title='bbox 1463 1419 1672 1486; x_wconf 81' lang='lat' dir='ltr'><strong>tierent,</strong></span> 
     </span>
    </p>
   </div>
   <div class='ocr_carea' id='block_1_16' title="bbox 156 1508 1672 1579">
    <p class='ocr_par' dir='ltr' id='par_1_16' title="bbox 156 1508 1672 1579">
     <span class='ocr_line' id='line_1_16' title="bbox 156 1508 1672 1579; baseline 0 -16"><span class='ocrx_word' id='word_1_110' title='bbox 156 1510 294 1579; x_wconf 79' lang='lat' dir='ltr'><strong>nisis</strong></span> <span class='ocrx_word' id='word_1_111' title='bbox 317 1508 563 1562; x_wconf 81' lang='lat' dir='ltr'><strong>Domino?</strong></span> <span class='ocrx_word' id='word_1_112' title='bbox 592 1516 686 1561; x_wconf 88' lang='lat' dir='ltr'><strong>aut</strong></span> <span class='ocrx_word' id='word_1_113' title='bbox 711 1509 925 1578; x_wconf 80' lang='lat' dir='ltr'><strong>quando</strong></span> <span class='ocrx_word' id='word_1_114' title='bbox 954 1520 981 1561; x_wconf 84' lang='lat' dir='ltr'><strong>a</strong></span> <span class='ocrx_word' id='word_1_115' title='bbox 1012 1509 1284 1577; x_wconf 76' lang='lat' dir='ltr'><strong>discipulis</strong></span> <span class='ocrx_word' id='word_1_116' title='bbox 1319 1508 1438 1563; x_wconf 89' lang='lat' dir='ltr'><strong>talia</strong></span> <span class='ocrx_word' id='word_1_117' title='bbox 1464 1508 1672 1575; x_wconf 83' lang='lat' dir='ltr'><strong>ﬁerent,</strong></span> 
     </span>
    </p>
   </div>
   <div class='ocr_carea' id='block_1_17' title="bbox 156 1588 1014 1657">
    <p class='ocr_par' dir='ltr' id='par_1_17' title="bbox 156 1588 1014 1657">
     <span class='ocr_line' id='line_1_17' title="bbox 156 1588 1014 1657; baseline 0.002 -2"><span class='ocrx_word' id='word_1_118' title='bbox 156 1588 244 1656; x_wconf 83' lang='lat' dir='ltr'><strong>nisi</strong></span> <span class='ocrx_word' id='word_1_119' title='bbox 273 1604 318 1656; x_wconf 92' lang='lat' dir='ltr'><strong>in</strong></span> <span class='ocrx_word' id='word_1_120' title='bbox 340 1601 409 1656; x_wconf 88' lang='lat' dir='ltr'><strong>eis</strong></span> <span class='ocrx_word' id='word_1_121' title='bbox 436 1601 689 1654; x_wconf 81' lang='lat' dir='ltr'><strong>Dominus</strong></span> <span class='ocrx_word' id='word_1_122' title='bbox 718 1601 1014 1657; x_wconf 75' lang='lat' dir='ltr'><strong>habitaret?</strong></span> 
     </span>
    </p>
   </div>
   <div class='ocr_carea' id='block_1_18' title="bbox 218 1689 1693 1760">
    <p class='ocr_par' dir='ltr' id='par_1_18' title="bbox 218 1689 1693 1760">
     <span class='ocr_line' id='line_1_18' title="bbox 218 1689 1693 1760; baseline 0 -14"><span class='ocrx_word' id='word_1_123' title='bbox 218 1691 599 1760; x_wconf 70' lang='lat' dir='ltr'><strong>Responderunt,</strong></span> <span class='ocrx_word' id='word_1_124' title='bbox 639 1701 684 1744; x_wconf 83' lang='lat' dir='ltr'><strong>et</strong></span> <span class='ocrx_word' id='word_1_125' title='bbox 724 1693 1005 1746; x_wconf 64' lang='lat' dir='ltr'><strong>dixerunt:</strong></span> <span class='ocrx_word' id='word_1_126' title='bbox 1051 1689 1114 1744; x_wconf 80' lang='lat' dir='ltr'><strong>In</strong></span> <span class='ocrx_word' id='word_1_127' title='bbox 1162 1693 1379 1759; x_wconf 83' lang='lat' dir='ltr'><strong>peccatis</strong></span> <span class='ocrx_word' id='word_1_128' title='bbox 1426 1699 1576 1746; x_wconf 85' lang='lat' dir='ltr'><strong>natus</strong></span> <span class='ocrx_word' id='word_1_129' title='bbox 1619 1694 1693 1746; x_wconf 76' lang='lat' dir='ltr'><strong>es&#39;</strong></span> 
     </span>
    </p>
   </div>
   <div class='ocr_carea' id='block_1_19' title="bbox 153 1783 1667 1852">
    <p class='ocr_par' dir='ltr' id='par_1_19' title="bbox 153 1783 1667 1852">
     <span class='ocr_line' id='line_1_19' title="bbox 153 1783 1667 1852; baseline -0.001 -14"><span class='ocrx_word' id='word_1_130' title='bbox 153 1793 290 1838; x_wconf 82' lang='lat' dir='ltr'><strong>totus.</strong></span> <span class='ocrx_word' id='word_1_131' title='bbox 330 1783 455 1849; x_wconf 85' lang='lat' dir='ltr'><strong>Quid</strong></span> <span class='ocrx_word' id='word_1_132' title='bbox 483 1791 564 1836; x_wconf 73' lang='grc' dir='ltr'><strong>εει</strong></span> <span class='ocrx_word' id='word_1_133' title='bbox 597 1783 784 1837; x_wconf 72' lang='lat' dir='ltr'><strong>totus?</strong></span> <span class='ocrx_word' id='word_1_134' title='bbox 813 1783 945 1838; x_wconf 83' lang='lat' dir='ltr'><strong>Cum</strong></span> <span class='ocrx_word' id='word_1_135' title='bbox 976 1783 1142 1836; x_wconf 86' lang='lat' dir='ltr'><strong>oculis</strong></span> <span class='ocrx_word' id='word_1_136' title='bbox 1175 1783 1369 1837; x_wconf 79' lang='lat' dir='ltr'><strong>clausis</strong></span> <span class='ocrx_word' id='word_1_137' title='bbox 1395 1823 1409 1849; x_wconf 94' lang='lat'><strong>,</strong></span> <span class='ocrx_word' id='word_1_138' title='bbox 1458 1785 1551 1837; x_wconf 86' lang='lat' dir='ltr'><strong>sed</strong></span> <span class='ocrx_word' id='word_1_139' title='bbox 1581 1786 1667 1852; x_wconf 85' lang='lat' dir='ltr'><strong>qui</strong></span> 
     </span>
    </p>
   </div>
   <div class='ocr_carea' id='block_1_20' title="bbox 148 1873 1672 1945">
    <p class='ocr_par' dir='ltr' id='par_1_20' title="bbox 148 1873 1672 1945">
     <span class='ocr_line' id='line_1_20' title="bbox 148 1873 1672 1945; baseline 0.003 -19"><span class='ocrx_word' id='word_1_140' title='bbox 148 1876 332 1942; x_wconf 85' lang='lat' dir='ltr'><strong>aperuit</strong></span> <span class='ocrx_word' id='word_1_141' title='bbox 356 1875 549 1944; x_wconf 85' lang='lat' dir='ltr'><strong>oculos,</strong></span> <span class='ocrx_word' id='word_1_142' title='bbox 579 1873 754 1929; x_wconf 85' lang='lat' dir='ltr'><strong>salvat</strong></span> <span class='ocrx_word' id='word_1_143' title='bbox 791 1883 845 1931; x_wconf 83' lang='lat' dir='ltr'><strong>et</strong></span> <span class='ocrx_word' id='word_1_144' title='bbox 874 1884 1062 1931; x_wconf 90' lang='lat' dir='ltr'><strong>totutn.</strong></span> <span class='ocrx_word' id='word_1_145' title='bbox 1114 1877 1231 1945; x_wconf 87' lang='lat' dir='ltr'><strong>Ipse</strong></span> <span class='ocrx_word' id='word_1_146' title='bbox 1261 1875 1404 1930; x_wconf 87' lang='lat' dir='ltr'><strong>dabit</strong></span> <span class='ocrx_word' id='word_1_147' title='bbox 1435 1877 1486 1930; x_wconf 95' lang='lat' dir='ltr'><strong>in</strong></span> <span class='ocrx_word' id='word_1_148' title='bbox 1513 1877 1672 1931; x_wconf 88' lang='lat' dir='ltr'><strong>corde</strong></span> 
     </span>
    </p>
   </div>
   <div class='ocr_carea' id='block_1_21' title="bbox 151 1959 1670 2035">
    <p class='ocr_par' dir='ltr' id='par_1_21' title="bbox 151 1959 1670 2035">
     <span class='ocr_line' id='line_1_21' title="bbox 151 1959 1670 2035; baseline -0.001 -15"><span class='ocrx_word' id='word_1_149' title='bbox 151 1964 575 2027; x_wconf 83' lang='lat' dir='ltr'><strong>resurrectionem,</strong></span> <span class='ocrx_word' id='word_1_150' title='bbox 607 1967 698 2035; x_wconf 87' lang='lat' dir='ltr'><strong>qui</strong></span> <span class='ocrx_word' id='word_1_151' title='bbox 729 1967 782 2019; x_wconf 91' lang='lat' dir='ltr'><strong>in</strong></span> <span class='ocrx_word' id='word_1_152' title='bbox 815 1966 947 2020; x_wconf 76' lang='lat' dir='ltr'><strong>facie</strong></span> <span class='ocrx_word' id='word_1_153' title='bbox 974 1965 1065 2020; x_wconf 89' lang='lat' dir='ltr'><strong>dat</strong></span> <span class='ocrx_word' id='word_1_154' title='bbox 1089 1959 1561 2021; x_wconf 34' lang='lat' dir='ltr'><strong>&#39;il‘luminatio’nem.</strong></span> <span class='ocrx_word' id='word_1_155' title='bbox 1604 1967 1670 2019; x_wconf 90' lang='lat' dir='ltr'><strong>In</strong></span> 
     </span>
    </p>
   </div>
   <div class='ocr_carea' id='block_1_22' title="bbox 149 2060 756 2125">
    <p class='ocr_par' dir='ltr' id='par_1_22' title="bbox 149 2060 756 2125">
     <span class='ocr_line' id='line_1_22' title="bbox 149 2060 756 2125; baseline 0.003 -15"><span class='ocrx_word' id='word_1_156' title='bbox 149 2060 340 2125; x_wconf 76' lang='lat' dir='ltr'><strong>peccatis</strong></span> <span class='ocrx_word' id='word_1_157' title='bbox 363 2068 485 2112; x_wconf 83' lang='lat' dir='ltr'><strong>totus</strong></span> <span class='ocrx_word' id='word_1_158' title='bbox 509 2068 655 2111; x_wconf 78' lang='lat' dir='ltr'><strong>natus</strong></span> <span class='ocrx_word' id='word_1_159' title='bbox 683 2074 756 2112; x_wconf 87' lang='lat' dir='ltr'><strong>es.</strong></span> 
     </span>
    </p>
   </div>
   <div class='ocr_carea' id='block_1_23' title="bbox 210 2145 1666 2220">
    <p class='ocr_par' dir='ltr' id='par_1_23' title="bbox 210 2145 1666 2220">
     <span class='ocr_line' id='line_1_23' title="bbox 210 2145 1666 2220; baseline 0.001 -21"><span class='ocrx_word' id='word_1_160' title='bbox 210 2145 267 2199; x_wconf 80' lang='lat' dir='ltr'><strong>Et</strong></span> <span class='ocrx_word' id='word_1_161' title='bbox 295 2159 342 2201; x_wconf 81' lang='lat' dir='ltr'><strong>tu</strong></span> <span class='ocrx_word' id='word_1_162' title='bbox 364 2149 498 2202; x_wconf 84' lang='lat' dir='ltr'><strong>doces</strong></span> <span class='ocrx_word' id='word_1_163' title='bbox 527 2151 658 2204; x_wconf 83' lang='lat' dir='ltr'><strong>nos?</strong></span> <span class='ocrx_word' id='word_1_164' title='bbox 685 2147 756 2202; x_wconf 83' lang='lat' dir='ltr'><strong>Et</strong></span> <span class='ocrx_word' id='word_1_165' title='bbox 785 2150 1034 2220; x_wconf 79' lang='lat' dir='ltr'><strong>ejecerunt</strong></span> <span class='ocrx_word' id='word_1_166' title='bbox 1060 2164 1173 2203; x_wconf 88' lang='lat' dir='ltr'><strong>eum</strong></span> <span class='ocrx_word' id='word_1_167' title='bbox 1201 2152 1360 2218; x_wconf 77' lang='lat' dir='ltr'><strong>foras.</strong></span> <span class='ocrx_word' id='word_1_168' title='bbox 1391 2148 1492 2217; x_wconf 80' lang='lat' dir='ltr'><strong>Ipsi</strong></span> <span class='ocrx_word' id='word_1_169' title='bbox 1523 2149 1666 2204; x_wconf 86' lang='lat' dir='ltr'><strong>illum</strong></span> 
     </span>
    </p>
   </div>
   <div class='ocr_carea' id='block_1_24' title="bbox 149 2239 1668 2310">
    <p class='ocr_par' dir='ltr' id='par_1_24' title="bbox 149 2239 1668 2310">
     <span class='ocr_line' id='line_1_24' title="bbox 149 2239 1668 2310; baseline 0.001 -17"><span class='ocrx_word' id='word_1_170' title='bbox 149 2241 424 2309; x_wconf 78' lang='lat' dir='ltr'><strong>magistrum</strong></span> <span class='ocrx_word' id='word_1_171' title='bbox 454 2239 721 2307; x_wconf 71' lang='lat' dir='ltr'><strong>iecerant;</strong></span> <span class='ocrx_word' id='word_1_172' title='bbox 761 2241 886 2310; x_wconf 86' lang='lat' dir='ltr'><strong>ipsi,</strong></span> <span class='ocrx_word' id='word_1_173' title='bbox 917 2251 972 2294; x_wconf 90' lang='lat' dir='ltr'><strong>ut</strong></span> <span class='ocrx_word' id='word_1_174' title='bbox 998 2240 1283 2304; x_wconf 83' lang='lat' dir='ltr'><strong>discerent,</strong></span> <span class='ocrx_word' id='word_1_175' title='bbox 1318 2240 1472 2294; x_wconf 81' lang='lat' dir='ltr'><strong>toties</strong></span> <span class='ocrx_word' id='word_1_176' title='bbox 1503 2241 1668 2294; x_wconf 90' lang='lat' dir='ltr'><strong>inter-</strong></span> 
     </span>
    </p>
   </div>
   <div class='ocr_carea' id='block_1_25' title="bbox 147 2331 1663 2402">
    <p class='ocr_par' dir='ltr' id='par_1_25' title="bbox 147 2331 1663 2402">
     <span class='ocr_line' id='line_1_25' title="bbox 147 2331 1663 2402; baseline -0.001 -20"><span class='ocrx_word' id='word_1_177' title='bbox 147 2341 567 2399; x_wconf 83' lang='lat' dir='ltr'><strong>rogaverunt,-et</strong></span> <span class='ocrx_word' id='word_1_178' title='bbox 613 2331 925 2402; x_wconf 76' lang='lat' dir='ltr'><strong>interrogati</strong></span> <span class='ocrx_word' id='word_1_179' title='bbox 975 2331 1251 2385; x_wconf 88' lang='lat' dir='ltr'><strong>docentem</strong></span> <span class='ocrx_word' id='word_1_180' title='bbox 1304 2331 1663 2398; x_wconf 72' lang='lat' dir='ltr'><strong>proiecerunt.</strong></span> 
     </span>
    </p>
   </div>
   <div class='ocr_carea' id='block_1_26' title="bbox 149 2421 1667 2492">
    <p class='ocr_par' dir='ltr' id='par_1_26' title="bbox 149 2421 1667 2492">
     <span class='ocr_line' id='line_1_26' title="bbox 149 2421 1667 2492; baseline -0.001 -16"><span class='ocrx_word' id='word_1_181' title='bbox 149 2423 240 2476; x_wconf 81' lang='lat' dir='ltr'><strong>Sed</strong></span> <span class='ocrx_word' id='word_1_182' title='bbox 271 2422 383 2492; x_wconf 89' lang='lat' dir='ltr'><strong>quid</strong></span> <span class='ocrx_word' id='word_1_183' title='bbox 410 2423 512 2476; x_wconf 79' lang='lat' dir='ltr'><strong>dixi</strong></span> <span class='ocrx_word' id='word_1_184' title='bbox 535 2423 867 2490; x_wconf 85' lang='lat' dir='ltr'><strong>jamdudum,</strong></span> <span class='ocrx_word' id='word_1_185' title='bbox 893 2422 1103 2476; x_wconf 82' lang='lat' dir='ltr'><strong>fratres.</strong></span> <span class='ocrx_word' id='word_1_186' title='bbox 1140 2422 1215 2475; x_wconf 90' lang='lat' dir='ltr'><strong>Illi</strong></span> <span class='ocrx_word' id='word_1_187' title='bbox 1241 2422 1460 2487; x_wconf 88' lang='lat' dir='ltr'><strong>pellunt,</strong></span> <span class='ocrx_word' id='word_1_188' title='bbox 1489 2421 1667 2475; x_wconf 85' lang='lat' dir='ltr'><strong>Domi-</strong></span> 
     </span>
    </p>
   </div>
   <div class='ocr_carea' id='block_1_27' title="bbox 147 2511 1667 2584">
    <p class='ocr_par' dir='ltr' id='par_1_27' title="bbox 147 2511 1667 2584">
     <span class='ocr_line' id='line_1_27' title="bbox 147 2511 1667 2584; baseline -0.001 -16"><span class='ocrx_word' id='word_1_189' title='bbox 147 2529 230 2569; x_wconf 85' lang='lat' dir='ltr'><strong>nus</strong></span> <span class='ocrx_word' id='word_1_190' title='bbox 249 2515 480 2582; x_wconf 83' lang='lat' dir='ltr'><strong>suscipit;</strong></span> <span class='ocrx_word' id='word_1_191' title='bbox 507 2515 674 2584; x_wconf 88' lang='lat' dir='ltr'><strong>magis</strong></span> <span class='ocrx_word' id='word_1_192' title='bbox 700 2515 840 2568; x_wconf 91' lang='lat' dir='ltr'><strong>enim</strong></span> <span class='ocrx_word' id='word_1_193' title='bbox 863 2514 987 2583; x_wconf 87' lang='lat' dir='ltr'><strong>quia</strong></span> <span class='ocrx_word' id='word_1_194' title='bbox 1011 2513 1262 2581; x_wconf 83' lang='lat' dir='ltr'><strong>expulsus</strong></span> <span class='ocrx_word' id='word_1_195' title='bbox 1287 2520 1385 2575; x_wconf 91' lang='lat' dir='ltr'><strong>est,</strong></span> <span class='ocrx_word' id='word_1_196' title='bbox 1408 2511 1667 2566; x_wconf 87' lang='lat' dir='ltr'><strong>Christia-</strong></span> 
     </span>
    </p>
   </div>
   <div class='ocr_carea' id='block_1_28' title="bbox 147 2604 1660 2674">
    <p class='ocr_par' dir='ltr' id='par_1_28' title="bbox 147 2604 1660 2674">
     <span class='ocr_line' id='line_1_28' title="bbox 147 2604 1660 2674; baseline -0.003 -13"><span class='ocrx_word' id='word_1_197' title='bbox 147 2623 234 2661; x_wconf 88' lang='lat' dir='ltr'><strong>nus</strong></span> <span class='ocrx_word' id='word_1_198' title='bbox 260 2608 411 2661; x_wconf 84' lang='lat' dir='ltr'><strong>tactus</strong></span> <span class='ocrx_word' id='word_1_199' title='bbox 438 2615 537 2662; x_wconf 86' lang='lat' dir='ltr'><strong>est.</strong></span> <span class='ocrx_word' id='word_1_200' title='bbox 569 2610 728 2662; x_wconf 77' lang='lat' dir='ltr'><strong>Certe</strong></span> <span class='ocrx_word' id='word_1_201' title='bbox 757 2605 1018 2674; x_wconf 75' lang='lat' dir='ltr'><strong>proiectus</strong></span> <span class='ocrx_word' id='word_1_202' title='bbox 1044 2615 1124 2659; x_wconf 90' lang='lat' dir='ltr'><strong>est</strong></span> <span class='ocrx_word' id='word_1_203' title='bbox 1151 2605 1249 2659; x_wconf 88' lang='lat' dir='ltr'><strong>iste</strong></span> <span class='ocrx_word' id='word_1_204' title='bbox 1277 2604 1343 2658; x_wconf 89' lang='lat' dir='ltr'><strong>de</strong></span> <span class='ocrx_word' id='word_1_205' title='bbox 1372 2617 1660 2674; x_wconf 76' lang='lat' dir='ltr'><strong>synagoga.</strong></span> 
     </span>
    </p>
   </div>
   <div class='ocr_carea' id='block_1_29' title="bbox 204 2690 1664 2759">
    <p class='ocr_par' dir='ltr' id='par_1_29' title="bbox 204 2690 1664 2759">
     <span class='ocr_line' id='line_1_29' title="bbox 204 2690 1664 2759; baseline -0.001 -13"><span class='ocrx_word' id='word_1_206' title='bbox 204 2693 382 2747; x_wconf 75' lang='lat' dir='ltr'><strong>Audiuit</strong></span> <span class='ocrx_word' id='word_1_207' title='bbox 409 2692 570 2758; x_wconf 75' lang='lat' dir='ltr'><strong>Iesus,</strong></span> <span class='ocrx_word' id='word_1_208' title='bbox 597 2704 642 2747; x_wconf 86' lang='lat' dir='ltr'><strong>et</strong></span> <span class='ocrx_word' id='word_1_209' title='bbox 667 2695 798 2747; x_wconf 81' lang='lat' dir='ltr'><strong>uenit</strong></span> <span class='ocrx_word' id='word_1_210' title='bbox 823 2694 890 2746; x_wconf 86' lang='lat' dir='ltr'><strong>ad</strong></span> <span class='ocrx_word' id='word_1_211' title='bbox 917 2709 1048 2759; x_wconf 77' lang='lat' dir='ltr'><strong>cum,</strong></span> <span class='ocrx_word' id='word_1_212' title='bbox 1081 2702 1126 2745; x_wconf 86' lang='lat' dir='ltr'><strong>et</strong></span> <span class='ocrx_word' id='word_1_213' title='bbox 1151 2693 1278 2745; x_wconf 73' lang='lat' dir='ltr'><strong>dixit</strong></span> <span class='ocrx_word' id='word_1_214' title='bbox 1302 2693 1379 2746; x_wconf 89' lang='lat' dir='ltr'><strong>ei:</strong></span> <span class='ocrx_word' id='word_1_215' title='bbox 1405 2690 1482 2744; x_wconf 84' lang='lat' dir='ltr'><strong>Tu</strong></span> <span class='ocrx_word' id='word_1_216' title='bbox 1501 2692 1664 2745; x_wconf 87' lang='lat' dir='ltr'><strong>credis</strong></span> 
     </span>
    </p>
   </div>
   <div class='ocr_carea' id='block_1_30' title="bbox 143 2781 1663 2850">
    <p class='ocr_par' dir='ltr' id='par_1_30' title="bbox 143 2781 1663 2850">
     <span class='ocr_line' id='line_1_30' title="bbox 143 2781 1663 2850; baseline 0 -14"><span class='ocrx_word' id='word_1_217' title='bbox 143 2786 190 2836; x_wconf 79' lang='lat' dir='ltr'><strong>in</strong></span> <span class='ocrx_word' id='word_1_218' title='bbox 219 2783 388 2837; x_wconf 80' lang='lat' dir='ltr'><strong>Filium</strong></span> <span class='ocrx_word' id='word_1_219' title='bbox 417 2783 505 2838; x_wconf 86' lang='lat' dir='ltr'><strong>Dei</strong></span> <span class='ocrx_word' id='word_1_220' title='bbox 526 2784 551 2835; x_wconf 79' lang='lat'><strong><em>?</em></strong></span> <span class='ocrx_word' id='word_1_221' title='bbox 584 2783 652 2837; x_wconf 85' lang='lat' dir='ltr'><strong>Et</strong></span> <span class='ocrx_word' id='word_1_222' title='bbox 678 2784 805 2837; x_wconf 87' lang='lat' dir='ltr'><strong>ille:</strong></span> <span class='ocrx_word' id='word_1_223' title='bbox 845 2783 968 2849; x_wconf 84' lang='lat' dir='ltr'><strong>Quis</strong></span> <span class='ocrx_word' id='word_1_224' title='bbox 998 2797 1072 2850; x_wconf 86' lang='lat' dir='ltr'><strong>es,</strong></span> <span class='ocrx_word' id='word_1_225' title='bbox 1104 2781 1345 2844; x_wconf 83' lang='lat' dir='ltr'><strong>Domine,</strong></span> <span class='ocrx_word' id='word_1_226' title='bbox 1379 2793 1433 2837; x_wconf 85' lang='lat' dir='ltr'><strong>ut</strong></span> <span class='ocrx_word' id='word_1_227' title='bbox 1462 2785 1663 2836; x_wconf 81' lang='lat' dir='ltr'><strong>credam</strong></span> 
     </span>
    </p>
   </div>
   <div class='ocr_carea' id='block_1_31' title="bbox 146 2865 1661 2943">
    <p class='ocr_par' dir='ltr' id='par_1_31' title="bbox 146 2865 1661 2943">
     <span class='ocr_line' id='line_1_31' title="bbox 146 2865 1661 2943; baseline 0.002 -16"><span class='ocrx_word' id='word_1_228' title='bbox 146 2879 352 2930; x_wconf 76' lang='lat' dir='ltr'><strong>incum?</strong></span> <span class='ocrx_word' id='word_1_229' title='bbox 400 2878 620 2932; x_wconf 77' lang='lat' dir='ltr'><strong>Videbat</strong></span> <span class='ocrx_word' id='word_1_230' title='bbox 661 2875 867 2943; x_wconf 82' lang='lat' dir='ltr'><strong>autem,</strong></span> <span class='ocrx_word' id='word_1_231' title='bbox 920 2865 974 2931; x_wconf 82' lang='lat' dir='ltr'><strong>et</strong></span> <span class='ocrx_word' id='word_1_232' title='bbox 1017 2889 1121 2931; x_wconf 92' lang='lat' dir='ltr'><strong>non</strong></span> <span class='ocrx_word' id='word_1_233' title='bbox 1151 2877 1379 2931; x_wconf 82' lang='lat' dir='ltr'><strong>videbat.</strong></span> <span class='ocrx_word' id='word_1_234' title='bbox 1440 2876 1661 2930; x_wconf 80' lang='lat' dir='ltr'><strong>Videbat</strong></span> 
     </span>
    </p>
   </div>
   <div class='ocr_carea' id='block_1_32' title="bbox 143 2965 1656 3032">
    <p class='ocr_par' dir='ltr' id='par_1_32' title="bbox 143 2965 1656 3032">
     <span class='ocr_line' id='line_1_32' title="bbox 143 2965 1656 3032; baseline 0.001 -13"><span class='ocrx_word' id='word_1_235' title='bbox 143 2967 286 3021; x_wconf 80' lang='lat' dir='ltr'><strong>oculis</strong></span> <span class='ocrx_word' id='word_1_236' title='bbox 312 2975 521 3032; x_wconf 81' lang='lat' dir='ltr'><strong>tantum,</strong></span> <span class='ocrx_word' id='word_1_237' title='bbox 553 2966 645 3021; x_wconf 91' lang='lat' dir='ltr'><strong>sed</strong></span> <span class='ocrx_word' id='word_1_238' title='bbox 673 2966 835 3022; x_wconf 87' lang='lat' dir='ltr'><strong>corde</strong></span> <span class='ocrx_word' id='word_1_239' title='bbox 862 2965 1035 3020; x_wconf 89' lang='lat' dir='ltr'><strong>adhuc</strong></span> <span class='ocrx_word' id='word_1_240' title='bbox 1061 2981 1166 3021; x_wconf 92' lang='lat' dir='ltr'><strong>non</strong></span> <span class='ocrx_word' id='word_1_241' title='bbox 1193 2966 1423 3021; x_wconf 83' lang='lat' dir='ltr'><strong>videbat.</strong></span> <span class='ocrx_word' id='word_1_242' title='bbox 1468 2967 1554 3020; x_wconf 78' lang='lat' dir='ltr'><strong>Ait</strong></span> <span class='ocrx_word' id='word_1_243' title='bbox 1584 2966 1656 3020; x_wconf 88' lang='lat' dir='ltr'><strong>illi</strong></span> 
     </span>
    </p>
   </div>
   <div class='ocr_carea' id='block_1_33' title="bbox 144 3057 1734 3144">
    <p class='ocr_par' dir='ltr' id='par_1_33' title="bbox 144 3057 1734 3144">
     <span class='ocr_line' id='line_1_33' title="bbox 144 3057 1734 3144; baseline 0 -35"><span class='ocrx_word' id='word_1_244' title='bbox 144 3058 396 3114; x_wconf 84' lang='lat' dir='ltr'><strong>Dominus:</strong></span> <span class='ocrx_word' id='word_1_245' title='bbox 434 3057 496 3111; x_wconf 85' lang='lat' dir='ltr'><strong>Et</strong></span> <span class='ocrx_word' id='word_1_246' title='bbox 533 3059 672 3111; x_wconf 78' lang='lat' dir='ltr'><strong>rides</strong></span> <span class='ocrx_word' id='word_1_247' title='bbox 700 3074 832 3123; x_wconf 84' lang='lat' dir='ltr'><strong>eum,</strong></span> <span class='ocrx_word' id='word_1_248' title='bbox 877 3058 975 3111; x_wconf 88' lang='lat' dir='ltr'><strong>hoc</strong></span> <span class='ocrx_word' id='word_1_249' title='bbox 1007 3069 1108 3122; x_wconf 86' lang='lat' dir='ltr'><strong>est,</strong></span> <span class='ocrx_word' id='word_1_250' title='bbox 1137 3058 1342 3112; x_wconf 87' lang='lat' dir='ltr'><strong>oculis:</strong></span> <span class='ocrx_word' id='word_1_251' title='bbox 1378 3067 1423 3111; x_wconf 84' lang='lat' dir='ltr'><strong>et</strong></span> <span class='ocrx_word' id='word_1_252' title='bbox 1462 3058 1547 3126; x_wconf 87' lang='lat' dir='ltr'><strong>qui</strong></span> <span class='ocrx_word' id='word_1_253' title='bbox 1576 3059 1655 3110; x_wconf 90' lang='lat' dir='ltr'><strong>lo-</strong></span> <span class='ocrx_word' id='word_1_254' title='bbox 1686 3079 1734 3144; x_wconf 66' lang='grc' dir='ltr'>ο</span> 
     </span>
    </p>
   </div>
   <div class='ocr_carea' id='block_1_34' title="bbox 147 3148 1656 3220">
    <p class='ocr_par' dir='ltr' id='par_1_34' title="bbox 147 3148 1656 3220">
     <span class='ocr_line' id='line_1_34' title="bbox 147 3148 1656 3220; baseline 0.003 -21"><span class='ocrx_word' id='word_1_255' title='bbox 147 3151 284 3200; x_wconf 64' lang='lat' dir='ltr'><strong>ruitur</strong></span> <span class='ocrx_word' id='word_1_256' title='bbox 306 3161 470 3213; x_wconf 80' lang='lat' dir='ltr'><strong>tecum,</strong></span> <span class='ocrx_word' id='word_1_257' title='bbox 503 3152 611 3220; x_wconf 81' lang='lat' dir='ltr'><strong>ipse</strong></span> <span class='ocrx_word' id='word_1_258' title='bbox 637 3160 728 3205; x_wconf 87' lang='lat' dir='ltr'><strong>est.</strong></span> <span class='ocrx_word' id='word_1_259' title='bbox 782 3150 996 3204; x_wconf 78' lang='lat' dir='ltr'><strong>Audivit</strong></span> <span class='ocrx_word' id='word_1_260' title='bbox 1022 3165 1148 3219; x_wconf 83' lang='lat' dir='ltr'><strong>ergo</strong></span> <span class='ocrx_word' id='word_1_261' title='bbox 1177 3149 1351 3213; x_wconf 82' lang='lat' dir='ltr'><strong>Jesu&#39;s,</strong></span> <span class='ocrx_word' id='word_1_262' title='bbox 1392 3150 1517 3218; x_wconf 88' lang='lat' dir='ltr'><strong>quia</strong></span> <span class='ocrx_word' id='word_1_263' title='bbox 1547 3148 1656 3217; x_wconf 70' lang='lat' dir='ltr'><strong>cie-</strong></span> 
     </span>
    </p>
   </div>
   <div class='ocr_carea' id='block_1_35' title="bbox 171 3224 1654 3303">
    <p class='ocr_par' dir='ltr' id='par_1_35' title="bbox 171 3224 1654 3303">
     <span class='ocr_line' id='line_1_35' title="bbox 171 3224 1654 3303; baseline -0.001 -12"><span class='ocrx_word' id='word_1_264' title='bbox 171 3246 301 3291; x_wconf 86' lang='lat' dir='ltr'><strong>erunt</strong></span> <span class='ocrx_word' id='word_1_265' title='bbox 325 3252 435 3292; x_wconf 87' lang='lat' dir='ltr'><strong>eum</strong></span> <span class='ocrx_word' id='word_1_266' title='bbox 466 3239 630 3303; x_wconf 77' lang='lat' dir='ltr'><strong>foras,</strong></span> <span class='ocrx_word' id='word_1_267' title='bbox 665 3248 719 3292; x_wconf 88' lang='lat' dir='ltr'><strong>et</strong></span> <span class='ocrx_word' id='word_1_268' title='bbox 750 3224 873 3292; x_wconf 51' lang='lat' dir='ltr'><strong>c‘um</strong></span> <span class='ocrx_word' id='word_1_269' title='bbox 903 3240 1187 3293; x_wconf 80' lang='lat' dir='ltr'><strong>invenisset</strong></span> <span class='ocrx_word' id='word_1_270' title='bbox 1215 3254 1333 3292; x_wconf 88' lang='lat' dir='ltr'><strong>cum</strong></span> <span class='ocrx_word' id='word_1_271' title='bbox 1354 3278 1369 3303; x_wconf 90' lang='lat'><strong>,</strong></span> <span class='ocrx_word' id='word_1_272' title='bbox 1407 3238 1540 3292; x_wconf 79' lang='lat' dir='ltr'><strong>dixit</strong></span> <span class='ocrx_word' id='word_1_273' title='bbox 1569 3239 1614 3291; x_wconf 77' lang='lat' dir='ltr'><strong>ei</strong></span> <span class='ocrx_word' id='word_1_274' title='bbox 1643 3257 1654 3290; x_wconf 87' lang='lat'><strong>:</strong></span> 
     </span>
    </p>
   </div>
   <div class='ocr_carea' id='block_1_36' title="bbox 147 3328 1657 3404">
    <p class='ocr_par' dir='ltr' id='par_1_36' title="bbox 147 3328 1657 3404">
     <span class='ocr_line' id='line_1_36' title="bbox 147 3328 1657 3404; baseline 0 -24"><span class='ocrx_word' id='word_1_275' title='bbox 147 3328 206 3381; x_wconf 72' lang='grc' dir='ltr'>[ι</span> <span class='ocrx_word' id='word_1_276' title='bbox 232 3329 376 3382; x_wconf 82' lang='lat' dir='ltr'><strong>credis</strong></span> <span class='ocrx_word' id='word_1_277' title='bbox 401 3330 452 3381; x_wconf 88' lang='lat' dir='ltr'><strong>in</strong></span> <span class='ocrx_word' id='word_1_278' title='bbox 479 3329 674 3382; x_wconf 80' lang='lat' dir='ltr'><strong>Filium</strong></span> <span class='ocrx_word' id='word_1_279' title='bbox 703 3328 842 3383; x_wconf 81' lang='lat' dir='ltr'><strong>Dei?</strong></span> <span class='ocrx_word' id='word_1_280' title='bbox 889 3329 1044 3384; x_wconf 75' lang='lat' dir='ltr'><strong>Modo</strong></span> <span class='ocrx_word' id='word_1_281' title='bbox 1073 3331 1210 3384; x_wconf 87' lang='lat' dir='ltr'><strong>lavat</strong></span> <span class='ocrx_word' id='word_1_282' title='bbox 1239 3328 1424 3382; x_wconf 82' lang='lat' dir='ltr'><strong>faciem</strong></span> <span class='ocrx_word' id='word_1_283' title='bbox 1457 3329 1657 3404; x_wconf 74' lang='lat' dir='ltr'><strong>cordis.</strong></span> 
     </span>
    </p>
   </div>
   <div class='ocr_carea' id='block_1_37' title="bbox 148 3418 1660 3488">
    <p class='ocr_par' dir='ltr' id='par_1_37' title="bbox 148 3418 1660 3488">
     <span class='ocr_line' id='line_1_37' title="bbox 148 3418 1660 3488; baseline 0.001 -20"><span class='ocrx_word' id='word_1_284' title='bbox 148 3419 380 3485; x_wconf 70' lang='lat' dir='ltr'><strong>Respondit</strong></span> <span class='ocrx_word' id='word_1_285' title='bbox 405 3419 511 3485; x_wconf 89' lang='lat' dir='ltr'><strong>ille,</strong></span> <span class='ocrx_word' id='word_1_286' title='bbox 555 3429 602 3473; x_wconf 86' lang='lat' dir='ltr'><strong>et</strong></span> <span class='ocrx_word' id='word_1_287' title='bbox 631 3419 799 3474; x_wconf 68' lang='lat' dir='ltr'><strong>dixit:</strong></span> <span class='ocrx_word' id='word_1_288' title='bbox 832 3419 956 3484; x_wconf 80' lang='lat' dir='ltr'><strong>Quis</strong></span> <span class='ocrx_word' id='word_1_289' title='bbox 983 3433 1037 3474; x_wconf 86' lang='lat' dir='ltr'><strong>es</strong></span> <span class='ocrx_word' id='word_1_290' title='bbox 1055 3460 1072 3488; x_wconf 92' lang='lat'><strong>,</strong></span> <span class='ocrx_word' id='word_1_291' title='bbox 1101 3418 1343 3486; x_wconf 78' lang='lat' dir='ltr'><strong>Domine,</strong></span> <span class='ocrx_word' id='word_1_292' title='bbox 1375 3429 1430 3472; x_wconf 88' lang='lat' dir='ltr'><strong>ut</strong></span> <span class='ocrx_word' id='word_1_293' title='bbox 1460 3419 1660 3471; x_wconf 83' lang='lat' dir='ltr'><strong>credant</strong></span> 
     </span>
    </p>
   </div>
   <div class='ocr_carea' id='block_1_38' title="bbox 140 3511 345 3563">
    <p class='ocr_par' dir='ltr' id='par_1_38' title="bbox 140 3511 345 3563">
     <span class='ocr_line' id='line_1_38' title="bbox 140 3511 345 3563; baseline 0.005 -1"><span class='ocrx_word' id='word_1_294' title='bbox 140 3511 183 3562; x_wconf 83' lang='lat' dir='ltr'><strong>in</strong></span> <span class='ocrx_word' id='word_1_295' title='bbox 207 3512 345 3563; x_wconf 80' lang='lat' dir='ltr'><strong>eum?</strong></span> 
     </span>
    </p>
   </div>
   <div class='ocr_carea' id='block_1_39' title="bbox 199 3596 1662 3668">
    <p class='ocr_par' dir='ltr' id='par_1_39' title="bbox 199 3596 1662 3668">
     <span class='ocr_line' id='line_1_39' title="bbox 199 3596 1662 3668; baseline -0.001 -17"><span class='ocrx_word' id='word_1_296' title='bbox 199 3596 255 3651; x_wconf 74' lang='lat' dir='ltr'><strong>Et</strong></span> <span class='ocrx_word' id='word_1_297' title='bbox 279 3599 394 3652; x_wconf 68' lang='lat' dir='ltr'><strong>dixit</strong></span> <span class='ocrx_word' id='word_1_298' title='bbox 429 3599 472 3652; x_wconf 88' lang='lat' dir='ltr'><strong>ei</strong></span> <span class='ocrx_word' id='word_1_299' title='bbox 499 3596 691 3652; x_wconf 82' lang='lat' dir='ltr'><strong>Jesus:</strong></span> <span class='ocrx_word' id='word_1_300' title='bbox 739 3597 806 3651; x_wconf 83' lang='lat' dir='ltr'><strong>Et</strong></span> <span class='ocrx_word' id='word_1_301' title='bbox 836 3597 1004 3652; x_wconf 82' lang='lat' dir='ltr'><strong>uidisti</strong></span> <span class='ocrx_word' id='word_1_302' title='bbox 1039 3613 1194 3663; x_wconf 80' lang='lat' dir='ltr'><strong>eum;</strong></span> <span class='ocrx_word' id='word_1_303' title='bbox 1231 3608 1279 3651; x_wconf 88' lang='lat' dir='ltr'><strong>et</strong></span> <span class='ocrx_word' id='word_1_304' title='bbox 1315 3599 1402 3663; x_wconf 88' lang='lat' dir='ltr'><strong>qui</strong></span> <span class='ocrx_word' id='word_1_305' title='bbox 1437 3598 1662 3668; x_wconf 83' lang='lat' dir='ltr'><strong>loquitur</strong></span> 
     </span>
    </p>
   </div>
   <div class='ocr_carea' id='block_1_40' title="bbox 142 3688 1660 3758">
    <p class='ocr_par' dir='ltr' id='par_1_40' title="bbox 142 3688 1660 3758">
     <span class='ocr_line' id='line_1_40' title="bbox 142 3688 1660 3758; baseline 0.003 -19"><span class='ocrx_word' id='word_1_306' title='bbox 142 3698 302 3754; x_wconf 80' lang='lat' dir='ltr'><strong>tecum,</strong></span> <span class='ocrx_word' id='word_1_307' title='bbox 329 3691 429 3756; x_wconf 80' lang='lat' dir='ltr'><strong>ipse</strong></span> <span class='ocrx_word' id='word_1_308' title='bbox 457 3701 554 3746; x_wconf 85' lang='lat' dir='ltr'><strong>est.</strong></span> <span class='ocrx_word' id='word_1_309' title='bbox 593 3688 737 3743; x_wconf 82' lang='lat' dir='ltr'><strong>Tunc</strong></span> <span class='ocrx_word' id='word_1_310' title='bbox 765 3699 1041 3758; x_wconf 83' lang='lat' dir='ltr'><strong>prostratus</strong></span> <span class='ocrx_word' id='word_1_311' title='bbox 1068 3689 1299 3742; x_wconf 83' lang='lat' dir='ltr'><strong>adoravit</strong></span> <span class='ocrx_word' id='word_1_312' title='bbox 1324 3703 1463 3741; x_wconf 88' lang='lat' dir='ltr'><strong>eum.</strong></span> <span class='ocrx_word' id='word_1_313' title='bbox 1513 3688 1660 3743; x_wconf 85' lang='lat' dir='ltr'><strong>Nunc</strong></span> 
     </span>
    </p>
   </div>
   <div class='ocr_carea' id='block_1_41' title="bbox 145 3779 1657 3849">
    <p class='ocr_par' dir='ltr' id='par_1_41' title="bbox 145 3779 1657 3849">
     <span class='ocr_line' id='line_1_41' title="bbox 145 3779 1657 3849; baseline 0.001 -18"><span class='ocrx_word' id='word_1_314' title='bbox 145 3781 261 3834; x_wconf 81' lang='lat' dir='ltr'><strong>lavat</strong></span> <span class='ocrx_word' id='word_1_315' title='bbox 293 3779 467 3835; x_wconf 76' lang='lat' dir='ltr'><strong>faciem</strong></span> <span class='ocrx_word' id='word_1_316' title='bbox 509 3781 708 3835; x_wconf 83' lang='lat' dir='ltr'><strong>cordis.</strong></span> <span class='ocrx_word' id='word_1_317' title='bbox 761 3780 993 3848; x_wconf 87' lang='lat' dir='ltr'><strong>Denique</strong></span> <span class='ocrx_word' id='word_1_318' title='bbox 1018 3781 1124 3849; x_wconf 83' lang='lat' dir='ltr'><strong>jam</strong></span> <span class='ocrx_word' id='word_1_319' title='bbox 1155 3781 1286 3834; x_wconf 80' lang='lat' dir='ltr'><strong>facie</strong></span> <span class='ocrx_word' id='word_1_320' title='bbox 1322 3781 1424 3834; x_wconf 91' lang='lat' dir='ltr'><strong>lota</strong></span> <span class='ocrx_word' id='word_1_321' title='bbox 1455 3780 1657 3846; x_wconf 86' lang='lat' dir='ltr'><strong>cordis,</strong></span> 
     </span>
    </p>
   </div>
   <div class='ocr_carea' id='block_1_42' title="bbox 141 3869 1654 3940">
    <p class='ocr_par' dir='ltr' id='par_1_42' title="bbox 141 3869 1654 3940">
     <span class='ocr_line' id='line_1_42' title="bbox 141 3869 1654 3940; baseline 0 -16"><span class='ocrx_word' id='word_1_322' title='bbox 141 3881 185 3925; x_wconf 85' lang='lat' dir='ltr'><strong>ct</strong></span> <span class='ocrx_word' id='word_1_323' title='bbox 208 3875 426 3926; x_wconf 82' lang='lat' dir='ltr'><strong>mundata</strong></span> <span class='ocrx_word' id='word_1_324' title='bbox 454 3873 805 3935; x_wconf 86' lang='lat' dir='ltr'><strong>conscientia,</strong></span> <span class='ocrx_word' id='word_1_325' title='bbox 832 3878 1124 3940; x_wconf 79' lang='lat' dir='ltr'><strong>agnoscens</strong></span> <span class='ocrx_word' id='word_1_326' title='bbox 1150 3872 1297 3924; x_wconf 86' lang='lat' dir='ltr'><strong>illum</strong></span> <span class='ocrx_word' id='word_1_327' title='bbox 1331 3886 1434 3923; x_wconf 91' lang='lat' dir='ltr'><strong>non</strong></span> <span class='ocrx_word' id='word_1_328' title='bbox 1464 3869 1654 3924; x_wconf 75' lang='lat' dir='ltr'><strong>Filium</strong></span> 
     </span>
    </p>
   </div>
   <div class='ocr_carea' id='block_1_43' title="bbox 143 3963 1656 4030">
    <p class='ocr_par' dir='ltr' id='par_1_43' title="bbox 143 3963 1656 4030">
     <span class='ocr_line' id='line_1_43' title="bbox 143 3963 1656 4030; baseline -0.002 -13"><span class='ocrx_word' id='word_1_329' title='bbox 143 3965 338 4020; x_wconf 84' lang='lat' dir='ltr'><strong>hominis</strong></span> <span class='ocrx_word' id='word_1_330' title='bbox 380 3975 620 4030; x_wconf 87' lang='lat' dir='ltr'><strong>tantum,</strong></span> <span class='ocrx_word' id='word_1_331' title='bbox 673 3965 812 4029; x_wconf 87' lang='lat' dir='ltr'><strong>quod</strong></span> <span class='ocrx_word' id='word_1_332' title='bbox 840 3973 962 4017; x_wconf 89' lang='lat' dir='ltr'><strong>ante</strong></span> <span class='ocrx_word' id='word_1_333' title='bbox 990 3963 1321 4026; x_wconf 80' lang='lat' dir='ltr'><strong>crediderat,</strong></span> <span class='ocrx_word' id='word_1_334' title='bbox 1368 3963 1459 4016; x_wconf 85' lang='lat' dir='ltr'><strong>sed</strong></span> <span class='ocrx_word' id='word_1_335' title='bbox 1499 3964 1656 4014; x_wconf 86' lang='lat' dir='ltr'><strong>etiam</strong></span> 
     </span>
    </p>
   </div>
   <div class='ocr_carea' id='block_1_44' title="bbox 140 4049 1654 4126">
    <p class='ocr_par' dir='ltr' id='par_1_44' title="bbox 140 4049 1654 4126">
     <span class='ocr_line' id='line_1_44' title="bbox 140 4049 1654 4126; baseline -0.003 -17"><span class='ocrx_word' id='word_1_336' title='bbox 140 4055 302 4109; x_wconf 78' lang='lat' dir='ltr'><strong>Filium</strong></span> <span class='ocrx_word' id='word_1_337' title='bbox 330 4056 438 4123; x_wconf 86' lang='lat' dir='ltr'><strong>Dei,</strong></span> <span class='ocrx_word' id='word_1_338' title='bbox 465 4069 626 4126; x_wconf 82' lang='lat' dir='ltr'><strong>quem</strong></span> <span class='ocrx_word' id='word_1_339' title='bbox 653 4053 887 4117; x_wconf 82' lang='lat' dir='ltr'><strong>videbat,</strong></span> <span class='ocrx_word' id='word_1_340' title='bbox 920 4053 1027 4106; x_wconf 86' lang='lat' dir='ltr'><strong>ait:</strong></span> <span class='ocrx_word' id='word_1_341' title='bbox 1058 4053 1240 4116; x_wconf 81' lang='lat' dir='ltr'><strong>Credo,</strong></span> <span class='ocrx_word' id='word_1_342' title='bbox 1276 4049 1511 4104; x_wconf 77' lang='lat' dir='ltr'><strong>Domine.</strong></span> <span class='ocrx_word' id='word_1_343' title='bbox 1547 4050 1654 4105; x_wconf 82' lang='lat' dir='ltr'><strong>Sed</strong></span> 
     </span>
    </p>
   </div>
   <div class='ocr_carea' id='block_1_45' title="bbox 145 4144 1657 4215">
    <p class='ocr_par' dir='ltr' id='par_1_45' title="bbox 145 4144 1657 4215">
     <span class='ocr_line' id='line_1_45' title="bbox 145 4144 1657 4215; baseline -0.001 -16"><span class='ocrx_word' id='word_1_344' title='bbox 145 4163 302 4215; x_wconf 73' lang='lat' dir='ltr'><strong>parum</strong></span> <span class='ocrx_word' id='word_1_345' title='bbox 328 4158 401 4202; x_wconf 82' lang='lat' dir='ltr'><strong>est</strong></span> <span class='ocrx_word' id='word_1_346' title='bbox 428 4148 608 4203; x_wconf 88' lang='lat' dir='ltr'><strong>dicere</strong></span> <span class='ocrx_word' id='word_1_347' title='bbox 635 4146 834 4212; x_wconf 86' lang='lat' dir='ltr'><strong>Credo;</strong></span> <span class='ocrx_word' id='word_1_348' title='bbox 882 4146 959 4199; x_wconf 85' lang='lat' dir='ltr'><strong>vis</strong></span> <span class='ocrx_word' id='word_1_349' title='bbox 988 4146 1166 4201; x_wconf 86' lang='lat' dir='ltr'><strong>videre</strong></span> <span class='ocrx_word' id='word_1_350' title='bbox 1193 4146 1399 4214; x_wconf 85' lang='lat' dir='ltr'><strong>qualem</strong></span> <span class='ocrx_word' id='word_1_351' title='bbox 1428 4144 1610 4198; x_wconf 87' lang='lat' dir='ltr'><strong>credat</strong></span> <span class='ocrx_word' id='word_1_352' title='bbox 1635 4145 1657 4197; x_wconf 80' lang='lat'><strong>?</strong></span> 
     </span>
    </p>
   </div>
   <div class='ocr_carea' id='block_1_46' title="bbox 140 4237 1654 4295">
    <p class='ocr_par' dir='ltr' id='par_1_46' title="bbox 140 4237 1654 4295">
     <span class='ocr_line' id='line_1_46' title="bbox 140 4237 1654 4295; baseline 0 -3"><span class='ocrx_word' id='word_1_353' title='bbox 140 4239 382 4294; x_wconf 81' lang='lat' dir='ltr'><strong>Procidens</strong></span> <span class='ocrx_word' id='word_1_354' title='bbox 429 4243 657 4295; x_wconf 72' lang='lat' dir='ltr'><strong>adoravit</strong></span> <span class='ocrx_word' id='word_1_355' title='bbox 707 4256 841 4295; x_wconf 82' lang='lat' dir='ltr'><strong>eum.</strong></span> <span class='ocrx_word' id='word_1_356' title='bbox 899 4240 952 4294; x_wconf 92' lang='lat' dir='ltr'><strong>Si</strong></span> <span class='ocrx_word' id='word_1_357' title='bbox 1001 4255 1120 4293; x_wconf 81' lang='lat' dir='ltr'><strong>eum</strong></span> <span class='ocrx_word' id='word_1_358' title='bbox 1173 4239 1260 4293; x_wconf 87' lang='lat' dir='ltr'><strong>Dei</strong></span> <span class='ocrx_word' id='word_1_359' title='bbox 1307 4237 1499 4293; x_wconf 88' lang='lat' dir='ltr'><strong>Filium</strong></span> <span class='ocrx_word' id='word_1_360' title='bbox 1551 4251 1654 4292; x_wconf 83' lang='lat' dir='ltr'><strong>non</strong></span> 
     </span>
    </p>
   </div>
   <div class='ocr_carea' id='block_1_47' title="bbox 143 4328 1652 4400">
    <p class='ocr_par' dir='ltr' id='par_1_47' title="bbox 143 4328 1652 4400">
     <span class='ocr_line' id='line_1_47' title="bbox 143 4328 1652 4400; baseline -0.001 -16"><span class='ocrx_word' id='word_1_361' title='bbox 143 4331 433 4395; x_wconf 83' lang='lat' dir='ltr'><strong>credidisset,</strong></span> <span class='ocrx_word' id='word_1_362' title='bbox 455 4347 612 4400; x_wconf 81' lang='lat' dir='ltr'><strong>quem</strong></span> <span class='ocrx_word' id='word_1_363' title='bbox 637 4331 873 4394; x_wconf 81' lang='lat' dir='ltr'><strong>videbat,</strong></span> <span class='ocrx_word' id='word_1_364' title='bbox 897 4330 1193 4384; x_wconf 83' lang='lat' dir='ltr'><strong>nullatenus</strong></span> <span class='ocrx_word' id='word_1_365' title='bbox 1214 4328 1489 4383; x_wconf 86' lang='lat' dir='ltr'><strong>adorasset</strong></span> <span class='ocrx_word' id='word_1_366' title='bbox 1510 4342 1652 4382; x_wconf 89' lang='lat' dir='ltr'><strong>eum.</strong></span> 
     </span>
    </p>
   </div>
   <div class='ocr_carea' id='block_1_48' title="bbox 1784 505 3336 579">
    <p class='ocr_par' dir='ltr' id='par_1_48' title="bbox 1784 505 3336 579">
     <span class='ocr_line' id='line_1_48' title="bbox 1784 505 3336 579; baseline 0.006 -20"><span class='ocrx_word' id='word_1_367' title='bbox 1784 505 2098 574; x_wconf 81' lang='lat' dir='ltr'><strong>signiﬁcare,</strong></span> <span class='ocrx_word' id='word_1_368' title='bbox 2127 507 2250 561; x_wconf 89' lang='lat' dir='ltr'><strong>dum</strong></span> <span class='ocrx_word' id='word_1_369' title='bbox 2277 510 2386 562; x_wconf 87' lang='lat' dir='ltr'><strong>ait:</strong></span> <span class='ocrx_word' id='word_1_370' title='bbox 2424 510 2489 564; x_wconf 89' lang='lat' dir='ltr'><strong>Ut</strong></span> <span class='ocrx_word' id='word_1_371' title='bbox 2529 513 2614 579; x_wconf 86' lang='lat' dir='ltr'><strong>qui</strong></span> <span class='ocrx_word' id='word_1_372' title='bbox 2654 528 2755 564; x_wconf 87' lang='lat' dir='ltr'><strong>non</strong></span> <span class='ocrx_word' id='word_1_373' title='bbox 2793 514 2978 578; x_wconf 78' lang='lat' dir='ltr'><strong>uident,</strong></span> <span class='ocrx_word' id='word_1_374' title='bbox 3007 516 3245 578; x_wconf 85' lang='lat' dir='ltr'><strong>videant;</strong></span> <span class='ocrx_word' id='word_1_375' title='bbox 3285 515 3336 570; x_wconf 77' lang='lat' dir='ltr'><strong>et</strong></span> 
     </span>
    </p>
   </div>
   <div class='ocr_carea' id='block_1_49' title="bbox 1781 597 3332 672">
    <p class='ocr_par' dir='ltr' id='par_1_49' title="bbox 1781 597 3332 672">
     <span class='ocr_line' id='line_1_49' title="bbox 1781 597 3332 672; baseline 0.006 -24"><span class='ocrx_word' id='word_1_376' title='bbox 1781 597 1868 664; x_wconf 85' lang='lat' dir='ltr'><strong>qui</strong></span> <span class='ocrx_word' id='word_1_377' title='bbox 1908 598 2112 664; x_wconf 78' lang='lat' dir='ltr'><strong>vident,</strong></span> <span class='ocrx_word' id='word_1_378' title='bbox 2159 599 2278 652; x_wconf 72' lang='lat' dir='ltr'><strong>caci</strong></span> <span class='ocrx_word' id='word_1_379' title='bbox 2320 601 2466 666; x_wconf 74' lang='lat' dir='ltr'><strong>ﬁmtl.</strong></span> <span class='ocrx_word' id='word_1_380' title='bbox 2519 602 2656 667; x_wconf 83' lang='lat' dir='ltr'><strong>Quid</strong></span> <span class='ocrx_word' id='word_1_381' title='bbox 2685 612 2765 656; x_wconf 86' lang='lat' dir='ltr'><strong>est</strong></span> <span class='ocrx_word' id='word_1_382' title='bbox 2796 613 2851 656; x_wconf 90' lang='lat' dir='ltr'><strong>ut</strong></span> <span class='ocrx_word' id='word_1_383' title='bbox 2876 605 2961 671; x_wconf 85' lang='lat' dir='ltr'><strong>qui</strong></span> <span class='ocrx_word' id='word_1_384' title='bbox 2995 619 3096 658; x_wconf 90' lang='lat' dir='ltr'><strong>non</strong></span> <span class='ocrx_word' id='word_1_385' title='bbox 3131 605 3332 672; x_wconf 87' lang='lat' dir='ltr'><strong>vident,-</strong></span> 
     </span>
    </p>
   </div>
   <div class='ocr_carea' id='block_1_50' title="bbox 1785 687 3334 759">
    <p class='ocr_par' dir='ltr' id='par_1_50' title="bbox 1785 687 3334 759">
     <span class='ocr_line' id='line_1_50' title="bbox 1785 687 3334 759; baseline 0.005 -19"><span class='ocrx_word' id='word_1_386' title='bbox 1785 687 2042 742; x_wconf 77' lang='lat' dir='ltr'><strong>videantt</strong></span> <span class='ocrx_word' id='word_1_387' title='bbox 2088 687 2141 742; x_wconf 91' lang='lat' dir='ltr'><strong>id</strong></span> <span class='ocrx_word' id='word_1_388' title='bbox 2171 699 2290 744; x_wconf 89' lang='lat' dir='ltr'><strong>est:</strong></span> <span class='ocrx_word' id='word_1_389' title='bbox 2337 691 2433 757; x_wconf 85' lang='lat' dir='ltr'><strong>Qui</strong></span> <span class='ocrx_word' id='word_1_390' title='bbox 2460 704 2517 746; x_wconf 88' lang='lat' dir='ltr'><strong>se</strong></span> <span class='ocrx_word' id='word_1_391' title='bbox 2549 706 2655 745; x_wconf 91' lang='lat' dir='ltr'><strong>non</strong></span> <span class='ocrx_word' id='word_1_392' title='bbox 2687 693 2865 747; x_wconf 89' lang='lat' dir='ltr'><strong>videre</strong></span> <span class='ocrx_word' id='word_1_393' title='bbox 2895 695 3230 759; x_wconf 76' lang='lat' dir='ltr'><strong>confitentur,</strong></span> <span class='ocrx_word' id='word_1_394' title='bbox 3281 704 3334 747; x_wconf 89' lang='lat' dir='ltr'><strong>et</strong></span> 
     </span>
    </p>
   </div>
   <div class='ocr_carea' id='block_1_51' title="bbox 1781 776 3334 848">
    <p class='ocr_par' dir='ltr' id='par_1_51' title="bbox 1781 776 3334 848">
     <span class='ocr_line' id='line_1_51' title="bbox 1781 776 3334 848; baseline 0.004 -18"><span class='ocrx_word' id='word_1_395' title='bbox 1781 776 2048 831; x_wconf 83' lang='lat' dir='ltr'><strong>medicum</strong></span> <span class='ocrx_word' id='word_1_396' title='bbox 2079 789 2353 847; x_wconf 57' lang='lat' dir='ltr'><strong>quaerunt,</strong></span> <span class='ocrx_word' id='word_1_397' title='bbox 2401 789 2458 833; x_wconf 90' lang='lat' dir='ltr'><strong>ut</strong></span> <span class='ocrx_word' id='word_1_398' title='bbox 2489 779 2696 835; x_wconf 88' lang='lat' dir='ltr'><strong>videant</strong></span> <span class='ocrx_word' id='word_1_399' title='bbox 2723 799 2737 846; x_wconf 91' lang='lat'><strong>;</strong></span> <span class='ocrx_word' id='word_1_400' title='bbox 2775 791 2829 836; x_wconf 87' lang='lat' dir='ltr'><strong>et</strong></span> <span class='ocrx_word' id='word_1_401' title='bbox 2859 782 2945 848; x_wconf 90' lang='lat' dir='ltr'><strong>qui</strong></span> <span class='ocrx_word' id='word_1_402' title='bbox 2975 784 3174 848; x_wconf 88' lang='lat' dir='ltr'><strong>vident,</strong></span> <span class='ocrx_word' id='word_1_403' title='bbox 3206 785 3334 838; x_wconf 63' lang='lat' dir='ltr'><strong>caeci</strong></span> 
     </span>
    </p>
   </div>
   <div class='ocr_carea' id='block_1_52' title="bbox 1781 869 3339 942">
    <p class='ocr_par' dir='ltr' id='par_1_52' title="bbox 1781 869 3339 942">
     <span class='ocr_line' id='line_1_52' title="bbox 1781 869 3339 942; baseline 0.004 -20"><span class='ocrx_word' id='word_1_404' title='bbox 1781 869 1928 923; x_wconf 83' lang='lat' dir='ltr'><strong>ﬂant.</strong></span> <span class='ocrx_word' id='word_1_405' title='bbox 1961 870 2096 936; x_wconf 80' lang='lat' dir='ltr'><strong>Quid</strong></span> <span class='ocrx_word' id='word_1_406' title='bbox 2126 879 2228 939; x_wconf 84' lang='lat' dir='ltr'><strong>est,</strong></span> <span class='ocrx_word' id='word_1_407' title='bbox 2262 873 2346 940; x_wconf 83' lang='lat' dir='ltr'><strong>qui</strong></span> <span class='ocrx_word' id='word_1_408' title='bbox 2372 872 2563 939; x_wconf 84' lang='lat' dir='ltr'><strong>vident,</strong></span> <span class='ocrx_word' id='word_1_409' title='bbox 2595 874 2714 927; x_wconf 76' lang='lat' dir='ltr'><strong>cccci</strong></span> <span class='ocrx_word' id='word_1_410' title='bbox 2739 874 2911 940; x_wconf 79' lang='lat' dir='ltr'><strong>ﬁunt?</strong></span> <span class='ocrx_word' id='word_1_411' title='bbox 2948 873 3002 926; x_wconf 89' lang='lat' dir='ltr'><strong>Id</strong></span> <span class='ocrx_word' id='word_1_412' title='bbox 3031 883 3132 936; x_wconf 89' lang='lat' dir='ltr'><strong>est,</strong></span> <span class='ocrx_word' id='word_1_413' title='bbox 3163 876 3250 942; x_wconf 87' lang='lat' dir='ltr'><strong>qui</strong></span> <span class='ocrx_word' id='word_1_414' title='bbox 3281 889 3339 929; x_wconf 86' lang='lat' dir='ltr'><strong>sc</strong></span> 
     </span>
    </p>
   </div>
   <div class='ocr_carea' id='block_1_53' title="bbox 1780 960 3332 1033">
    <p class='ocr_par' dir='ltr' id='par_1_53' title="bbox 1780 960 3332 1033">
     <span class='ocr_line' id='line_1_53' title="bbox 1780 960 3332 1033; baseline 0.003 -20"><span class='ocrx_word' id='word_1_415' title='bbox 1780 969 1966 1028; x_wconf 85' lang='lat' dir='ltr'><strong>putant</strong></span> <span class='ocrx_word' id='word_1_416' title='bbox 1995 960 2194 1025; x_wconf 88' lang='lat' dir='ltr'><strong>videre,</strong></span> <span class='ocrx_word' id='word_1_417' title='bbox 2225 970 2280 1016; x_wconf 87' lang='lat' dir='ltr'><strong>et</strong></span> <span class='ocrx_word' id='word_1_418' title='bbox 2299 962 2568 1017; x_wconf 84' lang='lat' dir='ltr'><strong>medicum</strong></span> <span class='ocrx_word' id='word_1_419' title='bbox 2601 977 2704 1017; x_wconf 87' lang='lat' dir='ltr'><strong>non</strong></span> <span class='ocrx_word' id='word_1_420' title='bbox 2734 975 2974 1033; x_wconf 60' lang='lat' dir='ltr'><strong>quarunt</strong></span> <span class='ocrx_word' id='word_1_421' title='bbox 2993 1006 3008 1031; x_wconf 93' lang='lat'><strong>,</strong></span> <span class='ocrx_word' id='word_1_422' title='bbox 3036 965 3128 1018; x_wconf 91' lang='lat' dir='ltr'><strong>sed</strong></span> <span class='ocrx_word' id='word_1_423' title='bbox 3158 965 3209 1017; x_wconf 94' lang='lat' dir='ltr'><strong>in</strong></span> <span class='ocrx_word' id='word_1_424' title='bbox 3240 980 3332 1018; x_wconf 82' lang='lat' dir='ltr'><strong>sua</strong></span> 
     </span>
    </p>
   </div>
   <div class='ocr_carea' id='block_1_54' title="bbox 1779 1051 3336 1123">
    <p class='ocr_par' dir='ltr' id='par_1_54' title="bbox 1779 1051 3336 1123">
     <span class='ocr_line' id='line_1_54' title="bbox 1779 1051 3336 1123; baseline 0.006 -21"><span class='ocrx_word' id='word_1_425' title='bbox 1779 1051 2020 1106; x_wconf 75' lang='lat' dir='ltr'><strong>cmcitate</strong></span> <span class='ocrx_word' id='word_1_426' title='bbox 2049 1061 2380 1120; x_wconf 89' lang='lat' dir='ltr'><strong>permanent.</strong></span> <span class='ocrx_word' id='word_1_427' title='bbox 2419 1051 2557 1123; x_wconf 80' lang='lat' dir='ltr'><strong>Ergo</strong></span> <span class='ocrx_word' id='word_1_428' title='bbox 2586 1055 2739 1108; x_wconf 84' lang='lat' dir='ltr'><strong>istam</strong></span> <span class='ocrx_word' id='word_1_429' title='bbox 2772 1056 3146 1110; x_wconf 83' lang='lat' dir='ltr'><strong>discretionem</strong></span> <span class='ocrx_word' id='word_1_430' title='bbox 3177 1069 3336 1112; x_wconf 81' lang='lat' dir='ltr'><strong>voca-</strong></span> 
     </span>
    </p>
   </div>
   <div class='ocr_carea' id='block_1_55' title="bbox 1778 1139 3334 1214">
    <p class='ocr_par' dir='ltr' id='par_1_55' title="bbox 1778 1139 3334 1214">
     <span class='ocr_line' id='line_1_55' title="bbox 1778 1139 3334 1214; baseline 0.007 -24"><span class='ocrx_word' id='word_1_431' title='bbox 1778 1141 1850 1193; x_wconf 93' lang='lat' dir='ltr'><strong>vit</strong></span> <span class='ocrx_word' id='word_1_432' title='bbox 1877 1139 2161 1209; x_wconf 86' lang='lat' dir='ltr'><strong>judicium,</strong></span> <span class='ocrx_word' id='word_1_433' title='bbox 2185 1157 2286 1210; x_wconf 87' lang='lat' dir='ltr'><strong>qua</strong></span> <span class='ocrx_word' id='word_1_434' title='bbox 2319 1143 2576 1198; x_wconf 84' lang='lat' dir='ltr'><strong>discernit</strong></span> <span class='ocrx_word' id='word_1_435' title='bbox 2607 1144 2834 1199; x_wconf 88' lang='lat' dir='ltr'><strong>humiles</strong></span> <span class='ocrx_word' id='word_1_436' title='bbox 2865 1160 2892 1198; x_wconf 88' lang='lat' dir='ltr'><strong>a</strong></span> <span class='ocrx_word' id='word_1_437' title='bbox 2921 1147 3191 1214; x_wconf 83' lang='lat' dir='ltr'><strong>superbis,</strong></span> <span class='ocrx_word' id='word_1_438' title='bbox 3217 1160 3334 1200; x_wconf 77' lang='lat' dir='ltr'><strong>cre-</strong></span> 
     </span>
    </p>
   </div>
   <div class='ocr_carea' id='block_1_56' title="bbox 1776 1228 3330 1303">
    <p class='ocr_par' dir='ltr' id='par_1_56' title="bbox 1776 1228 3330 1303">
     <span class='ocr_line' id='line_1_56' title="bbox 1776 1228 3330 1303; baseline 0.006 -21"><span class='ocrx_word' id='word_1_439' title='bbox 1776 1228 1965 1283; x_wconf 84' lang='lat' dir='ltr'><strong>dentes</strong></span> <span class='ocrx_word' id='word_1_440' title='bbox 1993 1245 2022 1285; x_wconf 73' lang='grc' dir='ltr'><strong>ο</strong></span> <span class='ocrx_word' id='word_1_441' title='bbox 2054 1242 2157 1285; x_wconf 88' lang='lat' dir='ltr'><strong>non</strong></span> <span class='ocrx_word' id='word_1_442' title='bbox 2187 1233 2555 1298; x_wconf 83' lang='lat' dir='ltr'><strong>credentibus,</strong></span> <span class='ocrx_word' id='word_1_443' title='bbox 2599 1235 2859 1288; x_wconf 90' lang='lat' dir='ltr'><strong>medicum</strong></span> <span class='ocrx_word' id='word_1_444' title='bbox 2902 1246 3219 1303; x_wconf 79' lang='lat' dir='ltr'><strong>quaerentes,</strong></span> <span class='ocrx_word' id='word_1_445' title='bbox 3261 1234 3330 1292; x_wconf 79' lang='lat' dir='ltr'><strong>ab</strong></span> 
     </span>
    </p>
   </div>
   <div class='ocr_carea' id='block_1_57' title="bbox 1774 1320 3326 1390">
    <p class='ocr_par' dir='ltr' id='par_1_57' title="bbox 1774 1320 3326 1390">
     <span class='ocr_line' id='line_1_57' title="bbox 1774 1320 3326 1390; baseline 0.004 -17"><span class='ocrx_word' id='word_1_446' title='bbox 1774 1320 1851 1378; x_wconf 85' lang='lat' dir='ltr'><strong>eis</strong></span> <span class='ocrx_word' id='word_1_447' title='bbox 1881 1320 1972 1387; x_wconf 90' lang='lat' dir='ltr'><strong>qui</strong></span> <span class='ocrx_word' id='word_1_448' title='bbox 2003 1322 2265 1377; x_wconf 85' lang='lat' dir='ltr'><strong>medicum</strong></span> <span class='ocrx_word' id='word_1_449' title='bbox 2309 1331 2555 1390; x_wconf 70' lang='lat' dir='ltr'><strong>quaerere</strong></span> <span class='ocrx_word' id='word_1_450' title='bbox 2600 1329 2964 1376; x_wconf 85' lang='lat' dir='ltr'><strong>contemnunt.</strong></span> <span class='ocrx_word' id='word_1_451' title='bbox 3014 1324 3058 1378; x_wconf 91' lang='grc'>0</span> <span class='ocrx_word' id='word_1_452' title='bbox 3087 1324 3326 1390; x_wconf 87' lang='lat' dir='ltr'><strong>Domine,</strong></span> 
     </span>
    </p>
   </div>
   <div class='ocr_carea' id='block_1_58' title="bbox 1776 1413 3326 1482">
    <p class='ocr_par' dir='ltr' id='par_1_58' title="bbox 1776 1413 3326 1482">
     <span class='ocr_line' id='line_1_58' title="bbox 1776 1413 3326 1482; baseline 0.003 -17"><span class='ocrx_word' id='word_1_453' title='bbox 1776 1413 1964 1466; x_wconf 75' lang='lat' dir='ltr'><strong>venisti</strong></span> <span class='ocrx_word' id='word_1_454' title='bbox 1999 1422 2059 1466; x_wconf 90' lang='lat' dir='ltr'><strong>ut</strong></span> <span class='ocrx_word' id='word_1_455' title='bbox 2084 1413 2173 1482; x_wconf 87' lang='lat' dir='ltr'><strong>qui</strong></span> <span class='ocrx_word' id='word_1_456' title='bbox 2201 1419 2304 1467; x_wconf 82' lang='lat' dir='ltr'><strong>nbn</strong></span> <span class='ocrx_word' id='word_1_457' title='bbox 2332 1415 2514 1469; x_wconf 87' lang='lat' dir='ltr'><strong>vident</strong></span> <span class='ocrx_word' id='word_1_458' title='bbox 2537 1413 2775 1477; x_wconf 82' lang='lat' dir='ltr'><strong>videant;</strong></span> <span class='ocrx_word' id='word_1_459' title='bbox 2809 1423 2971 1480; x_wconf 86' lang='lat' dir='ltr'><strong>recte,</strong></span> <span class='ocrx_word' id='word_1_460' title='bbox 2996 1413 3119 1482; x_wconf 90' lang='lat' dir='ltr'><strong>quia</strong></span> <span class='ocrx_word' id='word_1_461' title='bbox 3147 1415 3326 1470; x_wconf 88' lang='lat' dir='ltr'><strong>lumen</strong></span> 
     </span>
    </p>
   </div>
   <div class='ocr_carea' id='block_1_59' title="bbox 1774 1503 3330 1573">
    <p class='ocr_par' dir='ltr' id='par_1_59' title="bbox 1774 1503 3330 1573">
     <span class='ocr_line' id='line_1_59' title="bbox 1774 1503 3330 1573; baseline 0.005 -21"><span class='ocrx_word' id='word_1_462' title='bbox 1774 1514 1864 1562; x_wconf 87' lang='lat' dir='ltr'><strong>es;</strong></span> <span class='ocrx_word' id='word_1_463' title='bbox 1895 1509 2058 1565; x_wconf 85' lang='lat' dir='ltr'><strong>recte,</strong></span> <span class='ocrx_word' id='word_1_464' title='bbox 2084 1503 2206 1570; x_wconf 81' lang='lat' dir='ltr'><strong>quia</strong></span> <span class='ocrx_word' id='word_1_465' title='bbox 2236 1505 2351 1558; x_wconf 90' lang='lat' dir='ltr'><strong>dies</strong></span> <span class='ocrx_word' id='word_1_466' title='bbox 2379 1519 2472 1568; x_wconf 82' lang='lat' dir='ltr'><strong>es;</strong></span> <span class='ocrx_word' id='word_1_467' title='bbox 2502 1516 2665 1569; x_wconf 86' lang='lat' dir='ltr'><strong>recte,</strong></span> <span class='ocrx_word' id='word_1_468' title='bbox 2685 1507 2804 1573; x_wconf 87' lang='lat' dir='ltr'><strong>quia</strong></span> <span class='ocrx_word' id='word_1_469' title='bbox 2827 1521 2853 1557; x_wconf 70' lang='grc' dir='ltr'><strong>ιι</strong></span> <span class='ocrx_word' id='word_1_470' title='bbox 2880 1505 3112 1560; x_wconf 88' lang='lat' dir='ltr'><strong>tenebris</strong></span> <span class='ocrx_word' id='word_1_471' title='bbox 3136 1505 3330 1560; x_wconf 89' lang='lat' dir='ltr'><strong>liberas</strong></span> 
     </span>
    </p>
   </div>
   <div class='ocr_carea' id='block_1_60' title="bbox 1778 1587 3332 1659">
    <p class='ocr_par' dir='ltr' id='par_1_60' title="bbox 1778 1587 3332 1659">
     <span class='ocr_line' id='line_1_60' title="bbox 1778 1587 3332 1659; baseline 0.005 -19"><span class='ocrx_word' id='word_1_472' title='bbox 1778 1587 2041 1644; x_wconf 87' lang='lat' dir='ltr'><strong>homines.</strong></span> <span class='ocrx_word' id='word_1_473' title='bbox 2096 1591 2205 1644; x_wconf 83' lang='lat' dir='ltr'><strong>Hoc</strong></span> <span class='ocrx_word' id='word_1_474' title='bbox 2252 1593 2426 1647; x_wconf 88' lang='lat' dir='ltr'><strong>omnis</strong></span> <span class='ocrx_word' id='word_1_475' title='bbox 2471 1593 2646 1646; x_wconf 64' lang='lat' dir='ltr'><strong>animo</strong></span> <span class='ocrx_word' id='word_1_476' title='bbox 2696 1595 2956 1659; x_wconf 80' lang='lat' dir='ltr'><strong>accipiat.</strong></span> <span class='ocrx_word' id='word_1_477' title='bbox 3012 1592 3115 1646; x_wconf 89' lang='lat' dir='ltr'><strong>hoc</strong></span> <span class='ocrx_word' id='word_1_478' title='bbox 3159 1593 3332 1647; x_wconf 90' lang='lat' dir='ltr'><strong>omnis</strong></span> 
     </span>
    </p>
   </div>
   <div class='ocr_carea' id='block_1_61' title="bbox 1773 1679 3330 1751">
    <p class='ocr_par' dir='ltr' id='par_1_61' title="bbox 1773 1679 3330 1751">
     <span class='ocr_line' id='line_1_61' title="bbox 1773 1679 3330 1751; baseline 0.004 -20"><span class='ocrx_word' id='word_1_479' title='bbox 1773 1680 1947 1732; x_wconf 85' lang='lat' dir='ltr'><strong>anima</strong></span> <span class='ocrx_word' id='word_1_480' title='bbox 1985 1679 2275 1751; x_wconf 83' lang='lat' dir='ltr'><strong>intelligat,</strong></span> <span class='ocrx_word' id='word_1_481' title='bbox 2321 1692 2376 1735; x_wconf 86' lang='lat' dir='ltr'><strong>ut</strong></span> <span class='ocrx_word' id='word_1_482' title='bbox 2408 1695 2510 1738; x_wconf 77' lang='lat' dir='ltr'><strong>n‘on</strong></span> <span class='ocrx_word' id='word_1_483' title='bbox 2543 1688 2790 1738; x_wconf 80' lang='lat' dir='ltr'><strong>maneant</strong></span> <span class='ocrx_word' id='word_1_484' title='bbox 2835 1685 2886 1737; x_wconf 88' lang='lat' dir='ltr'><strong>in</strong></span> <span class='ocrx_word' id='word_1_485' title='bbox 2923 1683 3186 1747; x_wconf 84' lang='lat' dir='ltr'><strong>tenebris,</strong></span> <span class='ocrx_word' id='word_1_486' title='bbox 3236 1683 3330 1738; x_wconf 90' lang='lat' dir='ltr'><strong>sed</strong></span> 
     </span>
    </p>
   </div>
   <div class='ocr_carea' id='block_1_62' title="bbox 1703 1749 3335 1842">
    <p class='ocr_par' dir='ltr' id='par_1_62' title="bbox 1703 1749 3335 1842">
     <span class='ocr_line' id='line_1_62' title="bbox 1703 1749 3335 1842; baseline 0.004 -22"><span class='ocrx_word' id='word_1_487' title='bbox 1703 1749 1747 1808; x_wconf 79' lang='grc' dir='ltr'><strong><em>Β</em></strong></span> <span class='ocrx_word' id='word_1_488' title='bbox 1778 1749 2254 1826; x_wconf 28' lang='lat' dir='ltr'><strong>illuminentur&#39;ab</strong></span> <span class='ocrx_word' id='word_1_489' title='bbox 2300 1784 2365 1826; x_wconf 92' lang='lat' dir='ltr'><strong>eo</strong></span> <span class='ocrx_word' id='word_1_490' title='bbox 2409 1775 2496 1842; x_wconf 80' lang='lat' dir='ltr'><strong>qui</strong></span> <span class='ocrx_word' id='word_1_491' title='bbox 2541 1774 2797 1827; x_wconf 72' lang='lat' dir='ltr'><strong>illuminat</strong></span> <span class='ocrx_word' id='word_1_492' title='bbox 2840 1785 3037 1828; x_wconf 82' lang='lat' dir='ltr'><strong>onmem</strong></span> <span class='ocrx_word' id='word_1_493' title='bbox 3083 1775 3335 1828; x_wconf 78' lang='lat' dir='ltr'><strong>hominem</strong></span> 
     </span>
    </p>
   </div>
   <div class='ocr_carea' id='block_1_63' title="bbox 1775 1861 3334 1934">
    <p class='ocr_par' dir='ltr' id='par_1_63' title="bbox 1775 1861 3334 1934">
     <span class='ocr_line' id='line_1_63' title="bbox 1775 1861 3334 1934; baseline 0.004 -24"><span class='ocrx_word' id='word_1_494' title='bbox 1775 1861 2048 1913; x_wconf 79' lang='lat' dir='ltr'><strong>venientem</strong></span> <span class='ocrx_word' id='word_1_495' title='bbox 2075 1863 2126 1913; x_wconf 83' lang='lat' dir='ltr'><strong>in</strong></span> <span class='ocrx_word' id='word_1_496' title='bbox 2154 1861 2286 1915; x_wconf 78' lang='lat' dir='ltr'><strong>hunc</strong></span> <span class='ocrx_word' id='word_1_497' title='bbox 2312 1865 2555 1917; x_wconf 82' lang='lat' dir='ltr'><strong>mundum</strong></span> <span class='ocrx_word' id='word_1_498' title='bbox 2583 1863 2766 1932; x_wconf 78' lang='lat' dir='ltr'><strong>(locu.</strong></span> <span class='ocrx_word' id='word_1_499' title='bbox 2793 1867 2859 1934; x_wconf 84' lang='grc' dir='ltr'><strong>ι).</strong></span> <span class='ocrx_word' id='word_1_500' title='bbox 2907 1864 3168 1920; x_wconf 82' lang='lat' dir='ltr'><strong>Commoti</strong></span> <span class='ocrx_word' id='word_1_501' title='bbox 3208 1874 3334 1918; x_wconf 86' lang='lat' dir='ltr'><strong>sunt</strong></span> 
     </span>
    </p>
   </div>
   <div class='ocr_carea' id='block_1_64' title="bbox 1774 1951 2934 2022">
    <p class='ocr_par' dir='ltr' id='par_1_64' title="bbox 1774 1951 2934 2022">
     <span class='ocr_line' id='line_1_64' title="bbox 1774 1951 2934 2022; baseline 0.007 -20"><span class='ocrx_word' id='word_1_502' title='bbox 1774 1962 1902 2016; x_wconf 87' lang='lat' dir='ltr'><strong>ergo</strong></span> <span class='ocrx_word' id='word_1_503' title='bbox 1929 1951 2103 2004; x_wconf 81' lang='lat' dir='ltr'><strong>verbis</strong></span> <span class='ocrx_word' id='word_1_504' title='bbox 2135 1951 2251 2006; x_wconf 85' lang='lat' dir='ltr'><strong>istis</strong></span> <span class='ocrx_word' id='word_1_505' title='bbox 2279 1953 2493 2022; x_wconf 86' lang='lat' dir='ltr'><strong>quidam</strong></span> <span class='ocrx_word' id='word_1_506' title='bbox 2521 1969 2586 2008; x_wconf 81' lang='lat' dir='ltr'><strong>ex</strong></span> <span class='ocrx_word' id='word_1_507' title='bbox 2618 1955 2934 2010; x_wconf 68' lang='lat' dir='ltr'><strong>Pharisaais:</strong></span> 
     </span>
    </p>
   </div>
   <div class='ocr_carea' id='block_1_65' title="bbox 1846 2037 3336 2113">
    <p class='ocr_par' dir='ltr' id='par_1_65' title="bbox 1846 2037 3336 2113">
     <span class='ocr_line' id='line_1_65' title="bbox 1846 2037 3336 2113; baseline 0.007 -24"><span class='ocrx_word' id='word_1_508' title='bbox 1846 2037 1911 2090; x_wconf 85' lang='lat' dir='ltr'><strong>Et</strong></span> <span class='ocrx_word' id='word_1_509' title='bbox 1941 2039 2177 2093; x_wconf 73' lang='lat' dir='ltr'><strong>dixerunt</strong></span> <span class='ocrx_word' id='word_1_510' title='bbox 2205 2043 2293 2095; x_wconf 89' lang='lat' dir='ltr'><strong>ei:</strong></span> <span class='ocrx_word' id='word_1_511' title='bbox 2332 2043 2576 2113; x_wconf 70' lang='lat' dir='ltr'><strong>Nunquid</strong></span> <span class='ocrx_word' id='word_1_512' title='bbox 2601 2052 2646 2097; x_wconf 85' lang='lat' dir='ltr'><strong>et</strong></span> <span class='ocrx_word' id='word_1_513' title='bbox 2676 2059 2776 2098; x_wconf 84' lang='lat' dir='ltr'><strong>non</strong></span> <span class='ocrx_word' id='word_1_514' title='bbox 2807 2046 2928 2098; x_wconf 66' lang='lat' dir='ltr'><strong>caci</strong></span> <span class='ocrx_word' id='word_1_515' title='bbox 2955 2043 3166 2099; x_wconf 72' lang='lat' dir='ltr'><strong>sumus?</strong></span> <span class='ocrx_word' id='word_1_516' title='bbox 3198 2043 3336 2100; x_wconf 78' lang='lat' dir='ltr'><strong>Audi</strong></span> 
     </span>
    </p>
   </div>
   <div class='ocr_carea' id='block_1_66' title="bbox 1768 2128 3336 2204">
    <p class='ocr_par' dir='ltr' id='par_1_66' title="bbox 1768 2128 3336 2204">
     <span class='ocr_line' id='line_1_66' title="bbox 1768 2128 3336 2204; baseline 0.006 -22"><span class='ocrx_word' id='word_1_517' title='bbox 1768 2128 1877 2196; x_wconf 84' lang='lat' dir='ltr'><strong>jam</strong></span> <span class='ocrx_word' id='word_1_518' title='bbox 1907 2131 2026 2198; x_wconf 82' lang='lat' dir='ltr'><strong>quid</strong></span> <span class='ocrx_word' id='word_1_519' title='bbox 2061 2142 2139 2183; x_wconf 74' lang='lat' dir='ltr'><strong>est</strong></span> <span class='ocrx_word' id='word_1_520' title='bbox 2169 2133 2307 2200; x_wconf 70' lang='lat' dir='ltr'><strong>quod</strong></span> <span class='ocrx_word' id='word_1_521' title='bbox 2337 2147 2428 2183; x_wconf 70' lang='lat' dir='ltr'><strong>ens</strong></span> <span class='ocrx_word' id='word_1_522' title='bbox 2461 2138 2743 2189; x_wconf 84' lang='lat' dir='ltr'><strong>ntovebat:</strong></span> <span class='ocrx_word' id='word_1_523' title='bbox 2779 2133 2844 2187; x_wconf 85' lang='lat' dir='ltr'><strong>Et</strong></span> <span class='ocrx_word' id='word_1_524' title='bbox 2873 2137 2961 2204; x_wconf 86' lang='lat' dir='ltr'><strong>qui</strong></span> <span class='ocrx_word' id='word_1_525' title='bbox 2989 2137 3180 2199; x_wconf 80' lang='lat' dir='ltr'><strong>uident,</strong></span> <span class='ocrx_word' id='word_1_526' title='bbox 3215 2136 3336 2191; x_wconf 70' lang='grc' dir='ltr'><strong>ι’ωεὶ</strong></span> 
     </span>
    </p>
   </div>
   <div class='ocr_carea' id='block_1_67' title="bbox 1770 2222 1916 2290">
    <p class='ocr_par' dir='ltr' id='par_1_67' title="bbox 1770 2222 1916 2290">
     <span class='ocr_line' id='line_1_67' title="bbox 1770 2222 1916 2290; baseline -0.014 -14"><span class='ocrx_word' id='word_1_527' title='bbox 1770 2222 1916 2290; x_wconf 75' lang='lat' dir='ltr'><strong>ﬁant.</strong></span> 
     </span>
    </p>
   </div>
   <div class='ocr_carea' id='block_1_68' title="bbox 1841 2316 3336 2386">
    <p class='ocr_par' dir='ltr' id='par_1_68' title="bbox 1841 2316 3336 2386">
     <span class='ocr_line' id='line_1_68' title="bbox 1841 2316 3336 2386; baseline 0 -18"><span class='ocrx_word' id='word_1_528' title='bbox 1841 2316 1983 2369; x_wconf 73' lang='lat' dir='ltr'><strong>Dixit</strong></span> <span class='ocrx_word' id='word_1_529' title='bbox 2007 2317 2075 2371; x_wconf 85' lang='lat' dir='ltr'><strong>eis</strong></span> <span class='ocrx_word' id='word_1_530' title='bbox 2093 2317 2276 2376; x_wconf 73' lang='lat' dir='ltr'><strong>Iesus:</strong></span> <span class='ocrx_word' id='word_1_531' title='bbox 2298 2317 2356 2371; x_wconf 90' lang='lat' dir='ltr'><strong>Si</strong></span> <span class='ocrx_word' id='word_1_532' title='bbox 2394 2318 2513 2370; x_wconf 66' lang='lat' dir='ltr'><strong>caci</strong></span> <span class='ocrx_word' id='word_1_533' title='bbox 2540 2319 2729 2383; x_wconf 77' lang='lat' dir='ltr'><strong>essetis,</strong></span> <span class='ocrx_word' id='word_1_534' title='bbox 2762 2333 2861 2370; x_wconf 88' lang='lat' dir='ltr'><strong>non</strong></span> <span class='ocrx_word' id='word_1_535' title='bbox 2902 2317 3336 2386; x_wconf 76' lang='lat' dir='ltr'><strong>habmtispecco-</strong></span> 
     </span>
    </p>
   </div>
   <div class='ocr_carea' id='block_1_69' title="bbox 1768 2406 3329 2474">
    <p class='ocr_par' dir='ltr' id='par_1_69' title="bbox 1768 2406 3329 2474">
     <span class='ocr_line' id='line_1_69' title="bbox 1768 2406 3329 2474; baseline 0.002 -17"><span class='ocrx_word' id='word_1_536' title='bbox 1768 2414 1896 2459; x_wconf 88' lang='lat' dir='ltr'><strong>tum.</strong></span> <span class='ocrx_word' id='word_1_537' title='bbox 1925 2406 2054 2461; x_wconf 89' lang='lat' dir='ltr'><strong>Cum</strong></span> <span class='ocrx_word' id='word_1_538' title='bbox 2079 2408 2145 2461; x_wconf 84' lang='lat' dir='ltr'><strong>sit</strong></span> <span class='ocrx_word' id='word_1_539' title='bbox 2172 2409 2382 2462; x_wconf 64' lang='lat' dir='ltr'><strong>cecita‘s</strong></span> <span class='ocrx_word' id='word_1_540' title='bbox 2410 2407 2520 2474; x_wconf 84' lang='lat' dir='ltr'><strong>ipsa</strong></span> <span class='ocrx_word' id='word_1_541' title='bbox 2546 2416 2839 2473; x_wconf 75' lang='lat' dir='ltr'><strong>peccatum,</strong></span> <span class='ocrx_word' id='word_1_542' title='bbox 2863 2409 2908 2461; x_wconf 82' lang='lat' dir='ltr'><strong>si</strong></span> <span class='ocrx_word' id='word_1_543' title='bbox 2929 2409 3047 2462; x_wconf 66' lang='lat' dir='ltr'><strong>(reci</strong></span> <span class='ocrx_word' id='word_1_544' title='bbox 3066 2409 3257 2470; x_wconf 83' lang='lat' dir='ltr'><strong>essetis,</strong></span> <span class='ocrx_word' id='word_1_545' title='bbox 3279 2407 3329 2460; x_wconf 88' lang='lat' dir='ltr'><strong>id</strong></span> 
     </span>
    </p>
   </div>
   <div class='ocr_carea' id='block_1_70' title="bbox 1766 2499 3331 2566">
    <p class='ocr_par' dir='ltr' id='par_1_70' title="bbox 1766 2499 3331 2566">
     <span class='ocr_line' id='line_1_70' title="bbox 1766 2499 3331 2566; baseline 0.001 -14"><span class='ocrx_word' id='word_1_546' title='bbox 1766 2509 1867 2561; x_wconf 88' lang='lat' dir='ltr'><strong>est.</strong></span> <span class='ocrx_word' id='word_1_547' title='bbox 1896 2499 1939 2552; x_wconf 92' lang='lat' dir='ltr'><strong>si</strong></span> <span class='ocrx_word' id='word_1_548' title='bbox 1968 2514 2062 2554; x_wconf 87' lang='lat' dir='ltr'><strong>vos</strong></span> <span class='ocrx_word' id='word_1_549' title='bbox 2083 2514 2251 2555; x_wconf 70' lang='lat' dir='ltr'><strong>caecos</strong></span> <span class='ocrx_word' id='word_1_550' title='bbox 2275 2499 2639 2565; x_wconf 83' lang='lat' dir='ltr'><strong>adverteretis,</strong></span> <span class='ocrx_word' id='word_1_551' title='bbox 2670 2501 2714 2554; x_wconf 88' lang='lat' dir='ltr'><strong>si</strong></span> <span class='ocrx_word' id='word_1_552' title='bbox 2749 2513 2839 2556; x_wconf 87' lang='lat' dir='ltr'><strong>vos</strong></span> <span class='ocrx_word' id='word_1_553' title='bbox 2861 2509 3031 2555; x_wconf 76' lang='lat' dir='ltr'><strong>czncos</strong></span> <span class='ocrx_word' id='word_1_554' title='bbox 3058 2501 3331 2566; x_wconf 86' lang='lat' dir='ltr'><strong>diceretis,</strong></span> 
     </span>
    </p>
   </div>
   <div class='ocr_carea' id='block_1_71' title="bbox 1766 2587 3332 2659">
    <p class='ocr_par' dir='ltr' id='par_1_71' title="bbox 1766 2587 3332 2659">
     <span class='ocr_line' id='line_1_71' title="bbox 1766 2587 3332 2659; baseline -0.001 -15"><span class='ocrx_word' id='word_1_555' title='bbox 1766 2589 1898 2644; x_wconf 86' lang='lat' dir='ltr'><strong>etad</strong></span> <span class='ocrx_word' id='word_1_556' title='bbox 1915 2589 2174 2644; x_wconf 89' lang='lat' dir='ltr'><strong>medicum</strong></span> <span class='ocrx_word' id='word_1_557' title='bbox 2197 2592 2510 2655; x_wconf 80' lang='lat' dir='ltr'><strong>curreretis;</strong></span> <span class='ocrx_word' id='word_1_558' title='bbox 2535 2592 2578 2644; x_wconf 91' lang='lat' dir='ltr'><strong>si</strong></span> <span class='ocrx_word' id='word_1_559' title='bbox 2604 2601 2731 2659; x_wconf 85' lang='lat' dir='ltr'><strong>ergo</strong></span> <span class='ocrx_word' id='word_1_560' title='bbox 2748 2590 2821 2644; x_wconf 82' lang='lat' dir='ltr'><strong>ita</strong></span> <span class='ocrx_word' id='word_1_561' title='bbox 2845 2590 2969 2645; x_wconf 55' lang='lat' dir='ltr'><strong>caci</strong></span> <span class='ocrx_word' id='word_1_562' title='bbox 2993 2587 3204 2654; x_wconf 75' lang='lat' dir='ltr'><strong>essetis,</strong></span> <span class='ocrx_word' id='word_1_563' title='bbox 3227 2603 3332 2642; x_wconf 89' lang='lat' dir='ltr'><strong>non</strong></span> 
     </span>
    </p>
   </div>
   <div class='ocr_carea' id='block_1_72' title="bbox 1769 2683 2359 2750">
    <p class='ocr_par' dir='ltr' id='par_1_72' title="bbox 1769 2683 2359 2750">
     <span class='ocr_line' id='line_1_72' title="bbox 1769 2683 2359 2750; baseline 0.002 -16"><span class='ocrx_word' id='word_1_564' title='bbox 1769 2683 2034 2736; x_wconf 85' lang='lat' dir='ltr'><strong>haberetis</strong></span> <span class='ocrx_word' id='word_1_565' title='bbox 2067 2691 2359 2750; x_wconf 83' lang='lat' dir='ltr'><strong>peccatum.</strong></span> 
     </span>
    </p>
   </div>
   <div class='ocr_carea' id='block_1_73' title="bbox 1837 2772 3333 2844">
    <p class='ocr_par' dir='ltr' id='par_1_73' title="bbox 1837 2772 3333 2844">
     <span class='ocr_line' id='line_1_73' title="bbox 1837 2772 3333 2844; baseline -0.003 -18"><span class='ocrx_word' id='word_1_566' title='bbox 1837 2772 1991 2826; x_wconf 86' lang='lat' dir='ltr'><strong>Nunc</strong></span> <span class='ocrx_word' id='word_1_567' title='bbox 2011 2790 2125 2828; x_wconf 86' lang='lat' dir='ltr'><strong>vero</strong></span> <span class='ocrx_word' id='word_1_568' title='bbox 2152 2775 2270 2843; x_wconf 82' lang='lat' dir='ltr'><strong>quia</strong></span> <span class='ocrx_word' id='word_1_569' title='bbox 2309 2775 2498 2840; x_wconf 73' lang='lat' dir='ltr'><strong>dicitis,</strong></span> <span class='ocrx_word' id='word_1_570' title='bbox 2523 2774 2640 2844; x_wconf 83' lang='lat' dir='ltr'><strong>quia</strong></span> <span class='ocrx_word' id='word_1_571' title='bbox 2660 2772 2883 2827; x_wconf 82' lang='lat' dir='ltr'><strong>videmus</strong></span> <span class='ocrx_word' id='word_1_572' title='bbox 2901 2810 2916 2836; x_wconf 92' lang='lat'><strong>,</strong></span> <span class='ocrx_word' id='word_1_573' title='bbox 2958 2778 3215 2839; x_wconf 67' lang='lat' dir='ltr'><strong>peccatum</strong></span> <span class='ocrx_word' id='word_1_574' title='bbox 3247 2783 3333 2823; x_wconf 75' lang='lat' dir='ltr'><strong>ce-</strong></span> 
     </span>
    </p>
   </div>
   <div class='ocr_carea' id='block_1_74' title="bbox 1762 2865 3330 2935">
    <p class='ocr_par' dir='ltr' id='par_1_74' title="bbox 1762 2865 3330 2935">
     <span class='ocr_line' id='line_1_74' title="bbox 1762 2865 3330 2935; baseline -0.001 -17"><span class='ocrx_word' id='word_1_575' title='bbox 1762 2873 1920 2919; x_wconf 73' lang='lat' dir='ltr'><strong>strsm</strong></span> <span class='ocrx_word' id='word_1_576' title='bbox 1941 2876 2122 2920; x_wconf 83' lang='lat' dir='ltr'><strong>manet.</strong></span> <span class='ocrx_word' id='word_1_577' title='bbox 2152 2866 2357 2934; x_wconf 74' lang='lat' dir='ltr'><strong>Quare?</strong></span> <span class='ocrx_word' id='word_1_578' title='bbox 2378 2868 2496 2935; x_wconf 90' lang='lat' dir='ltr'><strong>quia</strong></span> <span class='ocrx_word' id='word_1_579' title='bbox 2519 2867 2742 2921; x_wconf 75' lang='lat' dir='ltr'><strong>dicendo</strong></span> <span class='ocrx_word' id='word_1_580' title='bbox 2775 2865 3039 2931; x_wconf 79' lang='lat' dir='ltr'><strong>Videmus,</strong></span> <span class='ocrx_word' id='word_1_581' title='bbox 3067 2865 3330 2920; x_wconf 84' lang='lat' dir='ltr'><strong>medicum</strong></span> 
     </span>
    </p>
   </div>
   <div class='ocr_carea' id='block_1_75' title="bbox 1765 2958 3026 3026">
    <p class='ocr_par' dir='ltr' id='par_1_75' title="bbox 1765 2958 3026 3026">
     <span class='ocr_line' id='line_1_75' title="bbox 1765 2958 3026 3026; baseline 0 -16"><span class='ocrx_word' id='word_1_582' title='bbox 1765 2972 1868 3011; x_wconf 91' lang='lat' dir='ltr'><strong>non</strong></span> <span class='ocrx_word' id='word_1_583' title='bbox 1891 2958 2149 3026; x_wconf 69' lang='lat' dir='ltr'><strong>qumritis,</strong></span> <span class='ocrx_word' id='word_1_584' title='bbox 2176 2960 2228 3011; x_wconf 90' lang='lat' dir='ltr'><strong>in</strong></span> <span class='ocrx_word' id='word_1_585' title='bbox 2251 2959 2488 3012; x_wconf 77' lang='lat' dir='ltr'><strong>czecitate</strong></span> <span class='ocrx_word' id='word_1_586' title='bbox 2515 2966 2692 3012; x_wconf 83' lang='lat' dir='ltr'><strong>vestra</strong></span> <span class='ocrx_word' id='word_1_587' title='bbox 2719 2959 3026 3012; x_wconf 84' lang='lat' dir='ltr'><strong>remanetis.</strong></span> 
     </span>
    </p>
   </div>
   <div class='ocr_carea' id='block_1_76' title="bbox 1833 3056 3333 3210">
    <p class='ocr_par' dir='ltr' id='par_1_76' title="bbox 1833 3056 3333 3210">
     <span class='ocr_line' id='line_1_76' title="bbox 1833 3056 3333 3210; baseline -0.001 -22"><span class='ocrx_word' id='word_1_588' title='bbox 1833 3135 2171 3202; x_wconf 76' lang='lat' dir='ltr'><strong>Amcn,amen</strong></span> <span class='ocrx_word' id='word_1_589' title='bbox 2204 3136 2317 3190; x_wconf 82' lang='lat' dir='ltr'><strong>dico</strong></span> <span class='ocrx_word' id='word_1_590' title='bbox 2356 3056 2765 3203; x_wconf 56' lang='lat' dir='ltr'><strong>Qrui‘non</strong></span> <span class='ocrx_word' id='word_1_591' title='bbox 2789 3135 2944 3188; x_wconf 79' lang='lat' dir='ltr'><strong>intrat</strong></span> <span class='ocrx_word' id='word_1_592' title='bbox 2963 3151 3052 3210; x_wconf 68' lang='lat' dir='ltr'><strong>per</strong></span> <span class='ocrx_word' id='word_1_593' title='bbox 3080 3138 3333 3188; x_wconf 71' lang='lat' dir='ltr'><strong>ostiorum</strong></span> 
     </span>
    </p>
   </div>
   <div class='ocr_carea' id='block_1_77' title="bbox 1765 3224 3325 3294">
    <p class='ocr_par' dir='ltr' id='par_1_77' title="bbox 1765 3224 3325 3294">
     <span class='ocr_line' id='line_1_77' title="bbox 1765 3224 3325 3294; baseline 0 -16"><span class='ocrx_word' id='word_1_594' title='bbox 1765 3225 1891 3279; x_wconf 85' lang='lat' dir='ltr'><strong>ovile</strong></span> <span class='ocrx_word' id='word_1_595' title='bbox 1932 3227 2129 3292; x_wconf 88' lang='lat' dir='ltr'><strong>ovium,</strong></span> <span class='ocrx_word' id='word_1_596' title='bbox 2170 3227 2257 3280; x_wconf 87' lang='lat' dir='ltr'><strong>sed</strong></span> <span class='ocrx_word' id='word_1_597' title='bbox 2301 3227 2526 3280; x_wconf 84' lang='lat' dir='ltr'><strong>ascendit</strong></span> <span class='ocrx_word' id='word_1_598' title='bbox 2562 3226 2788 3291; x_wconf 88' lang='lat' dir='ltr'><strong>aliunde,</strong></span> <span class='ocrx_word' id='word_1_599' title='bbox 2823 3227 2907 3294; x_wconf 78' lang='lat' dir='ltr'><strong>fur</strong></span> <span class='ocrx_word' id='word_1_600' title='bbox 2945 3236 3036 3290; x_wconf 85' lang='lat' dir='ltr'><strong>est,</strong></span> <span class='ocrx_word' id='word_1_601' title='bbox 3086 3235 3133 3279; x_wconf 89' lang='lat' dir='ltr'><strong>et</strong></span> <span class='ocrx_word' id='word_1_602' title='bbox 3173 3224 3325 3278; x_wconf 87' lang='lat' dir='ltr'><strong>latro.</strong></span> 
     </span>
    </p>
   </div>
   <div class='ocr_carea' id='block_1_78' title="bbox 1767 3317 3329 3388">
    <p class='ocr_par' dir='ltr' id='par_1_78' title="bbox 1767 3317 3329 3388">
     <span class='ocr_line' id='line_1_78' title="bbox 1767 3317 3329 3388; baseline -0.001 -14"><span class='ocrx_word' id='word_1_603' title='bbox 1767 3319 1943 3388; x_wconf 87' lang='lat' dir='ltr'><strong>Usque</strong></span> <span class='ocrx_word' id='word_1_604' title='bbox 1992 3321 2043 3374; x_wconf 89' lang='lat' dir='ltr'><strong>in</strong></span> <span class='ocrx_word' id='word_1_605' title='bbox 2098 3331 2217 3375; x_wconf 84' lang='lat' dir='ltr'><strong>eum</strong></span> <span class='ocrx_word' id='word_1_606' title='bbox 2279 3321 2487 3374; x_wconf 86' lang='lat' dir='ltr'><strong>locum:</strong></span> <span class='ocrx_word' id='word_1_607' title='bbox 2539 3318 2655 3373; x_wconf 86' lang='lat' dir='ltr'><strong>Hoc</strong></span> <span class='ocrx_word' id='word_1_608' title='bbox 2709 3319 3023 3388; x_wconf 79' lang='lat' dir='ltr'><strong>proverbium</strong></span> <span class='ocrx_word' id='word_1_609' title='bbox 3076 3317 3208 3371; x_wconf 70' lang='lat' dir='ltr'><strong>dixit</strong></span> <span class='ocrx_word' id='word_1_610' title='bbox 3252 3317 3329 3372; x_wconf 84' lang='lat' dir='ltr'><strong>eis</strong></span> 
     </span>
    </p>
   </div>
   <div class='ocr_carea' id='block_1_79' title="bbox 1761 3409 1928 3463">
    <p class='ocr_par' dir='ltr' id='par_1_79' title="bbox 1761 3409 1928 3463">
     <span class='ocr_line' id='line_1_79' title="bbox 1761 3409 1928 3463; baseline -0.006 0"><span class='ocrx_word' id='word_1_611' title='bbox 1761 3409 1794 3462; x_wconf 87' lang='lat' dir='ltr'><em>J</em></span> <span class='ocrx_word' id='word_1_612' title='bbox 1798 3426 1928 3463; x_wconf 79' lang='lat' dir='ltr'><strong>esus.</strong></span> 
     </span>
    </p>
   </div>
   <div class='ocr_carea' id='block_1_80' title="bbox 1834 3498 3324 3570">
    <p class='ocr_par' dir='ltr' id='par_1_80' title="bbox 1834 3498 3324 3570">
     <span class='ocr_line' id='line_1_80' title="bbox 1834 3498 3324 3570; baseline 0 -18"><span class='ocrx_word' id='word_1_613' title='bbox 1834 3498 1924 3552; x_wconf 85' lang='lat' dir='ltr'><strong>Illi</strong></span> <span class='ocrx_word' id='word_1_614' title='bbox 1971 3511 2138 3554; x_wconf 80' lang='lat' dir='ltr'><strong>autem</strong></span> <span class='ocrx_word' id='word_1_615' title='bbox 2185 3517 2286 3554; x_wconf 86' lang='lat' dir='ltr'><strong>non</strong></span> <span class='ocrx_word' id='word_1_616' title='bbox 2344 3509 2681 3570; x_wconf 81' lang='lat' dir='ltr'><strong>cognoverunt</strong></span> <span class='ocrx_word' id='word_1_617' title='bbox 2727 3499 2851 3568; x_wconf 84' lang='lat' dir='ltr'><strong>quid</strong></span> <span class='ocrx_word' id='word_1_618' title='bbox 2899 3508 3185 3567; x_wconf 81' lang='lat' dir='ltr'><strong>loqueretur</strong></span> <span class='ocrx_word' id='word_1_619' title='bbox 3231 3501 3324 3552; x_wconf 85' lang='lat' dir='ltr'><strong>eis.</strong></span> 
     </span>
    </p>
   </div>
   <div class='ocr_carea' id='block_1_81' title="bbox 1763 3590 3319 3663">
    <p class='ocr_par' dir='ltr' id='par_1_81' title="bbox 1763 3590 3319 3663">
     <span class='ocr_line' id='line_1_81' title="bbox 1763 3590 3319 3663; baseline -0.001 -18"><span class='ocrx_word' id='word_1_620' title='bbox 1763 3590 1983 3660; x_wconf 84' lang='lat' dir='ltr'><strong>Propter</strong></span> <span class='ocrx_word' id='word_1_621' title='bbox 2009 3593 2394 3648; x_wconf 79' lang='lat' dir='ltr'><strong>Pharisaeorum</strong></span> <span class='ocrx_word' id='word_1_622' title='bbox 2434 3594 2544 3663; x_wconf 89' lang='lat' dir='ltr'><strong>(qui</strong></span> <span class='ocrx_word' id='word_1_623' title='bbox 2584 3606 2643 3646; x_wconf 90' lang='lat' dir='ltr'><strong>se</strong></span> <span class='ocrx_word' id='word_1_624' title='bbox 2684 3593 2864 3647; x_wconf 86' lang='lat' dir='ltr'><strong>videre</strong></span> <span class='ocrx_word' id='word_1_625' title='bbox 2887 3591 3176 3660; x_wconf 84' lang='lat' dir='ltr'><strong>jactabant,</strong></span> <span class='ocrx_word' id='word_1_626' title='bbox 3200 3606 3319 3645; x_wconf 87' lang='lat' dir='ltr'><strong>cum</strong></span> 
     </span>
    </p>
   </div>
   <div class='ocr_carea' id='block_1_82' title="bbox 1762 3683 3322 3753">
    <p class='ocr_par' dir='ltr' id='par_1_82' title="bbox 1762 3683 3322 3753">
     <span class='ocr_line' id='line_1_82' title="bbox 1762 3683 3322 3753; baseline 0 -17"><span class='ocrx_word' id='word_1_627' title='bbox 1762 3683 1886 3736; x_wconf 61' lang='lat' dir='ltr'><strong>caeci</strong></span> <span class='ocrx_word' id='word_1_628' title='bbox 1917 3685 2116 3753; x_wconf 88' lang='lat' dir='ltr'><strong>essent)</strong></span> <span class='ocrx_word' id='word_1_629' title='bbox 2143 3693 2454 3738; x_wconf 85' lang='lat' dir='ltr'><strong>venenatam</strong></span> <span class='ocrx_word' id='word_1_630' title='bbox 2485 3692 2540 3738; x_wconf 89' lang='lat' dir='ltr'><strong>et</strong></span> <span class='ocrx_word' id='word_1_631' title='bbox 2568 3685 2874 3748; x_wconf 84' lang='lat' dir='ltr'><strong>superbam,</strong></span> <span class='ocrx_word' id='word_1_632' title='bbox 2900 3694 2953 3738; x_wconf 87' lang='lat' dir='ltr'><strong>et</strong></span> <span class='ocrx_word' id='word_1_633' title='bbox 2977 3683 3322 3738; x_wconf 86' lang='lat' dir='ltr'><strong>insanabilem</strong></span> 
     </span>
    </p>
   </div>
   <div class='ocr_carea' id='block_1_83' title="bbox 1762 3776 3325 3845">
    <p class='ocr_par' dir='ltr' id='par_1_83' title="bbox 1762 3776 3325 3845">
     <span class='ocr_line' id='line_1_83' title="bbox 1762 3776 3325 3845; baseline -0.001 -17"><span class='ocrx_word' id='word_1_634' title='bbox 1762 3777 2111 3845; x_wconf 84' lang='lat' dir='ltr'><strong>arrogantiam</strong></span> <span class='ocrx_word' id='word_1_635' title='bbox 2145 3777 2396 3830; x_wconf 88' lang='lat' dir='ltr'><strong>Dominus</strong></span> <span class='ocrx_word' id='word_1_636' title='bbox 2423 3776 2578 3830; x_wconf 87' lang='lat' dir='ltr'><strong>Jesus</strong></span> <span class='ocrx_word' id='word_1_637' title='bbox 2627 3777 2725 3829; x_wconf 90' lang='lat' dir='ltr'><strong>ista</strong></span> <span class='ocrx_word' id='word_1_638' title='bbox 2771 3779 3062 3837; x_wconf 75' lang='lat' dir='ltr'><strong>contexuit,</strong></span> <span class='ocrx_word' id='word_1_639' title='bbox 3107 3791 3224 3843; x_wconf 75' lang='lat' dir='ltr'><strong>quze</strong></span> <span class='ocrx_word' id='word_1_640' title='bbox 3274 3777 3325 3828; x_wconf 89' lang='lat' dir='ltr'><strong>in</strong></span> 
     </span>
    </p>
   </div>
   <div class='ocr_carea' id='block_1_84' title="bbox 1765 3864 3325 3936">
    <p class='ocr_par' dir='ltr' id='par_1_84' title="bbox 1765 3864 3325 3936">
     <span class='ocr_line' id='line_1_84' title="bbox 1765 3864 3325 3936; baseline 0.003 -20"><span class='ocrx_word' id='word_1_641' title='bbox 1765 3864 1860 3916; x_wconf 81' lang='lat' dir='ltr'><strong>hac</strong></span> <span class='ocrx_word' id='word_1_642' title='bbox 1885 3865 2132 3931; x_wconf 86' lang='lat' dir='ltr'><strong>parabola</strong></span> <span class='ocrx_word' id='word_1_643' title='bbox 2161 3867 2428 3936; x_wconf 84' lang='lat' dir='ltr'><strong>leguntur,</strong></span> <span class='ocrx_word' id='word_1_644' title='bbox 2454 3882 2610 3934; x_wconf 83' lang='lat' dir='ltr'><strong>quam</strong></span> <span class='ocrx_word' id='word_1_645' title='bbox 2641 3867 2754 3934; x_wconf 81' lang='lat' dir='ltr'><strong>ipse</strong></span> <span class='ocrx_word' id='word_1_646' title='bbox 2782 3867 2882 3920; x_wconf 88' lang='lat' dir='ltr'><strong>illis</strong></span> <span class='ocrx_word' id='word_1_647' title='bbox 2911 3867 3325 3935; x_wconf 73' lang='lat' dir='ltr'><strong>inttzliigentib‘us</strong></span> 
     </span>
    </p>
   </div>
   <div class='ocr_carea' id='block_1_85' title="bbox 1762 3954 3329 4024">
    <p class='ocr_par' dir='ltr' id='par_1_85' title="bbox 1762 3954 3329 4024">
     <span class='ocr_line' id='line_1_85' title="bbox 1762 3954 3329 4024; baseline 0.001 -16"><span class='ocrx_word' id='word_1_648' title='bbox 1762 3969 2036 4022; x_wconf 84' lang='lat' dir='ltr'><strong>exponere</strong></span> <span class='ocrx_word' id='word_1_649' title='bbox 2067 3957 2311 4024; x_wconf 82' lang='lat' dir='ltr'><strong>dignatus</strong></span> <span class='ocrx_word' id='word_1_650' title='bbox 2340 3965 2457 4010; x_wconf 76' lang='lat' dir='ltr'><strong>est:</strong></span> <span class='ocrx_word' id='word_1_651' title='bbox 2493 3957 2541 4009; x_wconf 94' lang='lat' dir='ltr'><strong>in</strong></span> <span class='ocrx_word' id='word_1_652' title='bbox 2576 3972 2676 4022; x_wconf 81' lang='lat' dir='ltr'><strong>qua</strong></span> <span class='ocrx_word' id='word_1_653' title='bbox 2708 3970 2804 4009; x_wconf 87' lang='lat' dir='ltr'><strong>nos</strong></span> <span class='ocrx_word' id='word_1_654' title='bbox 2827 3955 3128 4020; x_wconf 69' lang='lat' dir='ltr'><strong>salubriter,</strong></span> <span class='ocrx_word' id='word_1_655' title='bbox 3159 3954 3202 4008; x_wconf 88' lang='lat' dir='ltr'><strong>si</strong></span> <span class='ocrx_word' id='word_1_656' title='bbox 3230 3954 3329 4009; x_wconf 86' lang='lat' dir='ltr'><strong>ad-</strong></span> 
     </span>
    </p>
   </div>
   <div class='ocr_carea' id='block_1_86' title="bbox 1762 4047 3323 4117">
    <p class='ocr_par' dir='ltr' id='par_1_86' title="bbox 1762 4047 3323 4117">
     <span class='ocr_line' id='line_1_86' title="bbox 1762 4047 3323 4117; baseline 0.001 -20"><span class='ocrx_word' id='word_1_657' title='bbox 1762 4056 2051 4110; x_wconf 85' lang='lat' dir='ltr'><strong>vertamus,</strong></span> <span class='ocrx_word' id='word_1_658' title='bbox 2069 4047 2341 4101; x_wconf 81' lang='lat' dir='ltr'><strong>admonuit</strong></span> <span class='ocrx_word' id='word_1_659' title='bbox 2363 4063 2463 4101; x_wconf 83' lang='lat' dir='ltr'><strong>non</strong></span> <span class='ocrx_word' id='word_1_660' title='bbox 2483 4047 2696 4117; x_wconf 84' lang='lat' dir='ltr'><strong>gloriari</strong></span> <span class='ocrx_word' id='word_1_661' title='bbox 2727 4048 2778 4100; x_wconf 88' lang='lat' dir='ltr'><strong>in</strong></span> <span class='ocrx_word' id='word_1_662' title='bbox 2799 4047 3052 4114; x_wconf 84' lang='lat' dir='ltr'><strong>sapientia</strong></span> <span class='ocrx_word' id='word_1_663' title='bbox 3073 4047 3323 4110; x_wconf 83' lang='lat' dir='ltr'><strong>humana,</strong></span> 
     </span>
    </p>
   </div>
   <div class='ocr_carea' id='block_1_87' title="bbox 1763 4139 3322 4211">
    <p class='ocr_par' dir='ltr' id='par_1_87' title="bbox 1763 4139 3322 4211">
     <span class='ocr_line' id='line_1_87' title="bbox 1763 4139 3322 4211; baseline 0 -18"><span class='ocrx_word' id='word_1_664' title='bbox 1763 4157 1864 4194; x_wconf 92' lang='lat' dir='ltr'><strong>non</strong></span> <span class='ocrx_word' id='word_1_665' title='bbox 1909 4142 1958 4194; x_wconf 92' lang='lat' dir='ltr'><strong>in</strong></span> <span class='ocrx_word' id='word_1_666' title='bbox 1991 4155 2196 4195; x_wconf 81' lang='lat' dir='ltr'><strong>morum</strong></span> <span class='ocrx_word' id='word_1_667' title='bbox 2225 4143 2498 4211; x_wconf 82' lang='lat' dir='ltr'><strong>dignitate,</strong></span> <span class='ocrx_word' id='word_1_668' title='bbox 2523 4143 2566 4195; x_wconf 81' lang='lat' dir='ltr'><strong>si</strong></span> <span class='ocrx_word' id='word_1_669' title='bbox 2612 4141 2877 4194; x_wconf 81' lang='lat' dir='ltr'><strong>humilitas</strong></span> <span class='ocrx_word' id='word_1_670' title='bbox 2897 4140 3018 4194; x_wconf 89' lang='lat' dir='ltr'><strong>tidei</strong></span> <span class='ocrx_word' id='word_1_671' title='bbox 3044 4139 3322 4193; x_wconf 73' lang='lat' dir='ltr'><strong>catholicas</strong></span> 
     </span>
    </p>
   </div>
   <div class='ocr_carea' id='block_1_88' title="bbox 1763 4230 3318 4302">
    <p class='ocr_par' dir='ltr' id='par_1_88' title="bbox 1763 4230 3318 4302">
     <span class='ocr_line' id='line_1_88' title="bbox 1763 4230 3318 4302; baseline -0.003 -17"><span class='ocrx_word' id='word_1_672' title='bbox 1763 4233 1816 4286; x_wconf 92' lang='lat' dir='ltr'><strong>in</strong></span> <span class='ocrx_word' id='word_1_673' title='bbox 1841 4233 2107 4302; x_wconf 74' lang='lat' dir='ltr'><strong>Christum</strong></span> <span class='ocrx_word' id='word_1_674' title='bbox 2129 4234 2292 4287; x_wconf 81' lang='lat' dir='ltr'><strong>desit.</strong></span> <span class='ocrx_word' id='word_1_675' title='bbox 2327 4233 2470 4288; x_wconf 79' lang='grc' dir='ltr'><strong>Μυηί</strong></span> <span class='ocrx_word' id='word_1_676' title='bbox 2492 4233 2633 4288; x_wconf 91' lang='lat' dir='ltr'><strong>enim</strong></span> <span class='ocrx_word' id='word_1_677' title='bbox 2665 4239 2788 4286; x_wconf 89' lang='lat' dir='ltr'><strong>sunt</strong></span> <span class='ocrx_word' id='word_1_678' title='bbox 2817 4230 2999 4300; x_wconf 80' lang='lat' dir='ltr'><strong>pagani</strong></span> <span class='ocrx_word' id='word_1_679' title='bbox 3021 4231 3106 4295; x_wconf 88' lang='lat' dir='ltr'><strong>qui</strong></span> <span class='ocrx_word' id='word_1_680' title='bbox 3130 4239 3318 4284; x_wconf 76' lang='lat' dir='ltr'><strong>secun-</strong></span> 
     </span>
    </p>
   </div>
   <div class='ocr_carea' id='block_1_89' title="bbox 1765 4321 3330 4392">
    <p class='ocr_par' dir='ltr' id='par_1_89' title="bbox 1765 4321 3330 4392">
     <span class='ocr_line' id='line_1_89' title="bbox 1765 4321 3330 4392; baseline -0.004 -14"><span class='ocrx_word' id='word_1_681' title='bbox 1765 4324 1888 4378; x_wconf 88' lang='lat' dir='ltr'><strong>dum</strong></span> <span class='ocrx_word' id='word_1_682' title='bbox 1939 4325 2220 4392; x_wconf 79' lang='lat' dir='ltr'><strong>quamdam</strong></span> <span class='ocrx_word' id='word_1_683' title='bbox 2271 4325 2392 4377; x_wconf 60' lang='lat' dir='ltr'><strong>vita</strong></span> <span class='ocrx_word' id='word_1_684' title='bbox 2424 4324 2577 4388; x_wconf 84' lang='lat' dir='ltr'><strong>hujus</strong></span> <span class='ocrx_word' id='word_1_685' title='bbox 2606 4323 3040 4377; x_wconf 83' lang='lat' dir='ltr'><strong>consuetudinem</strong></span> <span class='ocrx_word' id='word_1_686' title='bbox 3084 4321 3330 4375; x_wconf 87' lang='lat' dir='ltr'><strong>dicuntur</strong></span> 
     </span>
    </p>
   </div>
   <div class='ocr_carea' id='block_1_90' title="bbox 139 4415 3328 4493">
    <p class='ocr_par' dir='ltr' id='par_1_90' title="bbox 139 4415 3328 4493">
     <span class='ocr_line' id='line_1_90' title="bbox 139 4415 3328 4493; baseline -0.003 -17"><span class='ocrx_word' id='word_1_687' title='bbox 139 4422 386 4480; x_wconf 80' lang='lat' dir='ltr'><strong>Incumbile</strong></span> <span class='ocrx_word' id='word_1_688' title='bbox 411 4438 535 4493; x_wconf 86' lang='lat' dir='ltr'><strong>ergo</strong></span> <span class='ocrx_word' id='word_1_689' title='bbox 577 4421 923 4484; x_wconf 85' lang='lat' dir='ltr'><strong>orationibus,</strong></span> <span class='ocrx_word' id='word_1_690' title='bbox 968 4430 1289 4488; x_wconf 89' lang='lat' dir='ltr'><strong>peccatores,</strong></span> <span class='ocrx_word' id='word_1_691' title='bbox 1325 4417 1660 4475; x_wconf 74' lang='lat' dir='ltr'><strong>confitemini</strong></span> <span class='ocrx_word' id='word_1_692' title='bbox 1687 4417 1740 4477; x_wconf 84' lang='grc' dir='ltr'><strong>Ι)</strong></span> <span class='ocrx_word' id='word_1_693' title='bbox 1771 4419 1891 4472; x_wconf 87' lang='lat' dir='ltr'><strong>boni</strong></span> <span class='ocrx_word' id='word_1_694' title='bbox 1951 4417 2209 4483; x_wconf 87' lang='lat' dir='ltr'><strong>homines,</strong></span> <span class='ocrx_word' id='word_1_695' title='bbox 2240 4417 2569 4481; x_wconf 85' lang='lat' dir='ltr'><strong>innocentes,</strong></span> <span class='ocrx_word' id='word_1_696' title='bbox 2601 4423 2656 4468; x_wconf 91' lang='lat' dir='ltr'><strong>et</strong></span> <span class='ocrx_word' id='word_1_697' title='bbox 2693 4417 2843 4483; x_wconf 87' lang='lat' dir='ltr'><strong>quasi</strong></span> <span class='ocrx_word' id='word_1_698' title='bbox 2875 4415 3219 4468; x_wconf 82' lang='lat' dir='ltr'><strong>observantes</strong></span> <span class='ocrx_word' id='word_1_699' title='bbox 3265 4427 3328 4468; x_wconf 86' lang='lat' dir='ltr'><strong>ea</strong></span> 
     </span>
    </p>
   </div>
   <div class='ocr_carea' id='block_1_91' title="bbox 141 4511 1658 4581">
    <p class='ocr_par' dir='ltr' id='par_1_91' title="bbox 141 4511 1658 4581">
     <span class='ocr_line' id='line_1_91' title="bbox 141 4511 1658 4581; baseline -0.004 -11"><span class='ocrx_word' id='word_1_700' title='bbox 141 4521 319 4581; x_wconf 72' lang='lat' dir='ltr'><strong>peccata</strong></span> <span class='ocrx_word' id='word_1_701' title='bbox 346 4523 532 4579; x_wconf 77' lang='lat' dir='ltr'><strong>vestra,</strong></span> <span class='ocrx_word' id='word_1_702' title='bbox 561 4521 712 4567; x_wconf 84' lang='lat' dir='ltr'><strong>orate</strong></span> <span class='ocrx_word' id='word_1_703' title='bbox 740 4521 796 4566; x_wconf 88' lang='lat' dir='ltr'><strong>ut</strong></span> <span class='ocrx_word' id='word_1_704' title='bbox 822 4512 1117 4576; x_wconf 78' lang='lat' dir='ltr'><strong>deleantur,</strong></span> <span class='ocrx_word' id='word_1_705' title='bbox 1145 4520 1295 4565; x_wconf 83' lang='lat' dir='ltr'><strong>orate</strong></span> <span class='ocrx_word' id='word_1_706' title='bbox 1323 4520 1380 4565; x_wconf 90' lang='lat' dir='ltr'><strong>ut</strong></span> <span class='ocrx_word' id='word_1_707' title='bbox 1408 4511 1658 4565; x_wconf 87' lang='lat' dir='ltr'><strong>minuan-</strong></span> 
     </span>
    </p>
   </div>
   <div class='ocr_carea' id='block_1_92' title="bbox 144 4601 1656 4672">
    <p class='ocr_par' dir='ltr' id='par_1_92' title="bbox 144 4601 1656 4672">
     <span class='ocr_line' id='line_1_92' title="bbox 144 4601 1656 4672; baseline 0.002 -19"><span class='ocrx_word' id='word_1_708' title='bbox 144 4611 225 4666; x_wconf 86' lang='lat' dir='ltr'><strong>tur,</strong></span> <span class='ocrx_word' id='word_1_709' title='bbox 239 4614 372 4659; x_wconf 80' lang='lat' dir='ltr'><strong>orate</strong></span> <span class='ocrx_word' id='word_1_710' title='bbox 393 4611 446 4659; x_wconf 93' lang='lat' dir='ltr'><strong>ut</strong></span> <span class='ocrx_word' id='word_1_711' title='bbox 461 4605 612 4659; x_wconf 87' lang='lat' dir='ltr'><strong>vobis</strong></span> <span class='ocrx_word' id='word_1_712' title='bbox 635 4603 1026 4672; x_wconf 71' lang='lat' dir='ltr'><strong>proﬁcientibus</strong></span> <span class='ocrx_word' id='word_1_713' title='bbox 1046 4603 1156 4670; x_wconf 81' lang='lat' dir='ltr'><strong>ipsa</strong></span> <span class='ocrx_word' id='word_1_714' title='bbox 1175 4601 1454 4667; x_wconf 80' lang='lat' dir='ltr'><strong>deﬁciant;</strong></span> <span class='ocrx_word' id='word_1_715' title='bbox 1479 4611 1656 4657; x_wconf 85' lang='lat' dir='ltr'><strong>tamen</strong></span> 
     </span>
    </p>
   </div>
   <div class='ocr_carea' id='block_1_93' title="bbox 143 4694 1656 4764">
    <p class='ocr_par' dir='ltr' id='par_1_93' title="bbox 143 4694 1656 4764">
     <span class='ocr_line' id='line_1_93' title="bbox 143 4694 1656 4764; baseline 0.004 -20"><span class='ocrx_word' id='word_1_716' title='bbox 143 4694 277 4748; x_wconf 85' lang='lat' dir='ltr'><strong>nolite</strong></span> <span class='ocrx_word' id='word_1_717' title='bbox 299 4695 592 4764; x_wconf 79' lang='lat' dir='ltr'><strong>desperare,</strong></span> <span class='ocrx_word' id='word_1_718' title='bbox 616 4706 670 4751; x_wconf 87' lang='lat' dir='ltr'><strong>et</strong></span> <span class='ocrx_word' id='word_1_719' title='bbox 700 4703 1006 4762; x_wconf 84' lang='lat' dir='ltr'><strong>peccatores</strong></span> <span class='ocrx_word' id='word_1_720' title='bbox 1030 4704 1195 4748; x_wconf 74' lang='lat' dir='ltr'><strong>orate.</strong></span> <span class='ocrx_word' id='word_1_721' title='bbox 1225 4695 1355 4761; x_wconf 71' lang='lat' dir='ltr'><strong>Quis</strong></span> <span class='ocrx_word' id='word_1_722' title='bbox 1379 4697 1518 4750; x_wconf 89' lang='lat' dir='ltr'><strong>enim</strong></span> <span class='ocrx_word' id='word_1_723' title='bbox 1550 4711 1656 4750; x_wconf 92' lang='lat' dir='ltr'><strong>non</strong></span> 
     </span>
    </p>
   </div>
   <div class='ocr_carea' id='block_1_94' title="bbox 142 4785 1641 4854">
    <p class='ocr_par' dir='ltr' id='par_1_94' title="bbox 142 4785 1641 4854">
     <span class='ocr_line' id='line_1_94' title="bbox 142 4785 1641 4854; baseline 0.003 -17"><span class='ocrx_word' id='word_1_724' title='bbox 142 4786 370 4850; x_wconf 77' lang='lat' dir='ltr'><strong>peccavit?</strong></span> <span class='ocrx_word' id='word_1_725' title='bbox 395 4789 434 4841; x_wconf 84' lang='grc' dir='ltr'><strong>Δ</strong></span> <span class='ocrx_word' id='word_1_726' title='bbox 455 4785 816 4841; x_wconf 81' lang='lat' dir='ltr'><strong>sacerdotibus</strong></span> <span class='ocrx_word' id='word_1_727' title='bbox 837 4785 1025 4854; x_wconf 81' lang='lat' dir='ltr'><strong>incipe.</strong></span> <span class='ocrx_word' id='word_1_728' title='bbox 1051 4786 1424 4840; x_wconf 84' lang='lat' dir='ltr'><strong>Sacerdotibus</strong></span> <span class='ocrx_word' id='word_1_729' title='bbox 1447 4786 1641 4842; x_wconf 66' lang='lat' dir='ltr'><strong>dictum</strong></span> 
     </span>
    </p>
   </div>
   <div class='ocr_carea' id='block_1_95' title="bbox 141 4874 1659 4946">
    <p class='ocr_par' dir='ltr' id='par_1_95' title="bbox 141 4874 1659 4946">
     <span class='ocr_line' id='line_1_95' title="bbox 141 4874 1659 4946; baseline 0.007 -23"><span class='ocrx_word' id='word_1_730' title='bbox 141 4882 234 4928; x_wconf 77' lang='lat' dir='ltr'><strong>est:</strong></span> <span class='ocrx_word' id='word_1_731' title='bbox 262 4874 404 4932; x_wconf 83' lang='lat' dir='ltr'><strong>Prius</strong></span> <span class='ocrx_word' id='word_1_732' title='bbox 427 4876 602 4943; x_wconf 68' lang='lat' dir='ltr'><strong>offerte</strong></span> <span class='ocrx_word' id='word_1_733' title='bbox 631 4877 882 4945; x_wconf 78' lang='lat' dir='ltr'><strong>sacriﬁcia</strong></span> <span class='ocrx_word' id='word_1_734' title='bbox 911 4892 1000 4943; x_wconf 89' lang='lat' dir='ltr'><strong>pro</strong></span> <span class='ocrx_word' id='word_1_735' title='bbox 1028 4876 1241 4945; x_wconf 79' lang='lat' dir='ltr'><strong>peccatis</strong></span> <span class='ocrx_word' id='word_1_736' title='bbox 1266 4879 1439 4932; x_wconf 82' lang='lat' dir='ltr'><strong>vestris</strong></span> <span class='ocrx_word' id='word_1_737' title='bbox 1460 4922 1473 4946; x_wconf 90' lang='lat'><strong>,</strong></span> <span class='ocrx_word' id='word_1_738' title='bbox 1515 4888 1559 4932; x_wconf 85' lang='lat' dir='ltr'><strong>et</strong></span> <span class='ocrx_word' id='word_1_739' title='bbox 1585 4879 1659 4934; x_wconf 84' lang='lat' dir='ltr'><strong>sic</strong></span> 
     </span>
    </p>
   </div>
   <div class='ocr_carea' id='block_1_96' title="bbox 141 4965 1390 5038">
    <p class='ocr_par' dir='ltr' id='par_1_96' title="bbox 141 4965 1390 5038">
     <span class='ocr_line' id='line_1_96' title="bbox 141 4965 1390 5038; baseline 0.003 -20"><span class='ocrx_word' id='word_1_740' title='bbox 141 4983 214 5032; x_wconf 88' lang='lat' dir='ltr'><strong>pro</strong></span> <span class='ocrx_word' id='word_1_741' title='bbox 234 4966 628 5038; x_wconf 74' lang='lat' dir='ltr'><strong>populo(Esech.</strong></span> <span class='ocrx_word' id='word_1_742' title='bbox 658 4983 743 5031; x_wconf 76' lang='lat' dir='ltr'><strong>ts;</strong></span> <span class='ocrx_word' id='word_1_743' title='bbox 775 4965 930 5020; x_wconf 81' lang='lat' dir='ltr'><strong>Hebr.</strong></span> <span class='ocrx_word' id='word_1_744' title='bbox 955 4965 1070 5034; x_wconf 84' lang='lat' dir='ltr'><strong>vn).</strong></span> <span class='ocrx_word' id='word_1_745' title='bbox 1102 4967 1352 5037; x_wconf 85' lang='lat' dir='ltr'><strong>Sequitur</strong></span> <span class='ocrx_word' id='word_1_746' title='bbox 1378 4986 1390 5022; x_wconf 82' lang='lat'><strong>:</strong></span> 
     </span>
    </p>
   </div>
   <div class='ocr_carea' id='block_1_97' title="bbox 199 5055 1658 5130">
    <p class='ocr_par' dir='ltr' id='par_1_97' title="bbox 199 5055 1658 5130">
     <span class='ocr_line' id='line_1_97' title="bbox 199 5055 1658 5130; baseline 0.003 -22"><span class='ocrx_word' id='word_1_747' title='bbox 199 5055 252 5110; x_wconf 81' lang='lat' dir='ltr'><strong>In</strong></span> <span class='ocrx_word' id='word_1_748' title='bbox 276 5059 519 5127; x_wconf 76' lang='lat' dir='ltr'><strong>judicium</strong></span> <span class='ocrx_word' id='word_1_749' title='bbox 542 5076 634 5129; x_wconf 82' lang='lat' dir='ltr'><strong>ego</strong></span> <span class='ocrx_word' id='word_1_750' title='bbox 664 5059 720 5114; x_wconf 86' lang='lat' dir='ltr'><strong>in</strong></span> <span class='ocrx_word' id='word_1_751' title='bbox 749 5059 880 5111; x_wconf 83' lang='lat' dir='ltr'><strong>hunc</strong></span> <span class='ocrx_word' id='word_1_752' title='bbox 910 5060 1155 5112; x_wconf 87' lang='lat' dir='ltr'><strong>mundum</strong></span> <span class='ocrx_word' id='word_1_753' title='bbox 1182 5061 1291 5113; x_wconf 81' lang='lat' dir='ltr'><strong>veni</strong></span> <span class='ocrx_word' id='word_1_754' title='bbox 1311 5101 1323 5125; x_wconf 93' lang='lat'><strong>,</strong></span> <span class='ocrx_word' id='word_1_755' title='bbox 1363 5070 1415 5113; x_wconf 89' lang='lat' dir='ltr'><strong>ut</strong></span> <span class='ocrx_word' id='word_1_756' title='bbox 1445 5076 1530 5130; x_wconf 75' lang='lat' dir='ltr'><strong>qui</strong></span> <span class='ocrx_word' id='word_1_757' title='bbox 1560 5077 1658 5114; x_wconf 89' lang='lat' dir='ltr'><strong>non</strong></span> 
     </span>
    </p>
   </div>
   <div class='ocr_carea' id='block_1_98' title="bbox 139 5147 1656 5221">
    <p class='ocr_par' dir='ltr' id='par_1_98' title="bbox 139 5147 1656 5221">
     <span class='ocr_line' id='line_1_98' title="bbox 139 5147 1656 5221; baseline 0.005 -23"><span class='ocrx_word' id='word_1_758' title='bbox 139 5147 294 5216; x_wconf 77' lang='lat' dir='ltr'><strong>rident,</strong></span> <span class='ocrx_word' id='word_1_759' title='bbox 315 5149 535 5213; x_wconf 77' lang='lat' dir='ltr'><strong>videant;</strong></span> <span class='ocrx_word' id='word_1_760' title='bbox 558 5161 602 5204; x_wconf 88' lang='lat' dir='ltr'><strong>et</strong></span> <span class='ocrx_word' id='word_1_761' title='bbox 624 5151 713 5221; x_wconf 83' lang='lat' dir='ltr'><strong>qui</strong></span> <span class='ocrx_word' id='word_1_762' title='bbox 735 5151 922 5215; x_wconf 82' lang='lat' dir='ltr'><strong>vident,</strong></span> <span class='ocrx_word' id='word_1_763' title='bbox 945 5152 1064 5206; x_wconf 68' lang='lat' dir='ltr'><strong>caeci</strong></span> <span class='ocrx_word' id='word_1_764' title='bbox 1085 5151 1234 5218; x_wconf 78' lang='lat' dir='ltr'><strong>ﬁant.</strong></span> <span class='ocrx_word' id='word_1_765' title='bbox 1261 5151 1394 5217; x_wconf 87' lang='lat' dir='ltr'><strong>Quid</strong></span> <span class='ocrx_word' id='word_1_766' title='bbox 1418 5160 1500 5206; x_wconf 84' lang='lat' dir='ltr'><strong>est</strong></span> <span class='ocrx_word' id='word_1_767' title='bbox 1518 5153 1656 5221; x_wconf 87' lang='lat' dir='ltr'><strong>quod</strong></span> 
     </span>
    </p>
   </div>
   <div class='ocr_carea' id='block_1_99' title="bbox 141 5238 1656 5312">
    <p class='ocr_par' dir='ltr' id='par_1_99' title="bbox 141 5238 1656 5312">
     <span class='ocr_line' id='line_1_99' title="bbox 141 5238 1656 5312; baseline 0.004 -22"><span class='ocrx_word' id='word_1_768' title='bbox 141 5238 273 5292; x_wconf 83' lang='lat' dir='ltr'><strong>dicit:</strong></span> <span class='ocrx_word' id='word_1_769' title='bbox 302 5239 363 5292; x_wconf 88' lang='lat' dir='ltr'><strong>ln</strong></span> <span class='ocrx_word' id='word_1_770' title='bbox 382 5241 635 5310; x_wconf 75' lang='lat' dir='ltr'><strong>judicium</strong></span> <span class='ocrx_word' id='word_1_771' title='bbox 679 5256 768 5312; x_wconf 89' lang='lat' dir='ltr'><strong>ego</strong></span> <span class='ocrx_word' id='word_1_772' title='bbox 809 5242 861 5293; x_wconf 86' lang='lat' dir='ltr'><strong>in</strong></span> <span class='ocrx_word' id='word_1_773' title='bbox 905 5243 1036 5295; x_wconf 83' lang='lat' dir='ltr'><strong>hunc</strong></span> <span class='ocrx_word' id='word_1_774' title='bbox 1076 5243 1319 5295; x_wconf 86' lang='lat' dir='ltr'><strong>mundum</strong></span> <span class='ocrx_word' id='word_1_775' title='bbox 1355 5243 1486 5307; x_wconf 83' lang='lat' dir='ltr'><strong>ueni,</strong></span> <span class='ocrx_word' id='word_1_776' title='bbox 1534 5243 1656 5296; x_wconf 87' lang='lat' dir='ltr'><strong>dum</strong></span> 
     </span>
    </p>
   </div>
   <div class='ocr_carea' id='block_1_100' title="bbox 143 5331 1658 5406">
    <p class='ocr_par' dir='ltr' id='par_1_100' title="bbox 143 5331 1658 5406">
     <span class='ocr_line' id='line_1_100' title="bbox 143 5331 1658 5406; baseline 0.004 -23"><span class='ocrx_word' id='word_1_777' title='bbox 143 5331 226 5386; x_wconf 78' lang='lat' dir='ltr'><strong>alio</strong></span> <span class='ocrx_word' id='word_1_778' title='bbox 250 5331 354 5387; x_wconf 87' lang='lat' dir='ltr'><strong>loco</strong></span> <span class='ocrx_word' id='word_1_779' title='bbox 376 5332 538 5388; x_wconf 81' lang='lat' dir='ltr'><strong>dicit:</strong></span> <span class='ocrx_word' id='word_1_780' title='bbox 577 5331 698 5387; x_wconf 70' lang='lat' dir='ltr'><strong>Non</strong></span> <span class='ocrx_word' id='word_1_781' title='bbox 729 5334 858 5387; x_wconf 83' lang='lat' dir='ltr'><strong>enim</strong></span> <span class='ocrx_word' id='word_1_782' title='bbox 886 5335 997 5388; x_wconf 80' lang='lat' dir='ltr'><strong>veni</strong></span> <span class='ocrx_word' id='word_1_783' title='bbox 1030 5343 1086 5388; x_wconf 88' lang='lat' dir='ltr'><strong>ut</strong></span> <span class='ocrx_word' id='word_1_784' title='bbox 1113 5335 1338 5406; x_wconf 84' lang='lat' dir='ltr'><strong>judicent</strong></span> <span class='ocrx_word' id='word_1_785' title='bbox 1368 5338 1658 5390; x_wconf 82' lang='lat' dir='ltr'><strong>mundum?</strong></span> 
     </span>
    </p>
   </div>
   <div class='ocr_carea' id='block_1_101' title="bbox 142 5421 1654 5493">
    <p class='ocr_par' dir='ltr' id='par_1_101' title="bbox 142 5421 1654 5493">
     <span class='ocr_line' id='line_1_101' title="bbox 142 5421 1654 5493; baseline 0.009 -23"><span class='ocrx_word' id='word_1_786' title='bbox 142 5421 221 5476; x_wconf 87' lang='lat' dir='ltr'><strong>nisi</strong></span> <span class='ocrx_word' id='word_1_787' title='bbox 268 5425 378 5490; x_wconf 87' lang='lat' dir='ltr'><strong>quia</strong></span> <span class='ocrx_word' id='word_1_788' title='bbox 433 5425 571 5480; x_wconf 89' lang='lat' dir='ltr'><strong>aliud</strong></span> <span class='ocrx_word' id='word_1_789' title='bbox 627 5434 712 5481; x_wconf 81' lang='lat' dir='ltr'><strong>est</strong></span> <span class='ocrx_word' id='word_1_790' title='bbox 762 5424 1015 5493; x_wconf 86' lang='lat' dir='ltr'><strong>judicium</strong></span> <span class='ocrx_word' id='word_1_791' title='bbox 1071 5426 1442 5493; x_wconf 88' lang='lat' dir='ltr'><strong>discretionis,</strong></span> <span class='ocrx_word' id='word_1_792' title='bbox 1516 5428 1654 5483; x_wconf 88' lang='lat' dir='ltr'><strong>aliud</strong></span> 
     </span>
    </p>
   </div>
   <div class='ocr_carea' id='block_1_102' title="bbox 141 5511 1652 5588">
    <p class='ocr_par' dir='ltr' id='par_1_102' title="bbox 141 5511 1652 5588">
     <span class='ocr_line' id='line_1_102' title="bbox 141 5511 1652 5588; baseline 0.009 -28"><span class='ocrx_word' id='word_1_793' title='bbox 141 5519 203 5562; x_wconf 85' lang='lat' dir='ltr'><strong>est</strong></span> <span class='ocrx_word' id='word_1_794' title='bbox 226 5511 456 5578; x_wconf 82' lang='lat' dir='ltr'><strong>judicium</strong></span> <span class='ocrx_word' id='word_1_795' title='bbox 485 5514 865 5583; x_wconf 84' lang='lat' dir='ltr'><strong>damnationis,</strong></span> <span class='ocrx_word' id='word_1_796' title='bbox 894 5516 959 5570; x_wconf 91' lang='lat' dir='ltr'><strong>de</strong></span> <span class='ocrx_word' id='word_1_797' title='bbox 988 5532 1094 5585; x_wconf 90' lang='lat' dir='ltr'><strong>quo</strong></span> <span class='ocrx_word' id='word_1_798' title='bbox 1127 5516 1389 5571; x_wconf 90' lang='lat' dir='ltr'><strong>Dominus</strong></span> <span class='ocrx_word' id='word_1_799' title='bbox 1437 5517 1550 5588; x_wconf 81' lang='lat' dir='ltr'><strong>ipse</strong></span> <span class='ocrx_word' id='word_1_800' title='bbox 1580 5524 1652 5574; x_wconf 82' lang='lat' dir='ltr'><strong>ait</strong></span> 
     </span>
    </p>
   </div>
   <div class='ocr_carea' id='block_1_103' title="bbox 141 5604 1654 5681">
    <p class='ocr_par' dir='ltr' id='par_1_103' title="bbox 141 5604 1654 5681">
     <span class='ocr_line' id='line_1_103' title="bbox 141 5604 1654 5681; baseline 0.011 -32"><span class='ocrx_word' id='word_1_801' title='bbox 141 5604 270 5657; x_wconf 76' lang='lat' dir='ltr'><strong>alibi:</strong></span> <span class='ocrx_word' id='word_1_802' title='bbox 304 5607 396 5672; x_wconf 81' lang='lat' dir='ltr'><strong>Qui</strong></span> <span class='ocrx_word' id='word_1_803' title='bbox 424 5626 523 5662; x_wconf 85' lang='lat' dir='ltr'><strong>non</strong></span> <span class='ocrx_word' id='word_1_804' title='bbox 549 5609 709 5664; x_wconf 83' lang='lat' dir='ltr'><strong>credit</strong></span> <span class='ocrx_word' id='word_1_805' title='bbox 741 5611 792 5662; x_wconf 85' lang='lat' dir='ltr'><strong>in</strong></span> <span class='ocrx_word' id='word_1_806' title='bbox 821 5627 920 5673; x_wconf 85' lang='lat' dir='ltr'><strong>me,</strong></span> <span class='ocrx_word' id='word_1_807' title='bbox 955 5613 1064 5678; x_wconf 85' lang='lat' dir='ltr'><strong>jam</strong></span> <span class='ocrx_word' id='word_1_808' title='bbox 1087 5613 1347 5681; x_wconf 77' lang='lat' dir='ltr'><strong>judicatus</strong></span> <span class='ocrx_word' id='word_1_809' title='bbox 1371 5622 1443 5664; x_wconf 79' lang='lat' dir='ltr'><strong>est</strong></span> <span class='ocrx_word' id='word_1_810' title='bbox 1469 5612 1654 5675; x_wconf 86' lang='lat' dir='ltr'><strong>(Joau.</strong></span> 
     </span>
    </p>
   </div>
   <div class='ocr_carea' id='block_1_104' title="bbox 144 5696 1652 5767">
    <p class='ocr_par' dir='ltr' id='par_1_104' title="bbox 144 5696 1652 5767">
     <span class='ocr_line' id='line_1_104' title="bbox 144 5696 1652 5767; baseline 0.003 -17"><span class='ocrx_word' id='word_1_811' title='bbox 144 5696 223 5756; x_wconf 60' lang='lat' dir='ltr'><strong>ut).</strong></span> <span class='ocrx_word' id='word_1_812' title='bbox 265 5696 307 5750; x_wconf 86' lang='lat' dir='ltr'><strong>id</strong></span> <span class='ocrx_word' id='word_1_813' title='bbox 350 5707 446 5767; x_wconf 85' lang='lat' dir='ltr'><strong>est,</strong></span> <span class='ocrx_word' id='word_1_814' title='bbox 475 5699 778 5754; x_wconf 86' lang='lat' dir='ltr'><strong>damnatus.</strong></span> <span class='ocrx_word' id='word_1_815' title='bbox 832 5699 926 5754; x_wconf 86' lang='lat' dir='ltr'><strong>llic</strong></span> <span class='ocrx_word' id='word_1_816' title='bbox 953 5698 1092 5754; x_wconf 86' lang='lat' dir='ltr'><strong>cnim</strong></span> <span class='ocrx_word' id='word_1_817' title='bbox 1126 5702 1176 5755; x_wconf 92' lang='lat' dir='ltr'><strong>in</strong></span> <span class='ocrx_word' id='word_1_818' title='bbox 1208 5704 1304 5755; x_wconf 73' lang='lat' dir='ltr'><strong>huc</strong></span> <span class='ocrx_word' id='word_1_819' title='bbox 1333 5702 1470 5765; x_wconf 82' lang='lat' dir='ltr'><strong>loco,</strong></span> <span class='ocrx_word' id='word_1_820' title='bbox 1515 5701 1652 5756; x_wconf 77' lang='lat' dir='ltr'><strong>sicut</strong></span> 
     </span>
    </p>
   </div>
   <div class='ocr_carea' id='block_1_105' title="bbox 1773 4507 3330 4577">
    <p class='ocr_par' dir='ltr' id='par_1_105' title="bbox 1773 4507 3330 4577">
     <span class='ocr_line' id='line_1_105' title="bbox 1773 4507 3330 4577; baseline -0.001 -17"><span class='ocrx_word' id='word_1_821' title='bbox 1773 4523 1892 4575; x_wconf 65' lang='lat' dir='ltr'><strong>qua‘.</strong></span> <span class='ocrx_word' id='word_1_822' title='bbox 1928 4510 1977 4561; x_wconf 91' lang='lat' dir='ltr'><strong>in</strong></span> <span class='ocrx_word' id='word_1_823' title='bbox 2022 4509 2133 4577; x_wconf 87' lang='lat' dir='ltr'><strong>lege</strong></span> <span class='ocrx_word' id='word_1_824' title='bbox 2156 4517 2414 4576; x_wconf 62' lang='lat' dir='ltr'><strong>pracepta</strong></span> <span class='ocrx_word' id='word_1_825' title='bbox 2444 4516 2588 4572; x_wconf 84' lang='lat' dir='ltr'><strong>sunt,</strong></span> <span class='ocrx_word' id='word_1_826' title='bbox 2628 4507 2923 4562; x_wconf 76' lang='lat' dir='ltr'><strong>delerentes</strong></span> <span class='ocrx_word' id='word_1_827' title='bbox 2955 4507 3207 4560; x_wconf 87' lang='lat' dir='ltr'><strong>honorem</strong></span> <span class='ocrx_word' id='word_1_828' title='bbox 3237 4520 3330 4573; x_wconf 82' lang='lat' dir='ltr'><strong>pa-</strong></span> 
     </span>
    </p>
   </div>
   <div class='ocr_carea' id='block_1_106' title="bbox 1763 4597 3330 4666">
    <p class='ocr_par' dir='ltr' id='par_1_106' title="bbox 1763 4597 3330 4666">
     <span class='ocr_line' id='line_1_106' title="bbox 1763 4597 3330 4666; baseline -0.003 -12"><span class='ocrx_word' id='word_1_829' title='bbox 1763 4600 2005 4654; x_wconf 86' lang='lat' dir='ltr'><strong>rentibus</strong></span> <span class='ocrx_word' id='word_1_830' title='bbox 2033 4602 2165 4664; x_wconf 90' lang='lat' dir='ltr'><strong>suis,</strong></span> <span class='ocrx_word' id='word_1_831' title='bbox 2191 4614 2296 4653; x_wconf 90' lang='lat' dir='ltr'><strong>non</strong></span> <span class='ocrx_word' id='word_1_832' title='bbox 2324 4599 2676 4662; x_wconf 74' lang='lat' dir='ltr'><strong>mtechantes,</strong></span> <span class='ocrx_word' id='word_1_833' title='bbox 2699 4612 2802 4651; x_wconf 87' lang='lat' dir='ltr'><strong>non</strong></span> <span class='ocrx_word' id='word_1_834' title='bbox 2837 4597 3178 4652; x_wconf 81' lang='lat' dir='ltr'><strong>homicidium</strong></span> <span class='ocrx_word' id='word_1_835' title='bbox 3204 4612 3330 4666; x_wconf 83' lang='lat' dir='ltr'><strong>per-</strong></span> 
     </span>
    </p>
   </div>
   <div class='ocr_carea' id='block_1_107' title="bbox 1763 4687 3327 4757">
    <p class='ocr_par' dir='ltr' id='par_1_107' title="bbox 1763 4687 3327 4757">
     <span class='ocr_line' id='line_1_107' title="bbox 1763 4687 3327 4757; baseline -0.003 -12"><span class='ocrx_word' id='word_1_836' title='bbox 1763 4701 2052 4757; x_wconf 84' lang='lat' dir='ltr'><strong>petraotes,</strong></span> <span class='ocrx_word' id='word_1_837' title='bbox 2086 4705 2189 4745; x_wconf 93' lang='lat' dir='ltr'><strong>non</strong></span> <span class='ocrx_word' id='word_1_838' title='bbox 2221 4691 2412 4744; x_wconf 83' lang='lat' dir='ltr'><strong>tortum</strong></span> <span class='ocrx_word' id='word_1_839' title='bbox 2467 4691 2741 4752; x_wconf 80' lang='lat' dir='ltr'><strong>facientes,</strong></span> <span class='ocrx_word' id='word_1_840' title='bbox 2783 4701 2888 4742; x_wconf 78' lang='lat' dir='ltr'><strong>non</strong></span> <span class='ocrx_word' id='word_1_841' title='bbox 2920 4687 3107 4742; x_wconf 80' lang='lat' dir='ltr'><strong>falsum</strong></span> <span class='ocrx_word' id='word_1_842' title='bbox 3138 4687 3327 4743; x_wconf 87' lang='lat' dir='ltr'><strong>adver-</strong></span> 
     </span>
    </p>
   </div>
   <div class='ocr_carea' id='block_1_108' title="bbox 1761 4777 3318 4850">
    <p class='ocr_par' dir='ltr' id='par_1_108' title="bbox 1761 4777 3318 4850">
     <span class='ocr_line' id='line_1_108' title="bbox 1761 4777 3318 4850; baseline -0.004 -16"><span class='ocrx_word' id='word_1_843' title='bbox 1761 4796 1853 4835; x_wconf 89' lang='lat' dir='ltr'><strong>sus</strong></span> <span class='ocrx_word' id='word_1_844' title='bbox 1874 4797 2187 4850; x_wconf 86' lang='lat' dir='ltr'><strong>quemquam</strong></span> <span class='ocrx_word' id='word_1_845' title='bbox 2223 4779 2578 4834; x_wconf 84' lang='lat' dir='ltr'><strong>testimonium</strong></span> <span class='ocrx_word' id='word_1_846' title='bbox 2608 4777 2969 4847; x_wconf 83' lang='lat' dir='ltr'><strong>perhibentes,</strong></span> <span class='ocrx_word' id='word_1_847' title='bbox 3012 4785 3068 4830; x_wconf 87' lang='lat' dir='ltr'><strong>et</strong></span> <span class='ocrx_word' id='word_1_848' title='bbox 3105 4786 3318 4838; x_wconf 51' lang='lat' dir='ltr'><strong>cetera,</strong></span> 
     </span>
    </p>
   </div>
   <div class='ocr_carea' id='block_1_109' title="bbox 1760 4871 3322 4943">
    <p class='ocr_par' dir='ltr' id='par_1_109' title="bbox 1760 4871 3322 4943">
     <span class='ocr_line' id='line_1_109' title="bbox 1760 4871 3322 4943; baseline -0.003 -16"><span class='ocrx_word' id='word_1_849' title='bbox 1760 4889 1880 4942; x_wconf 69' lang='lat' dir='ltr'><strong>qua:</strong></span> <span class='ocrx_word' id='word_1_850' title='bbox 1934 4876 1983 4928; x_wconf 91' lang='lat' dir='ltr'><strong>in</strong></span> <span class='ocrx_word' id='word_1_851' title='bbox 2024 4874 2137 4943; x_wconf 87' lang='lat' dir='ltr'><strong>lege</strong></span> <span class='ocrx_word' id='word_1_852' title='bbox 2195 4874 2439 4927; x_wconf 83' lang='lat' dir='ltr'><strong>mandata</strong></span> <span class='ocrx_word' id='word_1_853' title='bbox 2492 4881 2650 4938; x_wconf 84' lang='lat' dir='ltr'><strong>sunt,</strong></span> <span class='ocrx_word' id='word_1_854' title='bbox 2699 4873 2843 4924; x_wconf 86' lang='lat' dir='ltr'><strong>velut</strong></span> <span class='ocrx_word' id='word_1_855' title='bbox 2884 4871 3206 4932; x_wconf 84' lang='lat' dir='ltr'><strong>observant,</strong></span> <span class='ocrx_word' id='word_1_856' title='bbox 3267 4877 3322 4922; x_wconf 89' lang='lat' dir='ltr'><strong>et</strong></span> 
     </span>
    </p>
   </div>
   <div class='ocr_carea' id='block_1_110' title="bbox 1760 4964 3323 5032">
    <p class='ocr_par' dir='ltr' id='par_1_110' title="bbox 1760 4964 3323 5032">
     <span class='ocr_line' id='line_1_110' title="bbox 1760 4964 3323 5032; baseline -0.004 -12"><span class='ocrx_word' id='word_1_857' title='bbox 1760 4967 2040 5020; x_wconf 79' lang='lat' dir='ltr'><strong>Christiani</strong></span> <span class='ocrx_word' id='word_1_858' title='bbox 2093 4981 2196 5019; x_wconf 91' lang='lat' dir='ltr'><strong>non</strong></span> <span class='ocrx_word' id='word_1_859' title='bbox 2239 4976 2383 5032; x_wconf 89' lang='lat' dir='ltr'><strong>sunt,</strong></span> <span class='ocrx_word' id='word_1_860' title='bbox 2415 4975 2467 5019; x_wconf 85' lang='lat' dir='ltr'><strong>et</strong></span> <span class='ocrx_word' id='word_1_861' title='bbox 2499 4967 2802 5032; x_wconf 86' lang='lat' dir='ltr'><strong>plerumque</strong></span> <span class='ocrx_word' id='word_1_862' title='bbox 2840 4978 2897 5016; x_wconf 90' lang='lat' dir='ltr'><strong>se</strong></span> <span class='ocrx_word' id='word_1_863' title='bbox 2934 4964 3158 5029; x_wconf 71' lang='lat' dir='ltr'><strong>iactant,</strong></span> <span class='ocrx_word' id='word_1_864' title='bbox 3189 4976 3323 5030; x_wconf 62' lang='lat' dir='ltr'><strong>quoe</strong></span> 
     </span>
    </p>
   </div>
   <div class='ocr_carea' id='block_1_111' title="bbox 1763 5051 3320 5124">
    <p class='ocr_par' dir='ltr' id='par_1_111' title="bbox 1763 5051 3320 5124">
     <span class='ocr_line' id='line_1_111' title="bbox 1763 5051 3320 5124; baseline -0.006 -10"><span class='ocrx_word' id='word_1_865' title='bbox 1763 5060 1920 5114; x_wconf 86' lang='lat' dir='ltr'><strong>modo</strong></span> <span class='ocrx_word' id='word_1_866' title='bbox 1968 5058 2049 5112; x_wconf 90' lang='lat' dir='ltr'><strong>isti</strong></span> <span class='ocrx_word' id='word_1_867' title='bbox 2099 5059 2370 5124; x_wconf 70' lang='lat' dir='ltr'><strong>Pharisaei,</strong></span> <span class='ocrx_word' id='word_1_868' title='bbox 2418 5057 2680 5111; x_wconf 88' lang='lat' dir='ltr'><strong>dicentes:</strong></span> <span class='ocrx_word' id='word_1_869' title='bbox 2720 5055 2968 5123; x_wconf 83' lang='lat' dir='ltr'><strong>Nunquid</strong></span> <span class='ocrx_word' id='word_1_870' title='bbox 2993 5065 3038 5108; x_wconf 85' lang='lat' dir='ltr'><strong>et</strong></span> <span class='ocrx_word' id='word_1_871' title='bbox 3081 5067 3170 5105; x_wconf 90' lang='lat' dir='ltr'><strong>nos</strong></span> <span class='ocrx_word' id='word_1_872' title='bbox 3201 5051 3320 5105; x_wconf 62' lang='lat' dir='ltr'><strong>cati</strong></span> 
     </span>
    </p>
   </div>
   <div class='ocr_carea' id='block_1_112' title="bbox 1760 5143 3317 5213">
    <p class='ocr_par' dir='ltr' id='par_1_112' title="bbox 1760 5143 3317 5213">
     <span class='ocr_line' id='line_1_112' title="bbox 1760 5143 3317 5213; baseline -0.006 -11"><span class='ocrx_word' id='word_1_873' title='bbox 1760 5152 1974 5204; x_wconf 87' lang='lat' dir='ltr'><strong>sumus?</strong></span> <span class='ocrx_word' id='word_1_874' title='bbox 2007 5149 2109 5205; x_wconf 87' lang='lat' dir='ltr'><strong>Sed</strong></span> <span class='ocrx_word' id='word_1_875' title='bbox 2147 5149 2258 5203; x_wconf 68' lang='lat' dir='ltr'><strong>haec</strong></span> <span class='ocrx_word' id='word_1_876' title='bbox 2301 5149 2477 5202; x_wconf 90' lang='lat' dir='ltr'><strong>omnia</strong></span> <span class='ocrx_word' id='word_1_877' title='bbox 2521 5148 2745 5200; x_wconf 88' lang='lat' dir='ltr'><strong>inaniter</strong></span> <span class='ocrx_word' id='word_1_878' title='bbox 2786 5146 3008 5208; x_wconf 80' lang='lat' dir='ltr'><strong>iaciunt,</strong></span> <span class='ocrx_word' id='word_1_879' title='bbox 3049 5143 3167 5213; x_wconf 82' lang='lat' dir='ltr'><strong>quia.</strong></span> <span class='ocrx_word' id='word_1_880' title='bbox 3220 5157 3317 5196; x_wconf 89' lang='lat' dir='ltr'><strong>non</strong></span> 
     </span>
    </p>
   </div>
   <div class='ocr_carea' id='block_1_113' title="bbox 1763 5233 3327 5310">
    <p class='ocr_par' dir='ltr' id='par_1_113' title="bbox 1763 5233 3327 5310">
     <span class='ocr_line' id='line_1_113' title="bbox 1763 5233 3327 5310; baseline -0.006 -14"><span class='ocrx_word' id='word_1_881' title='bbox 1763 5242 1959 5296; x_wconf 85' lang='lat' dir='ltr'><strong>intrant</strong></span> <span class='ocrx_word' id='word_1_882' title='bbox 1992 5257 2084 5310; x_wconf 90' lang='lat' dir='ltr'><strong>per</strong></span> <span class='ocrx_word' id='word_1_883' title='bbox 2114 5243 2329 5306; x_wconf 84' lang='lat' dir='ltr'><strong>ostium,</strong></span> <span class='ocrx_word' id='word_1_884' title='bbox 2367 5241 2459 5294; x_wconf 89' lang='lat' dir='ltr'><strong>sed</strong></span> <span class='ocrx_word' id='word_1_885' title='bbox 2491 5240 2700 5293; x_wconf 80' lang='lat' dir='ltr'><strong>aliunde</strong></span> <span class='ocrx_word' id='word_1_886' title='bbox 2747 5239 2948 5291; x_wconf 89' lang='lat' dir='ltr'><strong>tumido</strong></span> <span class='ocrx_word' id='word_1_887' title='bbox 2990 5237 3122 5288; x_wconf 76' lang='lat' dir='ltr'><strong>fastu</strong></span> <span class='ocrx_word' id='word_1_888' title='bbox 3175 5233 3327 5303; x_wconf 85' lang='lat' dir='ltr'><strong>quasi</strong></span> 
     </span>
    </p>
   </div>
   <div class='ocr_carea' id='block_1_114' title="bbox 1763 5324 3329 5402">
    <p class='ocr_par' dir='ltr' id='par_1_114' title="bbox 1763 5324 3329 5402">
     <span class='ocr_line' id='line_1_114' title="bbox 1763 5324 3329 5402; baseline -0.005 -14"><span class='ocrx_word' id='word_1_889' title='bbox 1763 5349 1856 5402; x_wconf 84' lang='lat' dir='ltr'><strong>per</strong></span> <span class='ocrx_word' id='word_1_890' title='bbox 1890 5335 2094 5402; x_wconf 87' lang='lat' dir='ltr'><strong>seipsos</strong></span> <span class='ocrx_word' id='word_1_891' title='bbox 2133 5335 2421 5387; x_wconf 83' lang='lat' dir='ltr'><strong>ascendere</strong></span> <span class='ocrx_word' id='word_1_892' title='bbox 2463 5341 2724 5400; x_wconf 83' lang='lat' dir='ltr'><strong>qua-runt.</strong></span> <span class='ocrx_word' id='word_1_893' title='bbox 2769 5332 3098 5395; x_wconf 77' lang='lat' dir='ltr'><strong>QuaprOpter</strong></span> <span class='ocrx_word' id='word_1_894' title='bbox 3155 5324 3329 5380; x_wconf 84' lang='lat' dir='ltr'><strong>Domi-</strong></span> 
     </span>
    </p>
   </div>
   <div class='ocr_carea' id='block_1_115' title="bbox 1760 5416 3327 5494">
    <p class='ocr_par' dir='ltr' id='par_1_115' title="bbox 1760 5416 3327 5494">
     <span class='ocr_line' id='line_1_115' title="bbox 1760 5416 3327 5494; baseline -0.01 -10"><span class='ocrx_word' id='word_1_895' title='bbox 1760 5445 1858 5484; x_wconf 90' lang='lat' dir='ltr'><strong>nus</strong></span> <span class='ocrx_word' id='word_1_896' title='bbox 1904 5425 2298 5481; x_wconf 88' lang='lat' dir='ltr'><strong>similitudinem</strong></span> <span class='ocrx_word' id='word_1_897' title='bbox 2347 5425 2610 5494; x_wconf 90' lang='lat' dir='ltr'><strong>proposuit</strong></span> <span class='ocrx_word' id='word_1_898' title='bbox 2655 5422 2720 5476; x_wconf 85' lang='lat' dir='ltr'><strong>de</strong></span> <span class='ocrx_word' id='word_1_899' title='bbox 2769 5435 2925 5489; x_wconf 80' lang='lat' dir='ltr'><strong>grege</strong></span> <span class='ocrx_word' id='word_1_900' title='bbox 2961 5433 3095 5481; x_wconf 92' lang='lat' dir='ltr'><strong>suo,</strong></span> <span class='ocrx_word' id='word_1_901' title='bbox 3149 5424 3202 5470; x_wconf 87' lang='lat' dir='ltr'><strong>et</strong></span> <span class='ocrx_word' id='word_1_902' title='bbox 3260 5416 3327 5469; x_wconf 90' lang='lat' dir='ltr'><strong>de</strong></span> 
     </span>
    </p>
   </div>
   <div class='ocr_carea' id='block_1_116' title="bbox 1761 5499 3323 5584">
    <p class='ocr_par' dir='ltr' id='par_1_116' title="bbox 1761 5499 3323 5584">
     <span class='ocr_line' id='line_1_116' title="bbox 1761 5499 3323 5584; baseline -0.008 -11"><span class='ocrx_word' id='word_1_903' title='bbox 1761 5519 1916 5582; x_wconf 87' lang='lat' dir='ltr'><strong>ostio,</strong></span> <span class='ocrx_word' id='word_1_904' title='bbox 1949 5532 2048 5584; x_wconf 85' lang='lat' dir='ltr'><strong>qua</strong></span> <span class='ocrx_word' id='word_1_905' title='bbox 2081 5499 2311 5569; x_wconf 83' lang='lat' dir='ltr'><strong>intratur</strong></span> <span class='ocrx_word' id='word_1_906' title='bbox 2333 5515 2396 5567; x_wconf 86' lang='lat' dir='ltr'><strong>ad</strong></span> <span class='ocrx_word' id='word_1_907' title='bbox 2427 5512 2589 5568; x_wconf 81' lang='lat' dir='ltr'><strong>ovile.</strong></span> <span class='ocrx_word' id='word_1_908' title='bbox 2615 5511 2750 5577; x_wconf 87' lang='lat' dir='ltr'><strong>Quid</strong></span> <span class='ocrx_word' id='word_1_909' title='bbox 2773 5511 2913 5564; x_wconf 87' lang='lat' dir='ltr'><strong>enim</strong></span> <span class='ocrx_word' id='word_1_910' title='bbox 2946 5508 3157 5575; x_wconf 85' lang='lat' dir='ltr'><strong>prodest</strong></span> <span class='ocrx_word' id='word_1_911' title='bbox 3190 5523 3323 5560; x_wconf 85' lang='lat' dir='ltr'><strong>vana</strong></span> 
     </span>
    </p>
   </div>
   <div class='ocr_carea' id='block_1_117' title="bbox 1756 5599 3324 5678">
    <p class='ocr_par' dir='ltr' id='par_1_117' title="bbox 1756 5599 3324 5678">
     <span class='ocr_line' id='line_1_117' title="bbox 1756 5599 3324 5678; baseline -0.008 -14"><span class='ocrx_word' id='word_1_912' title='bbox 1756 5609 2073 5678; x_wconf 85' lang='lat' dir='ltr'><strong>jactantium</strong></span> <span class='ocrx_word' id='word_1_913' title='bbox 2119 5607 2185 5660; x_wconf 91' lang='lat' dir='ltr'><strong>dc</strong></span> <span class='ocrx_word' id='word_1_914' title='bbox 2212 5607 2346 5660; x_wconf 88' lang='lat' dir='ltr'><strong>bene</strong></span> <span class='ocrx_word' id='word_1_915' title='bbox 2377 5604 2606 5658; x_wconf 82' lang='lat' dir='ltr'><strong>vivendo</strong></span> <span class='ocrx_word' id='word_1_916' title='bbox 2641 5603 2840 5656; x_wconf 80' lang='lat' dir='ltr'><strong>inﬂatio</strong></span> <span class='ocrx_word' id='word_1_917' title='bbox 2862 5643 2874 5665; x_wconf 86' lang='lat'><strong>,</strong></span> <span class='ocrx_word' id='word_1_918' title='bbox 2905 5602 3029 5654; x_wconf 87' lang='lat' dir='ltr'><strong>dum</strong></span> <span class='ocrx_word' id='word_1_919' title='bbox 3069 5599 3132 5653; x_wconf 89' lang='lat' dir='ltr'><strong>ad</strong></span> <span class='ocrx_word' id='word_1_920' title='bbox 3167 5600 3324 5652; x_wconf 78' lang='lat' dir='ltr'><strong>ﬁnem</strong></span> 
     </span>
    </p>
   </div>
   <div class='ocr_carea' id='block_1_118' title="bbox 1762 5694 3323 5769">
    <p class='ocr_par' dir='ltr' id='par_1_118' title="bbox 1762 5694 3323 5769">
     <span class='ocr_line' id='line_1_118' title="bbox 1762 5694 3323 5769; baseline -0.007 -14"><span class='ocrx_word' id='word_1_921' title='bbox 1762 5698 2138 5769; x_wconf 80' lang='lat' dir='ltr'><strong>pcrpctualitcr</strong></span> <span class='ocrx_word' id='word_1_922' title='bbox 2185 5699 2316 5753; x_wconf 82' lang='lat' dir='ltr'><strong>bene</strong></span> <span class='ocrx_word' id='word_1_923' title='bbox 2364 5694 2570 5751; x_wconf 82' lang='lat' dir='ltr'><strong>vivendi</strong></span> <span class='ocrx_word' id='word_1_924' title='bbox 2619 5694 2717 5747; x_wconf 82' lang='lat' dir='ltr'><strong>vita</strong></span> <span class='ocrx_word' id='word_1_925' title='bbox 2762 5708 2941 5748; x_wconf 84' lang='lat' dir='ltr'><strong>eorum</strong></span> <span class='ocrx_word' id='word_1_926' title='bbox 2988 5709 3089 5747; x_wconf 89' lang='lat' dir='ltr'><strong>non</strong></span> <span class='ocrx_word' id='word_1_927' title='bbox 3137 5706 3323 5761; x_wconf 81' lang='lat' dir='ltr'><strong>perve-</strong></span> 
     </span>
    </p>
   </div>
  </div>
