3822 6226
475 276 580 333 763

904 270 1100 326 ΙιΕῡιΕ
1142 270 1582 327 VENERABILIS
1618 269 1769 327 OPP.
1812 269 1987 327 PARS
2027 268 2087 321 ll.
2129 268 2318 324 SEC'I‘.
2345 268 2877 326 l.—EXEGETICA
2914 270 3230 327 GENUINA.

3570 275 3668 328 7o;

472 386 615 442 nisti
658 385 734 441 Ad
782 388 879 439 hoc
914 384 1054 439 enim
1095 383 1251 437 debet
1290 383 1568 452 unicuique
1602 383 1851 450 prodesse
1892 380 2024 433 bene
2052 377 2101 438 Α
2127 386 2340 447 peccata
2369 378 2605 446 dimittit,
2622 390 2677 435 ut
2695 395 2816 435 eum
2844 381 2991 449 sequi
3016 382 3163 435 duris
3185 383 3423 436 liberata:
3459 384 3671 440 vinculis

471 476 672 539 vivere,
701 484 757 528 ut
782 474 933 527 detur
956 472 1029 526 illi
1072 486 1281 539 semper
1307 474 1438 526 hene
1464 474 1658 525 vivere.
1701 471 1830 524 Nam
1862 471 1905 523 si
1937 471 2021 523 cui

472 580 579 622 non
609 566 761 620 datur
783 579 989 633 semper
1016 564 1148 619 bene
1176 564 1372 627 vivere,
1403 563 1525 631 quid
1560 564 1779 631 prodest
1817 562 1866 616 ei
1894 564 2027 617 bene

471 659 682 715 vivere?
707 658 785 713 Ad
818 669 1021 727 tempus
1050 658 1205 726 igitur
1243 671 1340 711 nec
1398 658 1534 712 bene
1587 659 1763 711 vivere
1808 655 2024 710 dicendi

472 757 614 813 sunt,
656 748 744 814 qui
774 747 930 803 linem
962 750 1094 802 bene
1121 746 1329 802 vivendi
1372 747 1452 801 vel
1496 746 1730 801 caecitate
1760 748 2023 808 nesciunt,

473 838 555 893 vel
586 837 856 893 inﬂatione
882 845 1247 893 contemnunt.
1280 838 1391 891 Non
1429 846 1511 892 est
1556 846 1732 892 autem
1781 839 2025 906 cuiquam

474 942 599 997 spes
624 944 744 983 vera
767 937 821 983 et
845 937 986 983 certa
1015 941 1225 996 semper
1248 928 1383 984 bene
1404 927 1631 993 vivendi,
1650 928 1747 983 nisi
1776 935 2031 996 agnoscat

475 1018 655 1083 vitam,
712 1032 830 1086 quas
883 1028 966 1071 est
1004 1017 1266 1084 Christus,
1296 1026 1351 1072 et
1379 1034 1472 1085 per
1514 1018 1727 1087 janttam
1772 1019 1931 1071 intret
1977 1018 2027 1068 in

473 1109 632 1162 ovile.
680 1110 814 1162 Sunt
860 1110 1001 1162 enim
1057 1108 1268 1177 quidam
1308 1110 1542 1163 homines
1580 1108 1669 1177 qui
1709 1108 1759 1162 in
1791 1109 1902 1161 suis
1929 1108 2034 1176 glo-

474 1198 677 1251 riantur
704 1199 961 1262 moribus.
992 1209 1044 1253 et
1073 1200 1204 1254 alios
1242 1209 1361 1267 post
1400 1214 1458 1254 se
1507 1200 1716 1254 trahere
1760 1208 2027 1267 quierunt,

475 1300 580 1339 nou
608 1286 675 1341 de
702 1286 898 1341 Christi
928 1287 1206 1355 praeceptis
1229 1290 1551 1343 instruentes
1571 1303 1696 1343 suos
1717 1297 2030 1354 sectatores,

473 1376 567 1430 sed
612 1378 724 1431 suis
749 1377 1003 1445 exemplis
1042 1379 1221 1432 vivere
1260 1380 1337 1431 eis
1367 1378 1686 1442 suadentes;
1743 1378 1810 1432 de
1838 1378 2034 1445 quibus

472 1466 579 1519 alio
626 1466 741 1521 loco
771 1467 885 1535 ipsa
920 1468 1123 1523 Veritas
1152 1471 1253 1523 ait:
1289 1468 1533 1522 Docentes
1562 1469 1828 1527 doctrinas
1868 1468 2036 1521 Itami-

474 1572 614 1620 num,
640 1567 687 1610 et
715 1559 955 1611 mndata
984 1558 1076 1612 Dei
1095 1558 1690 1627 contemnentes(Mattlt.
1728 1559 1840 1627 xv).
1859 1558 1919 1611 lli
1943 1572 2036 1627 per

473 1648 632 1700 aliam
688 1659 889 1715 partem
929 1652 1221 1705 ascendere
1259 1660 1521 1717 quarunt,
1564 1664 1751 1716 rapere
1798 1658 1851 1701 et
1891 1650 2035 1701 occi-

473 1734 623 1801 dere,
674 1752 777 1792 non
817 1747 874 1792 ut
920 1748 1118 1807 pastor,
1162 1741 1366 1794 salvare
1393 1750 1549 1808 atque
1576 1754 1911 1794 conservare.
1960 1739 2035 1793 De

479 1828 670 1881 talibus
699 1829 780 1881 hic
811 1830 1007 1883 dictum
1043 1839 1153 1884 est:
1192 1830 1295 1885 Sed
1316 1832 1541 1884 ascendit
1569 1831 1797 1897 aliunde,
1825 1830 1911 1883 ille
1948 1830 2033 1898 fur

473 1924 567 1979 est,
598 1926 645 1976 et
687 1918 837 1969 latro.
883 1918 995 1971 Non
1027 1920 1195 1972 solum
1228 1934 1351 1975 vero
1391 1922 1521 1975 tales
1560 1922 1896 1975 inveniuntur
1939 1920 2035 1974 do-

475 2015 651 2061 ctores
682 2009 815 2063 inter
842 2025 933 2063 eos
961 2012 1050 2080 qui
1079 2014 1191 2066 sine
1220 2014 1433 2067 nomine
1467 2013 1663 2068 Christi
1690 2024 1843 2075 sunt,
1893 2013 2034 2067 sicut

479 2099 629 2152 multi
673 2100 1123 2169 philosophorum,
1180 2104 1268 2173 qui
1307 2118 1456 2159 suam
1496 2104 1807 2175 sapientiam
1852 2104 2035 2159 buccis

478 2190 815 2257 crepantibus
875 2192 1246 2261 ventilabant,
1314 2204 1369 2249 et
1429 2195 1595 2249 vitam
1669 2196 1870 2249 beatam
1926 2196 2035 2249 suis

476 2279 827 2333 sectatoribus
847 2283 1252 2348 promittebant;
1283 2298 1462 2337 verum
1494 2286 1652 2339 etiam
1676 2286 1909 2353 plurimi.
1940 2286 2030 2354 qui

476 2367 774 2422 Christiano
829 2372 1042 2427 nomine
1087 2374 1486 2440 censebantur,
1527 2385 1582 2431 et
1634 2376 1958 2431 illutuinatos
2005 2394 2033 2431 a

477 2456 691 2513 Christo
716 2473 775 2513 se
798 2475 919 2516 esse
934 2462 1241 2530 iactitabant
1262 2506 1275 2529 ,
1302 2466 1557 2535 fingentes
1600 2468 1699 2521 sibi
1728 2484 1861 2521 nova
1891 2485 2037 2537 quae-

477 2564 583 2616 que
611 2553 824 2605 nomina
874 2554 940 2608 de
988 2553 1219 2623 Christo,
1262 2571 1432 2625 eaque
1463 2557 1582 2612 fidei
1615 2559 1886 2612 catholica:
1909 2574 2037 2613 con-

481 2640 663 2704 traria,
693 2644 831 2697 sicut
850 2644 1261 2701 innumerabiles
1289 2647 1523 2701 haeretici
1552 2648 1837 2715 faciebant,
1856 2649 2037 2705 existi-

482 2740 690 2787 mantes
734 2747 792 2787 se
838 2733 969 2788 falso
998 2736 1213 2792 nomine
1244 2753 1336 2807 per
1378 2739 1617 2806 januam.
1650 2756 1765 2809 quae
1796 2740 2036 2797 Christus

479 2830 592 2887 est,
634 2821 852 2879 intrare.
892 2824 1155 2880 Sabellius
1182 2828 1341 2883 dicit:
1380 2848 1396 2880 ι
1434 2831 1534 2895 Qui
1570 2830 1731 2885 Filius
1771 2840 1893 2898 est,
1924 2831 2039 2902 ipse

483 2922 567 2967 est
594 2911 765 2979 Pater,
798 2916 889 2969 sed
922 2918 1086 2972 Filius
1116 2934 1217 2973 non
1248 2931 1327 2975 est
1354 2922 1525 2976 Pater.
1565 2940 1583 2974 ι
1613 2922 1727 2977 Non
1758 2923 1920 2977 intrat
1948 2939 2041 2992 per

2129 470 2380 538 possunt?
2411 470 2475 525 Et
2501 472 2621 540 quis
2648 486 2738 525 cas
2780 474 3045 541 praecedit,
3087 488 3191 543 quo
3219 488 3339 527 eum
3370 488 3675 544 sequuntur,

2129 559 2229 614 nisi
2274 559 2366 628 qui
2423 573 2706 629 resurgens
2749 577 2774 611 a
2807 562 3027 615 mortuis
3049 560 3159 630 jam
3209 578 3313 615 non
3362 564 3601 627 moritur,
3628 578 3678 620 et

2130 664 2275 703 mors
2314 648 2388 702 illi
2426 650 2561 702 ultra
2599 665 2700 703 non
2742 650 3130 706 dominabitur?
3175 653 3281 706 llas
3336 669 3463 707 vero
3506 656 3676 710 educit

2128 754 2155 792 a
2181 738 2287 793 fide
2337 739 2401 793 ad
2448 739 2712 807 speciem;
2761 750 2815 794 et
2860 750 2984 796 ante
3032 742 3157 796 istas
3196 743 3357 805 vadit,
3390 743 3510 811 quia
3541 744 3676 809 prior

2134 835 2369 887 omnium
2418 833 2657 887 ascendit
2701 833 2752 885 in
2781 836 2973 889 coelum
2998 852 3011 900 ;
3042 845 3095 890 et
3114 850 3233 903 qua:
3258 845 3382 889 sunt
3406 850 3533 889 oves
3552 851 3677 902 su,

2131 924 2275 978 illum
2304 936 2613 991 sequuntur,
2663 924 2788 993 quia
2816 927 3200 982 sciunt.voeetn
3250 928 3508 983 doctrinas
3558 944 3677 982 sua.

2131 1018 2351 1073 Alienos
2379 1034 2504 1072 vero
2532 1020 2785 1074 ductores
2806 1035 2910 1074 non
2933 1033 3247 1091 sequuntur,
3277 1025 3369 1077 sed
3396 1024 3598 1093 fugiunt
3620 1026 3680 1079 sb

2131 1109 2232 1173 eis,
2286 1108 2406 1176 quia
2456 1125 2560 1164 non
2605 1121 2864 1163 noverunt
2905 1125 3121 1178 vocem,
3168 1114 3216 1167 id
3246 1124 3331 1168 est
3372 1114 3677 1175 doctrinam,

2132 1196 2453 1253 alienorum.
2501 1200 2605 1255 Sed
2662 1200 2911 1268 loquente
2955 1200 3180 1256 Domino
3226 1205 3376 1271 Jesu,
3406 1220 3505 1257 non
3541 1206 3683 1261 intel-

2138 1286 2407 1352 lexerunt,
2439 1290 2526 1358 qui
2552 1289 2828 1344 audierunt
2865 1289 3001 1358 (Isa.
3032 1290 3142 1359 vt);
3171 1290 3520 1346 incrassatum
3549 1294 3679 1348 enim

2136 1375 2435 1431 habuerunt
2477 1392 2587 1441 cor,
2633 1388 2686 1433 et
2716 1378 2944 1447 graviter
2972 1381 3249 1436 audierunt
3297 1383 3440 1449 (Act.
3483 1389 3681 1451 xxrtn).

2136 1463 2383 1519 Nominat
2436 1467 2669 1533 ostium,
2733 1470 2969 1523 nominat
3015 1471 3198 1535 ovile,
3251 1474 3487 1527 nominat
3542 1490 3681 1535 ores.

2136 1556 2477 1610 commendat
2515 1556 2629 1611 hare
2655 1558 2855 1625 omnia,
2888 1560 2979 1613 sed
3012 1560 3241 1613 nondum
3274 1563 3510 1630 exponit.
3542 1562 3683 1630 Begu.

2140 1659 2255 1697 mus
2277 1659 2403 1714 ergo
2430 1645 2550 1713 quia
2581 1654 2832 1700 venturus
2874 1655 2959 1701 est
2984 1649 3050 1702 ad
3098 1664 3159 1704 ea
3209 1651 3370 1705 verba
3420 1652 3472 1705 in
3506 1654 3681 1721 quibus

2065 1711 2111 1771 Β
2138 1733 2291 1786 nobis
2310 1711 2484 1803 aliqua
2504 1748 2624 1805 quae
2643 1736 2779 1790 dixit
2802 1736 3051 1806 dignetur
3069 1753 3343 1809 exponere
3360 1758 3374 1804 ;
3390 1757 3457 1795 ex
3473 1711 3680 1810 quorum

2133 1824 2469 1890 expositione
2510 1825 2656 1879 dabit
2683 1826 2834 1880 nobis
2862 1826 3088 1882 fortasse
3123 1830 3285 1885 etiam
3318 1830 3403 1885 illa
3433 1848 3547 1900 quae
3590 1848 3681 1886 non

2134 1914 2383 1981 exposuit
2408 1914 2725 1983 intelligere.
2757 1916 2929 1972 Pascit
2957 1920 3098 1973 enim
3131 1918 3453 1988 manifestis,
3484 1936 3682 1977 exercet

2134 2004 2395 2059 obscuris.
2453 2005 2739 2061 Audiamus
2788 2020 3139 2078 exponentem
3174 2052 3190 2074 ,
3236 2012 3333 2081 qui
3389 2012 3677 2067 audiri-us

2135 2106 2542 2165 proponentem.

2207 2185 2345 2238 Dicit
2372 2202 2489 2257 ergo
2510 2187 2581 2239 eis
2598 2186 2775 2239 iterum
2796 2186 2980 2241 Iesus:
3012 2189 3193 2255 Amen,
3216 2207 3363 2245 amen
3398 2192 3510 2246 dico
3534 2193 3679 2256 vobis,

2134 2278 2253 2345 quia
2278 2292 2368 2346 ego
2393 2293 2503 2331 sum
2533 2278 2712 2331 ostium
2738 2279 2923 2331 ovium.
2956 2281 3090 2335 Ecce
3119 2282 3289 2350 ipsum
3314 2284 3524 2347 ostium,
3550 2286 3673 2351 quod

2135 2368 2373 2421 clausum
2404 2380 2672 2436 posuerat,
2711 2370 2941 2435 aperuit.
2970 2372 3083 2439 Ipse
3106 2383 3189 2425 est
3218 2377 3433 2428 ostium.
3473 2375 3681 2444 Agnori-

2138 2473 2283 2521 tnus,
2316 2458 2594 2523 intremus,
2622 2469 2675 2512 ut
2707 2475 2802 2513 nos
2835 2462 3053 2516 intrasse
3079 2464 3420 2531 gaudeamus.

2211 2549 2396 2603 Omnes
2438 2560 2675 2617 quotquot
2722 2563 2981 2615 venerunt,
3033 2554 3170 2623 [ures
3204 2564 3321 2607 sunt
3370 2564 3416 2608 et
3458 2558 3678 2610 latrones.

2138 2638 2271 2704 Quid
2323 2649 2403 2692 est
2452 2639 2567 2702 hoc,
2628 2639 2884 2694 Domine?
2928 2641 3113 2696 Omnes
3155 2654 3402 2710 quotquot
3445 2657 3680 2698 venerunt.

2140 2728 2271 2795 Quid
2294 2729 2475 2782 enim?
2505 2738 2559 2782 tu
2585 2730 2796 2785 venisti.
2829 2731 2931 2786 Sed
2959 2732 3228 2802 intelligo:
3257 2732 3443 2788 Omnes
3466 2744 3681 2803 quotquot

2138 2830 2397 2885 venerunt,
2432 2820 2587 2885 dixit,
2640 2822 2822 2892 utique
2853 2834 3042 2892 printer
3072 2840 3177 2880 me.
3215 2824 3524 2879 Recolatnus
3549 2841 3681 2894 ergo.

2139 2913 2277 2968 Ante
2308 2914 2594 2969 adventum
2631 2914 2795 2983 ipsius
2838 2926 3095 2971 venerunt
3126 2916 3431 2984 propheta;
3460 2918 3675 2983 nunquid

478 3001 693 3105 ostium,
717 3005 803 3073 qui
830 3004 1019 3061 Filium
1049 3008 1177 3061 dicit
1202 3008 1428 3064 Patrem,
1456 3013 1609 3064 Arius
1631 3012 1783 3067 dicit;
1826 3030 1847 3064 ι
1883 3013 2037 3068 Aliud
2070 3042 2113 3105 Ο
2147 3007 2288 3061 fures
2324 3007 2550 3105 luerunt
2584 3015 2640 3061 et
2691 3006 2961 3105 latrones?
2990 3007 3529 3105 AbsitLNou‘przeter
3552 3009 3678 3060 illum

480 3100 564 3146 est
590 3092 761 3158 Pater,
790 3097 931 3150 aliud
981 3097 1164 3154 Filius.
1210 3120 1226 3151 ι
1287 3100 1449 3157 Recte
1476 3102 1698 3167 diceret,
1731 3106 1775 3158 si
1809 3105 2035 3160 diceret:

486 3184 640 3247 alius,
666 3200 768 3237 non
788 3188 957 3251 aliud;
977 3192 1185 3257 quando
1205 3194 1345 3245 enim
1369 3193 1495 3246 dicit
1518 3194 1681 3259 aliud,
1704 3194 1750 3247 ei
1765 3196 2037 3248 contradi-

478 3274 571 3337 cit,
620 3288 649 3326 a
707 3292 812 3342 quo
837 3279 1011 3332 audit:
1058 3278 1170 3351 Ego
1209 3292 1259 3335 et
1301 3282 1453 3337 Pater
1490 3300 1648 3337 unum
1695 3302 1868 3339 sumus
1896 3285 2037 3353 (Hic,

479 3364 659 3433 infra).
701 3365 807 3421 Nec
859 3369 973 3436 ipse
1015 3386 1141 3439 ergo
1186 3374 1343 3426 intrat
1372 3390 1464 3442 per
1512 3377 1724 3429 ostium.
1781 3376 2038 3430 Prtedicat

480 3459 619 3509 enim
644 3456 911 3514 Christum
940 3462 1146 3530 qualem
1184 3465 1285 3518 sibi
1312 3466 1499 3534 pingit,
1533 3482 1636 3520 non
1659 3467 1867 3551 qualem
1900 3471 2037 3521 veri-

481 3555 560 3599 tas
590 3548 764 3603 habet.
820 3552 1035 3607 Photius
1072 3555 1242 3609 dicit:
1281 3574 1299 3607 ε
1339 3556 1581 3612 Christus
1615 3548 1773 3613 homo
1814 3569 1897 3614 est
1921 3573 2037 3613 tan-

482 3652 615 3707 tttm,
666 3659 769 3697 non
799 3644 957 3699 Deus.
1013 3665 1032 3698 ο
1089 3648 1193 3702 Nec
1220 3649 1331 3717 ipse
1360 3652 1518 3704 intrat
1550 3665 1643 3719 per
1670 3653 1883 3718 ostium,
1917 3654 2037 3720 quia

480 3732 720 3787 Christus
747 3748 799 3788 et
820 3736 978 3789 homo
1004 3746 1055 3791 et
1088 3738 1223 3791 Deus
1252 3749 1351 3792 est.
1386 3741 1515 3793 Huic
1535 3740 1676 3795 enim
1707 3756 1840 3795 nova
1869 3742 2037 3795 inere-

480 3822 577 3885 sis,
624 3840 747 3891 qute
804 3829 997 3881 nostris
1042 3828 1365 3895 temporibus
1412 3840 1525 3884 orta
1574 3840 1676 3893 est,
1732 3834 2039 3886 consentire

480 3910 705 3977 videtur,
738 3914 1048 3968 affirmando
1087 3926 1141 3969 et
1182 3917 1514 3983 praedicando
1546 3936 1558 3970 :
1586 3919 1851 3985 Christus,
1906 3921 2038 3974 sicut

479 4006 699 4073 quilibet
725 4018 1049 4077 sanctorum,
1094 4011 1479 4079 nuncupativus
1518 4020 1599 4066 est
1631 4013 1792 4077 Deus,
1837 4023 1888 4065 et
1937 4030 2039 4067 non

482 4110 655 4149 verus.
706 4098 842 4162 Quid
889 4114 1020 4167 Opus
1062 4110 1143 4154 est
1183 4102 1339 4155 multa
1378 4118 1720 4171 percurrere,
1772 4112 1825 4158 et
1872 4106 2038 4158 multa

485 4199 620 4239 vana
678 4187 937 4241 haeresum
995 4190 1362 4247 dinumerare?
1439 4194 1552 4248 Hoc
1623 4202 1845 4258 tenete,
1902 4195 2039 4249 ovile

484 4275 699 4339 Christi,
731 4278 1019 4333 Ecclesiam
1051 4282 1365 4337 catholicam
1406 4299 1523 4338 esse
1553 4286 1770 4341 credite.
1804 4287 2035 4351 Quicun-

2149 3107 2429 3165 venerunt,
2460 3100 2551 3155 sed
2578 3115 2697 3155 cum
2728 3100 2821 3155 illo
2844 3112 3119 3155 venerunt.
3152 3100 3284 3155 Cttm
3309 3103 3424 3167 illo,
3458 3104 3677 3170 inquam,

2141 3201 2420 3258 venerunt,
2453 3194 2569 3261 quia
2595 3201 2848 3246 venturus
2874 3206 3144 3261 prazcones
3164 3193 3421 3256 mittebat,
3444 3205 3494 3247 et
3517 3209 3679 3246 eorum

2140 3282 2297 3336 corda
2336 3298 2467 3350 quos
2500 3282 2714 3335 miserat
2745 3283 3064 3351 possidebat.
3115 3283 3247 3336 Cum
3280 3282 3368 3337 illo
3399 3299 3523 3353 ergo
3543 3300 3679 3338 rene-

2141 3381 2279 3440 runt,
2315 3374 2431 3441 quia
2455 3386 2571 3425 cum
2602 3372 2760 3427 verbo
2787 3371 2878 3428 Dei
2906 3382 3182 3427 venerunt.
3212 3373 3319 3444 Ego
3348 3391 3478 3440 sum,
3504 3376 3673 3441 inquit,

2138 3464 2217 3515 uia
2242 3505 2257 3530 ,
2306 3464 2483 3516 ueritas
2510 3474 2556 3516 et
2578 3466 2677 3517 vita
2710 3463 2884 3532 (Joan.
2926 3467 3021 3533 tv).
3066 3464 3181 3531 Ipse
3211 3475 3292 3518 est
3315 3466 3521 3519 veritas.
3560 3466 3674 3516 Cum

2140 3552 2227 3605 illo
2286 3565 2568 3618 venerunt,
2617 3556 2737 3622 quia
2788 3568 3005 3607 veraces
3049 3554 3277 3616 fuerunt,
3316 3562 3369 3607 et
3419 3553 3694 3607 veritatem-

2143 3642 2585 3709 prtedicaverunt.
2644 3645 2909 3712 Quotquot
2940 3652 3113 3697 autem
3147 3654 3336 3712 prater
3361 3645 3499 3697 illum
3531 3659 3676 3697 vene-

2142 3746 2281 3804 runt,
2310 3740 2443 3805 fures
2465 3747 2581 3790 sunt
2604 3749 2648 3789 et
2676 3738 2914 3791 latrones.
2942 3737 3043 3791 Per
3066 3753 3125 3791 se
3149 3746 3424 3798 venerunt,
3455 3738 3567 3803 quia
3597 3751 3676 3805 per

2139 3843 2259 3881 eum
2286 3828 2429 3881 missi
2467 3842 2568 3881 non
2601 3828 2834 3893 fuerunt,
2864 3828 3386 3897 dicente_Apostolo:
3432 3830 3677 3892 Quomodo

2140 3919 2500 3987 praedicabunt,
2526 3920 2623 3972 nisi
2653 3921 2913 3974 mittantur
2954 3920 3129 3991 (Rom.
3154 3922 3251 3989 x)?
3282 3921 3347 3975 Et
3373 3922 3492 3990 quia
3522 3936 3606 3990 per
3630 3936 3678 3973 se

2144 4019 2420 4073 venerunt,
2452 4020 2505 4064 et
2534 4026 2635 4064 non
2666 4021 2789 4065 sunt
2825 4012 2892 4065 ab
2918 4027 2983 4066 eo
3007 4012 3181 4076 missi,
3211 4010 3355 4066 fures
3380 4022 3498 4065 sunt
3521 4022 3572 4065 et
3612 4013 3676 4063 la-

2141 4111 2337 4156 trones.
2374 4102 2499 4155 Nam
2528 4111 2650 4157 ante
2676 4102 2959 4156 adventum
3007 4100 3205 4155 Christi
3240 4100 3356 4155 falsi
3401 4101 3603 4156 fuerunt
3632 4102 3673 4151 in

2139 4194 2335 4262 popqu
2364 4194 2453 4246 Dei
2483 4192 2785 4259 Prophetas,
2822 4192 2933 4245 falsi
2963 4192 3234 4255 doctores,
3285 4192 3425 4245 sicut
3454 4199 3569 4259 post
3594 4191 3674 4240 ad-

2138 4299 2350 4340 ventum
2405 4288 2542 4341 illius
2595 4288 2694 4340 sub
2735 4286 2947 4339 nomine
2994 4284 3294 4340 Christiano
3329 4288 3674 4354 quamplurimi

481 4381 585 4433 que
614 4368 724 4420 vult
751 4368 947 4423 intrare
976 4370 1037 4423 ad
1080 4373 1237 4437 ovile,
1274 4389 1365 4441 per
1394 4374 1587 4428 ostium
1620 4375 1799 4443 intret,
1846 4377 1894 4431 id
1930 4392 2032 4441 est,
2064 4376 2115 4436 ι)
2142 4376 2255 4429 falsi
2280 4378 2487 4431 fuerunt
2515 4378 2784 4441 doctores,
2818 4392 2914 4429 nec
2943 4376 3211 4440 doctores,
3236 4376 3326 4430 sed
3350 4377 3673 4431 seducwres;

480 4473 574 4523 per
596 4456 883 4527 Christum,
925 4470 978 4513 et
1022 4462 1287 4517 Christum
1318 4480 1503 4519 verum
1538 4470 1722 4535 Deum,
1754 4479 1806 4524 et
1849 4484 2035 4524 verum

484 4551 670 4604 Filium
700 4550 791 4605 Dei
816 4552 1083 4619 praedicet.
1114 4555 1221 4609 Nec
1250 4559 1421 4611 solum
1466 4559 1734 4616 Christum
1768 4564 2035 4631 prazdicet,

478 4643 571 4695 sed
600 4641 794 4695 Christi
826 4657 1033 4711 quoque
1062 4647 1280 4713 gloriam
1312 4663 1534 4717 quaerat,
1582 4667 1684 4705 non
1706 4668 1875 4707 suam.
1908 4655 2035 4707 Nam

483 4734 629 4787 multi
660 4738 945 4801 quaerendo
974 4739 1188 4804 gloriam
1242 4756 1411 4803 suam,
1444 4757 1569 4795 oves
1600 4742 1793 4796 Christi
1835 4759 2038 4812 sparse-

480 4832 601 4875 runt
632 4825 825 4891 potius,
851 4842 1005 4892 quam
1034 4840 1504 4898 congregaverunt.
1549 4832 1774 4887 Humilis
1802 4838 2034 4888 estenim

478 4917 634 4985 jantta
702 4918 943 4974 Christus
998 4921 1251 4977 Dominus
1311 4924 1450 4979 Deus
1508 4935 1727 4991 noster,
1786 4928 1870 4994 qui
1934 4929 2034 4981 ait:

482 5007 669 5061 Discite
718 5026 750 5061 a
796 5026 873 5062 me
903 5052 916 5073 ,
969 5015 1086 5077 quia
1146 5017 1277 5067 mitis
1322 5034 1431 5069 sunt
1467 5056 1482 5080 ,
1529 5027 1574 5070 et
1624 5020 1827 5071 humilis
1867 5020 2034 5072 corde.

480 5098 688 5166 (Nouit.
735 5101 831 5170 xt).
882 5102 979 5167 Qui
1031 5105 1190 5157 intrat
1236 5122 1335 5174 per
1390 5107 1524 5161 hanc
1564 5109 1796 5174 januam,
1830 5118 2038 5175 oportet

482 5190 719 5245 humiliet
746 5208 824 5253 se,
858 5203 1057 5246 utsano
1086 5198 1255 5262 capite
1280 5198 1444 5263 possit
1467 5200 1682 5251 intrare.
1719 5199 1780 5251 lli
1812 5202 2035 5266 suntqui

484 5296 669 5335 vocem
706 5283 812 5336 veri
845 5285 1068 5350 pastoris
1100 5285 1339 5339 audiunt.
1371 5287 1431 5339 lli
1463 5298 1582 5339 sunt
1614 5303 1748 5353 quos
1800 5289 2036 5356 preprias

480 5386 606 5425 oves
657 5375 958 5426 nominatim
994 5390 1150 5427 verus
1204 5384 1380 5438 pastor
1406 5387 1584 5428 vocat:
1618 5376 1683 5429 de
1733 5378 1811 5429 his
1840 5379 2034 5431 dictum

478 5472 587 5516 est:
634 5462 861 5517 Gaudete
897 5474 943 5515 et
995 5468 1236 5519 exsatiate
1270 5509 1281 5531 ,
1340 5468 1579 5533 quoniam
1618 5468 1822 5519 nomina
1877 5479 2035 5519 vestra

474 5555 663 5619 scriptu
712 5564 825 5605 sunt
870 5554 921 5605 in
961 5553 1096 5607 caelis
1132 5555 1281 5621 (Luc.
1320 5554 1393 5621 χ).
1426 5555 1554 5608 liinc
1596 5556 1734 5609 enim
1764 5572 1851 5608 eas
1887 5567 2035 5609 vocat

474 5647 799 5699 nominatim.
826 5644 885 5700 Et
918 5647 1035 5715 quis
1062 5647 1191 5701 alius
1224 5663 1312 5703 eas
1342 5649 1559 5714 emittit,
1603 5648 1699 5704 Dial
1730 5652 1814 5719 qui
1848 5666 2031 5710 eorum

2141 4485 2246 4523 non
2280 4468 2651 4537 praedicatores
2677 4508 2691 4531 ,
2740 4467 2833 4521 sed
2860 4468 3212 4536 praedatores,
3248 4468 3519 4523 latrocinia
3544 4480 3675 4521 exer-

2140 4569 2340 4621 centes,
2394 4574 2501 4612 non
2554 4570 2697 4611 sana:
2724 4556 2979 4612 doctrina:
3009 4556 3350 4620 inhzerentes,
3406 4557 3499 4610 sed
3529 4556 3672 4613 falsa.

2140 4651 2206 4703 de
2234 4650 2422 4717 quibus
2447 4647 2643 4701 dictum
2674 4654 2789 4701 est:
2821 4644 2987 4700 Fures
3012 4654 3215 4711 sunt,et
3240 4645 3483 4710 latrones.
3514 4646 3560 4699 id
3586 4654 3671 4701 est.

2141 4740 2203 4794 ad
2236 4738 2512 4792 furandum
2558 4746 2615 4791 et
2652 4736 2993 4791 occidendum
3022 4746 3299 4790 venerunt.
3338 4737 3443 4792 Sed
3471 4752 3570 4791 non
3596 4750 3673 4789 au-

2140 4831 2350 4884 dierunt
2380 4843 2471 4883 eos
2514 4828 2621 4883 illa:
2647 4842 2767 4897 qua:
2793 4842 2936 4881 vera:
2964 4836 3086 4879 sunt
3111 4842 3260 4891 oves,
3294 4843 3397 4881 non
3444 4830 3538 4883 sub
3560 4828 3675 4896 pc'le

2139 4923 2293 4977 ovina
2328 4920 2562 4989 lupinunt
2592 4934 2687 4973 cor
2715 4918 3121 4973 ahscondentes.
3150 4918 3311 4988 Igitur
3340 4921 3428 4986 qui
3454 4930 3569 4975 ante
3592 4922 3671 4972 »ἀι

2140 5020 2353 5064 ventum
2384 5009 2573 5063 Christi
2609 5007 3043 5075 pradicaverunt,
3076 5010 3261 5062 eodem
3292 5009 3478 5077 spiritu
3508 5010 3668 5078 pradi.

2138 5109 2408 5163 caverunt,
2440 5112 2544 5166 quo
2584 5096 2821 5165 Apostoli
2851 5107 2907 5152 et
2946 5098 3112 5150 sancti
3140 5097 3408 5161 doctores,
3467 5099 3552 5167 qui
3578 5110 3673 5166 post

2138 5191 2422 5243 adventum
2444 5187 2640 5241 Christi
2670 5186 2912 5240 veritatis
2942 5188 3077 5240 viam
3108 5188 3307 5241 mundo
3334 5189 3671 5243 ostenderunt.

2138 5282 2404 5349 Quotquot
2424 5289 2598 5334 autem
2630 5279 2721 5332 illo
2754 5288 2988 5345 tempore
3016 5279 3379 5344 crediderunt,
3410 5280 3491 5333 vel
3531 5278 3673 5331 Abra-

2139 5374 2376 5440 ham,vel
2406 5373 2564 5437 lsaac,
2599 5372 2678 5424 vel
2701 5371 2886 5433 Jacob,
2916 5372 3000 5425 vel
3031 5372 3183 5435 Mosi,
3214 5372 3301 5426 vel
3329 5372 3448 5426 aliis
3477 5370 3671 5440 patriar-

2137 5466 2270 5524 chis.
2304 5466 2529 5531 aliisque
2554 5461 2827 5532 prophetis
2883 5462 3155 5516 Christum
3202 5462 3670 5529 praenuntiantibus

2138 5574 2263 5612 oves
2317 5567 2488 5619 erant,
2522 5563 2574 5609 et
2600 5554 2867 5609 Christum
2919 5552 3280 5618 crediderunt,
3328 5568 3430 5607 non
3472 5554 3671 5605 alienam

2139 5663 2341 5713 vocem,
2372 5646 2461 5702 sed
2493 5646 2656 5716 ipsius
2691 5644 2885 5701 Christi
2913 5642 3205 5699 audierunt.
3252 5645 3382 5700 Nam
3406 5644 3559 5713 iudet
3585 5640 3669 5693 cia-
