3822 6226
132 311 228 363 765

1066 309 1129 364 ΙΝ
1169 313 1226 366 S.
1269 312 1545 366 JUANNIS
1589 307 1766 363 EVAN
1801 311 2030 368 ilil.lliM
2075 314 2430 369 EXPUSI'I'IU

3243 328 3339 380 766

129 425 288 478 arabat
313 423 365 478 in
394 436 657 494 praecone,
687 423 808 478 dum
862 437 1033 492 praeco
1055 426 1284 495 judicem
1328 427 1670 481 annuntiabat
1702 426 1746 483 A
1776 441 1966 480 mecum
1996 431 2093 482 eris
2123 448 2172 482 ιιι
2203 430 2442 500 paradiso
2464 431 2613 496 (Luc.
2639 435 2806 501 χχιιι).
2841 435 3087 504 Sequitur
3113 449 3179 493 οε
3211 443 3333 496 boni

129 527 420 570 venturum.
453 517 554 572 Alii
583 526 710 570 sunt
750 531 876 585 ergo
904 532 1035 585 quos
1063 535 1165 571 non
1196 519 1475 573 audierunt
1503 534 1631 574 oves
1655 561 1669 582 ,

128 611 172 659 in
214 607 402 674 quibus
452 621 552 658 non
601 617 715 660 erat
742 622 838 660 vox
869 607 1083 672 Christi,
1115 620 1376 672 errantes,
1423 609 1548 662 falsa
1578 610 1672 662 do-

123 707 310 758 u-ntes.
367 696 538 750 inania
593 696 910 766 garrientes,
946 713 1076 751 vana
1106 699 1388 768 tingentes,
1442 701 1669 754 miseros

122 789 444 853 seducentes,
494 786 632 841 sicut
661 789 1152 856 pseudoprophetar,
1203 792 1339 845 sicut
1369 790 1557 846 scribae
1616 803 1668 847 et

125 872 364 934 i‘barisai
397 880 725 947 temporibus
753 880 914 947 ipsius
945 881 1175 939 Domini.
1208 883 1269 937 lii
1310 893 1428 936 sunt
1461 883 1549 950 qui
1580 899 1668 938 ve-

121 974 298 1023 nerunt
326 983 420 1034 per
445 983 521 1031 se,
578 977 635 1023 et
663 984 766 1022 non
797 982 918 1024 sunt
966 987 994 1024 a
1019 972 1200 1040 judice
1229 971 1397 1026 missi.
1432 973 1522 1028 llis
1545 989 1669 1028 vero

120 1073 228 1110 cum
256 1055 514 1112 doctrinis
545 1059 656 1110 suis
687 1060 865 1126 procul
909 1060 1149 1124 expulsis
1169 1103 1184 1127 ,
1234 1062 1504 1116 videamus
1534 1079 1668 1132 quos

119 1163 212 1201 non
244 1146 426 1200 Pastor
455 1147 624 1200 bonus
654 1159 823 1202 vocat.
853 1149 989 1203 Dicit
1009 1152 1149 1205 enim
1175 1169 1187 1203 :

181 1237 283 1308 Ego
311 1253 418 1290 sum
447 1241 663 1304 ostium,
696 1255 785 1308 per
814 1257 889 1292 me
917 1245 960 1293 si
988 1242 1097 1308 quis
1127 1243 1405 1307 introierit,
1439 1246 1664 1299 salvabi-

114 1347 204 1396 tur,
247 1345 290 1387 et
329 1336 661 1403 ingredietur,
706 1347 754 1388 et
781 1337 1084 1405 egredietur,
1131 1345 1177 1390 et
1205 1353 1392 1406 pascua
1420 1337 1659 1392 inveniet.

112 1425 171 1477 Et
198 1440 283 1491 per
315 1426 412 1478 hoc
441 1426 720 1480 evidenter
746 1426 999 1490 ostendit,
1032 1443 1134 1480 non
1166 1429 1335 1482 solum
1369 1438 1661 1496 pastorem,

110 1517 194 1567 sed
221 1517 373 1569 etiam
407 1530 533 1568 oves
581 1515 780 1570 intrare
830 1530 922 1584 per
949 1517 1167 1570 ostium.
1220 1517 1325 1572 Sed
1376 1517 1501 1587 quid
1550 1528 1660 1584 est,

108 1606 401 1672 ingredietur
430 1614 474 1655 et
504 1605 811 1671 egredietur,
854 1615 906 1658 et
938 1622 1127 1673 pascua
1148 1606 1403 1659 inveniet?
1455 1605 1660 1675 lugredi

106 1696 284 1760 quippe
330 1696 381 1747 in
435 1694 728 1749 Ecciesiam
783 1710 874 1764 per
927 1697 1124 1750 ostium
1171 1697 1470 1760 Christum,
1505 1699 1660 1752 valde

1780 520 2004 586 pastoris
2050 521 2372 588 perfectione
2410 525 2674 577 sententia
2709 526 2914 581 Domini
2941 566 2954 589 ,
3007 540 3060 584 et
3103 531 3169 585 dc
3217 535 3337 588 mali

1779 607 2004 674 pa5toris
2036 607 2178 676 iuga,
2210 624 2364 678 quem
2398 614 2787 667 mercenarium
2823 617 3074 671 nominat.

1849 696 1958 768 Ego
1986 716 2118 762 sum,
2153 701 2338 768 inquit,
2372 700 2554 755 Pastor
2580 704 2759 758 bonus.
2811 707 2991 762 Pastor
3023 712 3179 764 bonus
3220 716 3335 766 ani-

1775 803 1908 838 mam
1947 803 2094 840 suam
2136 791 2225 841 dat
2267 807 2358 859 pro
2400 793 2569 844 ovibus
2597 793 2740 858 suis;
2783 802 3122 853 mercenarius
3163 810 3334 856 autem

1775 877 1936 943 fugit,
1979 878 2099 944 quia
2131 882 2469 932 mercenarius
2499 891 2601 945 est,
2647 900 2744 936 non
2785 888 3000 953 pertinet
3036 894 3102 942 ad
3132 909 3242 945 eum
3272 895 3336 946 de

1773 966 1962 1021 ovibus.
1998 967 2242 1035 Loquens
2274 970 2526 1026 Dominus
2552 971 2706 1027 Jesus
2733 977 2924 1031 ovibus
2953 982 3087 1047 suis,
3119 992 3170 1035 et
3203 1000 3336 1051 pra:-

1771 1056 2010 1110 sentibus
2038 1067 2090 1111 et
2122 1058 2330 1122 futuris,
2360 1075 2476 1128 Qilil‘
2509 1070 2632 1114 tunc
2661 1064 2900 1130 aderant,
2929 1067 3051 1135 quia
3079 1082 3231 1124 erant
3261 1072 3331 1126 ibi

1765 1144 1873 1212 jam
1905 1161 2034 1200 oves
2063 1147 2200 1216 ejus,
2232 1161 2381 1202 erant
2403 1167 2520 1218 qua:
2553 1152 2739 1206 futura:
2758 1168 2908 1209 erant
2931 1173 3058 1213 oves
3090 1162 3202 1228 ejus
3224 1202 3238 1224 ,
3281 1174 3334 1218 et

1770 1233 1820 1286 in
1862 1237 2217 1302 przesentibus
2246 1247 2297 1290 et
2330 1238 2545 1303 futuris,
2579 1253 2628 1294 et
2658 1243 2762 1294 illis
2794 1253 2847 1297 et
2877 1246 3049 1310 nobis,
3084 1258 3137 1302 et
3166 1262 3326 1319 quot-

1767 1334 1895 1394 quot
1924 1327 2082 1380 etiam
2132 1337 2250 1394 post
2301 1345 2397 1381 nos
2447 1331 2641 1383 inierint
2671 1348 2798 1386 oves
2830 1333 2967 1402 ejus,
3019 1354 3175 1405 quam
3209 1355 3333 1394 suas

1765 1430 1928 1486 amet,
1959 1423 2210 1476 ostendit.
2258 1424 2453 1478 Omnes
2483 1441 2608 1492 ergo
2636 1427 2852 1481 audient
2885 1445 3064 1483 vocem
3098 1433 3332 1499 pastoris

1765 1515 1866 1578 sui,
1913 1514 2171 1569 dicentis:
2208 1515 2316 1584 Ego
2343 1533 2454 1568 sum
2485 1517 2669 1571 Pastor
2727 1521 2906 1583 bonus,
2958 1538 3063 1576 non
3114 1523 3334 1580 adderet

1767 1602 1948 1672 bonus,
1981 1606 2085 1659 nisi
2118 1615 2300 1661 essent
2331 1618 2573 1676 pastores
2603 1611 2749 1664 mali.
2802 1612 2907 1666 Sed
2941 1626 3178 1680 pastores
3209 1615 3331 1670 mali

1765 1694 1867 1765 ipsi
1915 1705 2039 1750 sunt
2081 1694 2224 1752 fures
2269 1707 2323 1750 et
2370 1700 2628 1766 latrones,
2677 1712 2767 1754 aut
2797 1713 2961 1766 certe,
2998 1712 3055 1760 ut
3087 1707 3330 1773 multum,

107 1785 284 1835 Imnttm
315 1794 418 1837 est.
467 1784 623 1837 Exire
655 1795 827 1837 autem
858 1785 922 1838 de
953 1785 1214 1852 Ecclesia,
1256 1790 1389 1840 sicut
1430 1787 1503 1838 ait
1544 1788 1657 1854 ipse
1696 1768 1738 1828 Β
1767 1787 2101 1839 mercenarii.
2159 1787 2354 1841 Omnes
2397 1789 2536 1841 enim
2569 1773 2669 1842 'hic
2715 1806 2968 1858 personas
2997 1805 3128 1860 quas
3157 1768 3333 1862 pomi

103 1872 320 1928 Joannes
348 1876 677 1944 evangelista
719 1878 770 1931 in
802 1877 1033 1945 Epistoia
1065 1893 1156 1930 sua
1185 1896 1199 1930 :
1236 1878 1314 1931 Ea:
1344 1880 1485 1932 nobis
1514 1881 1656 1932 exie-

102 1977 224 2025 rant,
253 1967 337 2019 sed
368 1982 468 2018 non
495 1976 640 2020 erant
672 1984 731 2020 ea:
761 1969 902 2020 nobis
924 1968 975 2035 (I
1007 1967 1158 2021 Joau.
1187 1970 1270 2036 tl),
1305 1985 1406 2022 non
1437 1978 1518 2023 est
1551 1972 1657 2022 uti-

101 2074 190 2123 que
220 2060 436 2112 bonum.
484 2058 632 2113 Talis
665 2075 791 2128 ergo
822 2075 1071 2129 egressus
1103 2075 1204 2113 non
1246 2071 1426 2128 posset
1458 2076 1484 2113 a
1514 2061 1652 2116 bono

103 2151 300 2204 Pastore
330 2151 565 2216 laudari,
613 2161 671 2204 ut
706 2151 912 2206 diceret
939 2171 949 2202 :
988 2150 1052 2204 Et
1083 2153 1394 2221 ingredietur
1423 2163 1468 2206 et
1507 2170 1653 2222 egre-

101 2244 267 2307 dietur,
297 2254 344 2293 et
374 2257 564 2307 pascua
587 2244 823 2295 inveniet.
857 2242 951 2296 Est
977 2258 1102 2311 ergo
1128 2243 1320 2310 aliquis
1349 2259 1449 2296 non
1483 2246 1652 2297 solum

100 2337 372 2402 ingressus,
407 2349 592 2388 verum
627 2335 788 2387 etiam
831 2348 1078 2402 egressus
1123 2333 1290 2385 bonus
1337 2349 1430 2400 per
1459 2335 1651 2387 ostium

102 2424 300 2484 bonum,
329 2425 470 2491 quod
502 2434 586 2477 est
612 2423 874 2477 Christus.
911 2423 1015 2478 Sed
1043 2423 1159 2492 quis
1187 2432 1266 2476 est
1298 2423 1390 2477 ille
1418 2425 1652 2478 laudabi-

101 2516 156 2568 lis
179 2523 228 2569 et
254 2517 439 2569 beatus
461 2517 748 2583 egressus?
779 2517 978 2569 Possim
1005 2516 1216 2584 quidem
1242 2515 1420 2569 dicere
1449 2515 1650 2584 ingredi

101 2621 200 2666 nos.
230 2607 438 2672 quando
486 2605 712 2659 interius
757 2606 955 2674 aliquid
997 2607 1310 2675 cogitamus,
1343 2609 1523 2675 egredi
1558 2623 1649 2660 au-

100 2707 211 2758 tem.
238 2697 448 2765 quando
471 2696 712 2751 exterius
739 2697 937 2762 aliquid
963 2711 1267 2764 Operamur,
1294 2707 1346 2751 et
1373 2699 1643 2766 quoniam,

99 2791 216 2841 sicut
242 2789 366 2842 dicit
397 2790 690 2857 Apostolus
716 2830 729 2851 ,
781 2805 871 2857 per
897 2789 1048 2855 ﬁdem
1089 2790 1282 2841 habitat
1315 2790 1547 2843 Christus
1593 2794 1645 2843 in

97 2878 304 2932 cordibus
333 2879 544 2943 nostris,
571 2878 749 2947 egredi
781 2892 874 2945 per
893 2878 1182 2942 Christum,
1207 2894 1325 2932 esse
1351 2881 1644 2933 secundum

97 2969 242 3034 ipsam
275 2968 429 3022 iidem
473 2971 639 3022 etiam
686 2969 834 3033 loris,
878 2969 928 3022 id
959 2979 1062 3037 est,
1114 2984 1293 3023 coram
1339 2973 1643 3025 hominibus

95 3061 310 3126 operari;
355 3061 498 3113 unde
542 3071 597 3113 et
628 3061 678 3113 in
711 3060 909 3127 psalmo
939 3059 1129 3113 dicitur
1155 3077 1166 3111 :
1216 3059 1364 3114 Exiet
1395 3063 1545 3114 homo
1575 3063 1643 3115 ad

95 3167 203 3216 opus
221 3149 552 3218 suum(Psat.
569 3153 718 3217 cui);
745 3162 797 3204 et
817 3152 932 3220 ipse
956 3152 1210 3206 Dominus
1231 3153 1389 3207 dicit:
1422 3153 1646 3208 Luceant

96 3255 225 3302 opera
249 3253 406 3292 vestra
431 3257 609 3292 coram
636 3242 1150 3309 hominibus(;ilatth.
1179 3244 1250 3311 ν).
1286 3243 1390 3298 Sed
1421 3245 1535 3312 plus
1564 3262 1647 3298 me

95 3335 297 3386 deiectat
325 3336 466 3401 quod
502 3335 616 3401 ipsa
645 3335 850 3388 Veritas
882 3345 1132 3404 tanquam
1163 3336 1349 3389 Pastor
1379 3339 1568 3400 bonus,
1594 3347 1648 3392 et

97 3425 195 3474 ideo
221 3424 399 3477 doctor
432 3428 636 3487 bonus,
659 3426 888 3494 quodam
925 3426 1081 3478 modo
1115 3442 1212 3479 nos
1247 3427 1523 3479 admonuit
1557 3442 1637 3478 se-

95 3516 296 3568 cundum
336 3532 495 3582 quem
529 3518 746 3570 modum
811 3516 1103 3585 intelligere
1151 3517 1440 3572 debeamus
1505 3519 1642 3584 quod

92 3605 181 3654 ait:
214 3604 531 3674 lngredietur
558 3615 604 3658 et
631 3606 936 3674 egredietur,
962 3616 1006 3659 et
1033 3623 1218 3675 pascua
1247 3609 1481 3670 inveniet,
1523 3623 1640 3662 cum

91 3707 280 3749 secutus
308 3697 552 3763 adjunxit
581 3715 592 3749 :

155 3781 251 3835 Fur
277 3804 369 3838 non
403 3789 672 3849 venit,nisi
705 3797 756 3839 ut
787 3791 1002 3856 furatur,
1039 3797 1087 3841 et
1115 3797 1319 3851 ntactet,
1350 3798 1395 3839 et
1429 3790 1640 3850 perdat;

90 3893 167 3943 ego
206 3877 302 3928 veni
355 3889 408 3927 ut
450 3879 610 3928 ritam
640 3877 884 3940 habeant,
934 3887 980 3930 et
1024 3879 1360 3930 abundantius
1406 3879 1638 3930 habeant.

95 3966 288 4020 Videtur
310 3970 450 4020 enim
481 3968 693 4020 dixisse
727 3978 782 4021 ut
809 3969 969 4020 vitam
1001 3969 1228 4022 habeant
1256 3969 1635 4036 ingredientes.

91 4057 185 4110 Non
215 4069 380 4111 autem
413 4067 597 4127 potest
630 4058 910 4128 quisquam
943 4073 1036 4127 per
1067 4060 1282 4123 ostium,
1315 4061 1363 4111 id
1395 4070 1494 4124 est,
1548 4075 1640 4127 per

87 4149 326 4202 Christum
379 4151 564 4218 egredi
621 4151 683 4203 ad
737 4161 990 4204 aeternam
1024 4151 1227 4213 vitam,
1279 4167 1397 4218 qua:
1437 4152 1537 4205 erit
1585 4151 1636 4205 in

88 4241 262 4304 specie,
290 4240 384 4294 nisi
420 4256 517 4308 per
546 4242 724 4308 ipsum
755 4240 969 4302 ostium,
1005 4240 1103 4294 hoc
1131 4250 1233 4307 est,
1268 4256 1362 4308 per
1390 4240 1632 4294 eumdem

87 4331 352 4394 ChriStum,
384 4332 434 4384 in
471 4331 770 4385 Ecclesiam
799 4332 945 4399 ejus,
996 4331 1135 4399 quod
1185 4341 1265 4384 est
1309 4334 1446 4386 ovile
1494 4333 1633 4399 ejus,

89 4423 334 4477 intraverit
365 4425 426 4476 ad
458 4425 630 4476 vitam
665 4423 1044 4491 temporalem,
1089 4439 1205 4490 qua:
1236 4436 1315 4476 est
1348 4425 1398 4476 in
1432 4424 1585 4478 iidem
1617 4442 1630 4488 ;
1662 4448 1709 4507 ι)

88 4511 187 4563 ideo
223 4515 324 4566 ait:
359 4512 470 4582 Ego
499 4515 616 4565 veni
647 4523 701 4564 ut
730 4515 885 4565 vitam
913 4514 1149 4576 habeant,
1184 4513 1284 4567 hoc
1311 4522 1412 4578 est,
1448 4515 1628 4579 iidem,

87 4619 186 4667 qua:
229 4619 315 4671 per
344 4604 692 4658 dilectionem
724 4614 1000 4670 operatur;
1040 4618 1133 4671 per
1163 4617 1319 4669 quam
1369 4604 1522 4656 iidem
1579 4605 1627 4656 in

87 4694 208 4746 ovile
235 4696 601 4761 ingrediuntur
634 4701 689 4743 nt
717 4694 918 4754 vivant,
946 4693 1068 4760 quia
1093 4698 1266 4760 justus
1291 4709 1355 4746 ea:
1383 4694 1484 4760 ﬁde
1513 4693 1632 4745 vivit

88 4784 378 4854 (Hebrum).
413 4786 479 4839 Et
515 4786 860 4837 abundantius
891 4786 1127 4849 habeant,
1161 4785 1249 4853 qui
1281 4799 1631 4853 perseveran-

87 4879 142 4928 do
164 4893 313 4948 usque
339 4884 389 4932 in
420 4881 606 4944 nllt'm,
636 4894 726 4946 per
753 4878 877 4931 illud
905 4878 1121 4940 ostium,
1147 4877 1196 4929 id
1223 4888 1326 4938 est,
1357 4892 1447 4946 per
1472 4876 1626 4931 [idem

87 4967 250 5017 ILliristi
280 4968 650 5035 egrediuntur,
679 4966 930 5036 quoniam
955 4967 1063 5020 veri
1091 4966 1271 5019 lideles
1300 4968 1624 5026 moriuntur.

86 5069 128 5108 et
155 5059 486 5114 abundantius
518 5059 794 5112 habebunt
820 5061 999 5121 vitam,
1029 5059 1287 5112 veniendo
1311 5073 1416 5128 quo
1447 5067 1628 5126 pastor

89 5147 160 5199 ille
208 5151 510 5215 prater-ssit,
578 5150 671 5201 ubi
729 5163 995 5215 nunquam
1053 5147 1246 5201 deinde
1303 5149 1622 5201 moriantur.

87 5243 312 5304 Quamvis
341 5258 464 5310 ergo
493 5252 547 5294 et
581 5244 666 5295 hic
704 5243 756 5295 in
788 5242 903 5310 ipso
934 5243 1053 5294 ovili
1087 5257 1189 5295 non
1221 5239 1394 5294 desint
1426 5255 1621 5307 pascua

87 5331 324 5396 (quoniam
375 5333 438 5384 ad
493 5344 782 5399 utrumque
828 5347 1110 5398 p-Issumus
1154 5331 1452 5399 intelligere
1481 5330 1622 5398 quod

85 5422 256 5476 dictum
289 5435 404 5478 est:
441 5424 504 5477 Et
534 5440 729 5492 pascua
762 5425 997 5486 inveniet,
1033 5425 1080 5475 id
1109 5434 1210 5484 est,
1242 5434 1294 5477 et
1325 5425 1389 5476 ad
1422 5426 1623 5494 ingres-

89 5529 211 5578 sum,
235 5526 281 5570 et
303 5518 618 5584 egressum),
655 5527 830 5568 tamen
857 5532 976 5570 vere
1011 5532 1203 5583 pascua
1236 5516 1508 5570 invenient
1533 5512 1622 5566 ubi

88 5619 355 5662 saturentur
385 5612 468 5677 qui
513 5612 760 5665 esuriuut
806 5622 856 5662 ct
902 5611 1080 5663 sitiunt
1124 5608 1378 5677 justitiam
1410 5607 1620 5673 (Matth.

92 5703 184 5756 “)-
223 5700 429 5764 Quidam
469 5718 658 5770 pascua
695 5703 916 5765 itn'enit,
951 5718 1030 5753 ru:
1066 5702 1259 5755 dictum
1295 5711 1372 5753 est
1407 5743 1411 5747 .
1457 5699 1618 5751 Ilodic

1763 1875 2053 1942 requirere,
2078 1877 2424 1945 distinguere,
2455 1894 2610 1932 nosse
2630 1879 2904 1934 debemus.
2937 1878 3159 1948 Aperuit
3181 1886 3330 1946 cf.

1762 1967 1898 2018 νίειτιι
1927 1967 1989 2019 ad
2019 1967 2148 2022 duas
2177 1984 2260 2022 res
2295 1969 2574 2035 Dominus,
2607 1983 2736 2039 quas
2764 1974 3160 2040 quodaminodo
3178 1977 3331 2036 elau-

1759 2069 1847 2107 sas
1877 2068 2147 2121 posuerat.
2199 2059 2314 2112 Jatn
2343 2059 2539 2113 scimus
2571 2063 2690 2128 quia
2723 2064 2915 2115 ostium
2949 2064 3061 2130 ipse
3089 2075 3194 2131 eat,
3219 2069 3328 2123 Oci-

1759 2162 1874 2199 tuus
1905 2149 2028 2216 quia
2059 2161 2242 2217 pastor
2276 2150 2387 2216 ipse
2419 2161 2518 2204 est.
2557 2153 2721 2206 Fures
2749 2163 2799 2206 et
2825 2157 3060 2209 latrones
3083 2159 3171 2226 qui
3195 2157 3326 2226 aint,

1759 2239 1917 2303 priori
1949 2242 2209 2293 sententia
2243 2242 2560 2307 patefactum
2596 2253 2696 2296 εει.
2731 2243 2879 2298 Nunc
2908 2255 3086 2300 autem
3119 2248 3323 2302 audivi-

1756 2343 1873 2381 mus
1907 2330 2328 2394 merceuarium,
2362 2332 2662 2384 audivimus
2696 2341 2748 2387 et
2783 2336 2993 2402 lupum,
3026 2338 3326 2394 inominatua

1753 2430 1835 2472 est
1865 2429 1917 2472 et
1948 2421 2213 2475 ostiarius.
2255 2422 2306 2474 lu
2339 2424 2489 2475 bonis
2517 2441 2644 2492 ergo
2674 2428 2869 2479 ostium
2902 2438 3003 2492 est,
3034 2431 3313 2498 ostiarius,

1754 2517 1954 2576 pastor,
1979 2520 2031 2562 et
2056 2526 2214 2574 oves;
2251 2513 2298 2563 in
2336 2513 2486 2565 malis
2516 2513 2654 2568 fures
2679 2525 2733 2568 et
2760 2516 3016 2579 latrones.
3041 2535 3316 2575 mercena-

1753 2599 1862 2651 rius
1910 2608 1960 2652 et
2010 2599 2182 2666 lupus.
2242 2600 2445 2654 Ostium
2501 2603 2775 2658 Dominum
2820 2608 3000 2661 .iesutn
3043 2610 3314 2666 Christum

1750 2688 2058 2754 accipimus,
2107 2700 2365 2756 pastorem
2399 2693 2590 2758 ip~um.
2644 2695 2926 2749 Ostiarium
2972 2699 3124 2752 nobis
3165 2715 3318 2770 qua:-

1750 2779 1972 2832 rendum
2004 2780 2239 2847 reliquit,
2273 2792 2323 2834 ct
2352 2783 2475 2848 quid
2507 2786 2579 2836 ait
2608 2785 2671 2838 ad
2702 2786 3018 2840 ostiarium?

1825 2871 1977 2937 Huic,
2011 2873 2200 2941 inquit,
2235 2876 2470 2928 ostiarius
2503 2879 2686 2944 aperit.
2719 2877 2814 2931 Cui
2851 2881 3061 2944 aperit?
3091 2881 3319 2948 pastori;

1748 2964 1870 3030 quid
1925 2963 2093 3030 aperit
2144 2966 2394 3030 pastori?
2461 2967 2696 3027 ostium,
2755 2977 2808 3019 et
2860 2968 2973 3035 quis
3022 2977 3103 3021 est
3148 2971 3319 3036 ipsum

1748 3060 1988 3112 ostium?
2040 3059 2154 3126 ipse
2199 3061 2355 3112 etiam
2409 3070 2604 3126 pastor.
2662 3060 2876 3113 Diver~a
2925 3070 3048 3113 sunt
3081 3062 3318 3128 nomina,

1753 3161 1950 3219 pastor,
1999 3154 2229 3212 ostium,
2281 3153 2422 3214 ovis,
2481 3167 2638 3204 unutn
2690 3153 2886 3219 aiiquid
2939 3155 3314 3221 signiﬁcantia.

1748 3241 1876 3295 Nam
1931 3242 2093 3310 ipsius
2145 3242 2349 3296 Domini
2401 3244 2558 3295 verba
2617 3245 2770 3310 paulo
2816 3255 2939 3298 autc
2969 3246 3310 3301 audivimus:

1751 3329 1857 3397 Ego
1879 3346 1989 3382 sum
2011 3331 2214 3382 ostium.
2250 3332 2308 3382 l'lt
2341 3331 2421 3384 hic
2451 3332 2608 3383 modo
2641 3332 2835 3386 lectum
2867 3344 2948 3388 est
2979 3336 3131 3388 nobis
3159 3353 3170 3386 :
3204 3331 3316 3404 Ego

1748 3437 1858 3473 sum
1891 3432 2081 3488 pastor,
2115 3422 2201 3490 qui
2241 3423 2399 3475 etiam
2433 3423 2497 3474 ab
2528 3425 2699 3474 amico
2731 3425 2910 3489 sponsi
2946 3439 3111 3491 agnus
3143 3427 3316 3479 norni-

1757 3523 1928 3574 natur,
1973 3513 2104 3564 sicut
2150 3513 2200 3563 in
2249 3513 2345 3564 hoc
2378 3513 2620 3577 praesenti
2654 3511 2940 3577 livangelio
2972 3517 3273 3569 audivimus
3303 3534 3312 3567 :

1751 3598 1882 3651 Ecce
1905 3602 2078 3668 Agnus
2104 3600 2218 3667 Dei,
2239 3617 2348 3652 ecce
2369 3603 2452 3668 qui
2476 3602 2606 3652 tollit
2629 3615 2833 3669 peccata
2857 3607 3032 3656 mundi
3051 3605 3232 3670 (Joan.
3253 3611 3313 3674 t),

1743 3693 1810 3746 de
1842 3708 1946 3760 quo
1979 3695 2142 3745 multo
2169 3704 2294 3745 ante
2320 3694 2569 3761 prOpheta
2602 3694 2844 3760 praedixit
2870 3714 2878 3746 :
2915 3694 3186 3765 Tanquam
3212 3702 3316 3753 ovis

1743 3783 1811 3834 ad
1845 3785 2142 3836 occisionem
2187 3785 2366 3836 ductus
2412 3795 2482 3836 est
2514 3782 2645 3851 (Ira.
2677 3785 2820 3850 LIII);
2869 3788 3111 3853 quamvis
3146 3799 3310 3843 totum

1745 3889 1937 3940 corpus
1969 3890 2121 3926 suum
2155 3889 2283 3927 oves
2315 3875 2454 3926 illius
2484 3875 3096 3944 iuteiiigantur.‘Potest
3137 3889 3188 3932 et
3226 3881 3316 3936 ille

1741 3965 1993 4017 ostiarius
2028 3964 2288 4033 intelligi,
2341 3966 2461 4032 quia
2502 3981 2658 4018 nemo
2689 3965 3005 4034 ingreditur,
3039 3969 3121 4022 vel
3155 3985 3311 4037 egre-

1740 4057 1901 4121 ditur,
1950 4057 2048 4108 nisi
2080 4072 2143 4110 eo
2175 4057 2470 4124 aperiente,
2515 4059 2635 4126 quia
2681 4057 2840 4111 habet
2870 4060 3074 4113 clavem
3109 4059 3272 4116 David
3299 4080 3314 4126 ;

1739 4147 1827 4213 qui
1859 4147 2049 4215 aperit,
2083 4156 2138 4200 et
2169 4159 2325 4200 nemo
2351 4149 2583 4211 claudit;
2615 4149 2836 4213 claudit,
2869 4159 2923 4204 et
2953 4166 3108 4204 nemo
3137 4161 3312 4220 aperit

1741 4237 1922 4305 (Apoc.
1945 4237 2043 4305 ιιι).
2076 4236 2191 4290 Non
2223 4252 2347 4305 ergo
2381 4242 2552 4306 pigeat
2584 4254 2680 4294 nos
2703 4241 2995 4294 secundum
3019 4242 3307 4310 quamdam

1737 4327 2147 4382 similitudinem
2196 4328 2367 4394 ipsum
2414 4330 2686 4381 ostiarium
2738 4331 3011 4396 accipere,
3059 4347 3214 4397 quem
3258 4343 3312 4386 et

1739 4419 1954 4477 ostium.
2008 4420 2138 4486 Quis
2170 4430 2253 4473 est
2284 4420 2572 4483 osuarius,
2627 4421 2726 4473 nisi
2777 4423 2865 4487 qui
2912 4422 3130 4490 aperit?
3181 4423 3314 4488 Quis

1737 4517 1940 4582 aperit,
1986 4515 2087 4568 nisi
2128 4515 2214 4583 qui
2246 4530 2303 4568 se
2335 4514 2593 4579 exi‘onit?
2625 4514 2836 4567 dicente
2869 4514 2981 4582 ipso
3008 4529 3021 4568 :
3059 4512 3168 4583 Ego
3196 4531 3311 4566 sum

1736 4607 1837 4668 via,
1867 4606 2052 4657 veritas
2081 4614 2125 4657 et
2157 4605 2256 4657 vita
2286 4603 2466 4674 (Joan.
2497 4602 2626 4670 xw).
2680 4604 2736 4657 Si
2781 4603 2915 4656 forte
2948 4605 3035 4656 tihi
3069 4605 3310 4658 voluntas

1733 4707 1814 4749 est
1835 4695 1994 4749 aliam
2020 4709 2260 4764 quaerere
2286 4710 2563 4761 personam
2589 4694 2810 4756 ostiarii,
2843 4694 3072 4762 Spiritus
3095 4705 3310 4749 sanctus

1732 4795 1846 4849 est,
1893 4785 1960 4839 tle
1994 4800 2100 4854 quo
2133 4787 2244 4852 ipse
2295 4787 2548 4838 Dominus
2579 4785 2854 4850 discipulis
2896 4784 3006 4838 suis
3039 4786 3106 4837 ait
3138 4804 3147 4835 ;
3185 4783 3337 4850 lpse'

1732 4878 1928 4931 docebit
1960 4895 2044 4931 vos
2073 4894 2269 4931 omnem
2299 4881 2550 4930 veritatem
2577 4875 2750 4944 (Joan.
2785 4879 2914 4945 xvi).
2955 4876 3159 4931 Ostium
3193 4882 3306 4946 qui-

1737 4971 1857 5022 dem
1887 4966 2155 5036 Christus,
2188 4969 2430 5021 Christus
2463 4969 2675 5036 quidem
2711 4967 2923 5020 veritas.
2972 4967 3102 5034 Quis
3136 4971 3309 5035 aperit

1736 5060 1951 5122 ostium,
1985 5060 2083 5112 nisi
2116 5060 2202 5127 qui
2233 5059 2389 5111 docet
2415 5073 2625 5111 omnem
2657 5058 2976 5110 veritatem?
3029 5058 3159 5110 Dum
3201 5057 3305 5111 Do-

1736 5150 1910 5202 minus
1952 5150 2074 5203 boni
2119 5150 2345 5218 pastoris
2375 5163 2506 5215 upus
2537 5147 2819 5202 ostendere
2847 5148 3033 5210 voluit,
3067 5149 3300 5216 seipsum

1736 5243 2009 5309 proposuit
2056 5243 2106 5296 in
2153 5242 2474 5310 exemplum,
2511 5241 2728 5292 dicens:
2781 5238 2953 5292 Bonus
2986 5250 3164 5306 pastor
3191 5242 3307 5292 nm"

1733 5349 1866 5385 mam
1897 5345 2042 5385 satam
2072 5334 2210 5401 ponit
2243 5348 2332 5400 pro
2364 5330 2534 5382 ovibus
2562 5330 2688 5382 suis.
2724 5327 2871 5382 Fecit
2899 5331 3038 5395 quod
3076 5330 3303 5394 monuit,

1731 5422 1965 5476 ostendit
1985 5422 2127 5492 quod
2148 5423 2326 5491 jussit.
2353 5421 2593 5473 Animam
2623 5435 2770 5473 suam
2799 5417 2971 5485 posuit
3002 5434 3096 5486 pro
3118 5419 3306 5473 ovibus

1730 5514 1858 5567 suis.
1917 5514 2139 5568 Ostensa
2187 5522 2267 5565 est
2319 5512 2469 5564 nobis
2518 5512 2583 5564 de
2630 5518 2936 5577 contemptu
2990 5511 3177 5563 mortis
3224 5511 3302 5562 via

1731 5624 1887 5676 quam
1924 5622 2228 5676 sequamur,
2265 5606 2501 5673 apposita
2537 5605 2703 5658 forma
2733 5650 2743 5670 ,
2799 5606 2880 5658 cui
2914 5602 3298 5671 imprimamur.

1744 5699 1979 5755 Primum
2043 5701 2192 5756 mltis
2233 5711 2308 5754 est
2356 5700 2616 5755 exteriora
2667 5706 2844 5752 nostra
2896 5696 3304 5752 misericorditer
