  <div class='ocr_page' id='page_1' title='image "/cluster/home/n/w/nwhite01/storage/ocr_20150623/92-93/uva.x000827076/391.png"; bbox 0 0 3822 6226; ppageno 0'>
   <div class='ocr_carea' id='block_1_1' title="bbox 562 342 664 394">
    <p class='ocr_par' dir='ltr' id='par_1_1' title="bbox 562 342 664 394">
     <span class='ocr_line' id='line_1_1' title="bbox 562 342 664 394; baseline -0.02 0"><span class='ocrx_word' id='word_1_1' title='bbox 562 342 664 394; x_wconf 84' lang='grc'><strong>767</strong></span> 
     </span>
    </p>
   </div>
   <div class='ocr_carea' id='block_1_2' title="bbox 970 328 2110 390">
    <p class='ocr_par' dir='ltr' id='par_1_2' title="bbox 970 332 2110 390">
     <span class='ocr_line' id='line_1_2' title="bbox 970 332 2110 390; baseline -0.001 -2"><span class='ocrx_word' id='word_1_2' title='bbox 970 336 1163 390; x_wconf 70' lang='grc' dir='ltr'><strong>ΒΕθίΕ</strong></span> <span class='ocrx_word' id='word_1_3' title='bbox 1202 333 1647 388; x_wconf 76' lang='lat' dir='ltr'><strong>VENERABILIS</strong></span> <span class='ocrx_word' id='word_1_4' title='bbox 1679 332 1826 387; x_wconf 82' lang='lat' dir='ltr'><strong>OPP.</strong></span> <span class='ocrx_word' id='word_1_5' title='bbox 1869 333 2044 387; x_wconf 76' lang='lat' dir='ltr'><strong>PARS</strong></span> <span class='ocrx_word' id='word_1_6' title='bbox 2102 345 2110 378; x_wconf 77' lang='grc' dir='ltr'>ι</span> 
     </span>
    </p>
   </div>
   <div class='ocr_carea' id='block_1_3' title="bbox 2211 328 3325 390">
    <p class='ocr_par' dir='ltr' id='par_1_3' title="bbox 2211 328 3325 387">
     <span class='ocr_line' id='line_1_3' title="bbox 2211 328 3325 387; baseline -0.001 -3"><span class='ocrx_word' id='word_1_7' title='bbox 2211 330 2392 387; x_wconf 80' lang='lat' dir='ltr'><strong>SECT.</strong></span> <span class='ocrx_word' id='word_1_8' title='bbox 2421 332 2457 386; x_wconf 93' lang='grc' dir='ltr'><strong>Ι.</strong></span> <span class='ocrx_word' id='word_1_9' title='bbox 2486 360 2554 372; x_wconf 89' lang='grc'><strong><em>--</em></strong></span> <span class='ocrx_word' id='word_1_10' title='bbox 2587 330 2965 385; x_wconf 70' lang='grc' dir='ltr'><strong>ΕΧΕΕΕΤΙΟΛ</strong></span> <span class='ocrx_word' id='word_1_11' title='bbox 3008 328 3325 385; x_wconf 71' lang='lat' dir='ltr'><strong>GENUINA.</strong></span> 
     </span>
    </p>
   </div>
   <div class='ocr_carea' id='block_1_4' title="bbox 3643 332 3729 384">
    <p class='ocr_par' dir='ltr' id='par_1_4' title="bbox 3643 332 3729 384">
     <span class='ocr_line' id='line_1_4' title="bbox 3643 332 3729 384; baseline 0.047 -4"><span class='ocrx_word' id='word_1_12' title='bbox 3643 332 3729 384; x_wconf 69' lang='lat'><strong>768</strong></span> 
     </span>
    </p>
   </div>
   <div class='ocr_carea' id='block_1_5' title="bbox 559 440 3729 523">
    <p class='ocr_par' dir='ltr' id='par_1_5' title="bbox 559 440 3729 523">
     <span class='ocr_line' id='line_1_5' title="bbox 559 440 3729 523; baseline -0.003 -18"><span class='ocrx_word' id='word_1_13' title='bbox 559 452 748 505; x_wconf 86' lang='lat' dir='ltr'><strong>ovibus</strong></span> <span class='ocrx_word' id='word_1_14' title='bbox 774 449 889 519; x_wconf 89' lang='lat' dir='ltr'><strong>ejus</strong></span> <span class='ocrx_word' id='word_1_15' title='bbox 921 449 1256 518; x_wconf 70' lang='lat' dir='ltr'><strong>impendere;</strong></span> <span class='ocrx_word' id='word_1_16' title='bbox 1290 457 1616 516; x_wconf 90' lang='lat' dir='ltr'><strong>postremum</strong></span> <span class='ocrx_word' id='word_1_17' title='bbox 1647 462 1793 511; x_wconf 91' lang='lat' dir='ltr'><strong>vero,</strong></span> <span class='ocrx_word' id='word_1_18' title='bbox 1818 448 1861 499; x_wconf 86' lang='lat' dir='ltr'><strong>si</strong></span> <span class='ocrx_word' id='word_1_19' title='bbox 1889 460 2104 523; x_wconf 85' lang='lat' dir='ltr'><strong>necesse</strong></span> <span class='ocrx_word' id='word_1_20' title='bbox 2133 442 2177 497; x_wconf 81' lang='grc' dir='ltr'><strong>Α</strong></span> <span class='ocrx_word' id='word_1_21' title='bbox 2274 443 2383 523; x_wconf 63' lang='lat' dir='ltr'><strong>Ego</strong></span> <span class='ocrx_word' id='word_1_22' title='bbox 2405 460 2513 495; x_wconf 81' lang='lat' dir='ltr'><strong>sum</strong></span> <span class='ocrx_word' id='word_1_23' title='bbox 2537 453 2704 510; x_wconf 83' lang='lat' dir='ltr'><strong>pastor</strong></span> <span class='ocrx_word' id='word_1_24' title='bbox 2736 443 2911 494; x_wconf 87' lang='lat' dir='ltr'><strong>bonus.</strong></span> <span class='ocrx_word' id='word_1_25' title='bbox 2943 445 3108 505; x_wconf 83' lang='lat' dir='ltr'><strong>Atque</strong></span> <span class='ocrx_word' id='word_1_26' title='bbox 3137 440 3400 508; x_wconf 82' lang='lat' dir='ltr'><strong>subiungit</strong></span> <span class='ocrx_word' id='word_1_27' title='bbox 3427 456 3437 490; x_wconf 94' lang='lat'>:</span> <span class='ocrx_word' id='word_1_28' title='bbox 3472 440 3535 493; x_wconf 81' lang='lat' dir='ltr'><strong>Et</strong></span> <span class='ocrx_word' id='word_1_29' title='bbox 3561 456 3729 505; x_wconf 75' lang='lat' dir='ltr'><strong>cogno-</strong></span> 
     </span>
    </p>
   </div>
   <div class='ocr_carea' id='block_1_6' title="bbox 559 521 2107 605">
    <p class='ocr_par' dir='ltr' id='par_1_6' title="bbox 559 521 2107 605">
     <span class='ocr_line' id='line_1_6' title="bbox 559 521 2107 605; baseline -0.008 -8"><span class='ocrx_word' id='word_1_30' title='bbox 559 544 632 597; x_wconf 89' lang='lat' dir='ltr'><strong>sit</strong></span> <span class='ocrx_word' id='word_1_31' title='bbox 665 541 825 595; x_wconf 90' lang='lat' dir='ltr'><strong>etiam</strong></span> <span class='ocrx_word' id='word_1_32' title='bbox 868 550 1091 594; x_wconf 88' lang='lat' dir='ltr'><strong>mortem</strong></span> <span class='ocrx_word' id='word_1_33' title='bbox 1130 550 1368 592; x_wconf 85' lang='lat' dir='ltr'><strong>nostram</strong></span> <span class='ocrx_word' id='word_1_34' title='bbox 1420 553 1515 605; x_wconf 90' lang='lat' dir='ltr'><strong>pro</strong></span> <span class='ocrx_word' id='word_1_35' title='bbox 1546 536 1747 592; x_wconf 82' lang='lat' dir='ltr'><strong>eisdem</strong></span> <span class='ocrx_word' id='word_1_36' title='bbox 1792 521 1981 591; x_wconf 84' lang='lat' dir='ltr'><strong>ovibus</strong></span> <span class='ocrx_word' id='word_1_37' title='bbox 2012 535 2107 586; x_wconf 82' lang='lat' dir='ltr'><strong>mi-</strong></span> 
     </span>
    </p>
   </div>
   <div class='ocr_carea' id='block_1_7' title="bbox 559 627 2101 698">
    <p class='ocr_par' dir='ltr' id='par_1_7' title="bbox 559 627 2101 698">
     <span class='ocr_line' id='line_1_7' title="bbox 559 627 2101 698; baseline -0.008 -12"><span class='ocrx_word' id='word_1_38' title='bbox 559 634 807 687; x_wconf 87' lang='lat' dir='ltr'><strong>nistrare.</strong></span> <span class='ocrx_word' id='word_1_39' title='bbox 828 630 960 696; x_wconf 86' lang='lat' dir='ltr'><strong>Quis</strong></span> <span class='ocrx_word' id='word_1_40' title='bbox 985 647 1087 685; x_wconf 90' lang='lat' dir='ltr'><strong>non</strong></span> <span class='ocrx_word' id='word_1_41' title='bbox 1112 631 1201 683; x_wconf 89' lang='lat' dir='ltr'><strong>dat</strong></span> <span class='ocrx_word' id='word_1_42' title='bbox 1224 644 1317 698; x_wconf 91' lang='lat' dir='ltr'><strong>pro</strong></span> <span class='ocrx_word' id='word_1_43' title='bbox 1339 629 1530 682; x_wconf 86' lang='lat' dir='ltr'><strong>ovibus</strong></span> <span class='ocrx_word' id='word_1_44' title='bbox 1553 627 1903 683; x_wconf 86' lang='lat' dir='ltr'><strong>substantiam</strong></span> <span class='ocrx_word' id='word_1_45' title='bbox 1928 641 2101 688; x_wconf 84' lang='lat' dir='ltr'><strong>suam,</strong></span> 
     </span>
    </p>
   </div>
   <div class='ocr_carea' id='block_1_8' title="bbox 557 718 2107 791">
    <p class='ocr_par' dir='ltr' id='par_1_8' title="bbox 557 718 2107 791">
     <span class='ocr_line' id='line_1_8' title="bbox 557 718 2107 791; baseline -0.005 -16"><span class='ocrx_word' id='word_1_46' title='bbox 557 722 774 791; x_wconf 83' lang='lat' dir='ltr'><strong>quando</strong></span> <span class='ocrx_word' id='word_1_47' title='bbox 803 736 899 789; x_wconf 92' lang='lat' dir='ltr'><strong>pro</strong></span> <span class='ocrx_word' id='word_1_48' title='bbox 944 721 1026 774; x_wconf 88' lang='lat' dir='ltr'><strong>his</strong></span> <span class='ocrx_word' id='word_1_49' title='bbox 1059 720 1281 774; x_wconf 87' lang='lat' dir='ltr'><strong>daturus</strong></span> <span class='ocrx_word' id='word_1_50' title='bbox 1311 730 1392 773; x_wconf 88' lang='lat' dir='ltr'><strong>est</strong></span> <span class='ocrx_word' id='word_1_51' title='bbox 1434 718 1668 772; x_wconf 87' lang='lat' dir='ltr'><strong>animam</strong></span> <span class='ocrx_word' id='word_1_52' title='bbox 1707 718 1901 772; x_wconf 87' lang='lat' dir='ltr'><strong>suam?</strong></span> <span class='ocrx_word' id='word_1_53' title='bbox 1936 718 2107 783; x_wconf 83' lang='lat' dir='ltr'><strong>Expo-</strong></span> 
     </span>
    </p>
   </div>
   <div class='ocr_carea' id='block_1_9' title="bbox 556 804 2106 879">
    <p class='ocr_par' dir='ltr' id='par_1_9' title="bbox 556 804 2106 879">
     <span class='ocr_line' id='line_1_9' title="bbox 556 804 2106 879; baseline -0.005 -14"><span class='ocrx_word' id='word_1_54' title='bbox 556 812 787 873; x_wconf 88' lang='lat' dir='ltr'><strong>suimus,</strong></span> <span class='ocrx_word' id='word_1_55' title='bbox 814 810 895 863; x_wconf 83' lang='lat' dir='ltr'><strong>vel</strong></span> <span class='ocrx_word' id='word_1_56' title='bbox 916 810 1085 879; x_wconf 90' lang='lat' dir='ltr'><strong>magis</strong></span> <span class='ocrx_word' id='word_1_57' title='bbox 1114 809 1334 863; x_wconf 90' lang='lat' dir='ltr'><strong>Domino</strong></span> <span class='ocrx_word' id='word_1_58' title='bbox 1358 810 1582 863; x_wconf 84' lang='lat' dir='ltr'><strong>docente</strong></span> <span class='ocrx_word' id='word_1_59' title='bbox 1606 806 1965 861; x_wconf 82' lang='lat' dir='ltr'><strong>intelleximus</strong></span> <span class='ocrx_word' id='word_1_60' title='bbox 1985 804 2106 875; x_wconf 82' lang='lat' dir='ltr'><strong>quis</strong></span> 
     </span>
    </p>
   </div>
   <div class='ocr_carea' id='block_1_10' title="bbox 556 880 2109 968">
    <p class='ocr_par' dir='ltr' id='par_1_10' title="bbox 556 880 2109 968">
     <span class='ocr_line' id='line_1_10' title="bbox 556 880 2109 968; baseline -0.005 -15"><span class='ocrx_word' id='word_1_61' title='bbox 556 899 628 953; x_wconf 87' lang='lat' dir='ltr'><strong>sit</strong></span> <span class='ocrx_word' id='word_1_62' title='bbox 656 899 861 968; x_wconf 86' lang='lat' dir='ltr'><strong>pastor,</strong></span> <span class='ocrx_word' id='word_1_63' title='bbox 887 899 1009 968; x_wconf 88' lang='lat' dir='ltr'><strong>quis</strong></span> <span class='ocrx_word' id='word_1_64' title='bbox 1037 880 1255 959; x_wconf 77' lang='lat' dir='ltr'><strong>ostium,</strong></span> <span class='ocrx_word' id='word_1_65' title='bbox 1281 898 1402 967; x_wconf 91' lang='lat' dir='ltr'><strong>quis</strong></span> <span class='ocrx_word' id='word_1_66' title='bbox 1430 897 1703 956; x_wconf 83' lang='lat' dir='ltr'><strong>ostiarius.</strong></span> <span class='ocrx_word' id='word_1_67' title='bbox 1725 910 1845 965; x_wconf 66' lang='lat' dir='ltr'><strong>qua:</strong></span> <span class='ocrx_word' id='word_1_68' title='bbox 1871 895 2028 949; x_wconf 92' lang='lat' dir='ltr'><strong>etiam</strong></span> <span class='ocrx_word' id='word_1_69' title='bbox 2054 903 2109 946; x_wconf 92' lang='lat' dir='ltr'><strong>et</strong></span> 
     </span>
    </p>
   </div>
   <div class='ocr_carea' id='block_1_11' title="bbox 555 985 2103 1057">
    <p class='ocr_par' dir='ltr' id='par_1_11' title="bbox 555 985 2103 1057">
     <span class='ocr_line' id='line_1_11' title="bbox 555 985 2103 1057; baseline -0.006 -12"><span class='ocrx_word' id='word_1_70' title='bbox 555 1005 706 1051; x_wconf 90' lang='lat' dir='ltr'><strong>oves.</strong></span> <span class='ocrx_word' id='word_1_71' title='bbox 726 1005 931 1044; x_wconf 90' lang='lat' dir='ltr'><strong>necnon</strong></span> <span class='ocrx_word' id='word_1_72' title='bbox 955 990 1045 1057; x_wconf 89' lang='lat' dir='ltr'><strong>qui</strong></span> <span class='ocrx_word' id='word_1_73' title='bbox 1071 990 1179 1042; x_wconf 89' lang='lat' dir='ltr'><strong>sint</strong></span> <span class='ocrx_word' id='word_1_74' title='bbox 1202 988 1346 1043; x_wconf 89' lang='lat' dir='ltr'><strong>fures</strong></span> <span class='ocrx_word' id='word_1_75' title='bbox 1369 996 1421 1042; x_wconf 90' lang='lat' dir='ltr'><strong>et</strong></span> <span class='ocrx_word' id='word_1_76' title='bbox 1438 987 1692 1051; x_wconf 86' lang='lat' dir='ltr'><strong>latrones,</strong></span> <span class='ocrx_word' id='word_1_77' title='bbox 1723 985 2103 1054; x_wconf 75' lang='lat' dir='ltr'><strong>cognovimus;</strong></span> 
     </span>
    </p>
   </div>
   <div class='ocr_carea' id='block_1_12' title="bbox 555 1061 2106 1147">
    <p class='ocr_par' dir='ltr' id='par_1_12' title="bbox 555 1061 2106 1147">
     <span class='ocr_line' id='line_1_12' title="bbox 555 1061 2106 1147; baseline -0.005 -13"><span class='ocrx_word' id='word_1_78' title='bbox 555 1082 648 1135; x_wconf 89' lang='lat' dir='ltr'><strong>sed</strong></span> <span class='ocrx_word' id='word_1_79' title='bbox 680 1061 837 1133; x_wconf 84' lang='lat' dir='ltr'><strong>modo</strong></span> <span class='ocrx_word' id='word_1_80' title='bbox 862 1079 930 1133; x_wconf 89' lang='lat' dir='ltr'><strong>de</strong></span> <span class='ocrx_word' id='word_1_81' title='bbox 962 1077 1297 1137; x_wconf 87' lang='lat' dir='ltr'><strong>mercenario</strong></span> <span class='ocrx_word' id='word_1_82' title='bbox 1343 1086 1397 1131; x_wconf 88' lang='lat' dir='ltr'><strong>et</strong></span> <span class='ocrx_word' id='word_1_83' title='bbox 1426 1078 1549 1147; x_wconf 91' lang='lat' dir='ltr'><strong>lupo</strong></span> <span class='ocrx_word' id='word_1_84' title='bbox 1587 1075 2010 1139; x_wconf 86' lang='lat' dir='ltr'><strong>consideremus,</strong></span> <span class='ocrx_word' id='word_1_85' title='bbox 2040 1073 2106 1126; x_wconf 93' lang='lat' dir='ltr'><strong>de</strong></span> 
     </span>
    </p>
   </div>
   <div class='ocr_carea' id='block_1_13' title="bbox 553 1162 1403 1239">
    <p class='ocr_par' dir='ltr' id='par_1_13' title="bbox 553 1162 1403 1239">
     <span class='ocr_line' id='line_1_13' title="bbox 553 1162 1403 1239; baseline -0.007 -14"><span class='ocrx_word' id='word_1_86' title='bbox 553 1162 750 1239; x_wconf 88' lang='lat' dir='ltr'><strong>quibus</strong></span> <span class='ocrx_word' id='word_1_87' title='bbox 780 1170 901 1237; x_wconf 90' lang='lat' dir='ltr'><strong>ipse</strong></span> <span class='ocrx_word' id='word_1_88' title='bbox 937 1169 1190 1223; x_wconf 82' lang='lat' dir='ltr'><strong>Dominus</strong></span> <span class='ocrx_word' id='word_1_89' title='bbox 1224 1169 1357 1222; x_wconf 80' lang='lat' dir='ltr'><strong>dixit</strong></span> <span class='ocrx_word' id='word_1_90' title='bbox 1390 1183 1403 1218; x_wconf 91' lang='lat'><strong>:</strong></span> 
     </span>
    </p>
   </div>
   <div class='ocr_carea' id='block_1_14' title="bbox 625 1254 2103 1325">
    <p class='ocr_par' dir='ltr' id='par_1_14' title="bbox 625 1254 2103 1325">
     <span class='ocr_line' id='line_1_14' title="bbox 625 1254 2103 1325; baseline -0.005 -14"><span class='ocrx_word' id='word_1_91' title='bbox 625 1259 981 1313; x_wconf 82' lang='lat' dir='ltr'><strong>Mercenarius</strong></span> <span class='ocrx_word' id='word_1_92' title='bbox 1004 1270 1197 1321; x_wconf 89' lang='lat' dir='ltr'><strong>autem,</strong></span> <span class='ocrx_word' id='word_1_93' title='bbox 1222 1268 1269 1311; x_wconf 91' lang='lat' dir='ltr'><strong>et</strong></span> <span class='ocrx_word' id='word_1_94' title='bbox 1291 1258 1379 1325; x_wconf 84' lang='lat' dir='ltr'><strong>qui</strong></span> <span class='ocrx_word' id='word_1_95' title='bbox 1409 1273 1508 1309; x_wconf 80' lang='lat' dir='ltr'><strong>non</strong></span> <span class='ocrx_word' id='word_1_96' title='bbox 1524 1268 1598 1310; x_wconf 85' lang='lat' dir='ltr'><strong>est</strong></span> <span class='ocrx_word' id='word_1_97' title='bbox 1623 1266 1820 1322; x_wconf 82' lang='lat' dir='ltr'><strong>pastor,</strong></span> <span class='ocrx_word' id='word_1_98' title='bbox 1834 1254 1980 1321; x_wconf 84' lang='lat' dir='ltr'><strong>cujus</strong></span> <span class='ocrx_word' id='word_1_99' title='bbox 2004 1268 2103 1304; x_wconf 83' lang='lat' dir='ltr'><strong>non</strong></span> 
     </span>
    </p>
   </div>
   <div class='ocr_carea' id='block_1_15' title="bbox 552 1340 2104 1417">
    <p class='ocr_par' dir='ltr' id='par_1_15' title="bbox 552 1340 2104 1417">
     <span class='ocr_line' id='line_1_15' title="bbox 552 1340 2104 1417; baseline -0.006 -15"><span class='ocrx_word' id='word_1_100' title='bbox 552 1358 673 1402; x_wconf 83' lang='lat' dir='ltr'><strong>sunt</strong></span> <span class='ocrx_word' id='word_1_101' title='bbox 694 1365 806 1402; x_wconf 80' lang='lat' dir='ltr'><strong>oves</strong></span> <span class='ocrx_word' id='word_1_102' title='bbox 834 1349 1079 1417; x_wconf 72' lang='lat' dir='ltr'><strong>propriae,</strong></span> <span class='ocrx_word' id='word_1_103' title='bbox 1110 1348 1243 1400; x_wconf 82' lang='lat' dir='ltr'><strong>videt</strong></span> <span class='ocrx_word' id='word_1_104' title='bbox 1274 1348 1448 1414; x_wconf 86' lang='lat' dir='ltr'><strong>lupum</strong></span> <span class='ocrx_word' id='word_1_105' title='bbox 1479 1346 1779 1406; x_wconf 83' lang='lat' dir='ltr'><strong>venientem,</strong></span> <span class='ocrx_word' id='word_1_106' title='bbox 1814 1354 1862 1396; x_wconf 90' lang='lat' dir='ltr'><strong>et</strong></span> <span class='ocrx_word' id='word_1_107' title='bbox 1895 1340 2104 1395; x_wconf 87' lang='lat' dir='ltr'><strong>dimittit</strong></span> 
     </span>
    </p>
   </div>
   <div class='ocr_carea' id='block_1_16' title="bbox 555 1433 2103 1507">
    <p class='ocr_par' dir='ltr' id='par_1_16' title="bbox 555 1433 2103 1507">
     <span class='ocr_line' id='line_1_16' title="bbox 555 1433 2103 1507; baseline -0.008 -16"><span class='ocrx_word' id='word_1_108' title='bbox 555 1454 691 1499; x_wconf 62' lang='lat' dir='ltr'><strong>oves.</strong></span> <span class='ocrx_word' id='word_1_109' title='bbox 718 1448 767 1493; x_wconf 84' lang='lat' dir='ltr'><strong>et</strong></span> <span class='ocrx_word' id='word_1_110' title='bbox 798 1439 949 1506; x_wconf 80' lang='lat' dir='ltr'><strong>fugit.</strong></span> <span class='ocrx_word' id='word_1_111' title='bbox 979 1436 1093 1491; x_wconf 84' lang='lat' dir='ltr'><strong>Non</strong></span> <span class='ocrx_word' id='word_1_112' title='bbox 1120 1446 1321 1507; x_wconf 89' lang='lat' dir='ltr'><strong>pastor,</strong></span> <span class='ocrx_word' id='word_1_113' title='bbox 1352 1436 1443 1490; x_wconf 88' lang='lat' dir='ltr'><strong>sed</strong></span> <span class='ocrx_word' id='word_1_114' title='bbox 1472 1433 1831 1490; x_wconf 86' lang='lat' dir='ltr'><strong>mercenarius</strong></span> <span class='ocrx_word' id='word_1_115' title='bbox 1868 1440 2103 1492; x_wconf 82' lang='lat' dir='ltr'><strong>vocatur,</strong></span> 
     </span>
    </p>
   </div>
   <div class='ocr_carea' id='block_1_17' title="bbox 554 1518 2105 1597">
    <p class='ocr_par' dir='ltr' id='par_1_17' title="bbox 554 1518 2105 1597">
     <span class='ocr_line' id='line_1_17' title="bbox 554 1518 2105 1597; baseline -0.005 -16"><span class='ocrx_word' id='word_1_116' title='bbox 554 1529 679 1596; x_wconf 86' lang='lat' dir='ltr'><strong>quia</strong></span> <span class='ocrx_word' id='word_1_117' title='bbox 710 1525 815 1583; x_wconf 85' lang='lat' dir='ltr'><strong>non</strong></span> <span class='ocrx_word' id='word_1_118' title='bbox 845 1542 942 1597; x_wconf 87' lang='lat' dir='ltr'><strong>pro</strong></span> <span class='ocrx_word' id='word_1_119' title='bbox 970 1541 1151 1583; x_wconf 89' lang='lat' dir='ltr'><strong>amore</strong></span> <span class='ocrx_word' id='word_1_120' title='bbox 1184 1523 1373 1579; x_wconf 81' lang='lat' dir='ltr'><strong>intimo</strong></span> <span class='ocrx_word' id='word_1_121' title='bbox 1403 1522 1526 1579; x_wconf 85' lang='lat' dir='ltr'><strong>oves</strong></span> <span class='ocrx_word' id='word_1_122' title='bbox 1560 1523 1882 1585; x_wconf 90' lang='lat' dir='ltr'><strong>Dominicas,</strong></span> <span class='ocrx_word' id='word_1_123' title='bbox 1917 1519 2009 1575; x_wconf 90' lang='lat' dir='ltr'><strong>sed</strong></span> <span class='ocrx_word' id='word_1_124' title='bbox 2037 1518 2105 1573; x_wconf 88' lang='lat' dir='ltr'><strong>ad</strong></span> 
     </span>
    </p>
   </div>
   <div class='ocr_carea' id='block_1_18' title="bbox 556 1604 2106 1686">
    <p class='ocr_par' dir='ltr' id='par_1_18' title="bbox 556 1604 2106 1686">
     <span class='ocr_line' id='line_1_18' title="bbox 556 1604 2106 1686; baseline -0.005 -16"><span class='ocrx_word' id='word_1_125' title='bbox 556 1615 875 1686; x_wconf 76' lang='lat' dir='ltr'><strong>temporales</strong></span> <span class='ocrx_word' id='word_1_126' title='bbox 899 1615 1170 1671; x_wconf 82' lang='lat' dir='ltr'><strong>mercedes</strong></span> <span class='ocrx_word' id='word_1_127' title='bbox 1194 1613 1380 1683; x_wconf 90' lang='lat' dir='ltr'><strong>pascit.</strong></span> <span class='ocrx_word' id='word_1_128' title='bbox 1405 1608 1763 1666; x_wconf 81' lang='lat' dir='ltr'><strong>Mercenarius</strong></span> <span class='ocrx_word' id='word_1_129' title='bbox 1788 1604 1982 1680; x_wconf 86' lang='lat' dir='ltr'><strong>quippe</strong></span> <span class='ocrx_word' id='word_1_130' title='bbox 2004 1612 2106 1670; x_wconf 87' lang='lat' dir='ltr'><strong>est,</strong></span> 
     </span>
    </p>
   </div>
   <div class='ocr_carea' id='block_1_19' title="bbox 554 1694 2106 1779">
    <p class='ocr_par' dir='ltr' id='par_1_19' title="bbox 554 1694 2106 1779">
     <span class='ocr_line' id='line_1_19' title="bbox 554 1694 2106 1779; baseline -0.005 -17"><span class='ocrx_word' id='word_1_131' title='bbox 554 1694 647 1779; x_wconf 88' lang='lat' dir='ltr'><strong>qui</strong></span> <span class='ocrx_word' id='word_1_132' title='bbox 668 1710 841 1764; x_wconf 89' lang='lat' dir='ltr'><strong>locum</strong></span> <span class='ocrx_word' id='word_1_133' title='bbox 864 1707 1077 1777; x_wconf 85' lang='lat' dir='ltr'><strong>quidem</strong></span> <span class='ocrx_word' id='word_1_134' title='bbox 1102 1708 1331 1777; x_wconf 86' lang='lat' dir='ltr'><strong>pastoris</strong></span> <span class='ocrx_word' id='word_1_135' title='bbox 1350 1713 1513 1771; x_wconf 90' lang='lat' dir='ltr'><strong>tenet,</strong></span> <span class='ocrx_word' id='word_1_136' title='bbox 1535 1704 1625 1759; x_wconf 89' lang='lat' dir='ltr'><strong>sed</strong></span> <span class='ocrx_word' id='word_1_137' title='bbox 1645 1702 1791 1757; x_wconf 89' lang='lat' dir='ltr'><strong>lucra</strong></span> <span class='ocrx_word' id='word_1_138' title='bbox 1809 1701 2106 1756; x_wconf 88' lang='lat' dir='ltr'><strong>animarum</strong></span> 
     </span>
    </p>
   </div>
   <div class='ocr_carea' id='block_1_20' title="bbox 556 1790 2107 1869">
    <p class='ocr_par' dir='ltr' id='par_1_20' title="bbox 556 1790 2107 1869">
     <span class='ocr_line' id='line_1_20' title="bbox 556 1790 2107 1869; baseline -0.005 -14"><span class='ocrx_word' id='word_1_139' title='bbox 556 1817 663 1867; x_wconf 84' lang='lat' dir='ltr'><strong>non</strong></span> <span class='ocrx_word' id='word_1_140' title='bbox 690 1800 905 1869; x_wconf 63' lang='lat' dir='ltr'><strong>quierit,</strong></span> <span class='ocrx_word' id='word_1_141' title='bbox 938 1790 1165 1853; x_wconf 86' lang='lat' dir='ltr'><strong>terrenis</strong></span> <span class='ocrx_word' id='word_1_142' title='bbox 1196 1797 1491 1851; x_wconf 89' lang='lat' dir='ltr'><strong>commodis</strong></span> <span class='ocrx_word' id='word_1_143' title='bbox 1526 1796 1715 1859; x_wconf 87' lang='lat' dir='ltr'><strong>inhiat,</strong></span> <span class='ocrx_word' id='word_1_144' title='bbox 1746 1795 1950 1849; x_wconf 87' lang='lat' dir='ltr'><strong>honore</strong></span> <span class='ocrx_word' id='word_1_145' title='bbox 1975 1807 2107 1863; x_wconf 76' lang='lat' dir='ltr'><strong>prae-</strong></span> 
     </span>
    </p>
   </div>
   <div class='ocr_carea' id='block_1_21' title="bbox 2202 532 3729 603">
    <p class='ocr_par' dir='ltr' id='par_1_21' title="bbox 2202 532 3729 603">
     <span class='ocr_line' id='line_1_21' title="bbox 2202 532 3729 603; baseline -0.001 -15"><span class='ocrx_word' id='word_1_146' title='bbox 2202 551 2285 588; x_wconf 81' lang='lat' dir='ltr'><strong>sco</strong></span> <span class='ocrx_word' id='word_1_147' title='bbox 2327 551 2480 599; x_wconf 81' lang='lat' dir='ltr'><strong>meas,</strong></span> <span class='ocrx_word' id='word_1_148' title='bbox 2534 533 2637 588; x_wconf 88' lang='lat' dir='ltr'><strong>hoc</strong></span> <span class='ocrx_word' id='word_1_149' title='bbox 2664 545 2764 597; x_wconf 90' lang='lat' dir='ltr'><strong>est,</strong></span> <span class='ocrx_word' id='word_1_150' title='bbox 2797 532 2989 600; x_wconf 82' lang='lat' dir='ltr'><strong>diligo,</strong></span> <span class='ocrx_word' id='word_1_151' title='bbox 3034 542 3082 586; x_wconf 89' lang='lat' dir='ltr'><strong>et</strong></span> <span class='ocrx_word' id='word_1_152' title='bbox 3122 540 3425 603; x_wconf 80' lang='lat' dir='ltr'><strong>cognoscunt</strong></span> <span class='ocrx_word' id='word_1_153' title='bbox 3472 547 3548 584; x_wconf 89' lang='lat' dir='ltr'><strong>me</strong></span> <span class='ocrx_word' id='word_1_154' title='bbox 3606 550 3729 586; x_wconf 68' lang='lat' dir='ltr'><strong>mea.</strong></span> 
     </span>
    </p>
   </div>
   <div class='ocr_carea' id='block_1_22' title="bbox 2203 614 3731 696">
    <p class='ocr_par' dir='ltr' id='par_1_22' title="bbox 2203 614 3731 696">
     <span class='ocr_line' id='line_1_22' title="bbox 2203 614 3731 696; baseline -0.001 -15"><span class='ocrx_word' id='word_1_155' title='bbox 2203 629 2279 683; x_wconf 82' lang='lat' dir='ltr'><strong>Ae</strong></span> <span class='ocrx_word' id='word_1_156' title='bbox 2317 629 2359 680; x_wconf 90' lang='lat' dir='ltr'><strong>si</strong></span> <span class='ocrx_word' id='word_1_157' title='bbox 2392 614 2630 694; x_wconf 87' lang='lat' dir='ltr'><strong>patenter</strong></span> <span class='ocrx_word' id='word_1_158' title='bbox 2659 627 2835 681; x_wconf 86' lang='lat' dir='ltr'><strong>dicat:</strong></span> <span class='ocrx_word' id='word_1_159' title='bbox 2863 626 3147 696; x_wconf 78' lang='lat' dir='ltr'><strong>diligentes</strong></span> <span class='ocrx_word' id='word_1_160' title='bbox 3187 627 3566 696; x_wconf 86' lang='lat' dir='ltr'><strong>obsequuntur.</strong></span> <span class='ocrx_word' id='word_1_161' title='bbox 3602 626 3731 683; x_wconf 71' lang='lat' dir='ltr'><strong>Unde</strong></span> 
     </span>
    </p>
   </div>
   <div class='ocr_carea' id='block_1_23' title="bbox 2204 716 2655 785">
    <p class='ocr_par' dir='ltr' id='par_1_23' title="bbox 2204 716 2655 785">
     <span class='ocr_line' id='line_1_23' title="bbox 2204 716 2655 785; baseline 0 -14"><span class='ocrx_word' id='word_1_162' title='bbox 2204 734 2326 771; x_wconf 81' lang='lat' dir='ltr'><strong>mox</strong></span> <span class='ocrx_word' id='word_1_163' title='bbox 2352 716 2620 785; x_wconf 74' lang='lat' dir='ltr'><strong>subiunxit</strong></span> <span class='ocrx_word' id='word_1_164' title='bbox 2645 736 2655 771; x_wconf 91' lang='lat'><strong>:</strong></span> 
     </span>
    </p>
   </div>
   <div class='ocr_carea' id='block_1_24' title="bbox 2273 806 3731 878">
    <p class='ocr_par' dir='ltr' id='par_1_24' title="bbox 2273 806 3731 878">
     <span class='ocr_line' id='line_1_24' title="bbox 2273 806 3731 878; baseline -0.002 -14"><span class='ocrx_word' id='word_1_165' title='bbox 2273 812 2415 864; x_wconf 82' lang='lat' dir='ltr'><strong>Sicut</strong></span> <span class='ocrx_word' id='word_1_166' title='bbox 2444 813 2577 863; x_wconf 85' lang='lat' dir='ltr'><strong>novit</strong></span> <span class='ocrx_word' id='word_1_167' title='bbox 2608 826 2684 863; x_wconf 87' lang='lat' dir='ltr'><strong>me</strong></span> <span class='ocrx_word' id='word_1_168' title='bbox 2716 808 2890 875; x_wconf 87' lang='lat' dir='ltr'><strong>Pater,</strong></span> <span class='ocrx_word' id='word_1_169' title='bbox 2934 818 2983 865; x_wconf 82' lang='lat' dir='ltr'><strong>et</strong></span> <span class='ocrx_word' id='word_1_170' title='bbox 3013 825 3104 878; x_wconf 79' lang='lat' dir='ltr'><strong>ego</strong></span> <span class='ocrx_word' id='word_1_171' title='bbox 3142 826 3389 876; x_wconf 81' lang='lat' dir='ltr'><strong>cognosco</strong></span> <span class='ocrx_word' id='word_1_172' title='bbox 3439 806 3659 869; x_wconf 79' lang='lat' dir='ltr'><strong>Patrem.</strong></span> <span class='ocrx_word' id='word_1_173' title='bbox 3692 824 3731 863; x_wconf 81' lang='lat' dir='ltr'><strong>et</strong></span> 
     </span>
    </p>
   </div>
   <div class='ocr_carea' id='block_1_25' title="bbox 2202 902 3727 972">
    <p class='ocr_par' dir='ltr' id='par_1_25' title="bbox 2202 902 3727 972">
     <span class='ocr_line' id='line_1_25' title="bbox 2202 902 3727 972; baseline 0.001 -19"><span class='ocrx_word' id='word_1_174' title='bbox 2202 902 2422 953; x_wconf 82' lang='lat' dir='ltr'><strong>animum</strong></span> <span class='ocrx_word' id='word_1_175' title='bbox 2451 917 2583 965; x_wconf 84' lang='lat' dir='ltr'><strong>pono</strong></span> <span class='ocrx_word' id='word_1_176' title='bbox 2612 918 2703 972; x_wconf 87' lang='lat' dir='ltr'><strong>pro</strong></span> <span class='ocrx_word' id='word_1_177' title='bbox 2732 903 2901 955; x_wconf 82' lang='lat' dir='ltr'><strong>ovibus</strong></span> <span class='ocrx_word' id='word_1_178' title='bbox 2926 904 3067 955; x_wconf 84' lang='lat' dir='ltr'><strong>meis.</strong></span> <span class='ocrx_word' id='word_1_179' title='bbox 3097 905 3171 955; x_wconf 86' lang='lat' dir='ltr'><strong>Ac</strong></span> <span class='ocrx_word' id='word_1_180' title='bbox 3200 904 3244 957; x_wconf 89' lang='lat' dir='ltr'><strong>si</strong></span> <span class='ocrx_word' id='word_1_181' title='bbox 3276 913 3458 971; x_wconf 89' lang='lat' dir='ltr'><strong>aperte</strong></span> <span class='ocrx_word' id='word_1_182' title='bbox 3485 902 3621 956; x_wconf 83' lang='lat' dir='ltr'><strong>dicat</strong></span> <span class='ocrx_word' id='word_1_183' title='bbox 3646 918 3658 956; x_wconf 89' lang='lat'>:</span> <span class='ocrx_word' id='word_1_184' title='bbox 3686 902 3727 954; x_wconf 90' lang='lat' dir='ltr'><strong>In</strong></span> 
     </span>
    </p>
   </div>
   <div class='ocr_carea' id='block_1_26' title="bbox 2206 989 3729 1065">
    <p class='ocr_par' dir='ltr' id='par_1_26' title="bbox 2206 989 3729 1065">
     <span class='ocr_line' id='line_1_26' title="bbox 2206 989 3729 1065; baseline 0.004 -25"><span class='ocrx_word' id='word_1_185' title='bbox 2206 989 2304 1043; x_wconf 93' lang='lat' dir='ltr'><strong>hoc</strong></span> <span class='ocrx_word' id='word_1_186' title='bbox 2333 999 2561 1054; x_wconf 84' lang='lat' dir='ltr'><strong>constat,</strong></span> <span class='ocrx_word' id='word_1_187' title='bbox 2597 992 2719 1059; x_wconf 87' lang='lat' dir='ltr'><strong>quia</strong></span> <span class='ocrx_word' id='word_1_188' title='bbox 2751 1001 2804 1046; x_wconf 91' lang='lat' dir='ltr'><strong>et</strong></span> <span class='ocrx_word' id='word_1_189' title='bbox 2835 1007 3095 1061; x_wconf 75' lang='lat' dir='ltr'><strong>cognosco</strong></span> <span class='ocrx_word' id='word_1_190' title='bbox 3119 992 3357 1065; x_wconf 68' lang='lat' dir='ltr'><strong>Patrem,</strong></span> <span class='ocrx_word' id='word_1_191' title='bbox 3385 1004 3439 1046; x_wconf 89' lang='lat' dir='ltr'><strong>et</strong></span> <span class='ocrx_word' id='word_1_192' title='bbox 3465 1007 3729 1061; x_wconf 77' lang='lat' dir='ltr'><strong>cognoscor</strong></span> 
     </span>
    </p>
   </div>
   <div class='ocr_carea' id='block_1_27' title="bbox 2203 1078 3733 1149">
    <p class='ocr_par' dir='ltr' id='par_1_27' title="bbox 2203 1078 3733 1149">
     <span class='ocr_line' id='line_1_27' title="bbox 2203 1078 3733 1149; baseline 0.007 -19"><span class='ocrx_word' id='word_1_193' title='bbox 2203 1093 2231 1130; x_wconf 92' lang='lat' dir='ltr'><strong>a</strong></span> <span class='ocrx_word' id='word_1_194' title='bbox 2260 1078 2432 1145; x_wconf 84' lang='lat' dir='ltr'><strong>Patre,</strong></span> <span class='ocrx_word' id='word_1_195' title='bbox 2460 1078 2579 1149; x_wconf 89' lang='lat' dir='ltr'><strong>quia</strong></span> <span class='ocrx_word' id='word_1_196' title='bbox 2606 1080 2829 1135; x_wconf 87' lang='lat' dir='ltr'><strong>animam</strong></span> <span class='ocrx_word' id='word_1_197' title='bbox 2869 1097 3034 1135; x_wconf 80' lang='lat' dir='ltr'><strong>meum</strong></span> <span class='ocrx_word' id='word_1_198' title='bbox 3076 1098 3205 1149; x_wconf 84' lang='lat' dir='ltr'><strong>pono</strong></span> <span class='ocrx_word' id='word_1_199' title='bbox 3251 1100 3341 1149; x_wconf 82' lang='lat' dir='ltr'><strong>pro</strong></span> <span class='ocrx_word' id='word_1_200' title='bbox 3383 1084 3553 1137; x_wconf 79' lang='lat' dir='ltr'><strong>ovibus</strong></span> <span class='ocrx_word' id='word_1_201' title='bbox 3593 1086 3733 1141; x_wconf 80' lang='lat' dir='ltr'><strong>nteit:</strong></span> 
     </span>
    </p>
   </div>
   <div class='ocr_carea' id='block_1_28' title="bbox 2204 1167 3729 1239">
    <p class='ocr_par' dir='ltr' id='par_1_28' title="bbox 2204 1167 3729 1239">
     <span class='ocr_line' id='line_1_28' title="bbox 2204 1167 3729 1239; baseline 0.003 -20"><span class='ocrx_word' id='word_1_202' title='bbox 2204 1167 2254 1235; x_wconf 87' lang='lat' dir='ltr'><strong>id</strong></span> <span class='ocrx_word' id='word_1_203' title='bbox 2285 1177 2384 1231; x_wconf 91' lang='lat' dir='ltr'><strong>est,</strong></span> <span class='ocrx_word' id='word_1_204' title='bbox 2414 1183 2473 1223; x_wconf 90' lang='lat' dir='ltr'><strong>ea</strong></span> <span class='ocrx_word' id='word_1_205' title='bbox 2499 1167 2756 1225; x_wconf 89' lang='lat' dir='ltr'><strong>cbaritate</strong></span> <span class='ocrx_word' id='word_1_206' title='bbox 2779 1186 2877 1239; x_wconf 90' lang='lat' dir='ltr'><strong>qua</strong></span> <span class='ocrx_word' id='word_1_207' title='bbox 2911 1186 3008 1239; x_wconf 87' lang='lat' dir='ltr'><strong>pro</strong></span> <span class='ocrx_word' id='word_1_208' title='bbox 3041 1173 3228 1224; x_wconf 83' lang='lat' dir='ltr'><strong>nvibus</strong></span> <span class='ocrx_word' id='word_1_209' title='bbox 3261 1172 3479 1236; x_wconf 84' lang='lat' dir='ltr'><strong>morior,</strong></span> <span class='ocrx_word' id='word_1_210' title='bbox 3503 1183 3729 1235; x_wconf 86' lang='lat' dir='ltr'><strong>quantum</strong></span> 
     </span>
    </p>
   </div>
   <div class='ocr_carea' id='block_1_29' title="bbox 2208 1257 3735 1334">
    <p class='ocr_par' dir='ltr' id='par_1_29' title="bbox 2208 1257 3735 1334">
     <span class='ocr_line' id='line_1_29' title="bbox 2208 1257 3735 1334; baseline 0.003 -25"><span class='ocrx_word' id='word_1_211' title='bbox 2208 1257 2413 1311; x_wconf 79' lang='lat' dir='ltr'><strong>Patrem</strong></span> <span class='ocrx_word' id='word_1_212' title='bbox 2455 1260 2689 1328; x_wconf 80' lang='lat' dir='ltr'><strong>diligam,</strong></span> <span class='ocrx_word' id='word_1_213' title='bbox 2732 1261 2974 1313; x_wconf 84' lang='lat' dir='ltr'><strong>ostendo.</strong></span> <span class='ocrx_word' id='word_1_214' title='bbox 2998 1260 3136 1334; x_wconf 82' lang='lat' dir='ltr'><strong>Quia</strong></span> <span class='ocrx_word' id='word_1_215' title='bbox 3171 1276 3298 1313; x_wconf 87' lang='lat' dir='ltr'><strong>vero</strong></span> <span class='ocrx_word' id='word_1_216' title='bbox 3330 1278 3433 1313; x_wconf 88' lang='lat' dir='ltr'><strong>non</strong></span> <span class='ocrx_word' id='word_1_217' title='bbox 3470 1263 3633 1313; x_wconf 89' lang='lat' dir='ltr'><strong>solum</strong></span> <span class='ocrx_word' id='word_1_218' title='bbox 3661 1262 3735 1313; x_wconf 60' lang='lat' dir='ltr'><strong>.lvo</strong></span> 
     </span>
    </p>
   </div>
   <div class='ocr_carea' id='block_1_30' title="bbox 2207 1349 3731 1421">
    <p class='ocr_par' dir='ltr' id='par_1_30' title="bbox 2207 1349 3731 1421">
     <span class='ocr_line' id='line_1_30' title="bbox 2207 1349 3731 1421; baseline 0.002 -20"><span class='ocrx_word' id='word_1_219' title='bbox 2207 1349 2401 1415; x_wconf 79' lang='lat' dir='ltr'><strong>daeam,</strong></span> <span class='ocrx_word' id='word_1_220' title='bbox 2434 1350 2526 1405; x_wconf 89' lang='lat' dir='ltr'><strong>sed</strong></span> <span class='ocrx_word' id='word_1_221' title='bbox 2557 1351 2713 1405; x_wconf 89' lang='lat' dir='ltr'><strong>etiam</strong></span> <span class='ocrx_word' id='word_1_222' title='bbox 2745 1350 3090 1421; x_wconf 78' lang='lat' dir='ltr'><strong>gentilitatem</strong></span> <span class='ocrx_word' id='word_1_223' title='bbox 3125 1351 3388 1405; x_wconf 75' lang='lat' dir='ltr'><strong>redimere</strong></span> <span class='ocrx_word' id='word_1_224' title='bbox 3417 1364 3633 1405; x_wconf 79' lang='lat' dir='ltr'><strong>venerat</strong></span> <span class='ocrx_word' id='word_1_225' title='bbox 3653 1356 3731 1404; x_wconf 60' lang='lat' dir='ltr'><strong>atl-</strong></span> 
     </span>
    </p>
   </div>
   <div class='ocr_carea' id='block_1_31' title="bbox 2201 1436 2420 1506">
    <p class='ocr_par' dir='ltr' id='par_1_31' title="bbox 2201 1436 2420 1506">
     <span class='ocr_line' id='line_1_31' title="bbox 2201 1436 2420 1506; baseline 0.005 -18"><span class='ocrx_word' id='word_1_226' title='bbox 2201 1436 2376 1506; x_wconf 76' lang='lat' dir='ltr'><strong>jttngit</strong></span> <span class='ocrx_word' id='word_1_227' title='bbox 2409 1456 2420 1489; x_wconf 92' lang='lat'><strong>:</strong></span> 
     </span>
    </p>
   </div>
   <div class='ocr_carea' id='block_1_32' title="bbox 2275 1524 3731 1597">
    <p class='ocr_par' dir='ltr' id='par_1_32' title="bbox 2275 1524 3731 1597">
     <span class='ocr_line' id='line_1_32' title="bbox 2275 1524 3731 1597; baseline 0.003 -18"><span class='ocrx_word' id='word_1_228' title='bbox 2275 1525 2341 1579; x_wconf 90' lang='lat' dir='ltr'><strong>Et</strong></span> <span class='ocrx_word' id='word_1_229' title='bbox 2378 1524 2507 1580; x_wconf 77' lang='lat' dir='ltr'><strong>alias</strong></span> <span class='ocrx_word' id='word_1_230' title='bbox 2540 1542 2651 1580; x_wconf 83' lang='lat' dir='ltr'><strong>oves</strong></span> <span class='ocrx_word' id='word_1_231' title='bbox 2696 1526 2874 1595; x_wconf 81' lang='lat' dir='ltr'><strong>habeo,</strong></span> <span class='ocrx_word' id='word_1_232' title='bbox 2902 1543 3013 1597; x_wconf 67' lang='lat' dir='ltr'><strong>qua</strong></span> <span class='ocrx_word' id='word_1_233' title='bbox 3041 1544 3139 1581; x_wconf 83' lang='lat' dir='ltr'><strong>non</strong></span> <span class='ocrx_word' id='word_1_234' title='bbox 3168 1537 3288 1581; x_wconf 85' lang='lat' dir='ltr'><strong>sunt</strong></span> <span class='ocrx_word' id='word_1_235' title='bbox 3314 1545 3379 1583; x_wconf 71' lang='lat' dir='ltr'><strong>es</strong></span> <span class='ocrx_word' id='word_1_236' title='bbox 3404 1529 3499 1583; x_wconf 79' lang='lat' dir='ltr'><strong>hoc</strong></span> <span class='ocrx_word' id='word_1_237' title='bbox 3524 1530 3672 1593; x_wconf 73' lang='lat' dir='ltr'><strong>ovili;</strong></span> <span class='ocrx_word' id='word_1_238' title='bbox 3694 1546 3731 1584; x_wconf 84' lang='lat' dir='ltr'><strong>et</strong></span> 
     </span>
    </p>
   </div>
   <div class='ocr_carea' id='block_1_33' title="bbox 2206 1615 3735 1685">
    <p class='ocr_par' dir='ltr' id='par_1_33' title="bbox 2206 1615 3735 1685">
     <span class='ocr_line' id='line_1_33' title="bbox 2206 1615 3735 1685; baseline 0.005 -17"><span class='ocrx_word' id='word_1_239' title='bbox 2206 1615 2320 1668; x_wconf 79' lang='lat' dir='ltr'><strong>illas</strong></span> <span class='ocrx_word' id='word_1_240' title='bbox 2360 1625 2551 1685; x_wconf 86' lang='lat' dir='ltr'><strong>oportet</strong></span> <span class='ocrx_word' id='word_1_241' title='bbox 2577 1632 2655 1669; x_wconf 87' lang='lat' dir='ltr'><strong>me</strong></span> <span class='ocrx_word' id='word_1_242' title='bbox 2680 1617 2946 1683; x_wconf 83' lang='lat' dir='ltr'><strong>adducere,</strong></span> <span class='ocrx_word' id='word_1_243' title='bbox 2978 1628 3024 1673; x_wconf 88' lang='lat' dir='ltr'><strong>et</strong></span> <span class='ocrx_word' id='word_1_244' title='bbox 3052 1634 3217 1672; x_wconf 82' lang='lat' dir='ltr'><strong>vocem</strong></span> <span class='ocrx_word' id='word_1_245' title='bbox 3256 1635 3414 1672; x_wconf 87' lang='lat' dir='ltr'><strong>meam</strong></span> <span class='ocrx_word' id='word_1_246' title='bbox 3451 1621 3672 1685; x_wconf 76' lang='lat' dir='ltr'><strong>audient,</strong></span> <span class='ocrx_word' id='word_1_247' title='bbox 3698 1635 3735 1675; x_wconf 80' lang='lat' dir='ltr'><strong>et</strong></span> 
     </span>
    </p>
   </div>
   <div class='ocr_carea' id='block_1_34' title="bbox 2210 1708 3735 1780">
    <p class='ocr_par' dir='ltr' id='par_1_34' title="bbox 2210 1708 3735 1780">
     <span class='ocr_line' id='line_1_34' title="bbox 2210 1708 3735 1780; baseline 0.004 -20"><span class='ocrx_word' id='word_1_248' title='bbox 2210 1708 2292 1771; x_wconf 84' lang='lat' dir='ltr'><strong>ﬁet</strong></span> <span class='ocrx_word' id='word_1_249' title='bbox 2328 1724 2481 1761; x_wconf 81' lang='lat' dir='ltr'><strong>unum</strong></span> <span class='ocrx_word' id='word_1_250' title='bbox 2533 1709 2659 1763; x_wconf 81' lang='lat' dir='ltr'><strong>erile</strong></span> <span class='ocrx_word' id='word_1_251' title='bbox 2702 1719 2750 1764; x_wconf 83' lang='lat' dir='ltr'><strong>et</strong></span> <span class='ocrx_word' id='word_1_252' title='bbox 2791 1727 2918 1764; x_wconf 74' lang='lat' dir='ltr'><strong>unus</strong></span> <span class='ocrx_word' id='word_1_253' title='bbox 2951 1720 3141 1778; x_wconf 79' lang='lat' dir='ltr'><strong>pastor.</strong></span> <span class='ocrx_word' id='word_1_254' title='bbox 3187 1710 3619 1780; x_wconf 80' lang='lat' dir='ltr'><strong>Redemptionern</strong></span> <span class='ocrx_word' id='word_1_255' title='bbox 3660 1728 3735 1766; x_wconf 51' lang='lat' dir='ltr'><strong>no.</strong></span> 
     </span>
    </p>
   </div>
   <div class='ocr_carea' id='block_1_35' title="bbox 2208 1799 3735 1869">
    <p class='ocr_par' dir='ltr' id='par_1_35' title="bbox 2208 1799 3735 1869">
     <span class='ocr_line' id='line_1_35' title="bbox 2208 1799 3735 1869; baseline 0.003 -18"><span class='ocrx_word' id='word_1_256' title='bbox 2208 1809 2406 1863; x_wconf 89' lang='lat' dir='ltr'><strong>stram,</strong></span> <span class='ocrx_word' id='word_1_257' title='bbox 2458 1799 2581 1867; x_wconf 86' lang='lat' dir='ltr'><strong>quia</strong></span> <span class='ocrx_word' id='word_1_258' title='bbox 2613 1814 2678 1854; x_wconf 82' lang='lat' dir='ltr'><strong>ex</strong></span> <span class='ocrx_word' id='word_1_259' title='bbox 2710 1800 2892 1869; x_wconf 88' lang='lat' dir='ltr'><strong>gentili</strong></span> <span class='ocrx_word' id='word_1_260' title='bbox 2944 1802 3139 1869; x_wconf 90' lang='lat' dir='ltr'><strong>popqu</strong></span> <span class='ocrx_word' id='word_1_261' title='bbox 3188 1802 3467 1865; x_wconf 79' lang='lat' dir='ltr'><strong>venimus,</strong></span> <span class='ocrx_word' id='word_1_262' title='bbox 3504 1802 3735 1856; x_wconf 81' lang='lat' dir='ltr'><strong>Dominus</strong></span> 
     </span>
    </p>
   </div>
   <div class='ocr_carea' id='block_1_36' title="bbox 2206 1890 3732 1953">
    <p class='ocr_par' dir='ltr' id='par_1_36' title="bbox 2206 1890 3732 1953">
     <span class='ocr_line' id='line_1_36' title="bbox 2206 1890 3732 1953; baseline 0.004 -14"><span class='ocrx_word' id='word_1_263' title='bbox 2206 1896 2508 1953; x_wconf 81' lang='lat' dir='ltr'><strong>aspexerat,</strong></span> <span class='ocrx_word' id='word_1_264' title='bbox 2547 1903 2667 1942; x_wconf 91' lang='lat' dir='ltr'><strong>cum</strong></span> <span class='ocrx_word' id='word_1_265' title='bbox 2704 1904 2761 1943; x_wconf 86' lang='lat' dir='ltr'><strong>se</strong></span> <span class='ocrx_word' id='word_1_266' title='bbox 2796 1890 3059 1946; x_wconf 88' lang='lat' dir='ltr'><strong>adducere</strong></span> <span class='ocrx_word' id='word_1_267' title='bbox 3104 1901 3158 1943; x_wconf 89' lang='lat' dir='ltr'><strong>ct</strong></span> <span class='ocrx_word' id='word_1_268' title='bbox 3204 1892 3333 1945; x_wconf 88' lang='lat' dir='ltr'><strong>alias</strong></span> <span class='ocrx_word' id='word_1_269' title='bbox 3374 1906 3498 1944; x_wconf 87' lang='lat' dir='ltr'><strong>oves</strong></span> <span class='ocrx_word' id='word_1_270' title='bbox 3528 1892 3732 1946; x_wconf 79' lang='lat' dir='ltr'><strong>dicebat.</strong></span> 
     </span>
    </p>
   </div>
   <div class='ocr_carea' id='block_1_37' title="bbox 556 1886 2109 1961">
    <p class='ocr_par' dir='ltr' id='par_1_37' title="bbox 556 1886 2109 1961">
     <span class='ocr_line' id='line_1_37' title="bbox 556 1886 2109 1961; baseline -0.004 -16"><span class='ocrx_word' id='word_1_271' title='bbox 556 1892 772 1946; x_wconf 88' lang='lat' dir='ltr'><strong>lationis</strong></span> <span class='ocrx_word' id='word_1_272' title='bbox 789 1897 1001 1961; x_wconf 80' lang='lat' dir='ltr'><strong>gaudet,</strong></span> <span class='ocrx_word' id='word_1_273' title='bbox 1020 1888 1399 1959; x_wconf 86' lang='lat' dir='ltr'><strong>temporalibus</strong></span> <span class='ocrx_word' id='word_1_274' title='bbox 1424 1887 1585 1942; x_wconf 89' lang='lat' dir='ltr'><strong>lucris</strong></span> <span class='ocrx_word' id='word_1_275' title='bbox 1600 1887 1854 1955; x_wconf 89' lang='lat' dir='ltr'><strong>pascitur,</strong></span> <span class='ocrx_word' id='word_1_276' title='bbox 1870 1886 2109 1955; x_wconf 87' lang='lat' dir='ltr'><strong>impensa</strong></span> 
     </span>
    </p>
   </div>
   <div class='ocr_carea' id='block_1_38' title="bbox 556 1977 2109 2037">
    <p class='ocr_par' dir='ltr' id='par_1_38' title="bbox 556 1977 2109 2037">
     <span class='ocr_line' id='line_1_38' title="bbox 556 1977 2109 2037; baseline -0.005 -1"><span class='ocrx_word' id='word_1_277' title='bbox 556 1983 659 2037; x_wconf 87' lang='lat' dir='ltr'><strong>sibi</strong></span> <span class='ocrx_word' id='word_1_278' title='bbox 687 1984 755 2036; x_wconf 91' lang='lat' dir='ltr'><strong>ab</strong></span> <span class='ocrx_word' id='word_1_279' title='bbox 783 1982 1091 2036; x_wconf 90' lang='lat' dir='ltr'><strong>hominibus</strong></span> <span class='ocrx_word' id='word_1_280' title='bbox 1113 1981 1411 2035; x_wconf 83' lang='lat' dir='ltr'><strong>reverentia</strong></span> <span class='ocrx_word' id='word_1_281' title='bbox 1432 1980 1662 2034; x_wconf 60' lang='lat' dir='ltr'><strong>laetatur.</strong></span> <span class='ocrx_word' id='word_1_282' title='bbox 1688 1980 1807 2033; x_wconf 70' lang='lat' dir='ltr'><strong>ista:</strong></span> <span class='ocrx_word' id='word_1_283' title='bbox 1829 1989 1952 2032; x_wconf 88' lang='lat' dir='ltr'><strong>sunt</strong></span> <span class='ocrx_word' id='word_1_284' title='bbox 1968 1977 2109 2032; x_wconf 90' lang='lat' dir='ltr'><strong>enim</strong></span> 
     </span>
    </p>
   </div>
   <div class='ocr_carea' id='block_1_39' title="bbox 556 2068 2114 2141">
    <p class='ocr_par' dir='ltr' id='par_1_39' title="bbox 556 2068 2114 2141">
     <span class='ocr_line' id='line_1_39' title="bbox 556 2068 2114 2141; baseline -0.004 -15"><span class='ocrx_word' id='word_1_285' title='bbox 556 2074 829 2127; x_wconf 83' lang='lat' dir='ltr'><strong>mercedes</strong></span> <span class='ocrx_word' id='word_1_286' title='bbox 854 2073 1192 2137; x_wconf 88' lang='lat' dir='ltr'><strong>mercenarii,</strong></span> <span class='ocrx_word' id='word_1_287' title='bbox 1220 2081 1277 2125; x_wconf 93' lang='lat' dir='ltr'><strong>ut</strong></span> <span class='ocrx_word' id='word_1_288' title='bbox 1302 2087 1399 2141; x_wconf 92' lang='lat' dir='ltr'><strong>pro</strong></span> <span class='ocrx_word' id='word_1_289' title='bbox 1421 2087 1484 2125; x_wconf 92' lang='lat' dir='ltr'><strong>eo</strong></span> <span class='ocrx_word' id='word_1_290' title='bbox 1512 2071 1629 2138; x_wconf 89' lang='lat' dir='ltr'><strong>ipso</strong></span> <span class='ocrx_word' id='word_1_291' title='bbox 1656 2071 1797 2139; x_wconf 90' lang='lat' dir='ltr'><strong>quod</strong></span> <span class='ocrx_word' id='word_1_292' title='bbox 1822 2070 1884 2122; x_wconf 84' lang='lat' dir='ltr'><strong>in</strong></span> <span class='ocrx_word' id='word_1_293' title='bbox 1905 2068 2114 2136; x_wconf 80' lang='lat' dir='ltr'><strong>regimi-</strong></span> 
     </span>
    </p>
   </div>
   <div class='ocr_carea' id='block_1_40' title="bbox 557 2149 2113 2231">
    <p class='ocr_par' dir='ltr' id='par_1_40' title="bbox 557 2149 2113 2231">
     <span class='ocr_line' id='line_1_40' title="bbox 557 2149 2113 2231; baseline -0.004 -14"><span class='ocrx_word' id='word_1_294' title='bbox 557 2180 623 2217; x_wconf 90' lang='lat' dir='ltr'><strong>ne</strong></span> <span class='ocrx_word' id='word_1_295' title='bbox 652 2149 880 2227; x_wconf 81' lang='lat' dir='ltr'><strong>laborat,</strong></span> <span class='ocrx_word' id='word_1_296' title='bbox 904 2162 1006 2216; x_wconf 90' lang='lat' dir='ltr'><strong>hoc</strong></span> <span class='ocrx_word' id='word_1_297' title='bbox 1029 2163 1171 2231; x_wconf 91' lang='lat' dir='ltr'><strong>quod</strong></span> <span class='ocrx_word' id='word_1_298' title='bbox 1197 2162 1390 2229; x_wconf 78' lang='lat' dir='ltr'><strong>quaerit</strong></span> <span class='ocrx_word' id='word_1_299' title='bbox 1414 2161 1670 2221; x_wconf 90' lang='lat' dir='ltr'><strong>inveniat,</strong></span> <span class='ocrx_word' id='word_1_300' title='bbox 1705 2168 1758 2213; x_wconf 90' lang='lat' dir='ltr'><strong>et</strong></span> <span class='ocrx_word' id='word_1_301' title='bbox 1789 2159 1853 2212; x_wconf 88' lang='lat' dir='ltr'><strong>ab</strong></span> <span class='ocrx_word' id='word_1_302' title='bbox 1880 2158 2113 2211; x_wconf 42' lang='lat' dir='ltr'><strong>haeredi-</strong></span> 
     </span>
    </p>
   </div>
   <div class='ocr_carea' id='block_1_41' title="bbox 557 2249 2109 2324">
    <p class='ocr_par' dir='ltr' id='par_1_41' title="bbox 557 2249 2109 2324">
     <span class='ocr_line' id='line_1_41' title="bbox 557 2249 2109 2324; baseline -0.003 -16"><span class='ocrx_word' id='word_1_303' title='bbox 557 2264 665 2309; x_wconf 89' lang='lat' dir='ltr'><strong>tate</strong></span> <span class='ocrx_word' id='word_1_304' title='bbox 688 2255 865 2324; x_wconf 85' lang='lat' dir='ltr'><strong>gregis</strong></span> <span class='ocrx_word' id='word_1_305' title='bbox 886 2254 939 2307; x_wconf 93' lang='lat' dir='ltr'><strong>in</strong></span> <span class='ocrx_word' id='word_1_306' title='bbox 963 2261 1241 2323; x_wconf 86' lang='lat' dir='ltr'><strong>posterum</strong></span> <span class='ocrx_word' id='word_1_307' title='bbox 1267 2253 1475 2306; x_wconf 88' lang='lat' dir='ltr'><strong>alienus</strong></span> <span class='ocrx_word' id='word_1_308' title='bbox 1501 2254 1742 2305; x_wconf 70' lang='lat' dir='ltr'><strong>exsistat.</strong></span> <span class='ocrx_word' id='word_1_309' title='bbox 1772 2249 1951 2318; x_wconf 91' lang='lat' dir='ltr'><strong>Lupus</strong></span> <span class='ocrx_word' id='word_1_310' title='bbox 1970 2250 2109 2303; x_wconf 89' lang='lat' dir='ltr'><strong>enim</strong></span> 
     </span>
    </p>
   </div>
   <div class='ocr_carea' id='block_1_42' title="bbox 557 2341 2111 2415">
    <p class='ocr_par' dir='ltr' id='par_1_42' title="bbox 557 2341 2111 2415">
     <span class='ocr_line' id='line_1_42' title="bbox 557 2341 2111 2415; baseline -0.005 -16"><span class='ocrx_word' id='word_1_311' title='bbox 557 2362 719 2415; x_wconf 88' lang='lat' dir='ltr'><strong>super</strong></span> <span class='ocrx_word' id='word_1_312' title='bbox 738 2344 865 2401; x_wconf 84' lang='lat' dir='ltr'><strong>oves</strong></span> <span class='ocrx_word' id='word_1_313' title='bbox 886 2346 1050 2407; x_wconf 84' lang='lat' dir='ltr'><strong>venit,</strong></span> <span class='ocrx_word' id='word_1_314' title='bbox 1070 2360 1191 2398; x_wconf 92' lang='lat' dir='ltr'><strong>cum</strong></span> <span class='ocrx_word' id='word_1_315' title='bbox 1215 2344 1437 2411; x_wconf 88' lang='lat' dir='ltr'><strong>quilibet</strong></span> <span class='ocrx_word' id='word_1_316' title='bbox 1458 2343 1685 2411; x_wconf 87' lang='lat' dir='ltr'><strong>iniustus</strong></span> <span class='ocrx_word' id='word_1_317' title='bbox 1706 2350 1759 2395; x_wconf 90' lang='lat' dir='ltr'><strong>et</strong></span> <span class='ocrx_word' id='word_1_318' title='bbox 1782 2341 2111 2409; x_wconf 25' lang='lat' dir='ltr'><strong>raptor‘tide-</strong></span> 
     </span>
    </p>
   </div>
   <div class='ocr_carea' id='block_1_43' title="bbox 558 2415 2110 2505">
    <p class='ocr_par' dir='ltr' id='par_1_43' title="bbox 558 2415 2110 2505">
     <span class='ocr_line' id='line_1_43' title="bbox 558 2415 2110 2505; baseline -0.001 -16"><span class='ocrx_word' id='word_1_319' title='bbox 558 2415 635 2490; x_wconf 83' lang='lat' dir='ltr'><strong>les</strong></span> <span class='ocrx_word' id='word_1_320' title='bbox 680 2452 925 2505; x_wconf 88' lang='lat' dir='ltr'><strong>quosque</strong></span> <span class='ocrx_word' id='word_1_321' title='bbox 974 2446 1136 2505; x_wconf 88' lang='lat' dir='ltr'><strong>atque</strong></span> <span class='ocrx_word' id='word_1_322' title='bbox 1182 2434 1413 2489; x_wconf 90' lang='lat' dir='ltr'><strong>humiles</strong></span> <span class='ocrx_word' id='word_1_323' title='bbox 1462 2433 1734 2502; x_wconf 83' lang='lat' dir='ltr'><strong>Opprimit.</strong></span> <span class='ocrx_word' id='word_1_324' title='bbox 1782 2432 1885 2487; x_wconf 91' lang='lat' dir='ltr'><strong>Sed</strong></span> <span class='ocrx_word' id='word_1_325' title='bbox 1929 2436 1974 2488; x_wconf 90' lang='lat' dir='ltr'><strong>is</strong></span> <span class='ocrx_word' id='word_1_326' title='bbox 2019 2434 2110 2502; x_wconf 89' lang='lat' dir='ltr'><strong>qui</strong></span> 
     </span>
    </p>
   </div>
   <div class='ocr_carea' id='block_1_44' title="bbox 542 2525 2109 2595">
    <p class='ocr_par' dir='ltr' id='par_1_44' title="bbox 542 2525 2109 2595">
     <span class='ocr_line' id='line_1_44' title="bbox 542 2525 2109 2595; baseline -0.004 -10"><span class='ocrx_word' id='word_1_327' title='bbox 542 2535 749 2595; x_wconf 82' lang='lat' dir='ltr'><strong>pastor</strong></span> <span class='ocrx_word' id='word_1_328' title='bbox 784 2542 903 2582; x_wconf 89' lang='lat' dir='ltr'><strong>esse</strong></span> <span class='ocrx_word' id='word_1_329' title='bbox 932 2526 1237 2589; x_wconf 84' lang='lat' dir='ltr'><strong>videbatur,</strong></span> <span class='ocrx_word' id='word_1_330' title='bbox 1269 2533 1325 2579; x_wconf 91' lang='lat' dir='ltr'><strong>et</strong></span> <span class='ocrx_word' id='word_1_331' title='bbox 1361 2540 1465 2579; x_wconf 92' lang='lat' dir='ltr'><strong>non</strong></span> <span class='ocrx_word' id='word_1_332' title='bbox 1496 2535 1633 2590; x_wconf 88' lang='lat' dir='ltr'><strong>erat,</strong></span> <span class='ocrx_word' id='word_1_333' title='bbox 1665 2525 1922 2592; x_wconf 85' lang='lat' dir='ltr'><strong>relinquit</strong></span> <span class='ocrx_word' id='word_1_334' title='bbox 1966 2540 2109 2588; x_wconf 90' lang='lat' dir='ltr'><strong>oves,</strong></span> 
     </span>
    </p>
   </div>
   <div class='ocr_carea' id='block_1_45' title="bbox 559 2615 2112 2686">
    <p class='ocr_par' dir='ltr' id='par_1_45' title="bbox 559 2615 2112 2686">
     <span class='ocr_line' id='line_1_45' title="bbox 559 2615 2112 2686; baseline -0.001 -17"><span class='ocrx_word' id='word_1_335' title='bbox 559 2625 612 2669; x_wconf 91' lang='lat' dir='ltr'><strong>et</strong></span> <span class='ocrx_word' id='word_1_336' title='bbox 644 2616 795 2685; x_wconf 86' lang='lat' dir='ltr'><strong>fugit,</strong></span> <span class='ocrx_word' id='word_1_337' title='bbox 828 2617 953 2686; x_wconf 91' lang='lat' dir='ltr'><strong>quia</strong></span> <span class='ocrx_word' id='word_1_338' title='bbox 983 2617 1110 2670; x_wconf 90' lang='lat' dir='ltr'><strong>dum</strong></span> <span class='ocrx_word' id='word_1_339' title='bbox 1140 2616 1240 2675; x_wconf 85' lang='lat' dir='ltr'><strong>sibi</strong></span> <span class='ocrx_word' id='word_1_340' title='bbox 1270 2616 1337 2669; x_wconf 92' lang='lat' dir='ltr'><strong>ab</strong></span> <span class='ocrx_word' id='word_1_341' title='bbox 1363 2630 1428 2669; x_wconf 88' lang='lat' dir='ltr'><strong>eo</strong></span> <span class='ocrx_word' id='word_1_342' title='bbox 1459 2616 1755 2685; x_wconf 87' lang='lat' dir='ltr'><strong>periculurn</strong></span> <span class='ocrx_word' id='word_1_343' title='bbox 1791 2615 1996 2677; x_wconf 86' lang='lat' dir='ltr'><strong>metuit,</strong></span> <span class='ocrx_word' id='word_1_344' title='bbox 2030 2629 2112 2667; x_wconf 87' lang='lat' dir='ltr'><strong>re-</strong></span> 
     </span>
    </p>
   </div>
   <div class='ocr_carea' id='block_1_46' title="bbox 560 2690 2614 2777">
    <p class='ocr_par' dir='ltr' id='par_1_46' title="bbox 560 2690 2614 2777">
     <span class='ocr_line' id='line_1_46' title="bbox 560 2690 2614 2777; baseline -0.002 -15"><span class='ocrx_word' id='word_1_345' title='bbox 560 2709 751 2762; x_wconf 86' lang='lat' dir='ltr'><strong>sistere</strong></span> <span class='ocrx_word' id='word_1_346' title='bbox 778 2708 894 2774; x_wconf 83' lang='lat' dir='ltr'><strong>eius</strong></span> <span class='ocrx_word' id='word_1_347' title='bbox 924 2706 1200 2777; x_wconf 73' lang='lat' dir='ltr'><strong>iniustitia:</strong></span> <span class='ocrx_word' id='word_1_348' title='bbox 1228 2722 1333 2760; x_wconf 92' lang='lat' dir='ltr'><strong>non</strong></span> <span class='ocrx_word' id='word_1_349' title='bbox 1366 2707 1661 2774; x_wconf 66' lang='lat' dir='ltr'><strong>praesumit.</strong></span> <span class='ocrx_word' id='word_1_350' title='bbox 1716 2704 1872 2773; x_wconf 79' lang='lat' dir='ltr'><strong>Fugit</strong></span> <span class='ocrx_word' id='word_1_351' title='bbox 1909 2714 2109 2769; x_wconf 91' lang='lat' dir='ltr'><strong>autem,</strong></span> <span class='ocrx_word' id='word_1_352' title='bbox 2208 2706 2415 2743; x_wconf 69' lang='lat'><strong>&quot;&quot;51&quot;&quot;</strong></span> <span class='ocrx_word' id='word_1_353' title='bbox 2445 2690 2614 2746; x_wconf 69' lang='grc' dir='ltr'><strong>ἀῖεῖῐοε</strong></span> 
     </span>
    </p>
   </div>
   <div class='ocr_carea' id='block_1_47' title="bbox 559 2780 2110 2863">
    <p class='ocr_par' dir='ltr' id='par_1_47' title="bbox 559 2795 2110 2863">
     <span class='ocr_line' id='line_1_47' title="bbox 559 2795 2110 2863; baseline 0 -14"><span class='ocrx_word' id='word_1_354' title='bbox 559 2812 667 2850; x_wconf 91' lang='lat' dir='ltr'><strong>non</strong></span> <span class='ocrx_word' id='word_1_355' title='bbox 720 2796 978 2852; x_wconf 90' lang='lat' dir='ltr'><strong>mutando</strong></span> <span class='ocrx_word' id='word_1_356' title='bbox 1030 2798 1233 2863; x_wconf 92' lang='lat' dir='ltr'><strong>locum,</strong></span> <span class='ocrx_word' id='word_1_357' title='bbox 1285 2798 1377 2851; x_wconf 86' lang='lat' dir='ltr'><strong>sed</strong></span> <span class='ocrx_word' id='word_1_358' title='bbox 1429 2795 1797 2852; x_wconf 85' lang='lat' dir='ltr'><strong>subtrahendo</strong></span> <span class='ocrx_word' id='word_1_359' title='bbox 1838 2795 2110 2849; x_wconf 87' lang='lat' dir='ltr'><strong>solatium.</strong></span> 
     </span>
    </p>
   </div>
   <div class='ocr_carea' id='block_1_48' title="bbox 2211 2780 3735 2863">
    <p class='ocr_par' dir='ltr' id='par_1_48' title="bbox 2277 2780 3735 2859">
     <span class='ocr_line' id='line_1_48' title="bbox 2277 2780 3735 2859; baseline 0.006 -27"><span class='ocrx_word' id='word_1_360' title='bbox 2277 2780 2404 2835; x_wconf 77' lang='lat' dir='ltr'><strong>Oves</strong></span> <span class='ocrx_word' id='word_1_361' title='bbox 2446 2795 2570 2837; x_wconf 64' lang='lat' dir='ltr'><strong>mea!</strong></span> <span class='ocrx_word' id='word_1_362' title='bbox 2616 2800 2784 2837; x_wconf 86' lang='lat' dir='ltr'><strong>vocem</strong></span> <span class='ocrx_word' id='word_1_363' title='bbox 2831 2801 2992 2838; x_wconf 82' lang='lat' dir='ltr'><strong>meam</strong></span> <span class='ocrx_word' id='word_1_364' title='bbox 3038 2787 3273 2850; x_wconf 79' lang='lat' dir='ltr'><strong>audiunt,</strong></span> <span class='ocrx_word' id='word_1_365' title='bbox 3309 2796 3354 2841; x_wconf 86' lang='lat' dir='ltr'><strong>et</strong></span> <span class='ocrx_word' id='word_1_366' title='bbox 3384 2806 3473 2855; x_wconf 80' lang='lat' dir='ltr'><strong>ego</strong></span> <span class='ocrx_word' id='word_1_367' title='bbox 3516 2806 3735 2859; x_wconf 69' lang='lat' dir='ltr'><strong>cogaouo</strong></span> 
     </span>
    </p>
   </div>
   <div class='ocr_carea' id='block_1_49' title="bbox 559 2876 2110 2957">
    <p class='ocr_par' dir='ltr' id='par_1_49' title="bbox 559 2886 2110 2957">
     <span class='ocr_line' id='line_1_49' title="bbox 559 2886 2110 2957; baseline -0.001 -17"><span class='ocrx_word' id='word_1_368' title='bbox 559 2887 736 2956; x_wconf 82' lang='lat' dir='ltr'><strong>Fugit,</strong></span> <span class='ocrx_word' id='word_1_369' title='bbox 775 2888 899 2955; x_wconf 84' lang='lat' dir='ltr'><strong>quia</strong></span> <span class='ocrx_word' id='word_1_370' title='bbox 927 2888 1248 2957; x_wconf 89' lang='lat' dir='ltr'><strong>iniustitiam</strong></span> <span class='ocrx_word' id='word_1_371' title='bbox 1280 2888 1433 2951; x_wconf 87' lang='lat' dir='ltr'><strong>vidit,</strong></span> <span class='ocrx_word' id='word_1_372' title='bbox 1464 2897 1516 2942; x_wconf 91' lang='lat' dir='ltr'><strong>et</strong></span> <span class='ocrx_word' id='word_1_373' title='bbox 1543 2887 1730 2942; x_wconf 87' lang='lat' dir='ltr'><strong>tacuit.</strong></span> <span class='ocrx_word' id='word_1_374' title='bbox 1770 2886 1949 2956; x_wconf 85' lang='lat' dir='ltr'><strong>Fugit,</strong></span> <span class='ocrx_word' id='word_1_375' title='bbox 1973 2886 2110 2955; x_wconf 84' lang='lat' dir='ltr'><strong>quia</strong></span> 
     </span>
    </p>
   </div>
   <div class='ocr_carea' id='block_1_50' title="bbox 2211 2876 3733 2957">
    <p class='ocr_par' dir='ltr' id='par_1_50' title="bbox 2211 2876 3733 2944">
     <span class='ocr_line' id='line_1_50' title="bbox 2211 2876 3733 2944; baseline 0.005 -20"><span class='ocrx_word' id='word_1_376' title='bbox 2211 2886 2309 2932; x_wconf 78' lang='lat' dir='ltr'><strong>eas,</strong></span> <span class='ocrx_word' id='word_1_377' title='bbox 2338 2880 2385 2922; x_wconf 89' lang='lat' dir='ltr'><strong>et</strong></span> <span class='ocrx_word' id='word_1_378' title='bbox 2404 2882 2679 2938; x_wconf 76' lang='lat' dir='ltr'><strong>sequuntur</strong></span> <span class='ocrx_word' id='word_1_379' title='bbox 2709 2890 2806 2939; x_wconf 83' lang='lat' dir='ltr'><strong>me,</strong></span> <span class='ocrx_word' id='word_1_380' title='bbox 2833 2883 2879 2927; x_wconf 88' lang='lat' dir='ltr'><strong>et</strong></span> <span class='ocrx_word' id='word_1_381' title='bbox 2904 2891 2992 2944; x_wconf 84' lang='lat' dir='ltr'><strong>ego</strong></span> <span class='ocrx_word' id='word_1_382' title='bbox 3024 2876 3174 2927; x_wconf 86' lang='lat' dir='ltr'><strong>vitam</strong></span> <span class='ocrx_word' id='word_1_383' title='bbox 3201 2887 3439 2929; x_wconf 63' lang='lat' dir='ltr'><strong>aeternam</strong></span> <span class='ocrx_word' id='word_1_384' title='bbox 3477 2880 3543 2931; x_wconf 87' lang='lat' dir='ltr'><strong>do</strong></span> <span class='ocrx_word' id='word_1_385' title='bbox 3571 2882 3654 2930; x_wconf 75' lang='lat' dir='ltr'><strong>eis.</strong></span> <span class='ocrx_word' id='word_1_386' title='bbox 3679 2880 3733 2931; x_wconf 84' lang='lat' dir='ltr'><strong>De</strong></span> 
     </span>
    </p>
   </div>
   <div class='ocr_carea' id='block_1_51' title="bbox 559 2962 3733 3047">
    <p class='ocr_par' dir='ltr' id='par_1_51' title="bbox 559 2962 3733 3047">
     <span class='ocr_line' id='line_1_51' title="bbox 559 2962 3733 3047; baseline 0.001 -14"><span class='ocrx_word' id='word_1_387' title='bbox 559 2993 617 3033; x_wconf 81' lang='lat' dir='ltr'><strong>se</strong></span> <span class='ocrx_word' id='word_1_388' title='bbox 652 2980 753 3032; x_wconf 91' lang='lat' dir='ltr'><strong>sub</strong></span> <span class='ocrx_word' id='word_1_389' title='bbox 792 2980 1008 3035; x_wconf 91' lang='lat' dir='ltr'><strong>silentio</strong></span> <span class='ocrx_word' id='word_1_390' title='bbox 1038 2979 1337 3035; x_wconf 72' lang='lat' dir='ltr'><strong>abscondit.</strong></span> <span class='ocrx_word' id='word_1_391' title='bbox 1383 2978 1485 3032; x_wconf 88' lang='lat' dir='ltr'><strong>Sed</strong></span> <span class='ocrx_word' id='word_1_392' title='bbox 1515 2987 1597 3032; x_wconf 82' lang='lat' dir='ltr'><strong>est</strong></span> <span class='ocrx_word' id='word_1_393' title='bbox 1632 2980 1771 3033; x_wconf 91' lang='lat' dir='ltr'><strong>alius</strong></span> <span class='ocrx_word' id='word_1_394' title='bbox 1805 2980 1983 3047; x_wconf 92' lang='lat' dir='ltr'><strong>lupus,</strong></span> <span class='ocrx_word' id='word_1_395' title='bbox 2023 2978 2114 3047; x_wconf 90' lang='lat' dir='ltr'><strong>qui</strong></span> <span class='ocrx_word' id='word_1_396' title='bbox 2205 2962 2393 3027; x_wconf 76' lang='lat' dir='ltr'><strong>quibus</strong></span> <span class='ocrx_word' id='word_1_397' title='bbox 2426 2971 2479 3016; x_wconf 73' lang='lat' dir='ltr'><strong>et</strong></span> <span class='ocrx_word' id='word_1_398' title='bbox 2526 2965 2684 3030; x_wconf 76' lang='lat' dir='ltr'><strong>paulo</strong></span> <span class='ocrx_word' id='word_1_399' title='bbox 2711 2965 2957 3033; x_wconf 80' lang='lat' dir='ltr'><strong>superius</strong></span> <span class='ocrx_word' id='word_1_400' title='bbox 2998 2965 3168 3020; x_wconf 73' lang='lat' dir='ltr'><strong>dicit:</strong></span> <span class='ocrx_word' id='word_1_401' title='bbox 3206 2966 3307 3021; x_wconf 78' lang='lat' dir='ltr'><strong>Per</strong></span> <span class='ocrx_word' id='word_1_402' title='bbox 3348 2984 3425 3020; x_wconf 78' lang='lat' dir='ltr'><strong>me</strong></span> <span class='ocrx_word' id='word_1_403' title='bbox 3463 2971 3508 3020; x_wconf 75' lang='grc' dir='ltr'><strong>εἰ</strong></span> <span class='ocrx_word' id='word_1_404' title='bbox 3534 2970 3639 3036; x_wconf 71' lang='lat' dir='ltr'><strong>quis</strong></span> <span class='ocrx_word' id='word_1_405' title='bbox 3674 2972 3733 3021; x_wconf 64' lang='lat' dir='ltr'><strong>in-</strong></span> 
     </span>
    </p>
   </div>
   <div class='ocr_carea' id='block_1_52' title="bbox 560 3051 2110 3150">
    <p class='ocr_par' dir='ltr' id='par_1_52' title="bbox 560 3067 2110 3137">
     <span class='ocr_line' id='line_1_52' title="bbox 560 3067 2110 3137; baseline 0.001 -17"><span class='ocrx_word' id='word_1_406' title='bbox 560 3068 679 3122; x_wconf 87' lang='lat' dir='ltr'><strong>sine</strong></span> <span class='ocrx_word' id='word_1_407' title='bbox 716 3070 1015 3122; x_wconf 85' lang='lat' dir='ltr'><strong>cessatione</strong></span> <span class='ocrx_word' id='word_1_408' title='bbox 1046 3069 1303 3137; x_wconf 85' lang='lat' dir='ltr'><strong>quotidie,</strong></span> <span class='ocrx_word' id='word_1_409' title='bbox 1338 3084 1443 3122; x_wconf 93' lang='lat' dir='ltr'><strong>non</strong></span> <span class='ocrx_word' id='word_1_410' title='bbox 1476 3082 1724 3136; x_wconf 86' lang='lat' dir='ltr'><strong>corpora,</strong></span> <span class='ocrx_word' id='word_1_411' title='bbox 1766 3067 1860 3120; x_wconf 89' lang='lat' dir='ltr'><strong>sed</strong></span> <span class='ocrx_word' id='word_1_412' title='bbox 1911 3077 2110 3121; x_wconf 86' lang='lat' dir='ltr'><strong>mentes</strong></span> 
     </span>
    </p>
   </div>
   <div class='ocr_carea' id='block_1_53' title="bbox 2211 3051 3732 3150">
    <p class='ocr_par' dir='ltr' id='par_1_53' title="bbox 2211 3051 3732 3122">
     <span class='ocr_line' id='line_1_53' title="bbox 2211 3051 3732 3122; baseline 0.003 -21"><span class='ocrx_word' id='word_1_413' title='bbox 2211 3051 2416 3113; x_wconf 87' lang='lat' dir='ltr'><strong>troierit,</strong></span> <span class='ocrx_word' id='word_1_414' title='bbox 2439 3052 2730 3116; x_wconf 86' lang='lat' dir='ltr'><strong>salvabitur,</strong></span> <span class='ocrx_word' id='word_1_415' title='bbox 2761 3064 2807 3106; x_wconf 87' lang='lat' dir='ltr'><strong>et</strong></span> <span class='ocrx_word' id='word_1_416' title='bbox 2833 3055 3161 3122; x_wconf 80' lang='lat' dir='ltr'><strong>ingredietur,</strong></span> <span class='ocrx_word' id='word_1_417' title='bbox 3188 3064 3235 3108; x_wconf 85' lang='lat' dir='ltr'><strong>et</strong></span> <span class='ocrx_word' id='word_1_418' title='bbox 3262 3055 3564 3122; x_wconf 80' lang='lat' dir='ltr'><strong>egredietur,</strong></span> <span class='ocrx_word' id='word_1_419' title='bbox 3595 3067 3639 3109; x_wconf 74' lang='grc' dir='ltr'><strong>ιι</strong></span> <span class='ocrx_word' id='word_1_420' title='bbox 3662 3076 3732 3113; x_wconf 65' lang='grc' dir='ltr'><strong>ρα-</strong></span> 
     </span>
    </p>
   </div>
   <div class='ocr_carea' id='block_1_54' title="bbox 560 3138 2110 3230">
    <p class='ocr_par' dir='ltr' id='par_1_54' title="bbox 560 3156 2110 3230">
     <span class='ocr_line' id='line_1_54' title="bbox 560 3156 2110 3230; baseline 0 -19"><span class='ocrx_word' id='word_1_421' title='bbox 560 3159 803 3224; x_wconf 85' lang='lat' dir='ltr'><strong>dilaniat,</strong></span> <span class='ocrx_word' id='word_1_422' title='bbox 839 3160 1108 3230; x_wconf 86' lang='lat' dir='ltr'><strong>malignus</strong></span> <span class='ocrx_word' id='word_1_423' title='bbox 1131 3160 1378 3214; x_wconf 87' lang='lat' dir='ltr'><strong>videlicet</strong></span> <span class='ocrx_word' id='word_1_424' title='bbox 1404 3158 1644 3228; x_wconf 88' lang='lat' dir='ltr'><strong>spiritus,</strong></span> <span class='ocrx_word' id='word_1_425' title='bbox 1671 3158 1760 3227; x_wconf 91' lang='lat' dir='ltr'><strong>qui</strong></span> <span class='ocrx_word' id='word_1_426' title='bbox 1788 3158 1968 3213; x_wconf 88' lang='lat' dir='ltr'><strong>caulas</strong></span> <span class='ocrx_word' id='word_1_427' title='bbox 1990 3156 2110 3211; x_wconf 72' lang='grc' dir='ltr'><strong>ϐόθ-</strong></span> 
     </span>
    </p>
   </div>
   <div class='ocr_carea' id='block_1_55' title="bbox 2211 3138 3734 3230">
    <p class='ocr_par' dir='ltr' id='par_1_55' title="bbox 2211 3138 3734 3214">
     <span class='ocr_line' id='line_1_55' title="bbox 2211 3138 3734 3214; baseline 0.008 -27"><span class='ocrx_word' id='word_1_428' title='bbox 2211 3152 2331 3190; x_wconf 78' lang='lat' dir='ltr'><strong>seua</strong></span> <span class='ocrx_word' id='word_1_429' title='bbox 2359 3138 2589 3192; x_wconf 84' lang='lat' dir='ltr'><strong>inveniet.</strong></span> <span class='ocrx_word' id='word_1_430' title='bbox 2625 3139 2951 3209; x_wconf 82' lang='lat' dir='ltr'><strong>Ingredietur</strong></span> <span class='ocrx_word' id='word_1_431' title='bbox 2979 3141 3171 3208; x_wconf 83' lang='lat' dir='ltr'><strong>quippe</strong></span> <span class='ocrx_word' id='word_1_432' title='bbox 3210 3143 3274 3195; x_wconf 86' lang='lat' dir='ltr'><strong>ad</strong></span> <span class='ocrx_word' id='word_1_433' title='bbox 3308 3144 3482 3209; x_wconf 82' lang='lat' dir='ltr'><strong>iidem,</strong></span> <span class='ocrx_word' id='word_1_434' title='bbox 3512 3146 3734 3214; x_wconf 82' lang='lat' dir='ltr'><strong>egredie-</strong></span> 
     </span>
    </p>
   </div>
   <div class='ocr_carea' id='block_1_56' title="bbox 562 3227 2110 3317">
    <p class='ocr_par' dir='ltr' id='par_1_56' title="bbox 562 3250 2110 3317">
     <span class='ocr_line' id='line_1_56' title="bbox 562 3250 2110 3317; baseline 0.001 -14"><span class='ocrx_word' id='word_1_435' title='bbox 562 3252 692 3303; x_wconf 91' lang='lat' dir='ltr'><strong>lium</strong></span> <span class='ocrx_word' id='word_1_436' title='bbox 726 3252 991 3305; x_wconf 88' lang='lat' dir='ltr'><strong>insidians</strong></span> <span class='ocrx_word' id='word_1_437' title='bbox 1017 3252 1227 3317; x_wconf 89' lang='lat' dir='ltr'><strong>circuit,</strong></span> <span class='ocrx_word' id='word_1_438' title='bbox 1262 3258 1316 3306; x_wconf 91' lang='lat' dir='ltr'><strong>et</strong></span> <span class='ocrx_word' id='word_1_439' title='bbox 1355 3258 1558 3305; x_wconf 90' lang='lat' dir='ltr'><strong>mortes</strong></span> <span class='ocrx_word' id='word_1_440' title='bbox 1591 3250 1894 3305; x_wconf 90' lang='lat' dir='ltr'><strong>animarum</strong></span> <span class='ocrx_word' id='word_1_441' title='bbox 1927 3250 2110 3317; x_wconf 70' lang='lat' dir='ltr'><strong>quzerit</strong></span> 
     </span>
    </p>
   </div>
   <div class='ocr_carea' id='block_1_57' title="bbox 2211 3227 3735 3317">
    <p class='ocr_par' dir='ltr' id='par_1_57' title="bbox 2211 3227 3735 3294">
     <span class='ocr_line' id='line_1_57' title="bbox 2211 3227 3735 3294; baseline 0.006 -16"><span class='ocrx_word' id='word_1_442' title='bbox 2211 3236 2296 3279; x_wconf 92' lang='lat' dir='ltr'><strong>tur</strong></span> <span class='ocrx_word' id='word_1_443' title='bbox 2338 3241 2463 3280; x_wconf 84' lang='lat' dir='ltr'><strong>vero</strong></span> <span class='ocrx_word' id='word_1_444' title='bbox 2492 3242 2519 3280; x_wconf 91' lang='lat' dir='ltr'><strong>a</strong></span> <span class='ocrx_word' id='word_1_445' title='bbox 2552 3227 2653 3282; x_wconf 78' lang='lat' dir='ltr'><strong>fide</strong></span> <span class='ocrx_word' id='word_1_446' title='bbox 2702 3227 2766 3282; x_wconf 90' lang='lat' dir='ltr'><strong>ad</strong></span> <span class='ocrx_word' id='word_1_447' title='bbox 2812 3230 3063 3294; x_wconf 81' lang='lat' dir='ltr'><strong>speciem,</strong></span> <span class='ocrx_word' id='word_1_448' title='bbox 3099 3244 3127 3282; x_wconf 91' lang='lat' dir='ltr'><strong>a</strong></span> <span class='ocrx_word' id='word_1_449' title='bbox 3166 3231 3480 3287; x_wconf 87' lang='lat' dir='ltr'><strong>credulitate</strong></span> <span class='ocrx_word' id='word_1_450' title='bbox 3521 3236 3583 3287; x_wconf 88' lang='lat' dir='ltr'><strong>ad</strong></span> <span class='ocrx_word' id='word_1_451' title='bbox 3627 3250 3735 3287; x_wconf 84' lang='lat' dir='ltr'><strong>con-</strong></span> 
     </span>
    </p>
   </div>
   <div class='ocr_carea' id='block_1_58' title="bbox 561 3315 3736 3416">
    <p class='ocr_par' dir='ltr' id='par_1_58' title="bbox 561 3315 3736 3416">
     <span class='ocr_line' id='line_1_58' title="bbox 561 3315 3736 3416; baseline 0.003 -50"><span class='ocrx_word' id='word_1_452' title='bbox 561 3343 617 3412; x_wconf 68' lang='grc' dir='ltr'><strong>(ι</strong></span> <span class='ocrx_word' id='word_1_453' title='bbox 652 3343 796 3398; x_wconf 47' lang='grc' dir='ltr'><strong>μευ..</strong></span> <span class='ocrx_word' id='word_1_454' title='bbox 829 3348 917 3414; x_wconf 60' lang='lat' dir='ltr'><strong>v);</strong></span> <span class='ocrx_word' id='word_1_455' title='bbox 947 3348 1011 3400; x_wconf 69' lang='lat' dir='ltr'><strong>de</strong></span> <span class='ocrx_word' id='word_1_456' title='bbox 1039 3362 1145 3416; x_wconf 67' lang='lat' dir='ltr'><strong>quo</strong></span> <span class='ocrx_word' id='word_1_457' title='bbox 1173 3315 1299 3413; x_wconf 60' lang='lat' dir='ltr'><strong>mp0</strong></span> <span class='ocrx_word' id='word_1_458' title='bbox 1331 3360 1450 3400; x_wconf 63' lang='lat' dir='ltr'><strong>mox</strong></span> <span class='ocrx_word' id='word_1_459' title='bbox 1481 3346 1766 3400; x_wconf 60' lang='lat' dir='ltr'><strong>subdiu”:</strong></span> <span class='ocrx_word' id='word_1_460' title='bbox 1944 3315 1961 3317; x_wconf 68' lang='grc'>⁷</span> <span class='ocrx_word' id='word_1_461' title='bbox 2211 3315 2626 3416; x_wconf 70' lang='lat' dir='ltr'><strong>templationem.</strong></span> <span class='ocrx_word' id='word_1_462' title='bbox 2687 3316 2887 3370; x_wconf 86' lang='lat' dir='ltr'><strong>Pascua</strong></span> <span class='ocrx_word' id='word_1_463' title='bbox 2939 3327 3113 3371; x_wconf 87' lang='lat' dir='ltr'><strong>autem</strong></span> <span class='ocrx_word' id='word_1_464' title='bbox 3175 3320 3404 3375; x_wconf 84' lang='lat' dir='ltr'><strong>inveniet</strong></span> <span class='ocrx_word' id='word_1_465' title='bbox 3460 3322 3508 3375; x_wconf 90' lang='lat' dir='ltr'><strong>in</strong></span> <span class='ocrx_word' id='word_1_466' title='bbox 3562 3332 3736 3377; x_wconf 67' lang='lat' dir='ltr'><strong>aeterna</strong></span> 
     </span>
    </p>
   </div>
   <div class='ocr_carea' id='block_1_59' title="bbox 634 3402 3734 3504">
    <p class='ocr_par' dir='ltr' id='par_1_59' title="bbox 634 3402 3734 3504">
     <span class='ocr_line' id='line_1_59' title="bbox 634 3402 3734 3504; baseline 0.001 -42"><span class='ocrx_word' id='word_1_467' title='bbox 634 3434 702 3487; x_wconf 45' lang='grc' dir='ltr'><strong>Εἰ</strong></span> <span class='ocrx_word' id='word_1_468' title='bbox 739 3402 1073 3504; x_wconf 23' lang='lat' dir='ltr'><strong>“pigram;</strong></span> <span class='ocrx_word' id='word_1_469' title='bbox 1094 3445 1143 3488; x_wconf 59' lang='grc' dir='ltr'><strong>ει</strong></span> <span class='ocrx_word' id='word_1_470' title='bbox 1187 3402 1436 3504; x_wconf 46' lang='lat' dir='ltr'><strong>dispergi,</strong></span> <span class='ocrx_word' id='word_1_471' title='bbox 1479 3451 1612 3488; x_wconf 46' lang='lat' dir='ltr'><strong>om.</strong></span> <span class='ocrx_word' id='word_1_472' title='bbox 1663 3434 1845 3502; x_wconf 70' lang='lat' dir='ltr'><strong>Lupus</strong></span> <span class='ocrx_word' id='word_1_473' title='bbox 1872 3436 2035 3501; x_wconf 49' lang='lat' dir='ltr'><strong>venit,</strong></span> <span class='ocrx_word' id='word_1_474' title='bbox 2067 3448 2123 3492; x_wconf 47' lang='lat' dir='ltr'><strong>et</strong></span> <span class='ocrx_word' id='word_1_475' title='bbox 2208 3402 2515 3459; x_wconf 89' lang='lat' dir='ltr'><strong>refectione.</strong></span> <span class='ocrx_word' id='word_1_476' title='bbox 2555 3405 2693 3460; x_wconf 86' lang='lat' dir='ltr'><strong>Oves</strong></span> <span class='ocrx_word' id='word_1_477' title='bbox 2735 3421 2860 3474; x_wconf 90' lang='lat' dir='ltr'><strong>ergo</strong></span> <span class='ocrx_word' id='word_1_478' title='bbox 2900 3407 3250 3476; x_wconf 83' lang='lat' dir='ltr'><strong>ejus-pascua</strong></span> <span class='ocrx_word' id='word_1_479' title='bbox 3298 3410 3589 3477; x_wconf 87' lang='lat' dir='ltr'><strong>invenient,</strong></span> <span class='ocrx_word' id='word_1_480' title='bbox 3635 3419 3734 3481; x_wconf 78' lang='lat' dir='ltr'><strong>quia</strong></span> 
     </span>
    </p>
   </div>
   <div class='ocr_carea' id='block_1_60' title="bbox 564 3504 2110 3595">
    <p class='ocr_par' dir='ltr' id='par_1_60' title="bbox 564 3524 2110 3595">
     <span class='ocr_line' id='line_1_60' title="bbox 564 3524 2110 3595; baseline 0.001 -15"><span class='ocrx_word' id='word_1_481' title='bbox 564 3526 930 3581; x_wconf 77' lang='lat' dir='ltr'><strong>mercenarius</strong></span> <span class='ocrx_word' id='word_1_482' title='bbox 959 3525 1117 3591; x_wconf 81' lang='lat' dir='ltr'><strong>fugit,</strong></span> <span class='ocrx_word' id='word_1_483' title='bbox 1168 3525 1295 3593; x_wconf 88' lang='lat' dir='ltr'><strong>quia</strong></span> <span class='ocrx_word' id='word_1_484' title='bbox 1339 3524 1608 3595; x_wconf 89' lang='lat' dir='ltr'><strong>malignus</strong></span> <span class='ocrx_word' id='word_1_485' title='bbox 1655 3525 1877 3592; x_wconf 86' lang='lat' dir='ltr'><strong>spiritus</strong></span> <span class='ocrx_word' id='word_1_486' title='bbox 1917 3536 2110 3582; x_wconf 70' lang='lat' dir='ltr'><strong>mentes</strong></span> 
     </span>
    </p>
   </div>
   <div class='ocr_carea' id='block_1_61' title="bbox 2211 3504 3737 3595">
    <p class='ocr_par' dir='ltr' id='par_1_61' title="bbox 2211 3504 3737 3577">
     <span class='ocr_line' id='line_1_61' title="bbox 2211 3504 3737 3577; baseline 0.005 -22"><span class='ocrx_word' id='word_1_487' title='bbox 2211 3504 2440 3571; x_wconf 86' lang='lat' dir='ltr'><strong>quisquis</strong></span> <span class='ocrx_word' id='word_1_488' title='bbox 2499 3504 2645 3558; x_wconf 89' lang='lat' dir='ltr'><strong>illum</strong></span> <span class='ocrx_word' id='word_1_489' title='bbox 2703 3505 2866 3559; x_wconf 88' lang='lat' dir='ltr'><strong>corde</strong></span> <span class='ocrx_word' id='word_1_490' title='bbox 2920 3506 3144 3574; x_wconf 86' lang='lat' dir='ltr'><strong>simplici</strong></span> <span class='ocrx_word' id='word_1_491' title='bbox 3212 3510 3491 3577; x_wconf 81' lang='lat' dir='ltr'><strong>sequitur,</strong></span> <span class='ocrx_word' id='word_1_492' title='bbox 3547 3519 3737 3565; x_wconf 71' lang='lat' dir='ltr'><strong>aeterna:</strong></span> 
     </span>
    </p>
   </div>
   <div class='ocr_carea' id='block_1_62' title="bbox 566 3594 2110 3684">
    <p class='ocr_par' dir='ltr' id='par_1_62' title="bbox 566 3594 2110 3684">
     <span class='ocr_line' id='line_1_62' title="bbox 566 3594 2110 3684; baseline 0.001 -15"><span class='ocrx_word' id='word_1_493' title='bbox 566 3618 801 3670; x_wconf 89' lang='lat' dir='ltr'><strong>tidelium</strong></span> <span class='ocrx_word' id='word_1_494' title='bbox 833 3616 887 3669; x_wconf 90' lang='lat' dir='ltr'><strong>in</strong></span> <span class='ocrx_word' id='word_1_495' title='bbox 927 3616 1219 3669; x_wconf 89' lang='lat' dir='ltr'><strong>tentatione</strong></span> <span class='ocrx_word' id='word_1_496' title='bbox 1243 3594 1485 3678; x_wconf 85' lang='lat' dir='ltr'><strong>dilaniat,</strong></span> <span class='ocrx_word' id='word_1_497' title='bbox 1522 3623 1574 3669; x_wconf 88' lang='lat' dir='ltr'><strong>et</strong></span> <span class='ocrx_word' id='word_1_498' title='bbox 1606 3615 1650 3669; x_wconf 88' lang='lat' dir='ltr'><strong>is</strong></span> <span class='ocrx_word' id='word_1_499' title='bbox 1678 3615 1768 3682; x_wconf 89' lang='lat' dir='ltr'><strong>qui</strong></span> <span class='ocrx_word' id='word_1_500' title='bbox 1798 3615 1974 3668; x_wconf 90' lang='lat' dir='ltr'><strong>locum</strong></span> <span class='ocrx_word' id='word_1_501' title='bbox 2002 3631 2110 3684; x_wconf 84' lang='lat' dir='ltr'><strong>pas-</strong></span> 
     </span>
    </p>
   </div>
   <div class='ocr_carea' id='block_1_63' title="bbox 2211 3594 3736 3684">
    <p class='ocr_par' dir='ltr' id='par_1_63' title="bbox 2211 3594 3736 3661">
     <span class='ocr_line' id='line_1_63' title="bbox 2211 3594 3736 3661; baseline 0.003 -16"><span class='ocrx_word' id='word_1_502' title='bbox 2211 3594 2483 3648; x_wconf 90' lang='lat' dir='ltr'><strong>viriditatis</strong></span> <span class='ocrx_word' id='word_1_503' title='bbox 2527 3595 2723 3661; x_wconf 91' lang='lat' dir='ltr'><strong>pabulo</strong></span> <span class='ocrx_word' id='word_1_504' title='bbox 2774 3595 3028 3649; x_wconf 86' lang='lat' dir='ltr'><strong>nutritur.</strong></span> <span class='ocrx_word' id='word_1_505' title='bbox 3070 3596 3197 3661; x_wconf 70' lang='lat' dir='ltr'><strong>Quae</strong></span> <span class='ocrx_word' id='word_1_506' title='bbox 3244 3609 3419 3652; x_wconf 88' lang='lat' dir='ltr'><strong>autem</strong></span> <span class='ocrx_word' id='word_1_507' title='bbox 3473 3610 3589 3652; x_wconf 86' lang='lat' dir='ltr'><strong>sunt</strong></span> <span class='ocrx_word' id='word_1_508' title='bbox 3632 3601 3736 3651; x_wconf 83' lang='lat' dir='ltr'><strong>ista-</strong></span> 
     </span>
    </p>
   </div>
   <div class='ocr_carea' id='block_1_64' title="bbox 566 3684 2110 3762">
    <p class='ocr_par' dir='ltr' id='par_1_64' title="bbox 566 3706 2110 3762">
     <span class='ocr_line' id='line_1_64' title="bbox 566 3706 2110 3762; baseline 0 -2"><span class='ocrx_word' id='word_1_509' title='bbox 566 3709 699 3761; x_wconf 88' lang='lat' dir='ltr'><strong>toris</strong></span> <span class='ocrx_word' id='word_1_510' title='bbox 730 3716 871 3762; x_wconf 83' lang='lat' dir='ltr'><strong>tenet</strong></span> <span class='ocrx_word' id='word_1_511' title='bbox 912 3721 1097 3761; x_wconf 86' lang='lat' dir='ltr'><strong>curam</strong></span> <span class='ocrx_word' id='word_1_512' title='bbox 1146 3706 1522 3760; x_wconf 89' lang='lat' dir='ltr'><strong>sollicitudinis</strong></span> <span class='ocrx_word' id='word_1_513' title='bbox 1555 3720 1661 3758; x_wconf 91' lang='lat' dir='ltr'><strong>non</strong></span> <span class='ocrx_word' id='word_1_514' title='bbox 1698 3706 1876 3759; x_wconf 83' lang='lat' dir='ltr'><strong>habet.</strong></span> <span class='ocrx_word' id='word_1_515' title='bbox 1918 3707 2110 3761; x_wconf 76' lang='lat' dir='ltr'><strong>Anima</strong></span> 
     </span>
    </p>
   </div>
   <div class='ocr_carea' id='block_1_65' title="bbox 2211 3684 3735 3762">
    <p class='ocr_par' dir='ltr' id='par_1_65' title="bbox 2211 3684 3735 3757">
     <span class='ocr_line' id='line_1_65' title="bbox 2211 3684 3735 3757; baseline 0.005 -23"><span class='ocrx_word' id='word_1_516' title='bbox 2211 3697 2320 3735; x_wconf 92' lang='lat' dir='ltr'><strong>rum</strong></span> <span class='ocrx_word' id='word_1_517' title='bbox 2357 3684 2531 3737; x_wconf 85' lang='lat' dir='ltr'><strong>ovium</strong></span> <span class='ocrx_word' id='word_1_518' title='bbox 2582 3697 2789 3751; x_wconf 89' lang='lat' dir='ltr'><strong>pascua,</strong></span> <span class='ocrx_word' id='word_1_519' title='bbox 2834 3688 2933 3741; x_wconf 92' lang='lat' dir='ltr'><strong>nisi</strong></span> <span class='ocrx_word' id='word_1_520' title='bbox 2981 3700 3174 3743; x_wconf 62' lang='lat' dir='ltr'><strong>eterna</strong></span> <span class='ocrx_word' id='word_1_521' title='bbox 3215 3689 3402 3757; x_wconf 90' lang='lat' dir='ltr'><strong>gaudia</strong></span> <span class='ocrx_word' id='word_1_522' title='bbox 3438 3689 3735 3756; x_wconf 73' lang='lat' dir='ltr'><strong>sempiterno</strong></span> 
     </span>
    </p>
   </div>
   <div class='ocr_carea' id='block_1_66' title="bbox 564 3773 2110 3865">
    <p class='ocr_par' dir='ltr' id='par_1_66' title="bbox 564 3796 2110 3865">
     <span class='ocr_line' id='line_1_66' title="bbox 564 3796 2110 3865; baseline 0.002 -16"><span class='ocrx_word' id='word_1_523' title='bbox 564 3807 811 3864; x_wconf 86' lang='lat' dir='ltr'><strong>pereunt,</strong></span> <span class='ocrx_word' id='word_1_524' title='bbox 836 3808 888 3850; x_wconf 91' lang='lat' dir='ltr'><strong>et</strong></span> <span class='ocrx_word' id='word_1_525' title='bbox 910 3798 1021 3864; x_wconf 87' lang='lat' dir='ltr'><strong>ipse</strong></span> <span class='ocrx_word' id='word_1_526' title='bbox 1044 3798 1107 3851; x_wconf 92' lang='lat' dir='ltr'><strong>de</strong></span> <span class='ocrx_word' id='word_1_527' title='bbox 1132 3798 1357 3850; x_wconf 88' lang='lat' dir='ltr'><strong>terrenis</strong></span> <span class='ocrx_word' id='word_1_528' title='bbox 1376 3796 1674 3861; x_wconf 83' lang='lat' dir='ltr'><strong>commodis</strong></span> <span class='ocrx_word' id='word_1_529' title='bbox 1690 3797 1917 3849; x_wconf 69' lang='lat' dir='ltr'><strong>laatatnr.</strong></span> <span class='ocrx_word' id='word_1_530' title='bbox 1941 3796 2110 3865; x_wconf 73' lang='lat' dir='ltr'><strong>Lupus</strong></span> 
     </span>
    </p>
   </div>
   <div class='ocr_carea' id='block_1_67' title="bbox 2211 3773 3733 3865">
    <p class='ocr_par' dir='ltr' id='par_1_67' title="bbox 2211 3773 3733 3849">
     <span class='ocr_line' id='line_1_67' title="bbox 2211 3773 3733 3849; baseline 0.004 -24"><span class='ocrx_word' id='word_1_531' title='bbox 2211 3773 2427 3827; x_wconf 82' lang='lat' dir='ltr'><strong>virentis</strong></span> <span class='ocrx_word' id='word_1_532' title='bbox 2458 3777 2731 3840; x_wconf 78' lang='lat' dir='ltr'><strong>paradisi?</strong></span> <span class='ocrx_word' id='word_1_533' title='bbox 2770 3778 2971 3834; x_wconf 87' lang='lat' dir='ltr'><strong>Pascua</strong></span> <span class='ocrx_word' id='word_1_534' title='bbox 3024 3796 3245 3849; x_wconf 84' lang='lat' dir='ltr'><strong>namque</strong></span> <span class='ocrx_word' id='word_1_535' title='bbox 3292 3782 3583 3834; x_wconf 87' lang='lat' dir='ltr'><strong>electorum</strong></span> <span class='ocrx_word' id='word_1_536' title='bbox 3631 3792 3733 3833; x_wconf 87' lang='lat' dir='ltr'><strong>sunt</strong></span> 
     </span>
    </p>
   </div>
   <div class='ocr_carea' id='block_1_68' title="bbox 566 3864 3732 3956">
    <p class='ocr_par' dir='ltr' id='par_1_68' title="bbox 566 3864 3732 3956">
     <span class='ocr_line' id='line_1_68' title="bbox 566 3864 3732 3956; baseline -0.001 -16"><span class='ocrx_word' id='word_1_537' title='bbox 566 3888 704 3955; x_wconf 77' lang='lat' dir='ltr'><strong>rapit</strong></span> <span class='ocrx_word' id='word_1_538' title='bbox 732 3897 783 3939; x_wconf 84' lang='lat' dir='ltr'><strong>et</strong></span> <span class='ocrx_word' id='word_1_539' title='bbox 808 3888 1064 3956; x_wconf 77' lang='lat' dir='ltr'><strong>dispergit</strong></span> <span class='ocrx_word' id='word_1_540' title='bbox 1085 3902 1232 3946; x_wconf 87' lang='lat' dir='ltr'><strong>oves,</strong></span> <span class='ocrx_word' id='word_1_541' title='bbox 1255 3902 1376 3937; x_wconf 77' lang='lat' dir='ltr'><strong>cum</strong></span> <span class='ocrx_word' id='word_1_542' title='bbox 1405 3885 1565 3937; x_wconf 90' lang='lat' dir='ltr'><strong>alium</strong></span> <span class='ocrx_word' id='word_1_543' title='bbox 1614 3884 1675 3937; x_wconf 87' lang='lat' dir='ltr'><strong>ad</strong></span> <span class='ocrx_word' id='word_1_544' title='bbox 1710 3883 1977 3935; x_wconf 81' lang='lat' dir='ltr'><strong>luxuriam</strong></span> <span class='ocrx_word' id='word_1_545' title='bbox 2003 3900 2121 3951; x_wconf 87' lang='lat' dir='ltr'><strong>per-</strong></span> <span class='ocrx_word' id='word_1_546' title='bbox 2206 3864 2377 3956; x_wconf 48' lang='lat' dir='ltr'><strong>&quot;unus</strong></span> <span class='ocrx_word' id='word_1_547' title='bbox 2400 3868 2675 3956; x_wconf 48' lang='lat' dir='ltr'><strong>Prwsemis‘</strong></span> <span class='ocrx_word' id='word_1_548' title='bbox 2700 3868 2789 3922; x_wconf 71' lang='grc' dir='ltr'><strong>θεῖ</strong></span> <span class='ocrx_word' id='word_1_549' title='bbox 2816 3911 2831 3936; x_wconf 70' lang='grc'><strong>9</strong></span> <span class='ocrx_word' id='word_1_550' title='bbox 2872 3873 2959 3936; x_wconf 63' lang='lat' dir='ltr'><strong>(illi</strong></span> <span class='ocrx_word' id='word_1_551' title='bbox 3000 3870 3122 3923; x_wconf 72' lang='lat' dir='ltr'><strong>dm“</strong></span> <span class='ocrx_word' id='word_1_552' title='bbox 3160 3869 3273 3924; x_wconf 72' lang='grc' dir='ltr'><strong>δίηθ</strong></span> <span class='ocrx_word' id='word_1_553' title='bbox 3310 3870 3519 3925; x_wconf 64' lang='grc' dir='ltr'><strong>ἀεῖθείυ</strong></span> <span class='ocrx_word' id='word_1_554' title='bbox 3546 3870 3732 3935; x_wconf 65' lang='grc' dir='ltr'><strong>οοηεβί·</strong></span> 
     </span>
    </p>
   </div>
   <div class='ocr_carea' id='block_1_69' title="bbox 565 3953 2110 4042">
    <p class='ocr_par' dir='ltr' id='par_1_69' title="bbox 565 3973 2110 4042">
     <span class='ocr_line' id='line_1_69' title="bbox 565 3973 2110 4042; baseline -0.001 -12"><span class='ocrx_word' id='word_1_555' title='bbox 565 3980 754 4039; x_wconf 83' lang='lat' dir='ltr'><strong>trahit,</strong></span> <span class='ocrx_word' id='word_1_556' title='bbox 787 3979 953 4031; x_wconf 85' lang='lat' dir='ltr'><strong>alium</strong></span> <span class='ocrx_word' id='word_1_557' title='bbox 986 3978 1036 4029; x_wconf 91' lang='lat' dir='ltr'><strong>in</strong></span> <span class='ocrx_word' id='word_1_558' title='bbox 1066 3978 1345 4030; x_wconf 79' lang='lat' dir='ltr'><strong>avaritiam</strong></span> <span class='ocrx_word' id='word_1_559' title='bbox 1377 3974 1639 4039; x_wconf 89' lang='lat' dir='ltr'><strong>accendit,</strong></span> <span class='ocrx_word' id='word_1_560' title='bbox 1668 3974 1831 4027; x_wconf 86' lang='lat' dir='ltr'><strong>alium</strong></span> <span class='ocrx_word' id='word_1_561' title='bbox 1861 3973 1914 4025; x_wconf 88' lang='lat' dir='ltr'><strong>in</strong></span> <span class='ocrx_word' id='word_1_562' title='bbox 1947 3988 2110 4042; x_wconf 71' lang='lat' dir='ltr'><strong>Super</strong></span> 
     </span>
    </p>
   </div>
   <div class='ocr_carea' id='block_1_70' title="bbox 2211 3953 3729 4042">
    <p class='ocr_par' dir='ltr' id='par_1_70' title="bbox 2211 3953 3729 4023">
     <span class='ocr_line' id='line_1_70' title="bbox 2211 3953 3729 4023; baseline 0.003 -17"><span class='ocrx_word' id='word_1_563' title='bbox 2211 3953 2338 4006; x_wconf 86' lang='lat' dir='ltr'><strong>cilnr</strong></span> <span class='ocrx_word' id='word_1_564' title='bbox 2358 3992 2372 4015; x_wconf 90' lang='lat'><strong>,</strong></span> <span class='ocrx_word' id='word_1_565' title='bbox 2420 3955 2534 4007; x_wconf 82' lang='lat' dir='ltr'><strong>sine</strong></span> <span class='ocrx_word' id='word_1_566' title='bbox 2583 3956 2687 4010; x_wconf 83' lang='lat' dir='ltr'><strong>fine</strong></span> <span class='ocrx_word' id='word_1_567' title='bbox 2718 3972 2865 4010; x_wconf 88' lang='lat' dir='ltr'><strong>meus</strong></span> <span class='ocrx_word' id='word_1_568' title='bbox 2894 3962 3013 4011; x_wconf 70' lang='lat' dir='ltr'><strong>vitm</strong></span> <span class='ocrx_word' id='word_1_569' title='bbox 3036 3960 3158 4013; x_wconf 86' lang='lat' dir='ltr'><strong>cibo</strong></span> <span class='ocrx_word' id='word_1_570' title='bbox 3189 3961 3431 4013; x_wconf 84' lang='lat' dir='ltr'><strong>satiatur.</strong></span> <span class='ocrx_word' id='word_1_571' title='bbox 3471 3961 3729 4023; x_wconf 73' lang='lat' dir='ltr'><strong>Sequitur:</strong></span> 
     </span>
    </p>
   </div>
   <div class='ocr_carea' id='block_1_71' title="bbox 565 4040 2110 4137">
    <p class='ocr_par' dir='ltr' id='par_1_71' title="bbox 565 4040 2110 4137">
     <span class='ocr_line' id='line_1_71' title="bbox 565 4040 2110 4137; baseline -0.003 -14"><span class='ocrx_word' id='word_1_572' title='bbox 565 4071 709 4123; x_wconf 75' lang='lat' dir='ltr'><strong>Diam</strong></span> <span class='ocrx_word' id='word_1_573' title='bbox 762 4070 938 4137; x_wconf 84' lang='lat' dir='ltr'><strong>erigit,</strong></span> <span class='ocrx_word' id='word_1_574' title='bbox 985 4069 1150 4120; x_wconf 83' lang='lat' dir='ltr'><strong>alium</strong></span> <span class='ocrx_word' id='word_1_575' title='bbox 1200 4082 1291 4134; x_wconf 87' lang='lat' dir='ltr'><strong>per</strong></span> <span class='ocrx_word' id='word_1_576' title='bbox 1340 4066 1672 4117; x_wconf 75' lang='lat' dir='ltr'><strong>iracundiam</strong></span> <span class='ocrx_word' id='word_1_577' title='bbox 1723 4064 1930 4124; x_wconf 89' lang='lat' dir='ltr'><strong>dividit.</strong></span> <span class='ocrx_word' id='word_1_578' title='bbox 1979 4040 2110 4119; x_wconf 68' lang='lat' dir='ltr'><strong>nam</strong></span> 
     </span>
    </p>
   </div>
   <div class='ocr_carea' id='block_1_72' title="bbox 2211 4040 3733 4137">
    <p class='ocr_par' dir='ltr' id='par_1_72' title="bbox 2278 4040 3733 4115">
     <span class='ocr_line' id='line_1_72' title="bbox 2278 4040 3733 4115; baseline 0.003 -23"><span class='ocrx_word' id='word_1_579' title='bbox 2278 4040 2554 4109; x_wconf 82' lang='lat' dir='ltr'><strong>PrOpterea</strong></span> <span class='ocrx_word' id='word_1_580' title='bbox 2582 4060 2664 4096; x_wconf 89' lang='lat' dir='ltr'><strong>me</strong></span> <span class='ocrx_word' id='word_1_581' title='bbox 2690 4045 2857 4115; x_wconf 85' lang='lat' dir='ltr'><strong>diligit</strong></span> <span class='ocrx_word' id='word_1_582' title='bbox 2890 4046 3067 4114; x_wconf 85' lang='lat' dir='ltr'><strong>Pater,</strong></span> <span class='ocrx_word' id='word_1_583' title='bbox 3100 4049 3217 4115; x_wconf 83' lang='lat' dir='ltr'><strong>quia</strong></span> <span class='ocrx_word' id='word_1_584' title='bbox 3259 4063 3348 4115; x_wconf 86' lang='lat' dir='ltr'><strong>ego</strong></span> <span class='ocrx_word' id='word_1_585' title='bbox 3379 4064 3510 4115; x_wconf 85' lang='lat' dir='ltr'><strong>pono</strong></span> <span class='ocrx_word' id='word_1_586' title='bbox 3538 4049 3733 4099; x_wconf 69' lang='lat' dir='ltr'><strong>animum</strong></span> 
     </span>
    </p>
   </div>
   <div class='ocr_carea' id='block_1_73' title="bbox 566 4133 2110 4222">
    <p class='ocr_par' dir='ltr' id='par_1_73' title="bbox 566 4133 2110 4222">
     <span class='ocr_line' id='line_1_73' title="bbox 566 4133 2110 4222; baseline -0.004 -9"><span class='ocrx_word' id='word_1_587' title='bbox 566 4159 761 4213; x_wconf 86' lang='lat' dir='ltr'><strong>invidia</strong></span> <span class='ocrx_word' id='word_1_588' title='bbox 796 4133 1059 4221; x_wconf 78' lang='lat' dir='ltr'><strong>stimulat,</strong></span> <span class='ocrx_word' id='word_1_589' title='bbox 1094 4133 1240 4209; x_wconf 88' lang='lat' dir='ltr'><strong>illum</strong></span> <span class='ocrx_word' id='word_1_590' title='bbox 1270 4155 1322 4207; x_wconf 92' lang='lat' dir='ltr'><strong>in</strong></span> <span class='ocrx_word' id='word_1_591' title='bbox 1357 4154 1573 4208; x_wconf 81' lang='lat' dir='ltr'><strong>fallacia</strong></span> <span class='ocrx_word' id='word_1_592' title='bbox 1603 4154 1929 4222; x_wconf 87' lang='lat' dir='ltr'><strong>supplantat.</strong></span> <span class='ocrx_word' id='word_1_593' title='bbox 1960 4153 2110 4218; x_wconf 82' lang='lat' dir='ltr'><strong>Quasi</strong></span> 
     </span>
    </p>
   </div>
   <div class='ocr_carea' id='block_1_74' title="bbox 2211 4133 3735 4222">
    <p class='ocr_par' dir='ltr' id='par_1_74' title="bbox 2211 4133 3735 4204">
     <span class='ocr_line' id='line_1_74' title="bbox 2211 4133 3735 4204; baseline 0.003 -23"><span class='ocrx_word' id='word_1_594' title='bbox 2211 4147 2384 4193; x_wconf 88' lang='lat' dir='ltr'><strong>meam,</strong></span> <span class='ocrx_word' id='word_1_595' title='bbox 2429 4141 2476 4183; x_wconf 89' lang='lat' dir='ltr'><strong>et</strong></span> <span class='ocrx_word' id='word_1_596' title='bbox 2516 4133 2696 4185; x_wconf 87' lang='lat' dir='ltr'><strong>iterum</strong></span> <span class='ocrx_word' id='word_1_597' title='bbox 2741 4151 2935 4187; x_wconf 83' lang='lat' dir='ltr'><strong>sumam</strong></span> <span class='ocrx_word' id='word_1_598' title='bbox 2976 4151 3107 4188; x_wconf 88' lang='lat' dir='ltr'><strong>eam.</strong></span> <span class='ocrx_word' id='word_1_599' title='bbox 3130 4137 3263 4201; x_wconf 87' lang='lat' dir='ltr'><strong>Quid</strong></span> <span class='ocrx_word' id='word_1_600' title='bbox 3292 4137 3455 4189; x_wconf 82' lang='lat' dir='ltr'><strong>dicit?</strong></span> <span class='ocrx_word' id='word_1_601' title='bbox 3482 4134 3735 4204; x_wconf 70' lang='lat' dir='ltr'><strong>Propterea</strong></span> 
     </span>
    </p>
   </div>
   <div class='ocr_carea' id='block_1_75' title="bbox 562 4218 2110 4323">
    <p class='ocr_par' dir='ltr' id='par_1_75' title="bbox 562 4218 2110 4317">
     <span class='ocr_line' id='line_1_75' title="bbox 562 4218 2110 4317; baseline -0.003 -16"><span class='ocrx_word' id='word_1_602' title='bbox 562 4263 693 4317; x_wconf 75' lang='lat' dir='ltr'><strong>ergo</strong></span> <span class='ocrx_word' id='word_1_603' title='bbox 725 4262 938 4317; x_wconf 83' lang='lat' dir='ltr'><strong>gregem</strong></span> <span class='ocrx_word' id='word_1_604' title='bbox 966 4218 1123 4315; x_wconf 82' lang='lat' dir='ltr'><strong>lupus</strong></span> <span class='ocrx_word' id='word_1_605' title='bbox 1156 4245 1405 4314; x_wconf 89' lang='lat' dir='ltr'><strong>dissipat,</strong></span> <span class='ocrx_word' id='word_1_606' title='bbox 1435 4260 1556 4299; x_wconf 90' lang='lat' dir='ltr'><strong>cum</strong></span> <span class='ocrx_word' id='word_1_607' title='bbox 1599 4218 1837 4299; x_wconf 80' lang='lat' dir='ltr'><strong>fidelium</strong></span> <span class='ocrx_word' id='word_1_608' title='bbox 1868 4246 2110 4313; x_wconf 74' lang='lat' dir='ltr'><strong>populna</strong></span> 
     </span>
    </p>
   </div>
   <div class='ocr_carea' id='block_1_76' title="bbox 2211 4218 3733 4323">
    <p class='ocr_par' dir='ltr' id='par_1_76' title="bbox 2211 4218 3733 4293">
     <span class='ocr_line' id='line_1_76' title="bbox 2211 4218 3733 4293; baseline 0.005 -24"><span class='ocrx_word' id='word_1_609' title='bbox 2211 4233 2285 4271; x_wconf 88' lang='lat' dir='ltr'><strong>me</strong></span> <span class='ocrx_word' id='word_1_610' title='bbox 2334 4218 2493 4273; x_wconf 83' lang='lat' dir='ltr'><strong>Pater</strong></span> <span class='ocrx_word' id='word_1_611' title='bbox 2534 4222 2726 4292; x_wconf 86' lang='lat' dir='ltr'><strong>diligit,</strong></span> <span class='ocrx_word' id='word_1_612' title='bbox 2776 4226 2899 4292; x_wconf 90' lang='lat' dir='ltr'><strong>quia</strong></span> <span class='ocrx_word' id='word_1_613' title='bbox 2946 4225 3144 4277; x_wconf 93' lang='lat' dir='ltr'><strong>morior</strong></span> <span class='ocrx_word' id='word_1_614' title='bbox 3191 4234 3247 4278; x_wconf 94' lang='lat' dir='ltr'><strong>ut</strong></span> <span class='ocrx_word' id='word_1_615' title='bbox 3290 4239 3585 4293; x_wconf 83' lang='lat' dir='ltr'><strong>resurgam.</strong></span> <span class='ocrx_word' id='word_1_616' title='bbox 3625 4223 3733 4277; x_wconf 78' lang='lat' dir='ltr'><strong>Cum</strong></span> 
     </span>
    </p>
   </div>
   <div class='ocr_carea' id='block_1_77' title="bbox 563 4312 2110 4411">
    <p class='ocr_par' dir='ltr' id='par_1_77' title="bbox 563 4330 2110 4408">
     <span class='ocr_line' id='line_1_77' title="bbox 563 4330 2110 4408; baseline -0.005 -13"><span class='ocrx_word' id='word_1_617' title='bbox 563 4340 813 4395; x_wconf 89' lang='lat' dir='ltr'><strong>diabolus</strong></span> <span class='ocrx_word' id='word_1_618' title='bbox 844 4354 937 4408; x_wconf 88' lang='lat' dir='ltr'><strong>per</strong></span> <span class='ocrx_word' id='word_1_619' title='bbox 962 4338 1282 4392; x_wconf 90' lang='lat' dir='ltr'><strong>tentationes</strong></span> <span class='ocrx_word' id='word_1_620' title='bbox 1308 4346 1489 4401; x_wconf 88' lang='lat' dir='ltr'><strong>necat;</strong></span> <span class='ocrx_word' id='word_1_621' title='bbox 1514 4337 1607 4391; x_wconf 89' lang='lat' dir='ltr'><strong>sed</strong></span> <span class='ocrx_word' id='word_1_622' title='bbox 1638 4344 1823 4389; x_wconf 90' lang='lat' dir='ltr'><strong>contra</strong></span> <span class='ocrx_word' id='word_1_623' title='bbox 1847 4330 1960 4390; x_wconf 62' lang='lat' dir='ltr'><strong>haec</strong></span> <span class='ocrx_word' id='word_1_624' title='bbox 1987 4351 2110 4389; x_wconf 83' lang='lat' dir='ltr'><strong>mer-</strong></span> 
     </span>
    </p>
   </div>
   <div class='ocr_carea' id='block_1_78' title="bbox 2211 4312 3731 4411">
    <p class='ocr_par' dir='ltr' id='par_1_78' title="bbox 2211 4312 3731 4385">
     <span class='ocr_line' id='line_1_78' title="bbox 2211 4312 3731 4385; baseline 0.009 -27"><span class='ocrx_word' id='word_1_625' title='bbox 2211 4318 2396 4375; x_wconf 81' lang='lat' dir='ltr'><strong>magno</strong></span> <span class='ocrx_word' id='word_1_626' title='bbox 2440 4312 2583 4365; x_wconf 89' lang='lat' dir='ltr'><strong>enim</strong></span> <span class='ocrx_word' id='word_1_627' title='bbox 2636 4313 2870 4379; x_wconf 87' lang='lat' dir='ltr'><strong>pondere</strong></span> <span class='ocrx_word' id='word_1_628' title='bbox 2898 4314 3094 4368; x_wconf 86' lang='lat' dir='ltr'><strong>dictum</strong></span> <span class='ocrx_word' id='word_1_629' title='bbox 3132 4322 3250 4368; x_wconf 86' lang='lat' dir='ltr'><strong>est:</strong></span> <span class='ocrx_word' id='word_1_630' title='bbox 3285 4312 3397 4385; x_wconf 87' lang='lat' dir='ltr'><strong>Ego</strong></span> <span class='ocrx_word' id='word_1_631' title='bbox 3425 4332 3443 4368; x_wconf 89' lang='lat'><strong><em>:</em></strong></span> <span class='ocrx_word' id='word_1_632' title='bbox 3480 4316 3609 4380; x_wconf 77' lang='lat' dir='ltr'><strong>Quia</strong></span> <span class='ocrx_word' id='word_1_633' title='bbox 3635 4332 3731 4384; x_wconf 77' lang='lat' dir='ltr'><strong>ego.</strong></span> 
     </span>
    </p>
   </div>
   <div class='ocr_carea' id='block_1_79' title="bbox 564 4401 2110 4492">
    <p class='ocr_par' dir='ltr' id='par_1_79' title="bbox 564 4428 2106 4492">
     <span class='ocr_line' id='line_1_79' title="bbox 564 4428 2106 4492; baseline -0.003 -6"><span class='ocrx_word' id='word_1_634' title='bbox 564 4431 813 4486; x_wconf 86' lang='lat' dir='ltr'><strong>cenarius</strong></span> <span class='ocrx_word' id='word_1_635' title='bbox 851 4429 997 4482; x_wconf 92' lang='lat' dir='ltr'><strong>nullo</strong></span> <span class='ocrx_word' id='word_1_636' title='bbox 1039 4429 1153 4483; x_wconf 91' lang='lat' dir='ltr'><strong>zelo</strong></span> <span class='ocrx_word' id='word_1_637' title='bbox 1207 4430 1538 4492; x_wconf 87' lang='lat' dir='ltr'><strong>accenditur,</strong></span> <span class='ocrx_word' id='word_1_638' title='bbox 1572 4429 1719 4482; x_wconf 92' lang='lat' dir='ltr'><strong>nullo</strong></span> <span class='ocrx_word' id='word_1_639' title='bbox 1752 4428 1961 4482; x_wconf 87' lang='lat' dir='ltr'><strong>fervore</strong></span> <span class='ocrx_word' id='word_1_640' title='bbox 2000 4428 2106 4482; x_wconf 88' lang='lat' dir='ltr'><strong>dile</strong></span> 
     </span>
    </p>
   </div>
   <div class='ocr_carea' id='block_1_80' title="bbox 2211 4401 3733 4492">
    <p class='ocr_par' dir='ltr' id='par_1_80' title="bbox 2213 4401 3733 4473">
     <span class='ocr_line' id='line_1_80' title="bbox 2213 4401 3733 4473; baseline 0.005 -24"><span class='ocrx_word' id='word_1_641' title='bbox 2213 4401 2399 4464; x_wconf 89' lang='lat' dir='ltr'><strong>inquit,</strong></span> <span class='ocrx_word' id='word_1_642' title='bbox 2428 4416 2561 4467; x_wconf 86' lang='lat' dir='ltr'><strong>pono</strong></span> <span class='ocrx_word' id='word_1_643' title='bbox 2586 4402 2804 4453; x_wconf 80' lang='lat' dir='ltr'><strong>animam</strong></span> <span class='ocrx_word' id='word_1_644' title='bbox 2831 4419 3013 4473; x_wconf 71' lang='lat' dir='ltr'><strong>meum.</strong></span> <span class='ocrx_word' id='word_1_645' title='bbox 3042 4401 3151 4472; x_wconf 88' lang='lat' dir='ltr'><strong>Ego</strong></span> <span class='ocrx_word' id='word_1_646' title='bbox 3178 4420 3328 4471; x_wconf 84' lang='lat' dir='ltr'><strong>pono.</strong></span> <span class='ocrx_word' id='word_1_647' title='bbox 3361 4404 3499 4469; x_wconf 86' lang='lat' dir='ltr'><strong>Quid</strong></span> <span class='ocrx_word' id='word_1_648' title='bbox 3536 4415 3634 4465; x_wconf 78' lang='lat' dir='ltr'><strong>est,</strong></span> <span class='ocrx_word' id='word_1_649' title='bbox 3658 4422 3733 4473; x_wconf 69' lang='lat' dir='ltr'><strong>ego</strong></span> 
     </span>
    </p>
   </div>
   <div class='ocr_carea' id='block_1_81' title="bbox 564 4490 3735 4589">
    <p class='ocr_par' dir='ltr' id='par_1_81' title="bbox 564 4490 3735 4589">
     <span class='ocr_line' id='line_1_81' title="bbox 564 4490 3735 4589; baseline 0.005 -14"><span class='ocrx_word' id='word_1_650' title='bbox 564 4524 761 4579; x_wconf 88' lang='lat' dir='ltr'><strong>ctionis</strong></span> <span class='ocrx_word' id='word_1_651' title='bbox 784 4522 1071 4584; x_wconf 78' lang='lat' dir='ltr'><strong>excitatur,</strong></span> <span class='ocrx_word' id='word_1_652' title='bbox 1097 4521 1223 4589; x_wconf 87' lang='lat' dir='ltr'><strong>quia</strong></span> <span class='ocrx_word' id='word_1_653' title='bbox 1248 4521 1373 4574; x_wconf 90' lang='lat' dir='ltr'><strong>dum</strong></span> <span class='ocrx_word' id='word_1_654' title='bbox 1404 4523 1517 4575; x_wconf 89' lang='lat' dir='ltr'><strong>sola</strong></span> <span class='ocrx_word' id='word_1_655' title='bbox 1551 4522 1817 4573; x_wconf 86' lang='lat' dir='ltr'><strong>exteriora</strong></span> <span class='ocrx_word' id='word_1_656' title='bbox 1842 4521 2152 4575; x_wconf 46' lang='lat' dir='ltr'><strong>commoda»</strong></span> <span class='ocrx_word' id='word_1_657' title='bbox 2210 4504 2341 4589; x_wconf 53' lang='grc' dir='ltr'><strong>’δί’Ἷο</strong></span> <span class='ocrx_word' id='word_1_658' title='bbox 2358 4490 2547 4589; x_wconf 46' lang='grc' dir='ltr'><strong>ΫηΕεῗλ</strong></span> <span class='ocrx_word' id='word_1_659' title='bbox 2581 4491 2768 4558; x_wconf 63' lang='lat' dir='ltr'><strong>inqui&quot;</strong></span> <span class='ocrx_word' id='word_1_660' title='bbox 2812 4490 2953 4543; x_wconf 61' lang='lat' dir='ltr'><strong>illam</strong></span> <span class='ocrx_word' id='word_1_661' title='bbox 2984 4506 3142 4558; x_wconf 71' lang='lat' dir='ltr'><strong>pono&#39;</strong></span> <span class='ocrx_word' id='word_1_662' title='bbox 3191 4492 3638 4589; x_wconf 31' lang='lat' dir='ltr'><strong>Nonﬁioriemur</strong></span> <span class='ocrx_word' id='word_1_663' title='bbox 3659 4494 3735 4547; x_wconf 41' lang='grc' dir='ltr'><strong>,θ’</strong></span> 
     </span>
    </p>
   </div>
   <div class='ocr_carea' id='block_1_82' title="bbox 564 4576 3735 4684">
    <p class='ocr_par' dir='ltr' id='par_1_82' title="bbox 564 4576 3735 4684">
     <span class='ocr_line' id='line_1_82' title="bbox 564 4576 3735 4684; baseline 0.001 -14"><span class='ocrx_word' id='word_1_664' title='bbox 564 4614 811 4684; x_wconf 85' lang='lat' dir='ltr'><strong>requirit,</strong></span> <span class='ocrx_word' id='word_1_665' title='bbox 851 4576 1129 4667; x_wconf 51' lang='lat' dir='ltr'><strong>interiora.</strong></span> <span class='ocrx_word' id='word_1_666' title='bbox 1153 4612 1331 4683; x_wconf 89' lang='lat' dir='ltr'><strong>gregis</strong></span> <span class='ocrx_word' id='word_1_667' title='bbox 1378 4612 1573 4665; x_wconf 88' lang='lat' dir='ltr'><strong>damna</strong></span> <span class='ocrx_word' id='word_1_668' title='bbox 1608 4612 1938 4680; x_wconf 76' lang='lat' dir='ltr'><strong>negligenter</strong></span> <span class='ocrx_word' id='word_1_669' title='bbox 1985 4614 2126 4682; x_wconf 89' lang='lat' dir='ltr'><strong>pati-</strong></span> <span class='ocrx_word' id='word_1_670' title='bbox 2210 4576 2932 4684; x_wconf 34' lang='grc' dir='ltr'><strong>ξ’ῗῑξηὲπξίῗέ,Ρθιιυθτυέδ</strong></span> <span class='ocrx_word' id='word_1_671' title='bbox 2969 4590 3282 4684; x_wconf 51' lang='grc' dir='ltr'><strong>Ρθίθδωωφ</strong></span> <span class='ocrx_word' id='word_1_672' title='bbox 3313 4584 3509 4684; x_wconf 36' lang='lat' dir='ltr'><strong>bibere</strong></span> <span class='ocrx_word' id='word_1_673' title='bbox 3539 4602 3634 4684; x_wconf 44' lang='lat'><strong>&quot;03&#39;</strong></span> <span class='ocrx_word' id='word_1_674' title='bbox 3660 4598 3735 4651; x_wconf 46' lang='lat' dir='ltr'><strong>p0-</strong></span> 
     </span>
    </p>
   </div>
   <div class='ocr_carea' id='block_1_83' title="bbox 567 4666 3730 4776">
    <p class='ocr_par' dir='ltr' id='par_1_83' title="bbox 567 4666 3730 4776">
     <span class='ocr_line' id='line_1_83' title="bbox 567 4666 3730 4776; baseline -0.014 -10"><span class='ocrx_word' id='word_1_675' title='bbox 708 4666 925 4765; x_wconf 79' lang='lat' dir='ltr'><strong>undeet</strong></span> <span class='ocrx_word' id='word_1_676' title='bbox 957 4725 1078 4762; x_wconf 81' lang='lat' dir='ltr'><strong>mox</strong></span> <span class='ocrx_word' id='word_1_677' title='bbox 1101 4666 1431 4776; x_wconf 55' lang='lat' dir='ltr'><strong>adiunugitur-</strong></span> <span class='ocrx_word' id='word_1_678' title='bbox 1678 4666 1706 4680; x_wconf 58' lang='grc' dir='ltr'><strong>υ</strong></span> <span class='ocrx_word' id='word_1_679' title='bbox 1736 4666 1781 4680; x_wconf 13' lang='lat' dir='ltr'><strong>iu</strong></span> <span class='ocrx_word' id='word_1_680' title='bbox 1892 4666 1897 4667; x_wconf 16' lang='grc' dir='ltr'>ί</span> <span class='ocrx_word' id='word_1_681' title='bbox 1985 4666 2003 4682; x_wconf 68' lang='grc'><strong><em>³</em></strong></span> <span class='ocrx_word' id='word_1_682' title='bbox 2064 4666 2067 4667; x_wconf 37' lang='grc'><strong><em>⁷</em></strong></span> <span class='ocrx_word' id='word_1_683' title='bbox 2212 4670 2436 4717; x_wconf 84' lang='lat' dir='ltr'><strong>luerunt.</strong></span> <span class='ocrx_word' id='word_1_684' title='bbox 2462 4666 2696 4720; x_wconf 57' lang='lat' dir='ltr'><strong>Serviani</strong></span> <span class='ocrx_word' id='word_1_685' title='bbox 2726 4679 2978 4735; x_wconf 88' lang='lat' dir='ltr'><strong>quantum</strong></span> <span class='ocrx_word' id='word_1_686' title='bbox 3026 4681 3242 4737; x_wconf 89' lang='lat' dir='ltr'><strong>possunt</strong></span> <span class='ocrx_word' id='word_1_687' title='bbox 3270 4690 3283 4731; x_wconf 84' lang='lat'><strong>;</strong></span> <span class='ocrx_word' id='word_1_688' title='bbox 3329 4674 3372 4725; x_wconf 84' lang='lat' dir='ltr'><strong>si</strong></span> <span class='ocrx_word' id='word_1_689' title='bbox 3402 4688 3503 4741; x_wconf 90' lang='lat' dir='ltr'><strong>ego</strong></span> <span class='ocrx_word' id='word_1_690' title='bbox 3534 4673 3730 4726; x_wconf 79' lang='lat' dir='ltr'><strong>noluero</strong></span> 
     </span>
     <span class='ocr_line' id='line_1_84' title="bbox 668 4746 3730 4776; baseline 0 -4"><span class='ocrx_word' id='word_1_691' title='bbox 668 4754 681 4776; x_wconf 66' lang='grc'><strong>9</strong></span> <span class='ocrx_word' id='word_1_692' title='bbox 1419 4746 1431 4759; x_wconf 78' lang='grc'><em>’</em></span> <span class='ocrx_word' id='word_1_693' title='bbox 2212 4769 2401 4776; x_wconf 57' lang='grc' dir='ltr'><em>“Α,,,-,</em></span> <span class='ocrx_word' id='word_1_694' title='bbox 2435 4756 2656 4776; x_wconf 32' lang='lat'><strong>-_:_‘_.___‘</strong></span> <span class='ocrx_word' id='word_1_695' title='bbox 2695 4773 2736 4776; x_wconf 78' lang='lat'><strong>__</strong></span> <span class='ocrx_word' id='word_1_696' title='bbox 2759 4774 2800 4776; x_wconf 33' lang='lat'><strong>_4</strong></span> <span class='ocrx_word' id='word_1_697' title='bbox 2855 4775 2859 4776; x_wconf 29' lang='grc' dir='ltr'><em>ν</em></span> <span class='ocrx_word' id='word_1_698' title='bbox 2953 4775 2956 4776; x_wconf 28' lang='grc' dir='ltr'><em>ν</em></span> <span class='ocrx_word' id='word_1_699' title='bbox 3012 4760 3023 4771; x_wconf 75' lang='grc' dir='ltr'><strong><em>ο</em></strong></span> <span class='ocrx_word' id='word_1_700' title='bbox 3045 4760 3059 4776; x_wconf 66' lang='grc' dir='ltr'>ι</span> <span class='ocrx_word' id='word_1_701' title='bbox 3095 4772 3110 4776; x_wconf 44' lang='grc' dir='ltr'><strong>Α</strong></span> <span class='ocrx_word' id='word_1_702' title='bbox 3204 4760 3215 4770; x_wconf 79' lang='grc' dir='ltr'><strong>ο</strong></span> <span class='ocrx_word' id='word_1_703' title='bbox 3310 4760 3322 4776; x_wconf 72' lang='grc' dir='ltr'>ι</span> <span class='ocrx_word' id='word_1_704' title='bbox 3393 4760 3413 4776; x_wconf 70' lang='grc' dir='ltr'><strong><em>ρ</em></strong></span> <span class='ocrx_word' id='word_1_705' title='bbox 3481 4771 3492 4776; x_wconf 69' lang='grc'><em>,</em></span> <span class='ocrx_word' id='word_1_706' title='bbox 3568 4763 3577 4772; x_wconf 71' lang='grc' dir='ltr'><strong>ε</strong></span> <span class='ocrx_word' id='word_1_707' title='bbox 3695 4766 3730 4776; x_wconf 61' lang='grc'><strong>,.</strong></span> 
     </span>
    </p>
   </div>
   <div class='ocr_carea' id='block_1_84' title="bbox 636 4760 3737 4867">
    <p class='ocr_par' dir='ltr' id='par_1_84' title="bbox 636 4760 3737 4867">
     <span class='ocr_line' id='line_1_85' title="bbox 636 4760 3737 4867; baseline -0.002 -12"><span class='ocrx_word' id='word_1_708' title='bbox 636 4802 989 4855; x_wconf 80' lang='lat' dir='ltr'><strong>Mercenarius</strong></span> <span class='ocrx_word' id='word_1_709' title='bbox 1025 4810 1197 4853; x_wconf 85' lang='lat' dir='ltr'><strong>autem</strong></span> <span class='ocrx_word' id='word_1_710' title='bbox 1229 4801 1383 4867; x_wconf 83' lang='lat' dir='ltr'><strong>fugit,</strong></span> <span class='ocrx_word' id='word_1_711' title='bbox 1406 4800 1528 4867; x_wconf 83' lang='lat' dir='ltr'><strong>quia</strong></span> <span class='ocrx_word' id='word_1_712' title='bbox 1569 4798 1919 4852; x_wconf 77' lang='lat' dir='ltr'><strong>mercenarius</strong></span> <span class='ocrx_word' id='word_1_713' title='bbox 1952 4806 2046 4862; x_wconf 87' lang='lat' dir='ltr'><strong>est,</strong></span> <span class='ocrx_word' id='word_1_714' title='bbox 2075 4806 2123 4851; x_wconf 89' lang='lat' dir='ltr'><strong>et</strong></span> <span class='ocrx_word' id='word_1_715' title='bbox 2212 4769 2662 4867; x_wconf 36' lang='lat' dir='ltr'><strong>ﬁef‘fﬁ‘f&#39;fmfém</strong></span> <span class='ocrx_word' id='word_1_716' title='bbox 2694 4773 2892 4867; x_wconf 38' lang='grc' dir='ltr'><strong>’ΜΨ-⁷</strong></span> <span class='ocrx_word' id='word_1_717' title='bbox 2940 4760 3059 4867; x_wconf 59' lang='lat'><strong>9?”</strong></span> <span class='ocrx_word' id='word_1_718' title='bbox 3091 4760 3737 4867; x_wconf 25' lang='lat' dir='ltr'><strong>sévlendn‘f‘ciunns‘fm?</strong></span> 
     </span>
    </p>
   </div>
   <div class='ocr_carea' id='block_1_85' title="bbox 566 4845 3733 4960">
    <p class='ocr_par' dir='ltr' id='par_1_85' title="bbox 566 4845 3733 4960">
     <span class='ocr_line' id='line_1_86' title="bbox 636 4845 3733 4919; baseline 0 -16"><span class='ocrx_word' id='word_1_719' title='bbox 636 4845 988 4905; x_wconf 66' lang='grc' dir='ltr'><strong>””””Ῐ””“’</strong></span> <span class='ocrx_word' id='word_1_720' title='bbox 1026 4845 1196 4853; x_wconf 43' lang='lat' dir='ltr'><strong>&quot;ww</strong></span> <span class='ocrx_word' id='word_1_721' title='bbox 1229 4845 1525 4900; x_wconf 61' lang='grc' dir='ltr'><strong>”’⁷”Ῐ⁷”’”</strong></span> <span class='ocrx_word' id='word_1_722' title='bbox 1954 4845 2046 4862; x_wconf 47' lang='grc' dir='ltr'>ω’</span> <span class='ocrx_word' id='word_1_723' title='bbox 2077 4845 2120 4851; x_wconf 59' lang='grc'><strong>’⁷</strong></span> <span class='ocrx_word' id='word_1_724' title='bbox 2213 4845 2322 4900; x_wconf 79' lang='lat' dir='ltr'><strong>Una</strong></span> <span class='ocrx_word' id='word_1_725' title='bbox 2353 4852 2693 4915; x_wconf 86' lang='lat' dir='ltr'><strong>responsione</strong></span> <span class='ocrx_word' id='word_1_726' title='bbox 2744 4851 2987 4916; x_wconf 81' lang='lat' dir='ltr'><strong>prostrati</strong></span> <span class='ocrx_word' id='word_1_727' title='bbox 3032 4862 3174 4914; x_wconf 85' lang='lat' dir='ltr'><strong>sunt,</strong></span> <span class='ocrx_word' id='word_1_728' title='bbox 3220 4852 3429 4919; x_wconf 87' lang='lat' dir='ltr'><strong>quando</strong></span> <span class='ocrx_word' id='word_1_729' title='bbox 3456 4854 3538 4905; x_wconf 87' lang='lat' dir='ltr'><strong>eis</strong></span> <span class='ocrx_word' id='word_1_730' title='bbox 3568 4852 3733 4904; x_wconf 79' lang='lat' dir='ltr'><strong>dictum</strong></span> 
     </span>
     <span class='ocr_line' id='line_1_87' title="bbox 566 4890 3733 4960; baseline -0 -15"><span class='ocrx_word' id='word_1_731' title='bbox 566 4910 669 4945; x_wconf 70' lang='lat' dir='ltr'><strong>non</strong></span> <span class='ocrx_word' id='word_1_732' title='bbox 702 4904 920 4960; x_wconf 87' lang='lat' dir='ltr'><strong>pertmet</strong></span> <span class='ocrx_word' id='word_1_733' title='bbox 961 4894 1027 4946; x_wconf 86' lang='lat' dir='ltr'><strong>ad</strong></span> <span class='ocrx_word' id='word_1_734' title='bbox 1051 4909 1165 4945; x_wconf 88' lang='lat' dir='ltr'><strong>eum</strong></span> <span class='ocrx_word' id='word_1_735' title='bbox 1203 4893 1264 4944; x_wconf 84' lang='lat' dir='ltr'><strong>de</strong></span> <span class='ocrx_word' id='word_1_736' title='bbox 1296 4890 1494 4944; x_wconf 71' lang='lat' dir='ltr'><strong>ovibus.</strong></span> <span class='ocrx_word' id='word_1_737' title='bbox 1529 4890 1652 4946; x_wconf 82' lang='lat' dir='ltr'><strong>Sola</strong></span> <span class='ocrx_word' id='word_1_738' title='bbox 1687 4904 1813 4960; x_wconf 89' lang='lat' dir='ltr'><strong>ergo</strong></span> <span class='ocrx_word' id='word_1_739' title='bbox 1844 4905 2007 4944; x_wconf 79' lang='lat' dir='ltr'><strong>causa</strong></span> <span class='ocrx_word' id='word_1_740' title='bbox 2038 4897 2121 4944; x_wconf 80' lang='lat' dir='ltr'><strong>est</strong></span> <span class='ocrx_word' id='word_1_741' title='bbox 2215 4946 2286 4960; x_wconf 50' lang='grc' dir='ltr'><strong>η,</strong></span> <span class='ocrx_word' id='word_1_742' title='bbox 2322 4957 2331 4960; x_wconf 93' lang='lat'>_</span> <span class='ocrx_word' id='word_1_743' title='bbox 2372 4940 2472 4960; x_wconf 29' lang='lat' dir='ltr'><strong>AM</strong></span> <span class='ocrx_word' id='word_1_744' title='bbox 2514 4958 2522 4960; x_wconf 22' lang='grc' dir='ltr'><em>Α</em></span> <span class='ocrx_word' id='word_1_745' title='bbox 2604 4959 2607 4960; x_wconf 16' lang='grc' dir='ltr'><em>ν</em></span> <span class='ocrx_word' id='word_1_746' title='bbox 2802 4945 2823 4960; x_wconf 49' lang='grc' dir='ltr'>η</span> <span class='ocrx_word' id='word_1_747' title='bbox 2869 4944 2901 4960; x_wconf 74' lang='grc'><strong>,,</strong></span> <span class='ocrx_word' id='word_1_748' title='bbox 2983 4958 2988 4960; x_wconf 17' lang='grc' dir='ltr'><em>Α</em></span> <span class='ocrx_word' id='word_1_749' title='bbox 3069 4952 3080 4960; x_wconf 41' lang='grc' dir='ltr'>ι</span> <span class='ocrx_word' id='word_1_750' title='bbox 3117 4941 3137 4960; x_wconf 78' lang='grc'>,</span> <span class='ocrx_word' id='word_1_751' title='bbox 3370 4953 3380 4960; x_wconf 87' lang='lat'>_</span> <span class='ocrx_word' id='word_1_752' title='bbox 3446 4944 3479 4960; x_wconf 34' lang='grc' dir='ltr'><strong>,Α</strong></span> <span class='ocrx_word' id='word_1_753' title='bbox 3544 4946 3553 4954; x_wconf 75' lang='grc'><em>,</em></span> <span class='ocrx_word' id='word_1_754' title='bbox 3610 4958 3617 4960; x_wconf 16' lang='grc' dir='ltr'><strong>Α</strong></span> <span class='ocrx_word' id='word_1_755' title='bbox 3653 4939 3733 4960; x_wconf 35' lang='grc' dir='ltr'><strong>η,</strong></span> 
     </span>
    </p>
   </div>
   <div class='ocr_carea' id='block_1_86' title="bbox 565 4939 3737 5051">
    <p class='ocr_par' dir='ltr' id='par_1_86' title="bbox 565 4939 3737 5051">
     <span class='ocr_line' id='line_1_88' title="bbox 567 4939 3737 5011; baseline 0 -17"><span class='ocrx_word' id='word_1_756' title='bbox 702 4939 1023 4995; x_wconf 62' lang='grc' dir='ltr'><strong>Γ”“””.““</strong></span> <span class='ocrx_word' id='word_1_757' title='bbox 1205 4939 1258 4944; x_wconf 68' lang='grc'><em>”’</em></span> <span class='ocrx_word' id='word_1_758' title='bbox 1530 4939 1652 4946; x_wconf 69' lang='grc'><strong>’””““</strong></span> <span class='ocrx_word' id='word_1_759' title='bbox 1693 4939 1807 4993; x_wconf 67' lang='grc'><strong>⁷1⁸⁷</strong></span> <span class='ocrx_word' id='word_1_760' title='bbox 1851 4939 2007 5011; x_wconf 60' lang='grc' dir='ltr'><strong>’⁷“ῖ”“</strong></span> <span class='ocrx_word' id='word_1_761' title='bbox 2049 4939 2122 4992; x_wconf 74' lang='lat'><strong>&quot;2</strong></span> <span class='ocrx_word' id='word_1_762' title='bbox 2211 4946 2332 4994; x_wconf 90' lang='lat' dir='ltr'><strong>est:</strong></span> <span class='ocrx_word' id='word_1_763' title='bbox 2369 4940 2525 5005; x_wconf 83' lang='lat' dir='ltr'><strong>Quem</strong></span> <span class='ocrx_word' id='word_1_764' title='bbox 2563 4943 2823 5010; x_wconf 74' lang='lat' dir='ltr'><strong>qutzritis?</strong></span> <span class='ocrx_word' id='word_1_765' title='bbox 2848 4941 3295 5005; x_wconf 71' lang='lat' dir='ltr'><strong>dixeruntlesum,</strong></span> <span class='ocrx_word' id='word_1_766' title='bbox 3331 4953 3381 4996; x_wconf 83' lang='lat' dir='ltr'><strong>et</strong></span> <span class='ocrx_word' id='word_1_767' title='bbox 3406 4944 3479 4994; x_wconf 83' lang='lat' dir='ltr'><strong>ait</strong></span> <span class='ocrx_word' id='word_1_768' title='bbox 3508 4939 3737 5009; x_wconf 71' lang='lat' dir='ltr'><strong>eis:Ego</strong></span> 
     </span>
     <span class='ocr_line' id='line_1_89' title="bbox 565 4983 3733 5051; baseline 0 -15"><span class='ocrx_word' id='word_1_769' title='bbox 565 4994 627 5037; x_wconf 90' lang='lat' dir='ltr'><strong>ut</strong></span> <span class='ocrx_word' id='word_1_770' title='bbox 652 4998 1014 5038; x_wconf 83' lang='lat' dir='ltr'><strong>mercenarius</strong></span> <span class='ocrx_word' id='word_1_771' title='bbox 1058 4983 1245 5051; x_wconf 79' lang='lat' dir='ltr'><strong>fugiat,</strong></span> <span class='ocrx_word' id='word_1_772' title='bbox 1276 4998 1400 5051; x_wconf 73' lang='lat' dir='ltr'><strong>quna</strong></span> <span class='ocrx_word' id='word_1_773' title='bbox 1440 4997 1803 5036; x_wconf 83' lang='lat' dir='ltr'><strong>mercenarius</strong></span> <span class='ocrx_word' id='word_1_774' title='bbox 1833 4990 1950 5049; x_wconf 86' lang='lat' dir='ltr'><strong>est,</strong></span> <span class='ocrx_word' id='word_1_775' title='bbox 1983 4996 2046 5036; x_wconf 83' lang='lat' dir='ltr'><strong>ac</strong></span> <span class='ocrx_word' id='word_1_776' title='bbox 2078 4996 2124 5036; x_wconf 88' lang='lat' dir='ltr'><strong>St</strong></span> <span class='ocrx_word' id='word_1_777' title='bbox 2636 5043 2648 5051; x_wconf 33' lang='grc' dir='ltr'><strong><em>Α</em></strong></span> <span class='ocrx_word' id='word_1_778' title='bbox 2886 5045 2913 5051; x_wconf 15' lang='grc' dir='ltr'><strong>ί,</strong></span> <span class='ocrx_word' id='word_1_779' title='bbox 3030 5035 3074 5051; x_wconf 75' lang='grc'><strong>,,</strong></span> <span class='ocrx_word' id='word_1_780' title='bbox 3208 5046 3217 5051; x_wconf 88' lang='lat'>_</span> <span class='ocrx_word' id='word_1_781' title='bbox 3250 5035 3299 5051; x_wconf 63' lang='grc' dir='ltr'>η</span> <span class='ocrx_word' id='word_1_782' title='bbox 3556 5050 3562 5051; x_wconf 16' lang='grc' dir='ltr'><em>γ</em></span> <span class='ocrx_word' id='word_1_783' title='bbox 3593 5034 3603 5051; x_wconf 34' lang='grc' dir='ltr'>ἱ</span> <span class='ocrx_word' id='word_1_784' title='bbox 3660 5034 3733 5051; x_wconf 23' lang='grc' dir='ltr'><strong>ηυξ</strong></span> 
     </span>
    </p>
   </div>
   <div class='ocr_carea' id='block_1_87' title="bbox 2210 1977 3733 2048">
    <p class='ocr_par' dir='ltr' id='par_1_87' title="bbox 2210 1977 3733 2048">
     <span class='ocr_line' id='line_1_90' title="bbox 2210 1977 3733 2048; baseline 0.005 -20"><span class='ocrx_word' id='word_1_785' title='bbox 2210 1977 2317 2029; x_wconf 89' lang='lat' dir='ltr'><strong>Iloc</strong></span> <span class='ocrx_word' id='word_1_786' title='bbox 2358 1978 2593 2044; x_wconf 84' lang='lat' dir='ltr'><strong>quotidie</strong></span> <span class='ocrx_word' id='word_1_787' title='bbox 2637 1979 2771 2041; x_wconf 82' lang='lat' dir='ltr'><strong>fieri,</strong></span> <span class='ocrx_word' id='word_1_788' title='bbox 2824 1979 3033 2043; x_wconf 84' lang='lat' dir='ltr'><strong>fratres,</strong></span> <span class='ocrx_word' id='word_1_789' title='bbox 3087 1980 3346 2048; x_wconf 84' lang='lat' dir='ltr'><strong>aspicitis,</strong></span> <span class='ocrx_word' id='word_1_790' title='bbox 3396 1981 3495 2035; x_wconf 87' lang='lat' dir='ltr'><strong>hoc</strong></span> <span class='ocrx_word' id='word_1_791' title='bbox 3527 1984 3733 2036; x_wconf 83' lang='lat' dir='ltr'><strong>reconci-</strong></span> 
     </span>
    </p>
   </div>
   <div class='ocr_carea' id='block_1_88' title="bbox 2210 2065 3735 2139">
    <p class='ocr_par' dir='ltr' id='par_1_88' title="bbox 2210 2065 3735 2139">
     <span class='ocr_line' id='line_1_91' title="bbox 2210 2065 3735 2139; baseline 0.005 -22"><span class='ocrx_word' id='word_1_792' title='bbox 2210 2065 2351 2118; x_wconf 85' lang='lat' dir='ltr'><strong>liatis</strong></span> <span class='ocrx_word' id='word_1_793' title='bbox 2414 2068 2656 2134; x_wconf 87' lang='lat' dir='ltr'><strong>gentibus</strong></span> <span class='ocrx_word' id='word_1_794' title='bbox 2728 2068 2919 2122; x_wconf 88' lang='lat' dir='ltr'><strong>factum</strong></span> <span class='ocrx_word' id='word_1_795' title='bbox 2982 2069 3139 2123; x_wconf 90' lang='lat' dir='ltr'><strong>hodie</strong></span> <span class='ocrx_word' id='word_1_796' title='bbox 3200 2071 3413 2125; x_wconf 83' lang='lat' dir='ltr'><strong>videtis.</strong></span> <span class='ocrx_word' id='word_1_797' title='bbox 3478 2073 3634 2139; x_wconf 84' lang='lat' dir='ltr'><strong>Quasi</strong></span> <span class='ocrx_word' id='word_1_798' title='bbox 3686 2088 3735 2127; x_wconf 80' lang='lat' dir='ltr'><strong>er</strong></span> 
     </span>
    </p>
   </div>
   <div class='ocr_carea' id='block_1_89' title="bbox 2208 2155 3734 2226">
    <p class='ocr_par' dir='ltr' id='par_1_89' title="bbox 2208 2155 3734 2226">
     <span class='ocr_line' id='line_1_92' title="bbox 2208 2155 3734 2226; baseline 0.004 -18"><span class='ocrx_word' id='word_1_799' title='bbox 2208 2155 2417 2209; x_wconf 89' lang='lat' dir='ltr'><strong>duobus</strong></span> <span class='ocrx_word' id='word_1_800' title='bbox 2456 2157 2699 2225; x_wconf 87' lang='lat' dir='ltr'><strong>gregibus</strong></span> <span class='ocrx_word' id='word_1_801' title='bbox 2743 2173 2903 2211; x_wconf 91' lang='lat' dir='ltr'><strong>unum</strong></span> <span class='ocrx_word' id='word_1_802' title='bbox 2950 2159 3088 2213; x_wconf 89' lang='lat' dir='ltr'><strong>ovile</strong></span> <span class='ocrx_word' id='word_1_803' title='bbox 3116 2158 3295 2224; x_wconf 77' lang='lat' dir='ltr'><strong>efﬁcit,</strong></span> <span class='ocrx_word' id='word_1_804' title='bbox 3329 2162 3445 2226; x_wconf 89' lang='lat' dir='ltr'><strong>quia</strong></span> <span class='ocrx_word' id='word_1_805' title='bbox 3484 2160 3734 2215; x_wconf 81' lang='lat' dir='ltr'><strong>Judaicum</strong></span> 
     </span>
    </p>
   </div>
   <div class='ocr_carea' id='block_1_90' title="bbox 2206 2244 3736 2318">
    <p class='ocr_par' dir='ltr' id='par_1_90' title="bbox 2206 2244 3736 2318">
     <span class='ocr_line' id='line_1_93' title="bbox 2206 2244 3736 2318; baseline 0.005 -21"><span class='ocrx_word' id='word_1_806' title='bbox 2206 2254 2259 2297; x_wconf 92' lang='lat' dir='ltr'><strong>et</strong></span> <span class='ocrx_word' id='word_1_807' title='bbox 2303 2244 2559 2313; x_wconf 78' lang='lat' dir='ltr'><strong>gentilem</strong></span> <span class='ocrx_word' id='word_1_808' title='bbox 2610 2250 2858 2313; x_wconf 88' lang='lat' dir='ltr'><strong>populum</strong></span> <span class='ocrx_word' id='word_1_809' title='bbox 2905 2248 2956 2300; x_wconf 92' lang='lat' dir='ltr'><strong>in</strong></span> <span class='ocrx_word' id='word_1_810' title='bbox 2998 2261 3089 2300; x_wconf 88' lang='lat' dir='ltr'><strong>sua</strong></span> <span class='ocrx_word' id='word_1_811' title='bbox 3134 2246 3237 2303; x_wconf 87' lang='lat' dir='ltr'><strong>fide</strong></span> <span class='ocrx_word' id='word_1_812' title='bbox 3275 2248 3563 2318; x_wconf 75' lang='lat' dir='ltr'><strong>coniungit;</strong></span> <span class='ocrx_word' id='word_1_813' title='bbox 3601 2253 3736 2305; x_wconf 80' lang='lat' dir='ltr'><strong>Paulo</strong></span> 
     </span>
    </p>
   </div>
   <div class='ocr_carea' id='block_1_91' title="bbox 2207 2332 3735 2407">
    <p class='ocr_par' dir='ltr' id='par_1_91' title="bbox 2207 2332 3735 2407">
     <span class='ocr_line' id='line_1_94' title="bbox 2207 2332 3735 2407; baseline 0.005 -23"><span class='ocrx_word' id='word_1_814' title='bbox 2207 2335 2516 2398; x_wconf 88' lang='lat' dir='ltr'><strong>attestante&#39;,</strong></span> <span class='ocrx_word' id='word_1_815' title='bbox 2571 2334 2660 2402; x_wconf 85' lang='lat' dir='ltr'><strong>qui</strong></span> <span class='ocrx_word' id='word_1_816' title='bbox 2707 2335 2820 2386; x_wconf 88' lang='lat' dir='ltr'><strong>ait:</strong></span> <span class='ocrx_word' id='word_1_817' title='bbox 2856 2332 2974 2402; x_wconf 81' lang='lat' dir='ltr'><strong>Ipse</strong></span> <span class='ocrx_word' id='word_1_818' title='bbox 3013 2345 3088 2389; x_wconf 71' lang='lat' dir='ltr'><strong>ext</strong></span> <span class='ocrx_word' id='word_1_819' title='bbox 3132 2354 3235 2398; x_wconf 75' lang='lat' dir='ltr'><strong>pax</strong></span> <span class='ocrx_word' id='word_1_820' title='bbox 3275 2350 3466 2403; x_wconf 78' lang='lat' dir='ltr'><strong>nostra,</strong></span> <span class='ocrx_word' id='word_1_821' title='bbox 3517 2342 3601 2407; x_wconf 73' lang='lat' dir='ltr'><strong>qui</strong></span> <span class='ocrx_word' id='word_1_822' title='bbox 3641 2342 3735 2407; x_wconf 70' lang='lat' dir='ltr'><strong>fecit</strong></span> 
     </span>
    </p>
   </div>
   <div class='ocr_carea' id='block_1_92' title="bbox 2207 2423 3733 2495">
    <p class='ocr_par' dir='ltr' id='par_1_92' title="bbox 2207 2423 3733 2495">
     <span class='ocr_line' id='line_1_95' title="bbox 2207 2423 3733 2495; baseline 0.007 -22"><span class='ocrx_word' id='word_1_823' title='bbox 2207 2432 2417 2489; x_wconf 84' lang='lat' dir='ltr'><strong>utraque</strong></span> <span class='ocrx_word' id='word_1_824' title='bbox 2461 2440 2618 2477; x_wconf 82' lang='lat' dir='ltr'><strong>unum</strong></span> <span class='ocrx_word' id='word_1_825' title='bbox 2647 2423 2875 2491; x_wconf 82' lang='lat' dir='ltr'><strong>&#39;(Ephes.</strong></span> <span class='ocrx_word' id='word_1_826' title='bbox 2920 2427 3003 2495; x_wconf 88' lang='grc' dir='ltr'><strong>ιι).</strong></span> <span class='ocrx_word' id='word_1_827' title='bbox 3044 2427 3177 2480; x_wconf 90' lang='lat' dir='ltr'><strong>Dum</strong></span> <span class='ocrx_word' id='word_1_828' title='bbox 3218 2430 3358 2483; x_wconf 91' lang='lat' dir='ltr'><strong>enim</strong></span> <span class='ocrx_word' id='word_1_829' title='bbox 3402 2432 3463 2482; x_wconf 87' lang='lat' dir='ltr'><strong>ad</strong></span> <span class='ocrx_word' id='word_1_830' title='bbox 3505 2442 3733 2485; x_wconf 75' lang='lat' dir='ltr'><strong>aeternam</strong></span> 
     </span>
    </p>
   </div>
   <div class='ocr_carea' id='block_1_93' title="bbox 2207 2512 3735 2587">
    <p class='ocr_par' dir='ltr' id='par_1_93' title="bbox 2207 2512 3735 2587">
     <span class='ocr_line' id='line_1_96' title="bbox 2207 2512 3735 2587; baseline 0.009 -27"><span class='ocrx_word' id='word_1_831' title='bbox 2207 2514 2370 2563; x_wconf 64' lang='lat' dir='ltr'><strong>uitam</strong></span> <span class='ocrx_word' id='word_1_832' title='bbox 2398 2526 2463 2565; x_wconf 82' lang='lat' dir='ltr'><strong>ex</strong></span> <span class='ocrx_word' id='word_1_833' title='bbox 2497 2512 2720 2580; x_wconf 88' lang='lat' dir='ltr'><strong>utraque</strong></span> <span class='ocrx_word' id='word_1_834' title='bbox 2765 2516 2978 2569; x_wconf 88' lang='lat' dir='ltr'><strong>natione</strong></span> <span class='ocrx_word' id='word_1_835' title='bbox 3020 2518 3289 2583; x_wconf 85' lang='lat' dir='ltr'><strong>simplices</strong></span> <span class='ocrx_word' id='word_1_836' title='bbox 3323 2518 3490 2587; x_wconf 87' lang='lat' dir='ltr'><strong>eligit,</strong></span> <span class='ocrx_word' id='word_1_837' title='bbox 3532 2520 3596 2573; x_wconf 88' lang='lat' dir='ltr'><strong>ad</strong></span> <span class='ocrx_word' id='word_1_838' title='bbox 3621 2525 3735 2573; x_wconf 84' lang='lat' dir='ltr'><strong>ovile</strong></span> 
     </span>
    </p>
   </div>
   <div class='ocr_carea' id='block_1_94' title="bbox 2208 2601 3737 2673">
    <p class='ocr_par' dir='ltr' id='par_1_94' title="bbox 2208 2601 3737 2673">
     <span class='ocr_line' id='line_1_97' title="bbox 2208 2601 3737 2673; baseline 0.008 -24"><span class='ocrx_word' id='word_1_839' title='bbox 2208 2601 2476 2665; x_wconf 90' lang='lat' dir='ltr'><strong>proprium</strong></span> <span class='ocrx_word' id='word_1_840' title='bbox 2519 2613 2644 2656; x_wconf 87' lang='lat' dir='ltr'><strong>oves</strong></span> <span class='ocrx_word' id='word_1_841' title='bbox 2672 2601 2906 2669; x_wconf 88' lang='lat' dir='ltr'><strong>deducit,</strong></span> <span class='ocrx_word' id='word_1_842' title='bbox 2952 2604 3019 2659; x_wconf 91' lang='lat' dir='ltr'><strong>de</strong></span> <span class='ocrx_word' id='word_1_843' title='bbox 3063 2603 3253 2673; x_wconf 90' lang='lat' dir='ltr'><strong>quibus</strong></span> <span class='ocrx_word' id='word_1_844' title='bbox 3302 2608 3537 2673; x_wconf 87' lang='lat' dir='ltr'><strong>profecto</strong></span> <span class='ocrx_word' id='word_1_845' title='bbox 3576 2611 3737 2661; x_wconf 80' lang='lat' dir='ltr'><strong>ovibus</strong></span> 
     </span>
    </p>
   </div>
   <div class='ocr_carea' id='block_1_95' title="bbox 568 5072 2124 5142">
    <p class='ocr_par' dir='ltr' id='par_1_95' title="bbox 568 5072 2124 5142">
     <span class='ocr_line' id='line_1_98' title="bbox 568 5072 2124 5142; baseline 0 -16"><span class='ocrx_word' id='word_1_846' title='bbox 568 5085 750 5141; x_wconf 83' lang='lat' dir='ltr'><strong>aperte</strong></span> <span class='ocrx_word' id='word_1_847' title='bbox 780 5073 1049 5127; x_wconf 86' lang='lat' dir='ltr'><strong>diceretur</strong></span> <span class='ocrx_word' id='word_1_848' title='bbox 1078 5089 1093 5127; x_wconf 94' lang='lat'><strong>:</strong></span> <span class='ocrx_word' id='word_1_849' title='bbox 1130 5072 1282 5127; x_wconf 91' lang='lat' dir='ltr'><strong>Stare</strong></span> <span class='ocrx_word' id='word_1_850' title='bbox 1310 5075 1362 5125; x_wconf 90' lang='lat' dir='ltr'><strong>in</strong></span> <span class='ocrx_word' id='word_1_851' title='bbox 1392 5074 1630 5142; x_wconf 89' lang='lat' dir='ltr'><strong>periculo</strong></span> <span class='ocrx_word' id='word_1_852' title='bbox 1660 5074 1842 5126; x_wconf 89' lang='lat' dir='ltr'><strong>ovium</strong></span> <span class='ocrx_word' id='word_1_853' title='bbox 1874 5089 1982 5128; x_wconf 88' lang='lat' dir='ltr'><strong>non</strong></span> <span class='ocrx_word' id='word_1_854' title='bbox 2027 5086 2124 5141; x_wconf 88' lang='lat' dir='ltr'><strong>po-</strong></span> 
     </span>
    </p>
   </div>
   <div class='ocr_carea' id='block_1_96' title="bbox 570 5164 2121 5233">
    <p class='ocr_par' dir='ltr' id='par_1_96' title="bbox 570 5164 2121 5233">
     <span class='ocr_line' id='line_1_99' title="bbox 570 5164 2121 5233; baseline -0.003 -14"><span class='ocrx_word' id='word_1_855' title='bbox 570 5172 692 5231; x_wconf 89' lang='lat' dir='ltr'><strong>test,</strong></span> <span class='ocrx_word' id='word_1_856' title='bbox 720 5164 811 5233; x_wconf 89' lang='lat' dir='ltr'><strong>qui</strong></span> <span class='ocrx_word' id='word_1_857' title='bbox 834 5164 887 5218; x_wconf 91' lang='lat' dir='ltr'><strong>iu</strong></span> <span class='ocrx_word' id='word_1_858' title='bbox 916 5179 980 5218; x_wconf 89' lang='lat' dir='ltr'><strong>eo</strong></span> <span class='ocrx_word' id='word_1_859' title='bbox 1007 5166 1145 5233; x_wconf 91' lang='lat' dir='ltr'><strong>quod</strong></span> <span class='ocrx_word' id='word_1_860' title='bbox 1180 5165 1371 5219; x_wconf 88' lang='lat' dir='ltr'><strong>ovibus</strong></span> <span class='ocrx_word' id='word_1_861' title='bbox 1405 5173 1616 5232; x_wconf 63' lang='lat' dir='ltr'><strong>praeest,</strong></span> <span class='ocrx_word' id='word_1_862' title='bbox 1646 5179 1749 5217; x_wconf 91' lang='lat' dir='ltr'><strong>non</strong></span> <span class='ocrx_word' id='word_1_863' title='bbox 1782 5178 1908 5217; x_wconf 89' lang='lat' dir='ltr'><strong>oves</strong></span> <span class='ocrx_word' id='word_1_864' title='bbox 1931 5164 2121 5233; x_wconf 82' lang='lat' dir='ltr'><strong>diligit,</strong></span> 
     </span>
    </p>
   </div>
   <div class='ocr_carea' id='block_1_97' title="bbox 568 5255 2121 5325">
    <p class='ocr_par' dir='ltr' id='par_1_97' title="bbox 568 5255 2121 5325">
     <span class='ocr_line' id='line_1_100' title="bbox 568 5255 2121 5325; baseline 0 -16"><span class='ocrx_word' id='word_1_865' title='bbox 568 5256 661 5309; x_wconf 83' lang='lat' dir='ltr'><strong>sed</strong></span> <span class='ocrx_word' id='word_1_866' title='bbox 695 5256 903 5308; x_wconf 87' lang='lat' dir='ltr'><strong>lucrum</strong></span> <span class='ocrx_word' id='word_1_867' title='bbox 934 5264 1207 5309; x_wconf 89' lang='lat' dir='ltr'><strong>terrenum</strong></span> <span class='ocrx_word' id='word_1_868' title='bbox 1250 5256 1461 5325; x_wconf 65' lang='lat' dir='ltr'><strong>quaerit.</strong></span> <span class='ocrx_word' id='word_1_869' title='bbox 1506 5255 1641 5309; x_wconf 92' lang='lat' dir='ltr'><strong>Dum</strong></span> <span class='ocrx_word' id='word_1_870' title='bbox 1688 5256 1828 5310; x_wconf 90' lang='lat' dir='ltr'><strong>enim</strong></span> <span class='ocrx_word' id='word_1_871' title='bbox 1867 5257 2121 5310; x_wconf 88' lang='lat' dir='ltr'><strong>honorem</strong></span> 
     </span>
    </p>
   </div>
   <div class='ocr_carea' id='block_1_98' title="bbox 569 5346 2119 5415">
    <p class='ocr_par' dir='ltr' id='par_1_98' title="bbox 569 5346 2119 5415">
     <span class='ocr_line' id='line_1_101' title="bbox 569 5346 2119 5415; baseline 0.001 -18"><span class='ocrx_word' id='word_1_872' title='bbox 569 5346 933 5414; x_wconf 72' lang='lat' dir='ltr'><strong>amplectitur,</strong></span> <span class='ocrx_word' id='word_1_873' title='bbox 967 5346 1093 5400; x_wconf 90' lang='lat' dir='ltr'><strong>dum</strong></span> <span class='ocrx_word' id='word_1_874' title='bbox 1127 5348 1508 5415; x_wconf 87' lang='lat' dir='ltr'><strong>temporalibus</strong></span> <span class='ocrx_word' id='word_1_875' title='bbox 1554 5348 1851 5401; x_wconf 87' lang='lat' dir='ltr'><strong>commodis</strong></span> <span class='ocrx_word' id='word_1_876' title='bbox 1891 5348 2119 5409; x_wconf 80' lang='lat' dir='ltr'><strong>laetatur,</strong></span> 
     </span>
    </p>
   </div>
   <div class='ocr_carea' id='block_1_99' title="bbox 571 5438 2118 5508">
    <p class='ocr_par' dir='ltr' id='par_1_99' title="bbox 571 5438 2118 5508">
     <span class='ocr_line' id='line_1_102' title="bbox 571 5438 2118 5508; baseline -0.002 -14"><span class='ocrx_word' id='word_1_877' title='bbox 571 5455 843 5508; x_wconf 82' lang='lat' dir='ltr'><strong>Opponere</strong></span> <span class='ocrx_word' id='word_1_878' title='bbox 882 5454 941 5493; x_wconf 87' lang='lat' dir='ltr'><strong>se</strong></span> <span class='ocrx_word' id='word_1_879' title='bbox 987 5450 1177 5495; x_wconf 82' lang='lat' dir='ltr'><strong>contra</strong></span> <span class='ocrx_word' id='word_1_880' title='bbox 1232 5441 1527 5508; x_wconf 89' lang='lat' dir='ltr'><strong>periculum</strong></span> <span class='ocrx_word' id='word_1_881' title='bbox 1574 5441 1826 5507; x_wconf 85' lang='lat' dir='ltr'><strong>trepidat,</strong></span> <span class='ocrx_word' id='word_1_882' title='bbox 1863 5455 1927 5493; x_wconf 92' lang='lat' dir='ltr'><strong>ne</strong></span> <span class='ocrx_word' id='word_1_883' title='bbox 1975 5438 2118 5507; x_wconf 89' lang='lat' dir='ltr'><strong>quod</strong></span> 
     </span>
    </p>
   </div>
   <div class='ocr_carea' id='block_1_100' title="bbox 571 5528 2117 5599">
    <p class='ocr_par' dir='ltr' id='par_1_100' title="bbox 571 5528 2117 5599">
     <span class='ocr_line' id='line_1_103' title="bbox 571 5528 2117 5599; baseline 0.001 -18"><span class='ocrx_word' id='word_1_884' title='bbox 571 5530 743 5599; x_wconf 86' lang='lat' dir='ltr'><strong>diligit</strong></span> <span class='ocrx_word' id='word_1_885' title='bbox 771 5531 999 5584; x_wconf 88' lang='lat' dir='ltr'><strong>amittat.</strong></span> <span class='ocrx_word' id='word_1_886' title='bbox 1045 5530 1151 5585; x_wconf 83' lang='lat' dir='ltr'><strong>Sed</strong></span> <span class='ocrx_word' id='word_1_887' title='bbox 1184 5533 1307 5597; x_wconf 87' lang='lat' dir='ltr'><strong>quia</strong></span> <span class='ocrx_word' id='word_1_888' title='bbox 1355 5532 1678 5598; x_wconf 79' lang='lat' dir='ltr'><strong>Redemptor</strong></span> <span class='ocrx_word' id='word_1_889' title='bbox 1722 5538 1902 5583; x_wconf 85' lang='lat' dir='ltr'><strong>noster</strong></span> <span class='ocrx_word' id='word_1_890' title='bbox 1933 5528 2117 5597; x_wconf 87' lang='lat' dir='ltr'><strong>culpas</strong></span> 
     </span>
    </p>
   </div>
   <div class='ocr_carea' id='block_1_101' title="bbox 576 5620 2118 5687">
    <p class='ocr_par' dir='ltr' id='par_1_101' title="bbox 576 5620 2118 5687">
     <span class='ocr_line' id='line_1_104' title="bbox 576 5620 2118 5687; baseline 0.001 -17"><span class='ocrx_word' id='word_1_891' title='bbox 576 5622 680 5671; x_wconf 86' lang='lat' dir='ltr'><strong>iicti</strong></span> <span class='ocrx_word' id='word_1_892' title='bbox 710 5622 941 5687; x_wconf 78' lang='lat' dir='ltr'><strong>pastoris</strong></span> <span class='ocrx_word' id='word_1_893' title='bbox 981 5622 1231 5686; x_wconf 90' lang='lat' dir='ltr'><strong>innotuit,</strong></span> <span class='ocrx_word' id='word_1_894' title='bbox 1285 5623 1474 5675; x_wconf 84' lang='lat' dir='ltr'><strong>iterum</strong></span> <span class='ocrx_word' id='word_1_895' title='bbox 1522 5621 1768 5686; x_wconf 84' lang='lat' dir='ltr'><strong>formam,</strong></span> <span class='ocrx_word' id='word_1_896' title='bbox 1805 5620 1889 5675; x_wconf 90' lang='lat' dir='ltr'><strong>cui</strong></span> <span class='ocrx_word' id='word_1_897' title='bbox 1921 5620 2118 5674; x_wconf 77' lang='lat' dir='ltr'><strong>debea-</strong></span> 
     </span>
    </p>
   </div>
   <div class='ocr_carea' id='block_1_102' title="bbox 579 5712 1496 5781">
    <p class='ocr_par' dir='ltr' id='par_1_102' title="bbox 579 5712 1496 5781">
     <span class='ocr_line' id='line_1_105' title="bbox 579 5712 1496 5781; baseline 0.008 -20"><span class='ocrx_word' id='word_1_898' title='bbox 579 5725 697 5765; x_wconf 87' lang='lat' dir='ltr'><strong>mus</strong></span> <span class='ocrx_word' id='word_1_899' title='bbox 726 5712 954 5781; x_wconf 86' lang='lat' dir='ltr'><strong>imprimi</strong></span> <span class='ocrx_word' id='word_1_900' title='bbox 985 5713 1234 5776; x_wconf 84' lang='lat' dir='ltr'><strong>ostendit,</strong></span> <span class='ocrx_word' id='word_1_901' title='bbox 1269 5713 1450 5768; x_wconf 85' lang='lat' dir='ltr'><strong>dicens</strong></span> <span class='ocrx_word' id='word_1_902' title='bbox 1485 5732 1496 5768; x_wconf 85' lang='lat'><strong>:</strong></span> 
     </span>
    </p>
   </div>
   <div class='ocr_carea' id='block_1_103' title="bbox 2162 5034 3733 5104">
    <p class='ocr_par' dir='ltr' id='par_1_103' title="bbox 2162 5034 3733 5104">
     <span class='ocr_line' id='line_1_106' title="bbox 2162 5034 3733 5104; baseline -0.001 -21"><span class='ocrx_word' id='word_1_903' title='bbox 2162 5060 2167 5063; x_wconf 88' lang='lat'><strong><em>-</em></strong></span> <span class='ocrx_word' id='word_1_904' title='bbox 2211 5046 2357 5095; x_wconf 84' lang='lat' dir='ltr'><strong>sum;</strong></span> <span class='ocrx_word' id='word_1_905' title='bbox 2396 5034 2648 5086; x_wconf 84' lang='lat' dir='ltr'><strong>redierunt</strong></span> <span class='ocrx_word' id='word_1_906' title='bbox 2686 5046 2842 5097; x_wconf 89' lang='lat' dir='ltr'><strong>retro,</strong></span> <span class='ocrx_word' id='word_1_907' title='bbox 2869 5045 2913 5087; x_wconf 85' lang='lat' dir='ltr'><strong>et</strong></span> <span class='ocrx_word' id='word_1_908' title='bbox 2936 5035 3217 5088; x_wconf 84' lang='lat' dir='ltr'><strong>ceciderunt</strong></span> <span class='ocrx_word' id='word_1_909' title='bbox 3247 5035 3423 5104; x_wconf 83' lang='lat' dir='ltr'><strong>(Joan.</strong></span> <span class='ocrx_word' id='word_1_910' title='bbox 3456 5034 3626 5101; x_wconf 77' lang='lat' dir='ltr'><strong>xvin).</strong></span> <span class='ocrx_word' id='word_1_911' title='bbox 3658 5034 3733 5097; x_wconf 77' lang='lat' dir='ltr'><strong>Qui</strong></span> 
     </span>
    </p>
   </div>
   <div class='ocr_carea' id='block_1_104' title="bbox 2211 5124 3733 5189">
    <p class='ocr_par' dir='ltr' id='par_1_104' title="bbox 2211 5124 3733 5189">
     <span class='ocr_line' id='line_1_107' title="bbox 2211 5124 3733 5189; baseline -0.006 -11"><span class='ocrx_word' id='word_1_912' title='bbox 2211 5124 2517 5178; x_wconf 79' lang='lat' dir='ltr'><strong>ceciderunt</strong></span> <span class='ocrx_word' id='word_1_913' title='bbox 2558 5124 2622 5177; x_wconf 86' lang='lat' dir='ltr'><strong>ad</strong></span> <span class='ocrx_word' id='word_1_914' title='bbox 2671 5139 2827 5177; x_wconf 92' lang='lat' dir='ltr'><strong>unam</strong></span> <span class='ocrx_word' id='word_1_915' title='bbox 2874 5139 3057 5177; x_wconf 85' lang='lat' dir='ltr'><strong>vocem</strong></span> <span class='ocrx_word' id='word_1_916' title='bbox 3104 5124 3299 5177; x_wconf 80' lang='lat' dir='ltr'><strong>Christi</strong></span> <span class='ocrx_word' id='word_1_917' title='bbox 3342 5125 3607 5185; x_wconf 86' lang='lat' dir='ltr'><strong>morituri,</strong></span> <span class='ocrx_word' id='word_1_918' title='bbox 3635 5124 3733 5189; x_wconf 67' lang='lat' dir='ltr'><strong>quid</strong></span> 
     </span>
    </p>
   </div>
   <div class='ocr_carea' id='block_1_105' title="bbox 2214 5213 3732 5284">
    <p class='ocr_par' dir='ltr' id='par_1_105' title="bbox 2214 5213 3732 5284">
     <span class='ocr_line' id='line_1_108' title="bbox 2214 5213 3732 5284; baseline 0 -18"><span class='ocrx_word' id='word_1_919' title='bbox 2214 5214 2407 5269; x_wconf 89' lang='lat' dir='ltr'><strong>facient</strong></span> <span class='ocrx_word' id='word_1_920' title='bbox 2428 5216 2526 5269; x_wconf 89' lang='lat' dir='ltr'><strong>sub</strong></span> <span class='ocrx_word' id='word_1_921' title='bbox 2555 5230 2739 5269; x_wconf 87' lang='lat' dir='ltr'><strong>vocem</strong></span> <span class='ocrx_word' id='word_1_922' title='bbox 2767 5216 3047 5283; x_wconf 88' lang='lat' dir='ltr'><strong>iudicaturi</strong></span> <span class='ocrx_word' id='word_1_923' title='bbox 3071 5213 3243 5284; x_wconf 68' lang='lat' dir='ltr'><strong>iEgo,</strong></span> <span class='ocrx_word' id='word_1_924' title='bbox 3276 5216 3463 5284; x_wconf 89' lang='lat' dir='ltr'><strong>inquit,</strong></span> <span class='ocrx_word' id='word_1_925' title='bbox 3495 5233 3625 5281; x_wconf 82' lang='lat' dir='ltr'><strong>pono</strong></span> <span class='ocrx_word' id='word_1_926' title='bbox 3646 5220 3732 5266; x_wconf 77' lang='lat' dir='ltr'><strong>ani-</strong></span> 
     </span>
    </p>
   </div>
   <div class='ocr_carea' id='block_1_106' title="bbox 2212 5305 3736 5375">
    <p class='ocr_par' dir='ltr' id='par_1_106' title="bbox 2212 5305 3736 5375">
     <span class='ocr_line' id='line_1_109' title="bbox 2212 5305 3736 5375; baseline -0.001 -18"><span class='ocrx_word' id='word_1_927' title='bbox 2212 5321 2347 5357; x_wconf 90' lang='lat' dir='ltr'><strong>mam</strong></span> <span class='ocrx_word' id='word_1_928' title='bbox 2388 5322 2568 5358; x_wconf 84' lang='lat' dir='ltr'><strong>meam.</strong></span> <span class='ocrx_word' id='word_1_929' title='bbox 2610 5305 2722 5359; x_wconf 83' lang='lat' dir='ltr'><strong>Non</strong></span> <span class='ocrx_word' id='word_1_930' title='bbox 2765 5306 3055 5373; x_wconf 88' lang='lat' dir='ltr'><strong>glorientur</strong></span> <span class='ocrx_word' id='word_1_931' title='bbox 3096 5305 3286 5371; x_wconf 64' lang='lat' dir='ltr'><strong>Judtei,</strong></span> <span class='ocrx_word' id='word_1_932' title='bbox 3331 5309 3480 5374; x_wconf 85' lang='lat' dir='ltr'><strong>quasi</strong></span> <span class='ocrx_word' id='word_1_933' title='bbox 3514 5307 3599 5375; x_wconf 89' lang='lat' dir='ltr'><strong>qui</strong></span> <span class='ocrx_word' id='word_1_934' title='bbox 3630 5321 3736 5373; x_wconf 72' lang='lat' dir='ltr'><strong>prte-</strong></span> 
     </span>
    </p>
   </div>
   <div class='ocr_carea' id='block_1_107' title="bbox 2220 5395 3735 5464">
    <p class='ocr_par' dir='ltr' id='par_1_107' title="bbox 2220 5395 3735 5464">
     <span class='ocr_line' id='line_1_110' title="bbox 2220 5395 3735 5464; baseline -0.001 -17"><span class='ocrx_word' id='word_1_935' title='bbox 2220 5398 2499 5448; x_wconf 89' lang='lat' dir='ltr'><strong>valuerunt</strong></span> <span class='ocrx_word' id='word_1_936' title='bbox 2524 5414 2535 5459; x_wconf 93' lang='lat'>;</span> <span class='ocrx_word' id='word_1_937' title='bbox 2582 5398 2695 5463; x_wconf 86' lang='lat' dir='ltr'><strong>ipse</strong></span> <span class='ocrx_word' id='word_1_938' title='bbox 2722 5395 2894 5462; x_wconf 90' lang='lat' dir='ltr'><strong>posuit</strong></span> <span class='ocrx_word' id='word_1_939' title='bbox 2918 5396 3141 5450; x_wconf 87' lang='lat' dir='ltr'><strong>animam</strong></span> <span class='ocrx_word' id='word_1_940' title='bbox 3165 5410 3335 5449; x_wconf 86' lang='lat' dir='ltr'><strong>suam.</strong></span> <span class='ocrx_word' id='word_1_941' title='bbox 3364 5396 3513 5452; x_wconf 87' lang='lat' dir='ltr'><strong>Sicut</strong></span> <span class='ocrx_word' id='word_1_942' title='bbox 3536 5406 3735 5464; x_wconf 24' lang='lat' dir='ltr'><strong>potestas</strong></span> 
     </span>
    </p>
   </div>
   <div class='ocr_carea' id='block_1_108' title="bbox 2218 5487 3737 5555">
    <p class='ocr_par' dir='ltr' id='par_1_108' title="bbox 2218 5487 3737 5555">
     <span class='ocr_line' id='line_1_111' title="bbox 2218 5487 3737 5555; baseline -0.004 -14"><span class='ocrx_word' id='word_1_943' title='bbox 2218 5498 2321 5541; x_wconf 91' lang='lat' dir='ltr'><strong>tem</strong></span> <span class='ocrx_word' id='word_1_944' title='bbox 2369 5488 2551 5542; x_wconf 87' lang='lat' dir='ltr'><strong>habuit</strong></span> <span class='ocrx_word' id='word_1_945' title='bbox 2598 5487 2845 5554; x_wconf 79' lang='lat' dir='ltr'><strong>ponendi,</strong></span> <span class='ocrx_word' id='word_1_946' title='bbox 2891 5488 2960 5541; x_wconf 86' lang='lat' dir='ltr'><strong>ita</strong></span> <span class='ocrx_word' id='word_1_947' title='bbox 2992 5490 3171 5541; x_wconf 87' lang='lat' dir='ltr'><strong>habuit</strong></span> <span class='ocrx_word' id='word_1_948' title='bbox 3199 5498 3248 5540; x_wconf 84' lang='lat' dir='ltr'><strong>et</strong></span> <span class='ocrx_word' id='word_1_949' title='bbox 3278 5496 3589 5555; x_wconf 75' lang='lat' dir='ltr'><strong>potestatem</strong></span> <span class='ocrx_word' id='word_1_950' title='bbox 3620 5504 3737 5541; x_wconf 53' lang='lat' dir='ltr'><strong>rese.</strong></span> 
     </span>
    </p>
   </div>
   <div class='ocr_carea' id='block_1_109' title="bbox 2216 5576 3737 5643">
    <p class='ocr_par' dir='ltr' id='par_1_109' title="bbox 2216 5576 3737 5643">
     <span class='ocr_line' id='line_1_112' title="bbox 2216 5576 3737 5643; baseline -0.001 -13"><span class='ocrx_word' id='word_1_951' title='bbox 2216 5576 2427 5630; x_wconf 86' lang='lat' dir='ltr'><strong>mendi:</strong></span> <span class='ocrx_word' id='word_1_952' title='bbox 2461 5578 2598 5643; x_wconf 87' lang='lat' dir='ltr'><strong>quod</strong></span> <span class='ocrx_word' id='word_1_953' title='bbox 2656 5578 2771 5631; x_wconf 88' lang='lat' dir='ltr'><strong>aliis</strong></span> <span class='ocrx_word' id='word_1_954' title='bbox 2834 5578 3009 5630; x_wconf 88' lang='lat' dir='ltr'><strong>verbis</strong></span> <span class='ocrx_word' id='word_1_955' title='bbox 3059 5578 3109 5629; x_wconf 90' lang='lat' dir='ltr'><strong>in</strong></span> <span class='ocrx_word' id='word_1_956' title='bbox 3164 5578 3262 5630; x_wconf 82' lang='lat' dir='ltr'><strong>hoc</strong></span> <span class='ocrx_word' id='word_1_957' title='bbox 3318 5578 3431 5642; x_wconf 81' lang='lat' dir='ltr'><strong>ipso</strong></span> <span class='ocrx_word' id='word_1_958' title='bbox 3482 5578 3737 5641; x_wconf 54' lang='lat' dir='ltr'><strong>Evangrlv</strong></span> 
     </span>
    </p>
   </div>
   <div class='ocr_carea' id='block_1_110' title="bbox 2218 5671 3727 5732">
    <p class='ocr_par' dir='ltr' id='par_1_110' title="bbox 2218 5671 3727 5732">
     <span class='ocr_line' id='line_1_113' title="bbox 2218 5671 3727 5732; baseline -0.017 -4"><span class='ocrx_word' id='word_1_959' title='bbox 2218 5673 2439 5729; x_wconf 79' lang='lat' dir='ltr'><strong>ostendit</strong></span> <span class='ocrx_word' id='word_1_960' title='bbox 2494 5673 2709 5726; x_wconf 84' lang='lat' dir='ltr'><strong>dicens:</strong></span> <span class='ocrx_word' id='word_1_961' title='bbox 2743 5672 2932 5725; x_wconf 70' lang='lat' dir='ltr'><strong>Solvite</strong></span> <span class='ocrx_word' id='word_1_962' title='bbox 2984 5673 3216 5732; x_wconf 71' lang='lat' dir='ltr'><strong>trmphtm</strong></span> <span class='ocrx_word' id='word_1_963' title='bbox 3272 5671 3385 5732; x_wconf 61' lang='grc' dir='ltr'><em>Ιιυπ,</em></span> <span class='ocrx_word' id='word_1_964' title='bbox 3438 5684 3482 5722; x_wconf 58' lang='grc' dir='ltr'><strong>(τι</strong></span> <span class='ocrx_word' id='word_1_965' title='bbox 3536 5690 3579 5720; x_wconf 57' lang='grc' dir='ltr'><strong>,μ</strong></span> <span class='ocrx_word' id='word_1_966' title='bbox 3613 5686 3639 5719; x_wconf 58' lang='grc' dir='ltr'><strong>,η</strong></span> 
     </span>
    </p>
   </div>
  </div>
