3822 6226
94 351 175 401 ἶϋῖ)

978 351 1038 402 ΙΝ
1080 352 1134 403 S.
1178 350 1455 406 JOANNIS
1494 350 1951 406 EVANG.‘£LIUM
1993 353 2370 408 EXPOSITIO.

3165 357 3267 412 770

88 466 235 513 diebus
280 462 481 513 .rcitabo
514 463 647 515 illud
685 463 860 532 (.loan.
897 464 975 529 it).
1007 464 1155 528 Quod
1188 466 1615 533 evangelista‘se-
1650 467 1932 529 Aponendi
1962 470 2192 521 animam
2226 486 2410 523 meam.
2446 467 2597 521 l’onit
2623 486 2738 522 eam
2781 485 2927 534 caro,
2961 471 3050 523 sed
3078 487 3140 523 ex
3172 487 3267 539 po-

91 564 214 605 cutus
242 553 511 618 exposuit:
541 551 655 604 Ilcc
698 554 831 604 enim
870 552 1065 604 dicebat
1087 554 1148 604 de
1170 555 1352 621 tempto
1391 554 1611 620 corporis

85 644 152 691 sui
191 638 399 707 (Ibid.),'
449 651 506 694 et
545 642 781 709 adjunxit
828 641 1112 708 discipulos
1159 657 1285 695 suos
1312 645 1423 696 haec
1454 642 1609 695 verba

85 744 462 791 rememorasse,
510 745 630 782 cum
683 731 1055 782 resurrexisset
1101 729 1258 783 Jcsus
1295 747 1322 783 a
1365 730 1606 787 mortuis.

87 822 182 874 Hoc
229 822 598 885 suscitabatur,
630 822 766 887 quod
809 822 1150 877 moriebatur.
1201 823 1330 876 Nam
1377 825 1608 877 Verbum

87 911 200 962 mori
231 925 326 961 non
353 911 544 975 potuit,
589 926 685 964 nec
735 913 907 964 anima
953 913 1036 964 illa
1081 928 1287 967 mortua
1319 915 1432 967 fuit.
1474 914 1609 967 Caro

88 1008 260 1050 tantum
305 1006 506 1050 mortua
558 1009 657 1061 est,
718 1010 770 1051 et
824 1005 1110 1055 resurrexit
1152 1004 1302 1055 tertia
1358 1004 1460 1056 die.
1502 1003 1606 1057 Sed

88 1089 393 1157 qurrendum
441 1100 524 1142 est
559 1092 681 1158 quid
721 1093 788 1145 sit
829 1096 963 1160 quod
1009 1094 1174 1147 dixit:
1208 1093 1319 1162 Ego
1342 1112 1473 1162 pono
1500 1097 1609 1147 ani-

85 1200 199 1234 mam
243 1201 419 1237 meam.
471 1187 600 1248 Quis
650 1189 862 1254 posuit?
911 1204 1060 1255 quem
1112 1189 1322 1256 posuit?
1371 1187 1497 1253 Quis
1527 1197 1608 1242 est

86 1275 159 1337 qui
203 1275 399 1338 posuit?
451 1274 587 1340 Quid
620 1288 698 1329 est
727 1276 1003 1330 Christus?
1058 1279 1276 1330 Verbum
1321 1289 1373 1334 et
1415 1279 1602 1342 immo;

85 1376 168 1415 nec
192 1365 260 1414 sic
310 1363 484 1428 homo,
515 1374 572 1417 ut
597 1367 706 1418 Sola
741 1381 901 1429 caro;
945 1368 1036 1420 sed
1068 1369 1186 1435 quia
1220 1368 1378 1420 homo
1403 1378 1608 1422 constat

81 1469 134 1503 ex
179 1466 326 1504 carne
367 1464 419 1504 et
463 1453 659 1518 anima,
703 1463 841 1506 totus
879 1465 1051 1508 autem
1084 1454 1243 1508 homo
1273 1457 1323 1508 in
1351 1457 1602 1521 Christo;

80 1557 167 1595 non
195 1544 324 1594 enim
356 1555 558 1610 partem
599 1544 916 1598 deteriorem
949 1547 1288 1613 suscepisset,
1319 1557 1372 1600 et
1399 1558 1602 1614 partem

80 1632 320 1684 meliorem
365 1633 708 1697 deseruisset,
757 1649 876 1702 pars
920 1637 1114 1704 quippe
1160 1637 1388 1691 hominis
1415 1638 1603 1691 melior

77 1731 146 1772 est
171 1724 332 1775 anima
364 1738 520 1790 quam
560 1740 772 1793 corpus.
828 1728 958 1793 Quia
999 1744 1123 1796 ergo
1163 1737 1303 1782 totus
1350 1730 1505 1783 homo
1550 1732 1598 1782 in

1716 567 1906 612 testate
1949 559 2127 613 Verbi.
2182 561 2352 614 Sumit
2401 579 2517 616 eam
2562 578 2707 626 caro,
2754 561 2844 614 sed
2892 576 2955 614 ex
3006 567 3268 628 potestate

1712 645 1888 702 Verbi.
1919 649 2170 715 Verbum,
2205 655 2405 716 anima,
2438 670 2582 718 caro,
2617 671 2756 708 unus
2788 664 2868 708 est
2901 654 3185 717 Christus;
3214 663 3268 706 et

1707 737 1830 790 dum
1867 755 1993 795 caro
2020 744 2199 796 occisa
2233 743 2349 807 fuit,
2382 745 2629 799 Christus
2664 746 2875 799 occisus
2903 743 3019 809 fuit;
3058 754 3113 797 et
3136 746 3263 797 dum

1705 845 1832 883 caro
1858 833 2093 886 animam
2109 836 2418 904 resumpsit,
2435 836 2683 890 Christus
2703 837 2938 890 animam
2956 838 3266 903 resumpsit,

1705 920 1828 988 quia
1867 923 2124 991 quidquid
2166 925 2235 979 ibi
2274 926 2470 981 factum
2525 937 2606 980 est
2643 927 2696 980 in
2730 926 3131 994 dispensatione
3163 926 3268 977 hu-

1704 1026 1874 1063 manm
1899 1015 2110 1079 salutis,
2148 1027 2286 1071 totus
2320 1035 2460 1073 unus
2493 1019 2738 1073 Christus
2768 1019 2897 1086 egit,
2933 1033 3072 1070 unus
3101 1017 3268 1070 Filius

1703 1099 1792 1152 Dei
1827 1106 2075 1171 proprius
2102 1118 2155 1160 et
2187 1109 2479 1175 perfectus,
2519 1126 2657 1165 unus
2678 1111 2817 1164 Deus
2845 1126 3002 1164 verus
3021 1118 3073 1164 et
3096 1109 3271 1162 omni-

1702 1201 1892 1256 potens
1922 1209 1935 1245 :
1970 1192 2131 1248 homo
2169 1207 2384 1264 propter
2413 1197 2648 1253 Verbum
2683 1201 2846 1262 Deus,
2890 1201 3028 1254 Deus
3053 1211 3272 1267 propter

1701 1278 1970 1335 hominem
2004 1285 2161 1337 homo
2191 1303 2204 1338 :
2234 1287 2372 1340 sicut
2396 1289 2593 1343 dictum
2630 1300 2749 1344 est:
2793 1290 3007 1343 Verbum
3037 1306 3161 1342 caro
3186 1290 3270 1356 fa-

1700 1379 1837 1422 ctum
1868 1383 1942 1425 est
1986 1374 2166 1443 (Joan.
2197 1378 2257 1446 ι).
2293 1378 2393 1431 Sed
2430 1383 2540 1432 haec
2578 1382 2779 1444 omnia,
2816 1381 2954 1435 unde
2985 1381 3272 1450 impleren-

1703 1471 1810 1524 tur,
1841 1465 2188 1533 subsequenti
2229 1471 2392 1522 verbo
2419 1471 2674 1525 ostendit.

1773 1551 1907 1611 Hoc,
1936 1554 2128 1622 inquit,
2159 1560 2470 1610 mandatum
2502 1561 2673 1626 accepi
2713 1577 2742 1610 ιι
2786 1559 2946 1611 Patre
2977 1575 3103 1611 meo.
3140 1557 3268 1609 Ver-

1702 1641 1828 1694 bum
1860 1658 1962 1696 non
2000 1646 2160 1701 ιονὺο
2200 1650 2403 1717 accepit
2457 1650 2792 1709 mandatum.
2848 1649 2940 1703 sed
2997 1650 3046 1701 in
3093 1648 3268 1701 Verbo

1702 1735 1978 1803 unigenito
2012 1736 2186 1793 Patris
2228 1749 2312 1794 est
2344 1756 2506 1795 omne
2544 1741 2881 1795 mandatum.
2915 1740 3046 1795 Cum
3081 1752 3264 1794 autem

79 1813 283 1876 Christo,
327 1814 451 1877 quid
505 1825 584 1868 est
628 1815 904 1871 Christus?
955 1819 1206 1883 Verbum,
1261 1820 1503 1888 inquam,
1550 1830 1602 1873 et
1637 1799 1898 1878 Bdici‘tur
1927 1825 2097 1881 Filius
2132 1843 2162 1882 a
2193 1828 2351 1885 Patre
2379 1833 2624 1900 accipere
2656 1834 2797 1900 quod
2829 1832 3261 1886 substantialiter

77 1901 227 1953 homo.
269 1901 478 1954 Verbum
497 1920 614 1956 caro
639 1906 826 1971 {actum
850 1916 922 1960 est
947 1908 1122 1973 (Joan.
1154 1908 1225 1978 1);
1259 1910 1306 1962 id
1338 1920 1438 1973 est,
1468 1911 1603 1963 Deus

78 1990 216 2042 homo
258 1990 426 2044 factus
455 2003 556 2046 est.
587 1993 725 2047 Dicit
759 1996 898 2049 enim
926 2015 937 2048 :
968 1994 1271 2049 Potestatem
1314 1999 1469 2050 habeo
1514 2014 1602 2065 po-

73 2082 201 2131 nendi
243 2083 460 2135 animant
505 2100 684 2150 meam,
717 2096 765 2138 et
793 2096 1087 2152 potestatem
1119 2088 1274 2139 habeo
1301 2089 1479 2141 iterum
1517 2106 1604 2142 au-

76 2172 218 2220 ηις·ηαί
244 2186 370 2223 eam.
411 2171 657 2225 Christus
685 2185 858 2228 autem
905 2186 959 2227 et
1010 2190 1101 2243 pro
1140 2177 1289 2230 nobis
1326 2179 1520 2246 posuit,
1552 2188 1604 2231 et

73 2258 254 2323 quando
309 2261 477 2314 voluit
529 2263 750 2329 posuit,
808 2274 857 2317 el
912 2267 1122 2332 quando
1169 2268 1333 2321 voluit
1379 2270 1603 2336 sumpsit

73 2348 267 2400 animam
327 2365 501 2403 suam.
559 2352 762 2406 Ponere
815 2369 940 2423 ergo
991 2359 1259 2422 animam,
1317 2362 1447 2412 mori
1498 2369 1599 2414 est.

73 2439 145 2488 Sic
188 2449 234 2490 et
284 2441 568 2504 Apostolus
621 2443 812 2496 Petrus
866 2443 1087 2497 Domino
1139 2447 1317 2498 dixit:
1366 2448 1600 2499 Animam

75 2543 210 2579 meum
254 2539 456 2596 propter
501 2539 548 2583 te
595 2547 782 2600 ponam
829 2531 1006 2600 (Joan.
1049 2535 1192 2602 xui):
1256 2536 1302 2588 id
1342 2547 1460 2600 est,
1507 2553 1602 2605 pro

77 2627 117 2668 te
161 2618 340 2669 moriar
387 2631 574 2672 carne.
631 2622 767 2674 Caro
821 2622 994 2689 posuit
1044 2626 1273 2677 animam
1320 2640 1502 2691 suam,
1547 2638 1601 2681 et

78 2716 181 2755 caro
227 2703 412 2757 iterum
470 2709 698 2773 sumpsit
749 2709 1015 2771 animam;
1072 2727 1173 2764 non
1227 2722 1399 2767 tamen
1456 2725 1600 2782 pote-

76 2803 190 2845 state
237 2808 324 2846 sua
377 2810 546 2861 caro,
604 2798 696 2851 sed
755 2807 1014 2865 potestate
1065 2802 1404 2857 inhabitantis
1442 2805 1592 2860 Verbi

78 2882 170 2935 Dei.
218 2882 439 2936 Verbum
483 2900 608 2939 vero
667 2887 761 2941 Dei
803 2903 1068 2956 nunquam
1119 2896 1290 2958 posuit
1335 2895 1594 2958 animam,

79 2986 128 3021 ex
156 2986 246 3036 quo
280 2975 566 3040 assumpsit
605 2989 745 3039 eam,
789 2977 839 3028 in
883 2979 1133 3032 unitatem
1181 2978 1416 3046 personae
1453 2985 1592 3048 sibi;

79 3058 155 3111 sed
192 3074 216 3110 τι
253 3076 406 3113 carne
456 3065 632 3115 anima
685 3064 849 3130 posita
899 3077 1010 3133 est,
1064 3077 1117 3122 et
1159 3069 1347 3124 iterum
1393 3088 1592 3127 resum-

79 3159 145 3213 pta
194 3166 276 3216 per
323 3162 641 3218 potestatem
691 3156 999 3210 divinitatis.
1059 3160 1192 3212 Caro
1237 3177 1363 3231 ergo
1423 3168 1596 3230 posuit

76 3240 272 3292 animam
297 3255 440 3293 suam
473 3243 815 3310 exspirando.
883 3246 1012 3299 Vide
1037 3249 1204 3315 ipsum
1238 3251 1511 3306 Dominum
1545 3256 1594 3308 in

73 3344 220 3392 cruce,
267 3330 385 3395 quid
433 3331 772 3386 dixit:Sitio
827 3334 1002 3404 (loan.
1063 3339 1198 3406 xix).
1239 3340 1336 3404 Qui
1376 3343 1596 3398 aderant

77 3423 297 3472 tinxerunt
326 3425 589 3491 spongiam
620 3427 671 3475 in
701 3438 859 3487 aceto,
896 3429 1231 3497 alligaverunt
1256 3434 1592 3504 arundini,_et

71 3522 372 3573 app,sueruitt
403 3514 480 3563 ori
509 3514 640 3578 ejus.
676 3513 821 3576 Quod
851 3532 962 3568 cum
1006 3523 1272 3586 accepisset
1315 3525 1427 3577 ait:
1458 3525 1587 3579 Per-

71 3598 225 3663 fectum
264 3610 332 3652 est
374 3599 590 3672 (Ibid.).
617 3603 751 3668 Quid
785 3616 886 3665 est,
918 3608 1203 3672 perfectum
1232 3612 1342 3663 est?
1381 3612 1588 3681 impleta

74 3702 175 3743 sunt
204 3699 365 3748 omnia
413 3714 534 3765 qua:
580 3710 701 3754 ante
739 3713 964 3756 mortem
1019 3705 1191 3759 futura
1237 3708 1442 3762 fuerant
1473 3728 1588 3777 pro-

76 3783 274 3842 plietata.
327 3785 392 3835 Et
431 3786 557 3852 quia
594 3796 906 3854 potestatem
941 3791 1166 3845 habebat
1193 3797 1400 3861 quando
1434 3801 1590 3852 vellet

77 3871 268 3930 ponendi
289 3874 514 3924 animam
546 3890 720 3937 suam,
747 3888 1082 3943 posteaquam
1109 3882 1240 3934 dixit
1264 3902 1275 3934 :
1304 3884 1588 3951 Perfectum

70 3965 128 4004 ast
154 3974 163 4005 :
191 3958 258 4008 ait
283 3963 604 4026 evangelista
641 3983 649 4013 :
677 3963 745 4015 Et
766 3967 1010 4020 inclinato
1033 3973 1195 4035 capite
1218 3976 1422 4027 tradidit
1443 3979 1589 4045 spiri-

71 4055 173 4094 tnm.
217 4046 355 4111 Quod
409 4051 480 4103 ibi
537 4053 772 4105 dicitur:
806 4054 1058 4124 Tradidit,
1113 4061 1195 4114 hic
1240 4064 1436 4117 dicttnn
1487 4080 1582 4133 est,

73 4133 224 4198 Ponit,
262 4155 306 4204 qi
329 4141 372 4192 ia
416 4157 580 4194 unum
628 4158 708 4197 est
757 4146 962 4200 tradere
991 4159 1043 4202 et
1073 4165 1291 4217 ponere.
1324 4156 1452 4220 Quis
1484 4168 1584 4211 tra-

70 4226 178 4276 didit
205 4227 224 4276 ἵ
263 4243 412 4295 quem
462 4232 714 4286 tradidit?
744 4236 994 4303 Spiritum
1025 4241 1256 4310 tradidit,
1289 4259 1413 4300 caro
1441 4249 1583 4301 illum

69 4314 274 4367 tradidit.
311 4319 440 4380 Quid
498 4329 602 4383 est,
637 4336 760 4375 caro
791 4324 934 4378 illum
970 4329 1216 4384 tradidit?
1264 4332 1399 4387 Caro
1438 4337 1583 4392 illum

65 4405 231 4468 enhsit,
260 4423 376 4460 caro
404 4410 554 4461 illum
577 4415 887 4479 exspiravit.
908 4419 1027 4471 Ideo
1049 4423 1389 4479 enimdicitur
1411 4431 1583 4498 exspi-
1616 4454 1666 4513 ι)

43 4503 186 4558 me,
214 4498 384 4577 idest,
411 4513 566 4554 extra
603 4504 846 4570 Spiritum
880 4510 1012 4573 lieri,
1045 4515 1305 4579 quomodo
1329 4528 1409 4570 est
1430 4533 1582 4573 exsu-

75 4584 186 4645 lare,
215 4599 350 4639 extra
400 4593 572 4642 solum
627 4594 757 4650 lieri.
800 4597 943 4662 Quod
980 4601 1060 4654 hic
1088 4603 1247 4657 dicit:
1282 4605 1581 4663 Potestatem

64 4671 194 4723 habeo
230 4682 436 4741 ponendi
488 4682 716 4734 animam
744 4701 925 4751 meam,
960 4687 1028 4741 ibi
1051 4690 1245 4745 dictum
1274 4705 1390 4749 est:
1422 4697 1580 4752 Incli-

65 4773 160 4811 nato
188 4767 334 4826 capite
373 4770 590 4820 tradidit
631 4753 889 4837 spiritum,
919 4775 1004 4842 qui
1035 4781 1250 4844 spiritus
1281 4786 1448 4839 anima
1478 4799 1578 4843 est.

65 4846 170 4902 Cum
199 4867 312 4919 ergo
335 4859 440 4907 exit
470 4859 651 4911 anima
681 4876 708 4911 a
738 4876 915 4927 carne,
963 4877 1015 4918 et
1047 4881 1283 4924 remanet
1310 4888 1431 4925 caro
1467 4878 1580 4929 sine

65 4941 226 5003 anima,
260 4954 373 4997 tunc
407 4946 571 5001 homo
603 4965 800 5015 ponere
830 4956 1058 5009 animam
1106 4960 1318 5014 dicitur.
1348 4964 1571 5027 Quando

65 5029 269 5084 Christus
315 5038 543 5090 animam
603 5043 814 5107 posuit?
845 5049 1051 5112 quando
1101 5050 1328 5106 Verbum
1378 5059 1574 5124 voluit;

67 5120 350 5188 principatus
384 5130 525 5180 enim
584 5132 634 5183 in
687 5131 856 5186 Verbo
887 5149 1033 5200 erat;
1083 5139 1149 5191 ibi
1182 5152 1411 5207 potestas
1441 5120 1575 5214 erat,

66 5214 240 5272 quando
270 5230 481 5282 poneret
510 5236 637 5274 caro
661 5225 908 5289 animam,
942 5232 1148 5294 quando
1187 5248 1434 5290 sumeret.
1466 5241 1576 5295 Sic-

70 5310 113 5348 ut
135 5304 256 5354 enim
285 5321 413 5358 unus
444 5311 606 5361 homo
639 5315 812 5365 anima
838 5328 888 5368 et
920 5331 1132 5388 corpus,
1161 5321 1236 5376 sic
1268 5341 1399 5380 unus
1425 5329 1578 5384 Chri-

68 5395 159 5438 stus
202 5395 396 5448 verbum
448 5410 501 5450 et
551 5402 730 5453 homo.
785 5406 966 5456 Anima
1021 5421 1073 5460 et
1119 5426 1310 5481 corpus
1349 5417 1463 5470 duae
1493 5438 1574 5473 res

67 5491 187 5539 sunt,
217 5490 296 5534 sed
333 5503 459 5539 llllUS
511 5493 694 5545 homo.
750 5493 981 5548 Verbum
1029 5511 1081 5554 et
1128 5506 1283 5557 homo
1331 5510 1445 5564 dua:
1493 5529 1575 5568 res

73 5580 190 5626 sunt,
220 5574 298 5625 sed
333 5590 462 5630 unus
489 5582 755 5635 Christus.
787 5583 956 5640 Nouo
987 5593 1124 5644 enim
1160 5596 1344 5653 titubet
1370 5603 1420 5654 in
1453 5605 1570 5670 lide,

67 5661 242 5718 ίῖίιῖηιάυ
284 5666 416 5714 audit
468 5668 748 5728 Dominum
801 5676 996 5731 dixiSSe
1023 5697 1032 5729 ε
1064 5682 1367 5742 Potestatem
1417 5661 1572 5745 habet;

1699 1915 1879 1978 habet,
1909 1920 2180 1985 quomodo
2202 1921 2402 1975 dictum
2427 1933 2536 1976 est:
2564 1922 2712 1976 Sicut
2743 1921 2903 1974 Pater
2928 1922 3078 1975 habet
3106 1925 3264 1975 vitam

1698 2005 1750 2056 in
1778 2009 2071 2075 semetipso,
2105 2010 2180 2063 sic
2202 2012 2340 2064 dedit
2367 2012 2510 2066 Filio
2530 2014 2690 2066 vitam
2714 2014 2900 2068 habere
2921 2015 2973 2066 in
2993 2015 3265 2081 senxetipso

1697 2093 1876 2161 (Joan.
1915 2098 1991 2165 ν),
2049 2114 2172 2153 cum
2224 2099 2394 2156 Filius
2434 2105 2549 2171 ipse
2596 2105 2664 2157 sit
2699 2104 2831 2165 vita,
2882 2119 2989 2156 non
3028 2114 3265 2172 potestas

1697 2184 1982 2248 minuitur,
2013 2187 2105 2240 sed
2149 2191 2428 2256 generatio
2461 2192 2784 2253 ostenditur,
2816 2191 3071 2259 quoniam
3111 2193 3265 2244 Pater

1697 2290 1803 2327 non
1835 2277 1988 2343 quasi
2017 2277 2064 2331 ei
2096 2279 2233 2333 Filio
2269 2282 2360 2348 qui
2388 2282 2737 2350 imperfectus
2771 2292 2927 2336 natus
2954 2293 3036 2336 est
3060 2282 3262 2352 aliquid

1692 2367 1916 2428 addidit,
1957 2370 2046 2422 sed
2095 2370 2140 2423 ei
2189 2387 2344 2438 quem
2387 2372 2684 2439 perfectum
2732 2373 2916 2441 genuit
2954 2372 3134 2425 omnia
3184 2374 3264 2439 gi-

1691 2459 1901 2524 gnendo
1933 2459 2094 2512 dedit.
2130 2461 2201 2513 Ita
2235 2462 2310 2515 illi
2343 2464 2486 2516 dedit
2511 2479 2662 2518 suam
2699 2465 3078 2532 aequalitatem,
3100 2478 3258 2530 quem

1693 2562 1796 2601 non
1830 2551 2014 2618 genuit
2050 2555 2391 2619 inmqualem.
2440 2554 2542 2607 Sed
2587 2556 2617 2607 h
2641 2572 2700 2608 γε
2729 2556 2978 2622 quuente
3010 2553 3261 2612 Domino,

1689 2644 1950 2709 quoniam
1999 2645 2086 2696 lux
2138 2646 2352 2698 lucebat
2390 2648 2440 2698 iu
2483 2647 2741 2712 tenebris,
2777 2657 2830 2701 et
2873 2646 3106 2701 tenebrze
3135 2659 3255 2699 eam

1694 2748 1801 2786 non
1839 2736 2387 2800 comprehendebant,

1757 2822 2019 2877 Dissensio
2066 2825 2255 2878 iterum
2303 2830 2448 2893 facta
2497 2839 2570 2880 est
2610 2829 2742 2880 inter
2790 2826 3002 2881 Judwos
3051 2839 3260 2897 propter

1685 2932 1942 2970 aerumnas
1987 2917 2102 2970 hos.
2145 2917 2395 2970 Dicebant
2436 2929 2607 2971 autem
2635 2922 2790 2971 multi
2819 2937 2880 2971 ea:
2919 2922 3043 2988 ipsis
3071 2938 3088 2973 :
3132 2922 3256 2974 Da?-

1684 3009 1914 3060 monium
1950 3009 2123 3072 habet,
2173 3023 2219 3062 et
2264 3013 2482 3074 insanit;
2525 3014 2650 3080 quid
2691 3029 2806 3064 eum
2843 3013 3087 3068 auditis?
3137 3015 3260 3068 Ista:

1693 3095 1912 3150 fuerunt
1946 3100 2284 3155 densissima:
2313 3104 2566 3156 tenebrae.

1761 3191 1869 3241 Alii
1895 3191 2130 3244 dicebant
2163 3210 2180 3245 :
2208 3193 2336 3247 Ilaec
2357 3195 2507 3247 verba
2537 3213 2637 3248 non
2665 3207 2784 3248 sunt
2819 3198 3134 3250 dicmmtium
3158 3201 3257 3250 Ita-

1686 3279 1874 3343 beatis,
1909 3285 2160 3351 numquid
2210 3285 2525 3338 dwmonium
2573 3298 2739 3355 potest
2789 3291 2964 3342 oculos
2999 3308 3254 3344 caicorum

1686 3376 1925 3438 aperire?
1977 3372 2093 3425 iam
2143 3377 2367 3430 istorum
2423 3381 2561 3432 oculi
2604 3394 2879 3448 eruperant
2927 3384 3148 3452 aperiri,
3203 3395 3258 3438 et

1686 3463 1887 3531 aliquid
1921 3464 2053 3518 lucis
2081 3466 2279 3528 videre,
2306 3476 2358 3520 et
2403 3468 2645 3522 veritatis
2677 3485 2994 3536 agnoscere.
3032 3472 3257 3524 Audivi-

1684 3570 1806 3608 mus
1835 3555 2150 3622 patientiam
2189 3555 2426 3617 Domini,
2458 3567 2511 3610 et
2542 3559 2681 3611 inter
2705 3561 2989 3627 opprobria
3038 3561 3254 3616 Judaeu-

1686 3661 1805 3700 rum
1836 3647 2026 3699 salutis
2060 3647 2518 3712 prmdicatiOnem.
2557 3645 2660 3700 Sed
2700 3650 2773 3701 illi
2811 3651 3058 3703 olnlurati
3088 3654 3256 3720 magis

1685 3751 1808 3788 cum
1847 3744 2057 3790 tentare
2091 3739 2326 3807 aggressi
2362 3749 2504 3804 sunt,
2538 3756 2698 3807 quam
2743 3743 2920 3796 verbis
2949 3744 3092 3797 illius
3125 3745 3254 3797 obe—

1684 3827 1734 3878 di
1748 3844 1822 3881 re.

1750 3916 1910 3968 Facta
1937 3927 2080 3981 sunt,
2117 3918 2293 3986 inquit
2324 3919 2672 3988 evangelista,
2696 3937 2925 3974 encwttta
2956 3923 3007 3975 in
3042 3923 3252 3976 Jeroso-

1679 4009 1855 4077 lymis,
1887 4019 1932 4060 et
1953 4010 2113 4062 hiems
2145 4019 2290 4074 erat;
2322 4019 2368 4063 et
2392 4010 2696 4063 ambulabat
2723 4013 2873 4066 Jesus
2905 4015 2957 4065 in
2984 4016 3170 4080 templo
3196 4018 3250 4069 in

1679 4103 1880 4168 porticu
1916 4102 2234 4157 Salomonis.
2264 4104 2515 4158 Encaenia
2539 4114 2716 4159 autem
2743 4109 3038 4161 vocabatur
3054 4110 3251 4162 solem-

1680 4195 1818 4247 nitas
1859 4196 2215 4250 dedicationis
2239 4197 2443 4265 templi,
2469 4213 2627 4265 quam
2655 4201 2888 4267 populus
2926 4200 3015 4252 Dei
3049 4217 3112 4255 ex
3153 4217 3250 4254 an-

1679 4286 1829 4355 tiqua
1866 4297 2077 4353 patrum
2126 4288 2418 4341 traditione
2471 4304 2563 4356 per
2613 4305 2783 4344 annos
2831 4293 3072 4359 singulos
3112 4292 3251 4347 cclc-

1678 4381 1833 4432 brare
1878 4387 2252 4432 consueverat.
2302 4381 2405 4432 Sed
2457 4380 2748 4433 notandum
2805 4391 2904 4446 est,
2941 4384 3081 4449 quod
3137 4385 3248 4439 lucc

1677 4472 1940 4532 cncaeuia,
1975 4488 2094 4538 qute
2127 4471 2216 4525 hic
2247 4475 2513 4539 leguntur,
2562 4489 2666 4524 non
2701 4473 2764 4525 ad
2800 4475 3029 4541 primam
3062 4477 3244 4543 templi

1677 4563 2092 4626 dedicationem,
2131 4567 2223 4619 sed
2260 4566 2321 4618 ad
2351 4564 2590 4616 ultimam
2626 4567 2896 4632 pertinent
2930 4583 2942 4616 :
2985 4568 3125 4634 quod
3179 4583 3245 4620 ex

1682 4666 1743 4706 eo
1775 4645 1930 4706 facile
1972 4656 2266 4724 colligitur,
2316 4659 2441 4726 quia
2491 4660 2668 4712 hieme
2719 4657 2854 4710 facta
2911 4658 3242 4711 referuntur.

1677 4737 1858 4794 Prima
1898 4745 2161 4811 siquidem
2209 4747 2448 4813 ejusdem
2500 4746 2680 4814 templi
2728 4746 2994 4799 dedicatio
3023 4757 3049 4798 a
3084 4746 3242 4799 Salo-

1672 4846 1830 4883 mone
1855 4840 2092 4900 tempore
2119 4838 2386 4897 autumni,
2418 4837 2653 4890 secunda
2685 4844 2861 4888 autem
2889 4851 2917 4888 a
2943 4836 3244 4890 Zorobabel

1672 4931 1724 4974 et
1753 4921 1878 4974 Jesu
1909 4925 2187 4978 sacerdote
2213 4934 2450 4994 tempore
2486 4931 2648 4987 veris,
2684 4938 2747 4980 te:
2768 4929 2837 4979 tia
2872 4946 2898 4980 a
2929 4929 3064 4981 Juda
3095 4929 3240 4984 Mac-

1671 5014 1890 5066 chabazo
1918 4999 2156 5084 tempore
2185 5015 2374 5070 hiemis
2401 5028 2480 5070 est
2507 5018 2668 5079 facta,
2693 5021 2911 5086 quando
2935 5021 3243 5088 specialiter

1673 5107 2024 5160 constitutum
2073 5123 2190 5164 esse
2221 5108 2410 5177 legitur
2444 5119 2501 5162 ut
2565 5111 2750 5163 eadem
2824 5113 3087 5166 dedicatio
3147 5129 3242 5182 per

1670 5212 1858 5251 omnes
1883 5215 2052 5253 annos
2085 5201 2138 5253 in
2171 5201 2484 5255 memoriam
2520 5203 2854 5256 solemnibus
2890 5216 3238 5258 renovaretur

1670 5287 1858 5340 olliciis
1893 5288 2013 5357 (Ill
2050 5289 2173 5360 Reg.
2222 5309 2293 5354 vr,
2330 5309 2456 5358 vui;
2517 5293 2644 5348 Isai.
2685 5311 2763 5358 vr;
2818 5293 2845 5346 Ι
2901 5295 3072 5356 Much,
3123 5290 3234 5360 IV);

1667 5392 1783 5446 quae
1811 5380 1969 5432 etiam
2002 5381 2065 5432 ad
2093 5394 2300 5450 tempus
2328 5401 2495 5452 usque
2523 5384 2813 5439 Dominicm
2845 5386 3235 5441 luearnatiouis

1673 5471 1956 5526 observata
1990 5473 2111 5537 fuit,
2155 5477 2291 5529 sicut
2322 5479 2502 5541 modo,
2536 5495 2656 5530 cum
2693 5480 2957 5545 legeretur
2989 5479 3232 5545 Evange-

1667 5566 1816 5631 lium,
1853 5568 2176 5621 audivimus.
2213 5569 2345 5633 Qua:
2380 5571 2541 5623 etiam
2570 5573 2836 5626 dedicatio
2866 5574 3065 5627 salubri
3100 5589 3231 5625 cou-

1667 5663 1951 5715 snetudine
1983 5664 2033 5715 in
2069 5663 2320 5719 Ecclesiis
2348 5665 2545 5720 Christi
2580 5669 2780 5721 servari
2811 5669 3068 5723 moderno
3098 5679 3234 5721 tem-

1668 5768 1794 5821 porc
1824 5754 2182 5823 dignoscitur.
2233 5758 2696 5814 Consideranlum
2737 5771 2815 5814 est
2857 5776 3024 5828 quare
3074 5774 3232 5813 evan-
