3822 6226
528 407 588 459 71
917 395 1116 451 ΒΕὒιΕ
1158 387 1603 447 VENERABILIS
1642 385 1789 440 OPP.
1833 381 2005 437 PARS
2046 379 2063 433 1

2187 374 2338 431 ΕΟΤ.
2374 374 2414 428 1.
2440 402 2499 414 -
2532 366 2915 423 EXECETICA
2959 362 3277 418 GENUINA.
3600 363 3693 417 ΤΗ.

492 518 677 589 gelista
728 515 983 568 dixisset:
1013 509 1135 562 llmc
1164 504 1393 560 encmnia
1430 500 1616 554 hiemis
1645 506 1876 565 tempore
1908 493 2040 545 facta
2074 492 2119 549 Α
2147 497 2200 541 et
2228 486 2341 540 Filii
2364 503 2377 549 ;
2404 482 2495 537 sed
2514 483 2649 535 hanc
2672 481 2823 532 tidem
2843 476 2997 531 corda
3026 476 3311 529 inﬁdelium
3336 474 3579 542 accipere
3602 490 3695 527 non

495 582 638 662 esse.
663 604 886 660 Omnino
913 607 1128 669 propter
1154 593 1399 650 duritiam
1430 591 1752 649 Judmorum,
1781 594 1833 639 et
1860 582 2045 637 inlide-

501 698 719 757 litatem,
748 710 862 755 autc
899 692 1106 761 frigoris
1153 686 1365 741 nomine
1411 699 1553 749 saepe
1599 680 1862 748 designari
1920 677 2046 744 legi-

497 800 599 840 tur.
634 785 695 837 Et
718 782 1009 836 ambulabat
1036 778 1183 833 Jesus
1207 780 1259 830 in
1283 776 1479 843 porticu
1504 772 1813 828 Salomonis.
1839 770 1893 823 Si
1923 782 2049 835 ergo

497 876 587 930 Dei
617 875 778 930 Filius
808 872 1078 927 ambulare
1108 870 1272 921 voluit
1298 867 1350 919 in
1383 865 1602 930 templo,
1637 864 1687 915 in
1719 875 1820 930 quo
1848 873 1974 913 caro
1996 865 2050 910 et

502 965 714 1031 sanguis
738 964 1008 1017 hrutorttm
1033 958 1335 1013 animalium
1370 952 1707 1017 offerebatur,
1740 951 1903 1003 multo
1935 962 2049 1000 ma-

502 1058 582 1125 gis
631 1064 861 1109 nostram
898 1051 1154 1106 orationis
1190 1050 1429 1113 domum,
1465 1047 1552 1100 ubi
1581 1043 1755 1097 carnis
1788 1040 1953 1109 ipsius
1991 1052 2053 1093 ac

505 1149 771 1216 sanguinis
802 1152 1129 1199 sacramenta
1155 1140 1515 1201 celebrantur,
1542 1136 1755 1189 visitare
1783 1130 2050 1202 gaudebit.

502 1240 558 1295 Si
590 1239 952 1307 perambulare
983 1251 1087 1288 non
1127 1232 1378 1301 despexit
1418 1227 1699 1295 porticum,
1744 1225 1794 1276 in
1827 1237 1931 1290 quo
1963 1234 2055 1274 rex

503 1330 766 1399 quondam
806 1325 1043 1380 mortalis
1070 1340 1131 1377 ac
1158 1333 1421 1383 terrenus,
1470 1314 1707 1385 quamvis
1757 1309 2055 1380 pmeutissi-

509 1434 626 1474 mus
668 1433 729 1471 ac
774 1416 1214 1485 sapientissimus,
1245 1412 1311 1465 ad
1356 1408 1612 1464 orandum
1661 1414 1801 1459 stare
1831 1401 2055 1464 solebat,

507 1517 701 1578 quanto
750 1507 914 1574 magis
958 1503 1245 1573 penetralia
1292 1500 1528 1554 cordium
1580 1504 1882 1549 nostrorum
1928 1488 2060 1542 invi-

510 1614 628 1653 sere
656 1607 813 1664 atque
840 1598 1100 1650 illustrare
1123 1590 1412 1651 desiderat,
1440 1588 1484 1641 si
1510 1595 1682 1639 tamen
1711 1597 1771 1636 ea
1803 1582 2057 1648 porticum

514 1705 632 1746 esse
678 1688 998 1751 Salomonis,
1030 1686 1129 1739 hoc
1157 1693 1257 1747 est,
1301 1683 1343 1735 si
1386 1696 1445 1733 ea
1488 1680 1729 1732 timorem
1757 1686 1933 1732 suum,
1973 1669 2061 1737 qui

514 1789 596 1832 est
637 1779 840 1832 initium
891 1774 1197 1841 sapientiae,
1249 1771 1443 1824 habere
1482 1763 1848 1837 perspexerit?
1885 1760 2063 1825 Neque

513 1871 653 1923 enim
695 1867 983 1935 putandum
1012 1875 1094 1919 est
1118 1864 1235 1932 quia
1264 1862 1453 1915 domus
1479 1857 1831 1917 solummodo,
1880 1852 1929 1907 in
1960 1868 2058 1919 qua

513 1960 577 2011 ad
619 1960 875 2012 orandum
925 1954 1008 2009 vel
1049 1954 1113 2007 ad
1154 1950 1403 2021 mysteria
1447 1947 1763 2003 celebranda
1814 1942 2062 1997 conveni-

512 2062 648 2110 mus,
696 2045 949 2113 templum
1001 2044 1069 2096 sit
1116 2042 1352 2104 Domini;
1393 2049 1444 2093 et
1478 2054 1579 2091 non
1620 2035 1743 2105 ipsi,
1772 2035 1859 2103 qui
1888 2035 1937 2085 in
1969 2048 2066 2085 uo-

516 2140 657 2191 mine
703 2136 908 2190 Domini
941 2135 1305 2197 convenimus,
1350 2131 1515 2185 multo
1558 2128 1785 2201 amplius
1815 2126 2065 2194 templum

514 2230 627 2295 ejus
652 2228 978 2296 appellemur
1004 2236 1058 2280 et
1079 2227 1267 2289 simus,
1301 2240 1419 2275 cum
1450 2220 1728 2275 manifeste
1756 2219 1895 2272 dicat
1924 2220 2065 2284 Apo-

514 2321 681 2372 stolus
707 2337 717 2369 :
762 2318 855 2370 Vos
900 2320 1015 2370 estis
1047 2317 1284 2385 templum
1316 2313 1405 2366 Dei
1449 2312 1559 2376 vivi,
1591 2311 1719 2363 sicut
1752 2311 1873 2361 dicit
1904 2308 2063 2371 Deus,

515 2408 815 2461 lnhabitabo
843 2408 894 2458 in
922 2407 1011 2469 eis,
1038 2413 1083 2457 et
1111 2406 1239 2458 inter
1269 2402 1383 2455 illos
1404 2399 1677 2454 ‘ambulabo
1705 2398 1789 2468 (ΙΙ
1822 2397 1939 2450 Cor.
1964 2396 2062 2463 v1).

516 2496 757 2550 Ostendit
778 2510 905 2563 ergo
929 2492 1245 2561 evangelista
1271 2506 1364 2545 cur
1386 2491 1605 2545 dixisset
1630 2488 1803 2540 hiemis
1830 2496 2068 2554 tempore,

521 2587 647 2640 dum
680 2585 848 2653 inquit
876 2600 889 2635 :

595 2674 1185 2727 Circumdederunteum
1212 2670 1403 2726 Judazi.
1450 2668 1921 2725 Circumdederunt
1972 2665 2073 2717 ita-

520 2782 622 2833 que
644 2781 763 2821 eum
789 2764 1091 2818 tentationis
1119 2761 1306 2830 gratia,
1332 2777 1434 2815 non
1466 2761 1701 2814 veritatis
1726 2754 2071 2824 agnoscenda:

524 2859 812 2918 voluntate,
842 2866 891 2909 et
923 2856 1169 2908 dicebant
1201 2871 1211 2903 :

595 2945 868 3013 Quousque
892 2944 1115 2994 animant
1136 2951 1358 2994 nostram
1381 2940 1513 2991 tollis
1539 2939 1563 2991 ?
1588 2937 1646 2990 Si
1670 2946 1721 2989 tu
1745 2952 1795 2989 es
1822 2934 2068 3001 Christus,

523 3036 605 3088 dic
634 3034 773 3107 nobis
801 3034 992 3102 palam.
1027 3030 1147 3083 llmc
1173 3044 1301 3082 vero
1330 3044 1432 3082 non
1491 3029 1766 3080 veritatem
1823 3024 1943 3077 fidei
1994 3024 2074 3076 iu-

524 3126 802 3195 quirendo,
831 3124 922 3176 sed
969 3122 1063 3187 illi,
1111 3135 1266 3189 quem
1316 3118 1729 3187 interrogabant,
1759 3115 2069 3179 insidiando,

522 3225 575 3268 ct
629 3212 945 3266 calumniam
992 3207 1280 3272 struendo,
1329 3209 1610 3271 dicebant,
1670 3216 1726 3260 ut
1778 3206 2073 3259 invenirent

528 3301 737 3369 quando
794 3306 1102 3353 accusarent
1145 3311 1305 3361 eum,
1374 3298 1613 3350 uolentes
1675 3310 1795 3349 eum
1856 3292 2076 3348 credere

528 3392 719 3455 Deum,
747 3389 837 3443 sed
868 3387 1132 3442 hominem
1188 3402 1373 3454 purum
1408 3386 1768 3439 tantummodo
1824 3386 2073 3447 l‘uturum,

531 3489 583 3534 et
614 3495 788 3549 regem
818 3479 1024 3533 cmteris
1054 3478 1351 3532 Ιιοιιιί.ι11›ιιε
1377 3476 1720 3529 excelsiorem
1751 3488 1871 3529 esse
1894 3482 2075 3529 ventu-

525 3583 801 3639 rum;qua
828 3568 984 3622 etiam
1013 3568 1272 3621 dementia
1329 3567 1519 3631 posteri
1565 3578 1748 3619 eorum
1804 3576 1972 3631 usque
2022 3561 2074 3615 in

526 3673 782 3729 praesens,
813 3668 867 3711 et
892 3658 1060 3711 donec
1089 3656 1466 3711 Antichristum
1514 3667 1608 3721 pro
1651 3654 1864 3707 Christo
1910 3651 2076 3706 susci-

528 3752 897 3820 piant,errare
921 3764 1023 3803 non
1056 3755 1285 3801 cessant.
1341 3744 1470 3799 Etsi
1517 3760 1574 3798 se
1630 3743 1883 3797 Dominus
1929 3741 2082 3795 Jesus

527 3840 775 3894 Christus
823 3853 939 3891 esse
970 3836 1329 3903 responderet,
1364 3834 1664 3901 cogitabant
1710 3848 1828 3887 eum
1876 3832 2083 3885 tradere

530 3929 774 3998 potestati
800 3927 1035 3995 prmsidis
1062 3906 1563 3993 puniendtint,qti:isi
1586 3933 1765 3975 contra
1791 3923 2081 3988 Augustum

532 4031 849 4086 repugnans,
884 4017 1121 4069 illicitum
1150 4015 1248 4069 sibi
1300 4023 1577 4080 usurparet
1620 4014 1919 4080 imperium.
1978 4012 2081 4064 Sed

534 4108 644 4173 ipse
668 4114 861 4158 nostra:
889 4105 1042 4159 saluti
1082 4104 1381 4167 consulens,
1416 4114 1625 4171 propter
1651 4117 1781 4171 quos
1811 4103 1923 4153 haec
1952 4101 2082 4153 scri-

536 4195 703 4249 benda
748 4206 920 4257 erant,
950 4194 1000 4246 id
1060 4207 1368 4261 responsum
1419 4192 1721 4259 temperavit
1752 4206 1925 4253 suum,
1953 4197 2087 4241 utet

535 4284 969 4337 calumniatorum
998 4298 1087 4334 ora
1115 4282 1474 4347 concluderet,
1496 4288 1549 4333 et
1574 4282 1689 4349 quia
1717 4280 1955 4333 Christus
1979 4289 2081 4343 est,

538 4377 780 4429 ﬁdelibus
810 4383 989 4442 aperta
1012 4387 1137 4425 voce
1164 4375 1437 4441 panderet.
1486 4372 1563 4425 llli
1588 4374 1726 4425 enim
1756 4372 1819 4425 de
1874 4370 1995 4423 hom
2022 4384 2087 4422 ne

2148 578 2443 646 quiverunt,
2471 573 2535 625 de
2559 572 2748 639 quibus
2776 568 2850 620 ait
2886 585 2897 618 :

2221 667 2324 722 Sed
2353 682 2437 719 vos
2466 680 2563 717 non
2594 659 2815 714 creditis.
2871 658 3199 725 Causamque
3246 653 3417 709 reddit
3455 669 3547 707 cur
3603 668 3699 708 non

2149 760 2441 816 crederent.

2225 851 2354 917 Quia
2382 865 2478 901 non
2502 849 2622 901 estis
2646 863 2707 898 ea:
2736 846 2907 897 ovibus
2930 843 3070 895 meis.
3099 839 3237 893 Oves
3267 844 3388 890 sunt
3414 834 3695 895 credendo,

2150 958 2281 996 oves
2304 950 2424 994 sunt
2454 949 2715 1008 pastorem
2744 934 3035 1002 sequendo,
3070 946 3195 984 oves
3224 940 3348 983 sunt
3389 928 3698 991 Redempto-

2153 1047 2261 1084 rem
2305 1044 2408 1083 non
2449 1025 2856 1083 contemnendo,
2876 1038 3001 1076 oves
3030 1031 3145 1073 sunt
3179 1035 3269 1087 per
3298 1018 3487 1072 ostium
3514 1017 3702 1069 intran-

2154 1118 2245 1183 do,
2276 1131 2400 1172 oves
2441 1124 2563 1170 sunt
2588 1113 2851 1177 exeundo,
2880 1122 2934 1165 et
2976 1126 3164 1177 pascua
3196 1108 3532 1162 inveniendo.
3566 1106 3698 1171 Quo-

2158 1208 2314 1259 modo
2342 1220 2467 1275 ergo
2499 1205 2612 1258 istis
2638 1203 2817 1257 dixit:
2878 1200 2999 1253 Non
3052 1201 3169 1251 estis
3224 1215 3289 1251 ex
3342 1198 3511 1249 ovibus
3558 1197 3705 1248 meis?

2156 1300 2275 1367 quia
2322 1298 2531 1352 videbat
2576 1312 2667 1351 eos
2717 1295 2779 1349 ad
2807 1294 3181 1362 sempiternam
3216 1291 3417 1343 futuros
3449 1288 3693 1356 perditio-

2159 1406 2301 1455 nem,
2321 1404 2421 1442 non
2448 1390 2511 1442 ad
2536 1388 2691 1442 vitam
2719 1397 2968 1441 teternam
2989 1382 3071 1437 sui
3093 1380 3362 1449 sanguinis
3386 1379 3556 1448 pretio
3578 1392 3706 1430 com-

2163 1491 2390 1548 paratos.

2236 1568 2364 1622 Ores
2394 1582 2516 1620 mea:
2543 1583 2712 1620 vocem
2750 1580 2913 1617 meam
2963 1563 3199 1625 audiunt,
3249 1570 3295 1613 et
3339 1574 3429 1626 ego
3477 1573 3705 1626 cognosse

2164 1675 2269 1723 eas,
2290 1667 2337 1711 et
2367 1668 2643 1725 sequuntur
2669 1671 2763 1717 me,
2783 1663 2829 1707 et
2852 1669 2943 1721 ego
2968 1654 3116 1704 t-itant
3138 1660 3375 1703 wternam
3397 1647 3459 1698 do
3478 1648 3565 1698 eis.
3592 1646 3709 1697 Dicit

2164 1750 2327 1811 cnitn,
2356 1762 2597 1817 cegnosco
2646 1761 2748 1798 eas.
2798 1741 3134 1797 Consuetudo
3187 1748 3389 1792 sancta:
3438 1737 3707 1801 Scriptura:

2093 1827 2139 1886 Β
2168 1851 2245 1894 est
2277 1839 2451 1893 dicere
2484 1837 2759 1891 Dominum
2788 1850 2945 1889 nosse
2970 1831 3221 1902 quidquid
3268 1831 3437 1900 eligit,
3468 1829 3705 1895 Apostoio

2162 1934 2409 1985 dicente:
2448 1927 2606 1981 Novit
2641 1926 2887 1978 Dominus
2913 1925 2999 1993 qui
3047 1933 3164 1976 sunt
3202 1925 3311 1991 ejus
3341 1919 3431 1987 (II
3459 1917 3589 1972 Tim.
3621 1922 3707 1981 tt);

2164 2034 2217 2078 et
2246 2022 2377 2076 illud
2424 2020 2651 2081 nescire,
2678 2014 2818 2085 quod
2871 2030 2975 2068 non
3020 2013 3280 2082 approbat
3330 2011 3545 2079 dignum
3599 2010 3707 2061 \ita'

2168 2124 2401 2167 aeternae.
2440 2110 2585 2163 Unde
2614 2107 2677 2159 ad
2712 2104 2898 2174 impios
2948 2104 3184 2156 dicturus
3224 2100 3326 2155 erit
3382 2118 3394 2151 :
3457 2096 3573 2150 Non
3615 2098 3711 2147 noti

2166 2220 2251 2255 vus
2282 2198 2490 2271 (Matth.
2527 2202 2635 2265 vn).
2664 2197 2913 2264 Sequitur
2940 2194 3006 2247 de
3032 2194 3221 2246 ovibus
3254 2208 3270 2245 :
3321 2190 3387 2241 Et
3436 2205 3524 2257 ego
3580 2189 3710 2239 vitam

2169 2305 2406 2347 a'ternam
2435 2292 2502 2341 do
2528 2291 2618 2342 eis.
2656 2288 2773 2339 llzec
2805 2295 2925 2338 sunt
2964 2297 3149 2351 pascua
3178 2297 3295 2348 qua:
3326 2280 3568 2347 superius
3608 2294 3710 2346 pro-

2171 2383 2315 2436 misit
2358 2380 2545 2434 ovibus
2597 2380 2728 2440 suis,
2759 2378 2842 2431 ubi
2912 2374 3050 2428 nulla
3103 2373 3265 2426 herba
3311 2372 3522 2438 crescit,
3566 2379 3710 2422 totum

2170 2478 2325 2539 viret,
2345 2481 2506 2527 totum
2534 2472 2691 2537 viget,
2718 2479 2881 2523 totum
2900 2468 3161 2534 integrum
3193 2474 3486 2532 permanet,
3504 2471 3557 2517 et
3577 2462 3712 2528 quid-

2172 2568 2295 2634 quid
2317 2564 2481 2617 semel
2510 2562 2789 2629 accipitur,
2815 2575 3024 2627 semper
3049 2558 3290 2612 habetur.

2245 2656 2310 2709 Et
2360 2671 2460 2707 non
2502 2652 2730 2721 peribunt
2782 2651 2833 2703 in
2874 2659 3137 2703 internum.
3184 2645 3277 2699 llic
3324 2642 3714 2699 subaudiendum

2170 2758 2250 2802 est
2278 2742 2544 2815 quomodo
2577 2756 2669 2795 vos
2703 2741 2939 2809 peribitis
2960 2780 2974 2805 ,
3006 2737 3126 2808 quia
3165 2752 3267 2790 non
3297 2735 3426 2790 estis
3463 2749 3526 2788 es
3556 2732 3716 2785 ovibus

2172 2837 2323 2891 meis.

2247 2928 2314 2983 Et
2342 2942 2444 2980 non
2469 2927 2631 2991 rapiet
2660 2938 2743 2977 eas
2770 2921 3035 2990 quisquam
3064 2920 3126 2972 de
3156 2933 3309 2970 manu
3338 2930 3470 2967 mea.
3518 2910 3572 2966 Id
3614 2922 3713 2969 eSt.

2177 3027 2437 3089 potestate
2460 3030 2599 3069 mea.

2248 3108 2401 3161 Pater
2442 3120 2581 3158 meus
2611 3104 2745 3171 quod
2794 3101 2932 3154 dedit
2962 3099 3084 3152 mihi
3108 3138 3124 3164 ,
3169 3100 3336 3165 majus
3380 3096 3607 3148 omnibus
3644 3105 3717 3147 est.

2176 3198 2325 3267 Quod
2357 3196 2499 3250 dedit
2528 3196 2677 3249 Pater
2702 3192 2830 3245 Filio
2858 3191 3028 3259 majus
3050 3188 3295 3243 omnibus
3321 3196 3419 3248 est,
3447 3195 3501 3239 ut
3529 3187 3633 3252 ipse
3660 3187 3719 3238 illi

2174 3300 2317 3348 esset
2334 3289 2631 3357 unigenitus
2650 3286 2834 3347 Filius,
2855 3284 3088 3353 aqualis,
3108 3279 3590 3336 consubstantialis.
3606 3277 3721 3341 Quid

2175 3394 2255 3437 est
2282 3380 2420 3451 quod
2457 3378 2639 3433 dedit?
2669 3376 2856 3443 Utique
2883 3371 3147 3443 gignendo
3177 3370 3341 3432 dedit,
3363 3370 3484 3438 quia
3517 3383 3615 3421 non
3642 3368 3723 3418 mi-

2180 3489 2359 3528 norem
2408 3471 2505 3526 sibi
2555 3469 2776 3538 genuit,
2825 3482 2926 3520 non
2962 3475 3200 3532 tempore
3240 3463 3617 3533 posteriorem,
3645 3460 3721 3513 sed

2178 3576 2496 3619 eoa~ternum
2528 3601 2543 3627 ,
2577 3562 2691 3615 sine
2719 3558 2869 3613 initio
2901 3556 3151 3623 temporis
3179 3569 3388 3621 semper
3418 3554 3601 3607 Deum.
3630 3551 3722 3604 Non

2177 3669 2254 3708 ρει
2286 3653 2566 3708 dicendum
2592 3668 2607 3705 :
2648 3650 2762 3705 Non
2792 3660 2904 3704 erat
2931 3658 3211 3717 antequam
3242 3657 3393 3701 natus
3421 3657 3557 3702 erat.
3602 3644 3722 3699 Nun-

2180 3763 2337 3816 quam
2371 3747 2511 3800 enim
2540 3760 2644 3799 non
2677 3751 2830 3797 natus
2858 3748 2992 3803 erat,
3016 3740 3103 3808 qui
3135 3740 3273 3792 Patri
3300 3749 3592 3793 coaeternus
3610 3747 3720 3789 erat.

2181 3838 2277 3904 Qui
2325 3836 2497 3902 sapit,
2546 3834 2720 3902 capit;
2770 3835 2858 3901 qui
2905 3847 3006 3885 non
3046 3831 3222 3899 capit,
3255 3828 3456 3883 credat.
3486 3828 3723 3882 Nutriatur

2183 3931 2305 3993 lide,
2338 3938 2391 3981 ut
2422 3925 2585 3993 possit
2609 3938 2806 3993 capere
2837 3923 3055 3975 verbum
3089 3921 3178 3974 Dei
3206 3964 3219 3987 ,
3255 3920 3374 3987 quia
3408 3919 3627 3973 Verbum
3656 3916 3722 3970 Fi-

2185 4021 2308 4073 lius.
2360 4016 2581 4082 Semper
2619 4028 2746 4082 ergo
2792 4012 2954 4066 Filius
2979 4052 2993 4075 ,
3040 4020 3092 4066 et
3121 4024 3331 4078 semper
3373 4007 3603 4076 aequalis.
3632 4006 3721 4059 Non

2184 4108 2322 4163 enim
2350 4104 2661 4166 crescendo,
2693 4102 2784 4154 sed
2815 4101 3079 4155 nascendo
3108 4099 3326 4166 aequalis
3355 4106 3470 4161 est,
3502 4097 3585 4165 qui
3607 4111 3724 4149 sem-

2188 4212 2281 4267 per
2308 4204 2460 4247 natus
2486 4193 2553 4247 de
2583 4194 2733 4246 l’atre
2767 4190 2929 4243 Filius
2952 4231 2967 4255 ,
3005 4188 3071 4242 de
3105 4189 3211 4241 Deo
3242 4188 3379 4241 Deus
3402 4227 3417 4250 ,
3461 4188 3530 4240 de
3555 4195 3725 4239 esterno

2185 4293 2498 4339 coa‘teruus.
2532 4284 2684 4337 Pater
2706 4290 2883 4334 autem
2917 4296 3017 4333 non
3045 4278 3111 4331 de
3139 4277 3277 4331 Filio
3311 4278 3471 4343 Deus,
3502 4277 3651 4331 Filius
3671 4278 3724 4329 de

2186 4375 2344 4428 Patre
2374 4374 2533 4427 Deus.
2560 4371 2684 4425 Ideo
2705 4370 2863 4425 Pater
2885 4368 3144 4439 gignendo
3165 4367 3310 4421 dedit
3338 4376 3396 4420 ut
3425 4368 3562 4422 Deus
3587 4376 3722 4425 esset,

536 4466 747 4519 Christo
772 4465 1094 4533 quaerebant,
1122 4464 1232 4529 ipse
1262 4473 1436 4517 autem
1480 4462 1766 4516 divinitatis
1823 4476 1951 4522 suae,
1981 4474 2083 4529 qua
2116 4487 2166 4546 υ
2190 4464 2450 4536 gignendo
2476 4462 2622 4517 dedit
2646 4471 2705 4517 ut
2726 4461 2943 4530 mqualis
2972 4467 3136 4522 esset,
3168 4458 3268 4512 hoc
3294 4466 3395 4522 est,
3425 4456 3561 4525 quod
3584 4456 3722 4522 majus

541 4559 760 4627 aequalis
789 4569 871 4611 est
903 4557 1065 4623 Patri,
1091 4556 1260 4624 palam
1286 4558 1532 4626 mysteria
1563 4568 1758 4612 narrat.
1792 4556 1925 4622 Quid
1958 4571 2086 4625 ergo

534 4650 706 4705 Judaei
732 4648 1118 4703 circumdantes
1153 4648 1428 4701 Dominum
1454 4648 1732 4713 dixerunt,
1765 4649 2037 4703 videamus
2070 4665 2082 4698 :

539 4744 834 4811 Quousque,
861 4740 1121 4809 inquiunt,
1147 4741 1374 4792 animam
1402 4750 1623 4794 nostram
1655 4741 1789 4793 tollis
1812 4742 1836 4794 ?
1867 4740 1927 4795 Si
1958 4750 2012 4792 tu
2034 4755 2085 4792 es

536 4831 792 4896 Christus,
823 4832 903 4883 die
929 4832 1070 4883 nobis
1101 4830 1294 4898 palam.
1321 4831 1432 4883 Non
1458 4832 1598 4884 venit
1636 4830 1876 4884 Christus
1925 4830 1976 4881 in
2029 4843 2087 4882 se

538 4921 875 4975 credentibus
905 4919 1134 4973 animam
1174 4919 1377 4984 tollere,
1410 4920 1499 4973 sed
1522 4923 1747 4971 animam
1797 4916 2089 4970 viviﬁcare.

544 5008 647 5064 Sed
677 5010 773 5077 ipsi
802 5010 899 5062 sibi
931 5009 1097 5062 Judazi
1129 5010 1355 5061 animam
1402 5025 1491 5076 per
1544 5010 1902 5061 inﬁdelitatem
1955 5008 2087 5061 tule-

544 5110 685 5163 Iunt,
705 5099 791 5166 qui
822 5107 1026 5151 tentare
1048 5099 1338 5161 Christum,
1364 5114 1465 5151 non
1487 5098 1534 5148 in
1557 5095 1820 5151 Christum
1844 5096 2085 5162 credere,

540 5188 839 5255 congregati
880 5196 1020 5240 sunt.

619 5277 892 5342 Respondit
918 5278 983 5328 eis
1007 5274 1172 5329 Jesus.
1208 5276 1404 5344 Loquor
1450 5276 1602 5340 vobis,
1635 5285 1679 5327 et
1711 5293 1809 5327 non
1860 5277 2087 5331 creditis.

548 5367 760 5431 Proprie
782 5368 1015 5420 ostendit
1044 5366 1157 5432 quis
1183 5376 1341 5429 esset,
1375 5368 1498 5418 dum
1550 5366 1682 5418 dixit
1714 5385 1724 5417 :
1763 5366 1957 5434 Loquor
2004 5383 2087 5419 vo-

546 5457 639 5519 bis,
675 5456 721 5506 id
752 5465 851 5521 est,
883 5456 1109 5509 Verbum
1138 5456 1221 5507 Dei
1249 5466 1561 5509 comteruutn
1590 5458 1742 5522 putri,
1767 5460 1885 5523 quia
1911 5472 2093 5522 opera,

546 5564 659 5615 quae
690 5547 883 5599 facitin
937 5548 1145 5599 nomine
1198 5546 1385 5611 Patris,
1437 5552 1787 5599 testimonium
1822 5548 2099 5615 perhibent

549 5636 681 5703 quod
713 5648 791 5689 est
827 5636 988 5689 Filius
1013 5636 1124 5701 Dei,
1157 5638 1243 5703 qui
1273 5638 1490 5703 gloriam
1521 5650 1667 5688 suam
1704 5651 1803 5689 non
1834 5638 2094 5700 quaesivit,

551 5731 638 5779 sed
666 5729 777 5796 ejus
807 5732 889 5799 qui
922 5730 1060 5783 misit
1090 5730 1231 5783 illum
1284 5729 1400 5795 quia
1430 5744 1526 5779 una
1578 5737 1658 5780 est
1714 5728 1878 5796 gloria
1928 5728 2100 5781 Patris

2192 4566 2272 4611 est
2300 4555 2564 4611 omnibus.
2609 4552 2729 4608 Ideo
2777 4552 3101 4607 transcendit
3144 4553 3243 4607 isto
3288 4552 3521 4607 Joannes
3566 4559 3725 4604 omnes

2193 4645 2500 4701 altitudines
2536 4652 2900 4699 creaturarum
2929 4686 2944 4711 ,
2974 4653 3028 4697 et
3058 4642 3221 4696 millia
3249 4643 3517 4697 exercitus
3542 4640 3725 4710 angelo-

2193 4751 2309 4791 rum
2335 4778 2351 4803 ,
2388 4745 2442 4791 et
2469 4749 2656 4805 magna
2705 4734 2886 4789 omnia
2913 4773 2929 4799 ,
2958 4742 3013 4787 et
3042 4733 3284 4801 pervenit
3307 4733 3374 4787 ad
3405 4733 3528 4787 illud
3554 4773 3568 4796 ,
3606 4728 3724 4800 quod

2192 4827 2361 4896 majus
2380 4836 2463 4881 est
2483 4827 2747 4890 ottmihus,
2771 4836 2824 4879 et
2844 4824 2969 4879 dicit
2990 4844 3000 4876 :
3025 4824 3085 4878 In
3109 4826 3363 4893 principio
3383 4837 3489 4878 erat
3514 4823 3723 4886 Verbum,

2191 4927 2234 4969 et
2249 4915 2460 4970 Verbum
2476 4928 2580 4971 erat
2596 4918 2733 4983 apud
2752 4913 2934 4981 Deum,
2954 4914 3139 4971 etDeus
3153 4928 3261 4970 erat
3274 4917 3494 4971 Verbum
3512 4922 3524 4973 (
3533 4918 3724 4977 locus).

2196 5007 2305 5061 Hoc
2336 5019 2416 5061 est
2440 5008 2577 5074 quod
2608 5007 2779 5076 majus
2807 5008 3051 5061 omnibus
3076 5018 3175 5071 est,
3205 5008 3257 5061 id
3290 5016 3392 5070 est,
3426 5021 3479 5061 ut
3509 5009 3600 5061 εἰιιι
3622 5007 3725 5059 ἵετε

2196 5098 2319 5151 bum
2361 5097 2478 5166 ejus
2506 5138 2521 5161 .
2570 5108 2626 5150 ut
2673 5099 2770 5151 sim
2803 5098 3097 5166 unigenitus
3141 5096 3305 5151 Filius
3351 5098 3466 5165 ejus
3493 5140 3508 5163 ,
3558 5108 3609 5150 ut
3647 5096 3725 5149 sim

2195 5188 2446 5257 splendor
2473 5188 2601 5242 lucis
2639 5188 2775 5256 ejus.
2827 5188 2949 5243 Ideo
2992 5204 3147 5243 nemo
3190 5193 3327 5256 rapit
3356 5205 3484 5245 oves
3511 5191 3572 5244 de
3597 5202 3725 5240 manu

2198 5294 2333 5333 1111³2.

2269 5370 2333 5422 Et
2374 5387 2515 5423 nemo
2549 5380 2707 5439 potest
2742 5386 2916 5438 rapere
2946 5370 3008 5423 de
3036 5385 3187 5422 manu
3235 5368 3403 5423 Patris
3436 5370 3551 5423 mei.
3577 5368 3725 5420 Macta

2201 5464 2367 5518 Patris
2394 5472 2447 5515 et
2474 5477 2657 5515 manus
2687 5461 2806 5515 Filii
2840 5478 2939 5515 una
2972 5477 3155 5516 manus
3186 5473 3289 5523 est,
3326 5463 3376 5516 id
3405 5476 3506 5526 est,
3533 5478 3625 5516 una
3652 5474 3724 5525 po-

2203 5562 2380 5616 testas,
2413 5553 2529 5619 quia
2561 5567 2660 5604 una
2699 5552 2946 5606 divinitas
2972 5592 2987 5616 ,
3020 5567 3120 5605 uua
3150 5551 3435 5619 niajcstas,
3473 5568 3569 5605 una
3598 5560 3727 5602 ater-

2201 5643 2374 5702 nitas,
2421 5655 2522 5692 una
2570 5639 2861 5707 a-qualitas.
2906 5640 3070 5704 Quam
3115 5639 3363 5694 videlicet
3411 5641 3725 5709 aequalitatem

2204 5734 2314 5801 ipse
2347 5731 2601 5789 Dominus
2632 5732 2682 5785 in
2716 5730 2990 5786 divinitate
3020 5732 3236 5795 habuit,
3277 5732 3579 5803 priusquam
3606 5745 3725 5784 mun-
