3822 6226
141 393 235 450 773

1064 399 1127 451 ΙΝ
1168 400 1225 453 S.
1267 399 1546 458 JOANMS
1587 400 2029 461 EVANGELIUM
2073 407 2448 466 EXPOSITIO.

3249 415 3352 470 770

139 510 227 562 dus
247 516 407 573 esset,
438 508 576 576 apud
612 505 819 562 Patrem
853 508 1030 579 (Joan.
1065 513 1226 583 svnt),
1257 513 1369 584 ipse
1397 515 1446 567 in
1481 512 1689 567 hutnili-
1723 515 1766 572 Α
1796 526 1842 568 et
1890 520 2024 571 misit
2067 521 2118 572 in
2166 523 2432 586 mundum,
2474 537 2556 575 vos
2594 524 2760 579 dicitis
2797 542 2818 580 :
2849 527 2980 592 Quia
3010 529 3354 602 blasphemas,

138 609 236 653 tate
254 614 315 653 ex
339 609 581 668 tempore
608 599 989 656 lncarnatiouis
1013 606 1238 674 accepit,
1261 618 1314 661 et
1335 623 1494 662 nemo
1517 617 1692 678 potest

139 703 306 756 rapere
341 689 408 743 de
451 703 609 742 manu
657 692 827 744 Patris
876 694 1003 750 mei.
1052 695 1248 763 Aperte
1296 700 1426 753 dans
1473 698 1688 766 intelligi

140 795 277 834 unam
306 792 463 850 atque
493 780 863 836 indissimilem
895 798 1013 840 esse
1037 801 1250 842 manum
1272 831 1286 856 ,
1318 789 1418 843 hoc
1447 798 1549 853 est,
1583 790 1689 843 vir-

139 882 284 927 tutem
313 887 487 939 suam,
513 883 565 927 et
597 873 802 938 Patris;
842 886 999 946 atque
1026 877 1146 933 ideo
1175 880 1445 934 Christum
1484 895 1542 936 se
1569 895 1688 936 esse

135 962 431 1018 credendum
458 1003 474 1027 ,
509 963 598 1032 qui
631 978 734 1018 non
759 1007 774 1030 ,
810 966 947 1021 sicut
983 971 1159 1022 caeteri
1186 1011 1203 1036 ,
1248 971 1414 1025 factus
1448 985 1540 1038 per
1569 985 1686 1041 gra-

136 1055 245 1109 tiam
285 1070 344 1108 ex
391 1065 654 1125 tempore,
687 1057 780 1112 sed
811 1074 965 1113 verus
994 1076 1207 1130 semper
1235 1064 1497 1117 exstiterit
1526 1063 1685 1118 Filius

137 1149 236 1209 hei,
265 1146 396 1213 quod
425 1147 588 1202 etiam
618 1153 863 1219 sequenti
900 1155 1161 1208 sententia
1193 1154 1309 1209 luce
1336 1156 1530 1211 clarius
1557 1171 1683 1226 ape-

135 1239 209 1298 rit,
234 1236 435 1290 dicens:

194 1326 293 1395 Ego
319 1337 361 1381 et
385 1325 550 1382 Pater
579 1346 735 1385 unum
758 1350 959 1388 sumus.
993 1335 1186 1400 Unum,
1219 1336 1419 1407 inquit,
1456 1353 1636 1394 sumus
1664 1359 1678 1405 ;

133 1431 218 1468 una
242 1417 384 1472 nobis
407 1420 723 1486 substantia,
751 1439 850 1476 una
874 1434 953 1478 est
975 1427 1244 1495 divinitas,
1268 1444 1367 1482 una
1391 1432 1679 1498 aeternitas,

132 1506 343 1570 perlecta
388 1509 692 1576 inqualitas,
727 1511 1106 1566 dissimilitudo
1135 1516 1299 1572 nulla.
1330 1515 1530 1582 Quibus
1560 1533 1681 1586 pro—

131 1594 251 1647 lecto
278 1596 451 1650 verbis
499 1614 605 1651 non
657 1614 970 1666 praesentem
1017 1605 1350 1662 solummodo
1376 1608 1678 1665 Judteoru'm

127 1688 472 1754 quur-stionem,
525 1706 629 1759 qua
660 1707 726 1746 an
757 1695 872 1761 ipse
903 1707 1042 1751 esset
1069 1698 1349 1766 Christus,
1385 1703 1678 1772 interroga-

128 1779 266 1840 baut,
293 1780 602 1846 explicavit,
633 1784 727 1838 sed
759 1788 920 1842 etiam
953 1789 1327 1846 hzereticorutn
1361 1793 1631 1861 perfidiam
1656 1835 1672 1858 ,

1790 607 1912 675 quia
1937 609 2045 661 dixi
2076 626 2089 661 :
2122 608 2291 664 Filius
2323 610 2419 664 Dei
2458 627 2591 665 sum.
2619 612 2809 670 Sermo
2838 615 2928 671 Dei
2965 618 3136 676 lactus
3173 633 3252 676 est
3280 625 3347 676 ad

1792 697 2056 761 homines,
2086 710 2141 751 ut
2160 699 2459 755 dicerentur
2477 700 2570 767 dii,
2589 701 2762 772 ipsum
2795 704 3022 763 Verbum
3055 709 3172 777 Dei,
3199 714 3344 779 quod

1789 796 1870 841 est
1897 786 2038 854 apud
2072 788 2256 844 Deum.
2288 789 2345 845 Si
2384 806 2512 860 ergo
2540 795 2784 850 homines
2814 799 3174 867 participando
3214 803 3352 860 llunt

1788 877 1896 941 dii;
1928 880 2068 934 unde
2093 882 2427 949 participant,
2463 898 2566 937 non
2596 895 2676 939 est
2708 885 2881 941 Deus?
2910 888 2968 942 Si
2998 889 3196 946 lumina
3228 893 3346 949 illu-

1787 970 1984 1023 tninata
2008 1010 2023 1036 ,
2071 971 2148 1025 dii
2190 981 2334 1038 sunt,
2372 974 2548 1028 lumen
2580 976 2720 1046 quod
2759 979 3053 1047 illuminat,
3082 986 3348 1052 quomodo

1787 1075 1889 1113 non
1921 1071 2002 1116 est
2035 1064 2207 1118 Deus?
2234 1065 2288 1120 Si
2337 1066 2579 1123 calefacti
2609 1075 2836 1138 quodam
2864 1073 3024 1128 modo
3055 1081 3175 1145 igne
3203 1081 3346 1133 saltv

1785 1151 1908 1218 tari,
1942 1151 2014 1205 dii
2045 1151 2364 1221 efﬁciuntur,
2399 1158 2540 1212 unde
2584 1158 2856 1227 calellunt,
2897 1178 3001 1217 non
3053 1173 3136 1218 est
3166 1165 3346 1223 Deus?

1785 1240 2008 1295 Accedis
2038 1242 2102 1295 ad
2151 1243 2350 1307 lumen,
2412 1246 2747 1312 illuminaris,
2793 1260 2845 1303 et
2891 1252 3028 1307 inter
3063 1254 3199 1311 lilios
3251 1257 3343 1313 Dei

1783 1334 2100 1387 numeraris.
2134 1332 2188 1387 Si
2246 1336 2453 1391 recedis
2502 1351 2532 1391 a
2577 1336 2811 1405 lumine,
2858 1342 3182 1411 obscuraris,
3212 1349 3346 1402 etin

1787 1421 2024 1476 tenebris
2054 1425 2403 1494 computaris.
2438 1425 2569 1482 Illud
2603 1438 2777 1485 tamen
2806 1432 2984 1488 lumen
3016 1449 3115 1492 nec
3141 1437 3350 1492 accedit

1781 1511 1846 1564 ad
1879 1527 1961 1575 se,
1990 1513 2109 1581 quia
2144 1531 2247 1570 non
2293 1519 2500 1573 recedit
2525 1535 2553 1573 a
2585 1537 2667 1577 se.
2691 1521 2747 1578 Si
2772 1537 2902 1594 ergo
2929 1541 3022 1580 vos
3062 1527 3195 1584 deos
3225 1529 3349 1584 facit

1781 1614 1958 1656 sermo
2002 1603 2118 1668 Dei,
2151 1608 2417 1675 quomodo
2445 1625 2552 1666 non
2575 1621 2661 1668 est
2688 1613 2828 1670 Deus
2857 1616 3079 1672 verbum
3130 1616 3223 1675 Dei
3255 1620 3347 1677 Pa-

1781 1690 1907 1744 tris?

1852 1780 1991 1854 Ergo
2037 1783 2191 1840 Pater
2236 1789 2568 1857 sanctiﬁcavit
2595 1790 2795 1847 Filium
2821 1812 2994 1865 suum,
3028 1809 3075 1854 et
3109 1804 3247 1856 misit
3291 1806 3345 1859 in

126 1882 262 1934 quam
299 1870 531 1923 mura,“
568 1876 809 1939 pavidi,
832 1917 848 1943 ’
888 1890 1140 1947 quantum
1188 1881 1258 1935 si,
1305 1852 1624 1938 ex'secranda
1705 1852 1753 1913 Β
1781 1870 2047 1924 mundum.
2083 1870 2245 1927 Forte
2275 1874 2466 1943 aliquis
2491 1876 2635 1930 dicat
2667 1895 2680 1930 :
2714 1879 2770 1934 Si
2818 1893 2968 1948 pater
2993 1898 3115 1939 eum
3151 1892 3347 1943 εοηοιίε

125 1963 438 2016 monstravit.
491 1962 830 2022 Conticescat
879 1969 1142 2025 Sabellius
1189 1974 1410 2028 audiens
1463 1974 1573 2045 Ego
1627 1986 1673 2028 et

128 2048 266 2102 Pater
286 2090 301 2115 ,
329 2053 412 2119 qui
445 2068 602 2108 unam
631 2072 909 2124 personam
954 2061 1126 2116 Patris
1165 2070 1219 2116 et
1251 2063 1363 2117 Filii
1395 2079 1555 2132 prava
1582 2065 1676 2119 do-

123 2145 274 2196 ctrina
296 2144 581 2210 disseruit;
604 2163 729 2202 nam
754 2149 862 2221 Ego
883 2162 930 2204 et
950 2151 1106 2206 Pater
1129 2154 1246 2208 duae
1269 2165 1394 2208 sunt
1413 2170 1673 2223 persona}.

126 2232 236 2285 Item
263 2233 543 2289 erubescat
569 2239 728 2291 Arius
757 2241 998 2304 audiens,
1032 2242 1202 2296 Unum
1222 2262 1410 2308 sumus,
1431 2247 1517 2314 qui
1545 2247 1675 2299 duas

125 2333 318 2375 naturas
349 2324 398 2377 in
429 2325 589 2379 Patre
625 2340 679 2380 et
712 2328 845 2384 Filio
873 2335 1062 2386 astruit
1090 2374 1105 2399 ,
1153 2334 1280 2388 dum
1324 2351 1486 2389 unum
1519 2349 1672 2389 unatn

130 2424 346 2464 naluram
387 2413 702 2481 signiﬁcat,
736 2419 870 2472 sicut
898 2434 1080 2474 sumus
1106 2422 1237 2476 duas
1267 2437 1537 2491 personas.
1579 2423 1676 2478 Se-

123 2515 319 2565 quamur
345 2505 694 2568 aposmlicam
721 2507 900 2572 ﬁdem,
926 2526 1081 2579 quam
1103 2515 1292 2567 beatus
1322 2513 1508 2568 Petrus
1535 2513 1676 2581 prin-

123 2606 231 2658 ceps
255 2595 628 2658 Apostolorum
656 2598 929 2655 confessus
953 2612 1062 2655 est:
1092 2602 1168 2656 Tu
1193 2620 1243 2657 es
1277 2604 1502 2658 Christus
1538 2605 1676 2672 ﬁlius

128 2679 205 2732 Dei
230 2683 320 2734 viri
345 2684 560 2750 (Matth.
594 2687 728 2756 avt).
761 2688 947 2753 Judaei,
981 2691 1247 2759 videlicet,
1280 2694 1440 2748 verba
1468 2693 1674 2748 Domini

123 2773 393 2839 audientes,
421 2776 697 2846 hucusque
716 2782 1112 2847 sustinuerunt;
1144 2787 1267 2838 dmn
1291 2801 1416 2839 veto
1436 2786 1533 2839 ait:
1567 2785 1676 2855 Ego

124 2872 162 2914 et
193 2861 336 2918 Pater
364 2884 524 2919 unum
552 2885 748 2935 sumus,
772 2886 876 2925 non
909 2875 1258 2941 pertulerunt,
1287 2877 1378 2931 sed
1409 2891 1556 2931 more
1579 2891 1678 2931 suo

124 2953 246 3017 duri,
276 2956 335 3008 ad
368 2957 571 3024 lapides
599 2973 973 3028 cucurrerunt,
999 2965 1135 3018 sicut
1161 2965 1491 3035 Evangelista
1516 2967 1673 3022 dicit:

185 3042 423 3099 Tulerunt
451 3048 674 3115 lapides,
708 3061 761 3103 ut
783 3054 1074 3117 lapidarent
1095 3071 1230 3108 eum.
1260 3057 1530 3122 Dominus,
1553 3057 1677 3126 qlia

1776 1960 1971 2023 licavit,
2001 1960 2286 2030 aliquando
2317 1975 2534 2018 sanctus
2561 1983 2664 2021 non
2695 1980 2829 2024 erat.
2862 1971 2952 2027 Sic
2977 1967 3108 2044 ergo
3137 1981 3341 2033 sancti-

1777 2046 1970 2115 ﬁcavit,
2000 2052 2266 2117 quomodo
2298 2055 2499 2120 genuit.
2534 2055 2603 2110 Ut
2642 2061 2786 2114 enim
2818 2075 3034 2118 sanctus
3061 2077 3224 2134 esset,
3263 2068 3346 2138 gi-

1775 2139 1980 2205 gnendo
2024 2140 2072 2193 ei
2119 2139 2283 2205 dedit,
2327 2145 2445 2211 quia
2479 2157 2722 2202 sanctum
2755 2165 2875 2204 eum
2905 2157 3108 2222 genuit.
3136 2155 3268 2213 Nam
3295 2157 3346 2214 si

1776 2229 1913 2297 quod
1940 2231 2325 2297 sanctilicatur,
2356 2247 2480 2291 ante
2503 2252 2606 2293 non
2636 2250 2754 2294 erat
2782 2254 3045 2311 sanctum,
3075 2251 3344 2315 quomodo

1775 2319 1999 2377 dicimus
2069 2323 2177 2379 Deo
2235 2326 2376 2380 Patri
2444 2343 2458 2380 :
2512 2328 2870 2400 Sancti/icetur
2948 2354 3128 2395 nomen
3199 2352 3344 2398 tuum

1776 2408 1984 2479 (Matth.
2023 2413 2140 2478 vt)?

1848 2499 1908 2552 Si
1940 2517 2040 2553 non
2081 2502 2215 2569 facio
2252 2521 2408 2574 apera
2434 2506 2608 2564 Patris
2639 2513 2756 2577 mei,
2783 2515 2938 2570 nolite
2963 2520 3166 2576 credere
3195 2525 3344 2582 mihi.

1779 2590 1838 2644 Si
1861 2602 2029 2646 autent
2058 2595 2191 2664 facio
2209 2639 2222 2662 ,
2253 2609 2298 2650 et
2326 2603 2370 2653 si
2394 2601 2518 2656 mihi
2545 2621 2646 2659 non
2673 2608 2825 2661 vultis
2853 2611 3073 2676 credere,
3108 2618 3344 2685 cperibtts

1777 2685 1981 2750 credite,
2013 2695 2065 2738 ut
2096 2693 2408 2756 cognoscatis
2431 2702 2476 2744 et
2499 2695 2720 2751 credatis
2744 2699 2866 2766 quia
2885 2700 2936 2754 in
2965 2718 3043 2756 me
3062 2713 3136 2758 est
3161 2703 3339 2775 Pater,

1781 2781 1826 2825 et
1855 2790 1949 2842 ego
1989 2776 2041 2827 in
2068 2776 2178 2832 illo.
2205 2779 2483 2844 Quomodo
2516 2796 2736 2848 possunt
2765 2788 2944 2846 dicere
2973 2792 3216 2850 homines
3241 2815 3252 2850 :
3281 2797 3342 2853 Si

1777 2862 1920 2918 enim
1962 2865 2095 2922 bene
2116 2869 2430 2938 cogitemus,
2459 2875 2508 2927 in
2543 2877 2655 2929 Deo
2678 2893 2901 2944 sumus;
2937 2892 2990 2935 et
3021 2886 3065 2937 si
3095 2883 3232 2942 bene
3259 2889 3343 2942 vi-

1781 2967 1984 3020 vamus,
2016 2954 2157 3012 Deus
2197 2959 2249 3013 in
2281 2962 2436 3017 nobis
2460 2974 2563 3018 est.
2591 2965 2800 3021 Fideles
2824 2971 3198 3039 participantes
3221 2975 3341 3046 ejus

1778 3045 2023 3112 gratiam,
2051 3047 2332 3104 illuminati
2361 3051 2426 3105 ab
2465 3054 2598 3120 ipso,
2634 3055 2684 3108 in
2719 3058 2805 3109 illo
2831 3072 3034 3129 sumus,
3065 3074 3118 3117 et
3143 3045 3333 3131 ipsein

132 3149 220 3185 non
247 3137 561 3204 patiebatur,
595 3142 736 3208 quod
763 3143 974 3198 nolebat
1001 3145 1134 3214 pati.
1159 3155 1338 3200 etnon
1360 3156 1440 3201 est
1461 3161 1672 3245 passus,
1697 3185 1745 3245 ο
1782 3133 2234 3245 ηξδξξοιξξιξᾷιιίξξιι
2283 3140 2356 3245 δίς
2390 3143 2688 3210 ιιιιθεειιίιυε
2719 3144 2912 3245 δίψη·-
2937 3148 3027 3202 me
3075 3151 3128 3205 i"
3162 3153 3341 3245 ι’ξητεο

131 3222 216 3274 nisi
255 3227 390 3287 quod
423 3227 589 3280 voluit
623 3230 729 3296 pati
761 3270 775 3293 ,
807 3230 978 3285 adhuc
1007 3248 1101 3286 eos
1144 3234 1374 3302 lapidare
1401 3235 1676 3303 cupientes

125 3315 401 3382 alloquitur.
434 3317 788 3376 Sustulerunt
813 3322 984 3377 Judaei
1015 3324 1220 3394 lapides
1245 3365 1261 3392 ,
1298 3336 1355 3380 ιιι
1384 3327 1679 3396 lapidarent

125 3404 270 3458 illum.

186 3492 449 3562 Respondit
480 3497 550 3550 eis
571 3496 724 3554 Iesus
741 3515 760 3554 :
792 3499 962 3554 Multa
993 3503 1126 3557 bona
1148 3518 1302 3572 opera
1323 3506 1519 3558 ostendi
1541 3505 1676 3559 vobis

128 3597 179 3633 ea:
205 3580 349 3637 Patre
375 3602 519 3649 meo;
543 3599 755 3657 propter
782 3592 918 3659 quod
941 3607 1114 3646 eorum
1141 3609 1268 3662 Opus
1292 3609 1372 3648 me
1396 3595 1678 3663 lapidatis?

121 3668 180 3723 Et
199 3675 587 3742 responderunt:
621 3678 698 3733 De
724 3681 856 3733 bono
884 3697 1031 3751 opere
1051 3698 1156 3735 non
1183 3683 1476 3752 lapidamus
1496 3695 1564 3748 te,
1588 3688 1675 3740 sed

127 3763 181 3812 de
208 3763 530 3834 blasphemia,
573 3770 695 3838 quia
725 3779 780 3823 tu
810 3772 962 3825 homo
1000 3790 1116 3827 cum
1151 3776 1220 3829 sis
1243 3815 1261 3842 ,
1303 3777 1429 3846 facis
1461 3778 1676 3846 teipsum

128 3850 287 3907 Deam.
316 3855 393 3909 Ad
423 3856 554 3912 illud
579 3858 680 3912 hoc
704 3863 1112 3929 responderunt,
1134 3865 1274 3934 quod
1294 3867 1500 3920 dixerat
1526 3883 1541 3921 :
1567 3866 1675 3935 Ego

128 3951 167 3993 et
190 3941 333 3997 Pater
358 3962 520 4000 unum
550 3963 744 4002 sumus.
776 3949 915 4005 Ecce
947 3951 1116 4006 Judaei
1140 3953 1515 4010 intellexerunt
1535 3956 1673 4023 quod

129 4031 286 4085 Ariani
318 4048 419 4088 non
452 4035 778 4106 intelligunt.
807 4038 931 4095 Ideo
958 4042 1098 4096 enim
1124 4044 1240 4098 irati
1265 4053 1409 4110 sunt,
1429 4044 1672 4115 quoniam

134 4134 388 4177 senserunt
419 4140 525 4179 non
553 4141 710 4196 posse
730 4128 864 4182 dici:
898 4128 1011 4201 Ego
1039 4140 1087 4185 et
1110 4131 1267 4187 Pater
1295 4152 1454 4188 unum
1477 4152 1670 4201 sumus,

129 4208 220 4261 nisi
253 4212 333 4265 ubi
361 4215 640 4282 aequalitas
663 4227 744 4270 est
774 4217 946 4273 Patris
967 4228 1022 4275 et
1050 4220 1190 4276 Filii.
1224 4222 1477 4277 Dominus
1498 4233 1671 4279 autem

130 4303 232 4354 vide
277 4306 394 4370 quid
443 4307 781 4375 responderit
827 4313 1026 4380 pravis.
1079 4312 1239 4367 Videt
1266 4329 1360 4369 eos
1389 4330 1492 4369 non
1534 4317 1671 4371 ferre

128 4391 440 4456 splendorem
473 4398 738 4464 veritatis,
764 4409 818 4454 et
846 4416 938 4455 eos
981 4404 1205 4458 tentavit
1232 4406 1282 4459 in
1316 4407 1512 4462 verbis.

1779 3234 1834 3276 et
1886 3224 2042 3281 Pater
2081 3229 2135 3281 in
2183 3230 2293 3294 illo,
2340 3240 2584 3300 tanquam
2638 3237 2854 3304 a‘qualis
2901 3239 2952 3292 in
2999 3256 3086 3305 eo,
3137 3243 3219 3297 cui
3260 3257 3344 3302 est

1782 3316 2023 3384 tequalls.
2058 3318 2296 3390 Denique
2345 3338 2441 3376 nos
2489 3324 2776 3393 aliquando
2805 3343 3086 3395 possumus
3116 3334 3292 3391 dicere
3324 3355 3339 3390 :

1779 3407 1835 3459 ln
1878 3407 1984 3461 Deo
2022 3424 2231 3479 sumus,
2261 3424 2314 3468 et
2342 3413 2480 3470 Deus
2506 3418 2555 3468 in
2588 3418 2757 3471 nobis.
2789 3420 2899 3488 Ego
2929 3433 2981 3476 et
3009 3422 3148 3479 Deus
3180 3444 3340 3484 unum

1777 3514 1997 3564 smnus,
2048 3504 2278 3570 nunquid
2323 3520 2604 3573 possumus
2631 3508 2842 3564 dicere?
2869 3512 2922 3564 In
2966 3513 3074 3567 Deo
3105 3531 3184 3580 es,
3221 3520 3342 3587 quia

1781 3588 1919 3642 Deus
1945 3593 2182 3645 continet
2226 3602 2298 3648 te.
2336 3596 2474 3648 Dens
2500 3608 2581 3650 est
2608 3598 2659 3651 in
2705 3610 2776 3663 te,
2807 3603 2927 3670 quia
2960 3605 3212 3674 templum
3245 3609 3341 3665 Dei

1786 3678 1953 3731 tactus
1979 3695 2057 3732 es.
2085 3681 2190 3734 Sed
2219 3685 2452 3750 nunquid
2485 3689 2604 3753 quia
2637 3689 2688 3741 in
2736 3688 2844 3743 Deo
2883 3707 2940 3746 es
2961 3734 2975 3760 ,
3009 3702 3064 3748 et
3094 3695 3230 3752 Deus
3258 3709 3342 3755 est

1778 3763 1828 3819 in
1872 3775 1938 3832 te,
1977 3779 2125 3836 potes
2153 3770 2328 3824 dicere
2361 3789 2374 3824 :
2409 3771 2510 3836 Qui
2539 3790 2614 3827 me
2636 3777 2803 3831 videt?
2833 3778 2996 3834 Deum
3019 3784 3188 3839 videt?
3211 3803 3344 3855 quo-

1780 3857 1934 3908 modo
1971 3857 2280 3927 Uuigenitus
2334 3861 2506 3914 dixit:
2544 3865 2640 3928 Qui
2680 3883 2758 3920 me
2785 3871 2936 3937 videt,
2985 3873 3115 3927 videt
3157 3888 3204 3929 et
3233 3874 3339 3932 Pa-

1776 3949 1940 3999 trem?
1970 3947 2077 4014 Ego
2117 3959 2163 4002 et
2217 3949 2371 4003 Pater
2422 3969 2574 4006 unum
2620 3962 2836 4014 sumus?
2865 3968 3167 4031 Agnoscere
3213 3984 3341 4038 pro-

1778 4038 1950 4104 prium
1979 4039 2204 4106 Domini,
2232 4050 2284 4093 et
2307 4057 2500 4095 munus
2527 4046 2688 4100 servi.
2721 4047 2991 4119 Proprium
3022 4053 3232 4112 Domini
3257 4071 3342 4115 est

1776 4129 2049 4197 trqualitns
2081 4131 2282 4198 Patris,
2336 4148 2528 4191 munus
2566 4139 2704 4193 servi
2751 4151 2830 4196 est
2862 4145 3194 4217 participatio
3224 4153 3342 4208 Sal-

1776 4221 1995 4273 vatoris.

1847 4312 2149 4376 Quwrebant
2176 4330 2296 4383 ergo
2322 4331 2434 4369 eum
2477 4319 2868 4387 apprehendere.
2905 4323 3111 4380 Utinam
3143 4345 3337 4398 appre-

1775 4404 2098 4471 henderent,
2147 4409 2239 4461 sed
2270 4410 2538 4465 credendo
2568 4421 2622 4466 et
2688 4413 3050 4486 intelligendo,
3088 4437 3190 4477 non
3237 4442 3336 4480 sa-

186 4477 355 4535 Nomte
373 4484 621 4552 scriptum
643 4499 714 4540 est
740 4488 793 4542 in
819 4489 926 4558 lege
947 4500 1109 4546 vestra
1137 4493 1214 4562 (id
1237 4504 1328 4563 est,
1361 4496 1496 4550 vobis
1524 4498 1667 4568 data)
1697 4518 1748 4578 ι)
1777 4496 1970 4552 viendo
2027 4508 2081 4553 ct
2132 4501 2443 4558 occidendo.
2502 4503 2802 4569 Quwrebattt
2844 4477 2960 4579 evrgo
3005 4528 3116 4567 eum
3159 4532 3343 4590 appre—

127 4571 246 4638 qtn'a,
275 4572 381 4642 Ego
404 4576 516 4629 dixi
540 4592 558 4628 :
586 4577 670 4631 Dii
699 4581 818 4634 estis
838 4583 864 4635 ?
894 4583 1030 4638 Deus
1072 4586 1201 4640 dicit
1228 4602 1320 4654 per
1364 4589 1670 4658 prophetam

135 4659 180 4712 in
227 4665 418 4728 psalmo
475 4667 816 4724 hominibus:
858 4670 968 4741 Ego
1017 4675 1123 4728 dixi
1153 4691 1172 4728 :
1202 4677 1290 4730 Dii
1338 4679 1456 4732 estis
1498 4679 1668 4749 (Psal.

131 4752 311 4819 unt);
332 4767 381 4807 et
401 4754 571 4822 legem
586 4759 870 4826 appellavit
888 4761 1142 4818 Dominus
1156 4767 1470 4836 generaliter
1484 4783 1670 4826 omnes

135 4838 234 4893 illas
277 4842 574 4912 Scripturas
596 4889 610 4913 ,
640 4850 885 4917 quamvis
915 4853 1042 4907 alibi
1086 4857 1386 4924 specialiter
1412 4859 1553 4913 dicat
1589 4859 1666 4915 le-

132 4943 252 4992 gem.
298 4948 326 4984 a
378 4938 649 5004 prophetis
697 4954 813 4994 eam
862 4944 1212 5014 distinguens,
1243 4949 1380 5002 sicut
1406 4957 1488 5002 est
1518 4967 1530 5001 :
1565 4949 1671 5004 Lex

131 5030 168 5068 et
196 5026 437 5087 proriteta:
465 5044 620 5097 usque
656 5031 724 5081 ad
753 5030 1002 5086 Joannem
1033 5035 1242 5105 (Matth.
1284 5039 1401 5107 x1);
1433 5049 1487 5093 et
1511 5041 1562 5093 in
1593 5042 1669 5096 his

131 5111 305 5165 duobus
330 5122 590 5186 prtzceplis
615 5130 719 5173 tota
743 5123 825 5176 lea:
856 5135 902 5177 et
931 5130 1185 5196 praphetat
1206 5129 1418 5200 (Matth.
1460 5136 1666 5205 xxvnt).

138 5204 408 5269 Aliquando
434 5219 609 5263 autem
633 5213 684 5266 in
709 5217 805 5268 tria
830 5217 1101 5275 distribuit
1124 5225 1335 5278 easdem
1357 5227 1666 5295 scripturas,

137 5291 210 5342 ubi
235 5297 340 5345 ait:
378 5297 652 5364 Oportebat
697 5304 903 5371 impleri
932 5311 1127 5374 omnia,
1168 5328 1279 5379 quae
1313 5291 1506 5382 scripta
1552 5291 1668 5369 sunt

137 5378 179 5426 in
202 5381 298 5446 lege
315 5395 357 5436 et
381 5389 628 5456 prophetis
649 5401 696 5445 et
725 5395 933 5463 psalmis
960 5400 1024 5452 de
1043 5417 1118 5453 me
1143 5378 1290 5470 (Luc.
1321 5378 1491 5473 mi).
1523 5407 1670 5462 Nunc

139 5486 248 5526 vero
285 5478 434 5533 etiam
484 5486 716 5551 psalmos
769 5489 899 5558 legis
948 5500 1160 5550 nomine
1200 5502 1538 5569 nuncupavit,
1582 5504 1667 5557 ubi

140 5561 367 5629 scriptum
396 5581 474 5624 est
504 5593 515 5624 :
551 5573 663 5644 Ego
691 5578 802 5630 dixi
835 5594 853 5632 :
887 5581 971 5635 Dii
1001 5585 1138 5639 estis.

201 5649 254 5704 Si
285 5656 396 5709 illos
430 5661 552 5716 dixit
586 5663 720 5721 Deos
741 5706 758 5731 ,
789 5669 857 5723 ad
899 5689 1023 5741 quos
1062 5689 1224 5727 sermo
1255 5676 1348 5730 Dei
1380 5684 1541 5743 factus
1576 5692 1666 5748 est,

143 5753 181 5791 ει
204 5761 289 5800 Itan
317 5762 468 5814 potest
496 5759 617 5811 solvi
642 5759 934 5831 Scriptura,
967 5781 1114 5835 quam
1143 5766 1300 5823 Pater
1337 5774 1666 5841 sanetiﬁcarit

1774 4587 2013 4641 hendere.
2040 4588 2174 4644 Dum
2198 4592 2336 4647 enim
2359 4594 2762 4663 apprehendere
2784 4601 3084 4671 voluerunt,
3107 4587 3234 4676 quid
3261 4611 3342 4666 eis

1773 4677 1929 4732 fecit?

1845 4767 1909 4821 Et
1929 4769 2081 4822 exivit
2106 4771 2167 4824 de
2199 4772 2432 4828 manibus
2454 4791 2648 4830 eorum.
2679 4777 2790 4833 Non
2818 4795 2937 4836 eum
2969 4787 3334 4854 apprehende-

1784 4867 1906 4910 runt
1931 4859 2052 4925 quia
2084 4861 2258 4915 minus
2287 4862 2411 4917 ﬁdei
2444 4864 2770 4933 habuerunt;
2803 4879 2857 4924 et
2877 4871 2994 4940 quia
3027 4877 3211 4943 noluit,
3243 4882 3334 4950 qui

1775 4957 2091 5013 potestatem
2126 4950 2310 5004 habuit
2357 4953 2587 5010 animam
2640 4973 2786 5012 suam
2835 4976 3051 5030 ponere,
3104 4983 3206 5020 non
3234 4985 3332 5039 ap-

1774 5041 2166 5108 prehenderunt
2197 5060 2348 5112 eum;
2386 5047 2509 5102 dum
2545 5061 2722 5106 autem
2754 5053 2935 5124 voluit,
2965 5061 3330 5127 apprehensus

1772 5145 1849 5186 est
1880 5137 1946 5186 ab
1967 5133 2063 5198 eis,
2096 5138 2336 5191 manibus
2364 5138 2674 5209 iniquitatis.

1846 5223 1912 5277 Et
1936 5225 2062 5277 abiit
2092 5227 2273 5279 iterum
2317 5239 2455 5282 trans
2492 5230 2777 5288 Iordanem
2805 5239 2873 5290 ad
2899 5256 3013 5294 eum
3036 5243 3219 5310 locum,
3253 5248 3339 5299 ubi

1770 5327 1876 5368 erat
1897 5313 2121 5372 Joannes
2145 5320 2404 5389 baptiwns
2429 5324 2649 5390 primum
2671 5343 2688 5391 ;
2714 5340 2757 5381 et
2781 5335 2964 5386 mansit
2986 5337 3089 5402 ibi;
3120 5348 3164 5391 et
3190 5343 3336 5393 nmtti

1771 5416 2010 5459 venerunt
2048 5409 2114 5460 ad
2141 5425 2253 5463 eum
2274 5450 2288 5474 ,
2320 5421 2365 5463 et
2410 5414 2639 5468 dicebant
2672 5434 2690 5470 :
2726 5421 2855 5485 Quia
2884 5421 3106 5479 Joannes
3132 5429 3331 5496 quidem

1772 5501 1970 5567 signum
2030 5505 2144 5572 fecit
2189 5506 2388 5558 nullum
2439 5508 2631 5577 (,Joan.
2664 5515 2739 5580 v).
2788 5516 3098 5575 Meministis
3137 5523 3334 5579 dictum

1771 5596 1839 5648 de
1873 5593 2074 5651 Joanne
2114 5597 2235 5666 quia
2290 5599 2503 5656 lucerna
2555 5616 2686 5670 erat,
2735 5616 2789 5659 et
2826 5608 2928 5662 diei
2978 5614 3334 5669 l8slim0llilttlt

1773 5688 2100 5755 perhibebat.
2121 5693 2255 5757 Quid
2281 5710 2408 5763 ergo
2433 5696 2514 5750 isti
2536 5699 2784 5753 dixerunt
2807 5703 2944 5770 apud
2969 5720 3025 5758 se
3047 5706 3070 5759 t
3099 5706 3328 5772 Nullum,

1774 5780 2034 5850 inquiunt,
2091 5783 2412 5839 miraculum
2476 5792 2704 5842 ostendit
2764 5792 3014 5864 Joannes,
3062 5812 3167 5854 non
3217 5801 3334 5852 dw-
