3884 6232
477 370 580 423 7ῖὸ

895 360 1090 415 ΙῖΕυᾹΞ
1133 354 1567 413 VENERABILIS
1606 353 1752 406 OI’P.
1798 348 1964 403 PARS
2004 343 2063 395 ll.
2092 339 2278 394 SECT.
2316 338 2352 389 l.
2396 365 2460 375 --
2506 326 2879 385 EXEUEIICA
2921 319 3236 377 GENUINA.

3554 317 3649 372 77C-

480 477 652 533 innnia
682 475 904 542 fugavit,
941 486 1043 525 non
1073 468 1271 534 expulit
1314 464 1533 527 febrem,
1565 429 1667 514 non
1696 471 1863 511 crocos
1894 456 2008 507 illu-
2040 457 2086 508 Δ
2120 448 2229 542 ρεὶ.
2420 438 2812 542 glori-33001215.
2853 434 2983 487 Dei?
3023 429 3156 484 Αυάί
3198 425 3337 494 (ιιιοά
3368 427 3605 542 ξετιιιίξξιτ
3637 447 3646 477 ί

481 566 718 625 initiavit.
775 578 880 615 non
930 568 1165 615 mortuos
1212 554 1516 616 suscitavit,
1568 566 1669 604 non
1725 557 1801 600 tot
1850 544 2012 597 millia

484 657 751 709 hominum
782 652 847 705 de
891 651 1119 719 quinque
1172 647 1255 700 vel
1302 653 1500 711 septem
1533 641 1752 709 panibus
1781 635 2013 696 satiavit,

482 762 581 799 nou
613 758 770 810 super
808 757 951 794 mare
995 737 1319 801 ambulavit,
1350 750 1450 788 non
1491 731 1657 785 ventis
1690 740 1741 782 et
1772 727 2016 780 fluctibus

482 833 774 898 imperavit.
838 829 975 882 Nihil
1032 828 1215 878 horum
1269 822 1394 875 fecit
1438 821 1706 879 Joannes,
1750 825 1804 870 et
1850 822 2016 867 totum

480 923 731 990 quidquid
750 921 980 980 dicebat,
1026 917 1144 969 huic
1174 911 1528 967 testimonium
1558 906 1889 974 perhibebat.
1912 901 2019 990 rPer

484 988 745 1067 lucernam
784 1009 1055 1063 veniamus
1084 1006 1146 1057 ad
1194 1004 1352 1057 diem.
1384 998 1613 1053 Joannes
1664 994 1861 1048 nullum
1902 988 2021 1042 fecit

482 1105 706 1171 signum.

557 1192 739 1246 Omnia
762 1198 929 1242 autent
956 1198 1259 1255 quacunque
1290 1180 1413 1232 dixit
1435 1176 1657 1230 Joannes
1680 1175 1740 1226 de
1762 1173 1873 1233 hoc,
1905 1183 2020 1220 vera

484 1292 643 1336 erant.
683 1282 815 1333 Ecce
857 1280 947 1348 qui
992 1260 1469 1342 apprehenderunt,
1501 1282 1603 1320 non
1634 1261 1897 1331 quomodo
1927 1256 2023 1310 Ju-

488 1374 585 1424 daei
634 1370 876 1423 volebant
915 1362 1362 1430 cmnprehendere
1399 1356 1785 1413 discedentem,
1834 1362 2023 1416 appre-

486 1462 777 1517 henderunt
802 1458 883 1511 lsti
916 1463 1330 1523 permanentem.
1358 1446 1591 1513 Denique
1609 1441 1729 1512 quid
1754 1436 2025 1508 sequitur?

489 1553 555 1605 Et
580 1552 722 1604 multi
752 1548 1067 1601 crediderunt
1088 1546 1139 1595 in
1163 1556 1295 1595 eum.

558 1726 679 1778 Erat
720 1734 886 1776 autem
911 1635 1655 1790 quidariiAlZBg'i‘teri‘sLLuwrus
1701 1724 1733 1763 ε
1779 1704 2027 1759 Bethania

487 1820 549 1870 de
600 1814 801 1869 castella
860 1810 1038 1864 Mariae
1097 1818 1141 1861 et
1206 1805 1443 1858 Marthae.
1498 1802 1724 1857 Plurima
1791 1812 1913 1852 vero
1979 1796 2028 1847 in

497 1908 595 1958 hoc
636 1901 887 1958 miraculo
916 1899 1097 1953 Lauri
1145 1893 1422 1948 manifesta
1450 1900 1589 1945 sunt.
1634 1886 2030 1952 Expositionem

496 1998 547 2049 in
592 1995 809 2060 singulis
856 2006 960 2043 non
1004 2000 1318 2053 quaeramus,
1370 1993 1423 2036 ut
1474 1981 1689 2034 liberius
1732 1974 2028 2031 necessaria

492 2093 889 2153 pertractemus.
922 2079 976 2131 In
1001 2076 1271 2143 superiore
1295 2075 1521 2127 lectione
1550 2067 1867 2122 meministis
1890 2065 2026 2131 quod

494 2174 741 2227 Dominus
772 2169 896 2229 exiit
952 2167 1018 2220 de
1060 2164 1297 2220 manibus
1328 2177 1509 2217 eorum
1539 2160 1623 2227 qui
1656 2158 1887 2224 lapidare
1911 2169 2029 2209 eum

494 2263 789 2321 voluerunt,
818 2269 866 2310 et
896 2256 1139 2309 discessit
1168 2262 1312 2309 trans
1343 2249 1649 2309 lordauem,
1680 2247 1763 2299 ubi
1797 2244 2030 2298 Joannes

492 2349 809 2419 baptizabat.
837 2345 908 2398 lbi
941 2358 1065 2411 ergo
1110 2341 1327 2397 Domino
1351 2336 1637 2391 constituto
1666 2331 2033 2387 infirmabatur

494 2443 545 2494 in
590 2437 838 2492 Bethania
888 2434 1139 2493 Lazarus,
1178 2428 1316 2495 quod
1363 2424 1656 2479 castellutn-
1690 2429 1803 2475 erat
1849 2419 2037 2487 proxi-

496 2544 634 2583 mum
680 2523 1040 2591 Jerosolymis.
1096 2521 1257 2574 Maria
1295 2528 1469 2573 autem
1510 2524 1623 2568 erat
1652 2527 1767 2581 quae.
1814 2516 2036 2564 tinxerat

498 2618 770 2677 Dominum
819 2621 1108 2680 unguento,
1141 2617 1193 2662 et
1226 2607 1444 2661 extersit
1489 2608 1643 2669 pedes
1691 2605 1804 2671 ejus
1834 2599 2036 2669 capillis

498 2709 625 2767 suis,
658 2703 808 2769 cujus
837 2703 994 2753 frater
1023 2698 1249 2757 Lazarus
1275 2695 1652 2750 intirmabatur.

568 2794 813 2846 Miserum
844 2804 961 2858 ergo
996 2804 1191 2841 sorores
1219 2788 1326 2854 ejus
1370 2785 1437 2837 ad
1478 2800 1611 2846 eum,
1643 2782 1876 2834 dicentes.
1918 2779 2031 2831 Jan)

501 2884 843 2952 intelligimus
880 2880 1003 2946 quia
1052 2879 1305 2930 miserunt
1333 2876 1423 2927 ubi
1459 2882 1570 2926 erat
1601 2872 1871 2937 Dominus,
1906 2886 2034 2938 quu-

498 2975 634 3027 uiam
666 2972 856 3024 absens
887 2976 1021 3021 erat.
1058 2966 1227 3019 Trans
1274 2964 1577 3026 .lordanem,
1623 2962 1841 3026 scilicet,
1877 2963 2035 3013 mise-

503 3073 624 3119 runt
653 3060 716 3113 ad
745 3058 1045 3123 Dominum,
1081 3056 1377 3109 nuntiantes
1401 3053 1539 3122 quod
1565 3061 1845 3121 tegrotaret
1876 3051 2035 3104 frater
2062 3088 2110 3150 c

499 3167 711 3215 earum,
745 3160 801 3203 ut
823 3190 837 3214 ,
870 3148 915 3201 si
965 3149 1291 3216 dignaretur,
1322 3145 1541 3208 veniret,
1571 3151 1623 3195 et
1650 3156 1765 3194 eum
1796 3140 1862 3193 ab
1887 3140 2037 3207 aegri-

503 3242 679 3295 tudine
724 3241 991 3292 liberaret.
1040 3238 1131 3291 llle
1178 3235 1378 3289 distulit
1406 3247 1614 3295 sanare,
1650 3238 1705 3283 ut
1735 3237 1914 3298 posset
1955 3244 2035 3282 re-

498 3332 776 3384 suscitare.
804 3326 938 3392 Quid
967 3340 1092 3393 ergo
1115 3325 1484 3377 nuntiaverunt
1516 3334 1731 3375 sorores
1759 3318 1910 3387 ejus?

575 3416 810 3480 Domine,
838 3431 947 3467 ecce
965 3430 1103 3479 quem
1130 3428 1289 3477 amas,
1321 3412 1626 3479 inﬁrmatur.
1660 3410 1769 3462 Non
1800 3408 2041 3460 dixerunt

503 3506 661 3567 Veni;
709 3503 902 3556 amanti
952 3504 1091 3555 enim
1140 3499 1500 3553 tantummodo
1539 3497 1877 3552 nuntiandum
1922 3496 2037 3549 fuit.

498 3594 611 3647 Non
642 3608 783 3646 ausae
814 3601 935 3647 sunt
974 3589 1147 3644 dicere
1176 3588 1306 3643 Veni
1348 3599 1400 3643 et
1444 3603 1587 3642 sana.
1617 3588 1726 3644 Non
1755 3600 1894 3640 ausa:
1920 3594 2041 3638 sunt

495 3686 713 3739 dicere:
748 3684 815 3737 ibi
850 3682 999 3750 jube,
1031 3690 1083 3736 et
1114 3681 1199 3737 hic
1246 3682 1352 3734 ﬁet.
1390 3680 1493 3735 Cur
1527 3683 1664 3735 enim
1713 3695 1813 3734 non
1854 3680 1953 3732 hoc
1991 3688 2043 3733 et

498 3776 619 3840 iste,
649 3771 693 3826 si
743 3774 871 3835 fides
920 3772 1059 3829 illius
1108 3774 1461 3834 centurionis,
1498 3772 1617 3839 inde
1644 3770 1931 3824 laudatur?
1960 3768 2042 3821 Ait

496 3864 635 3915 enim
669 3878 681 3915 :
718 3860 835 3914 Non
875 3879 985 3915 sum
1020 3862 1203 3933 dignus
1231 3871 1282 3914 ut
1325 3862 1476 3913 intres
1514 3861 1601 3913 sub
1629 3868 1809 3911 tectum
1850 3871 2041 3919 meum;

497 3952 583 4004 sed
614 3960 808 4013 tantum
835 3951 915 4003 dic
946 3951 1089 4005 verba
1117 3993 1130 4012 ,
1162 3961 1205 4003 et
1248 3951 1506 4002 sanabitur
1536 3965 1655 4016 puer
1678 3965 1815 4002 meus
1837 3950 1853 4014 (
1874 3948 2037 4000 Marc.

502 4041 648 4111 vni).
680 4040 817 4095 Nihil
860 4042 1045 4095 horum
1077 4043 1207 4104 iste,
1240 4043 1330 4094 sed
1363 4040 1723 4094 tantummodo
1755 4057 1767 4091 :
1804 4023 2039 4104 Domine,

498 4146 607 4185 ecce
629 4148 771 4199 quem
799 4148 970 4197 antas,
1004 4131 1309 4198 inﬁrmatur.
1342 4130 1544 4184 Sufficit
1574 4140 1627 4182 ut
1669 4130 1906 4194 noveris,
1939 4144 2041 4181 non

498 4224 639 4274 enim
668 4235 837 4287 amas,
869 4231 921 4275 et
960 4222 1179 4276 deseris.
1217 4221 1366 4275 Dicet
1395 4222 1611 4289 aliquis:
1649 4220 1919 4284 Quomodo
1950 4235 2043 4289 per

502 4313 751 4366 Lazarum
797 4323 1037 4381 peccator
1080 4313 1486 4382 significabatur,
1528 4324 1583 4367 et
1622 4330 1648 4364 a
1699 4312 1922 4367 Domino
1967 4313 2042 4367 sic

2120 537 2183 590 Ut
2210 534 2514 605 gloriﬁcetur
2529 529 2695 581 Filius
2721 528 2812 579 Dei
2833 540 2920 594 per
2941 539 3069 585 eam,
3096 534 3189 589 per
3210 516 3391 587 quam?
3410 529 3502 583 per
3518 513 3650 567 illam

2118 622 2488 678 inﬁrmitatem.

2192 710 2436 776 Uiligebat
2479 715 2641 757 autem
2680 702 2824 757 Jesus
2868 699 3142 759 Marthum,
3194 703 3239 747 et
3290 705 3511 744 sororem
3549 690 3653 757 ejus

2120 799 2361 863 Mariam,
2404 805 2450 849 et
2497 794 2761 846 Lazarum.
2807 791 3081 857 Languens
3129 785 3235 847 ille,
3265 781 3440 834 tristes
3479 792 3653 831 omnes

2119 887 2331 949 dilecti;
2364 884 2454 937 sed
2481 881 2729 949 diligebat
2770 893 2861 931 eos
2905 886 2958 930 et
2994 871 3348 943 languentium
3397 867 3650 925 Salvator,

2122 978 2227 1030 imo
2256 975 2409 1029 etiam
2442 979 2764 1027 mortuorum
2790 968 3067 1021 suscitator
3090 1005 3105 1030 ,
3135 972 3188 1017 et
3217 959 3443 1015 tristium
3470 969 3653 1010 conso-

2123 1068 2270 1120 lator.

2197 1156 2259 1209 Ut
2307 1169 2425 1223 ergo
2452 1150 2676 1215 audivit,
2705 1147 2841 1217 quod
2884 1142 3255 1211 in/t'rmabatur,
3306 1148 3423 1191 tunc
3463 1135 3657 1204 quidem

2122 1249 2304 1301 mansit
2342 1248 2394 1299 in
2432 1244 2605 1298 eodem
2653 1244 2761 1295 loco
2805 1239 2999 1291 duobus
3044 1236 3241 1287 diebus.
3290 1232 3659 1284 Nuntiaverunt

2126 1352 2250 1405 ergo
2296 1336 2397 1389 illa:
2425 1375 2439 1397 ,
2471 1332 2661 1392 mansit
2706 1330 2810 1382 illic
2840 1329 2947 1383 ille.
2988 1324 3188 1378 'l‘andiu
3219 1332 3425 1383 tempus
3458 1320 3658 1370 ductum

2127 1439 2226 1493 eat,
2251 1441 2354 1495 quo
2378 1438 2541 1491 usque
2562 1420 2892 1490 quatriduum
2920 1415 3288 1483 compleretur.
3314 1410 3425 1462 Non
3452 1408 3661 1468 frustra,

2130 1520 2226 1572 nisi
2254 1518 2370 1585 quia
2402 1516 2535 1568 forte
2562 1553 2574 1573 ,
2606 1515 2711 1571 imo
2741 1510 2859 1577 quia
2890 1517 3033 1561 certe
3063 1518 3113 1557 et
3148 1505 3258 1570 ipse
3285 1511 3531 1553 numerus
3556 1496 3661 1549 die-

2131 1622 2243 1663 rum
2278 1606 2483 1659 intimat
2506 1600 2713 1669 aliquod
2740 1607 3146 1653 sacramentum.

2205 1696 2396 1750 Deinde
2439 1702 2549 1763 post
2579 1693 2685 1745 hwc
2715 1690 2837 1745 dicit
2880 1687 3142 1754 discipulis
3182 1684 3327 1735 suis:
3366 1680 3583 1738 Eamus,
3620 1677 3664 1727 in

2064 1763 2106 1825 Β
2133 1786 2367 1845 ludorum
2396 1785 2596 1836 iterum.
2631 1780 2725 1837 Ubi
2758 1794 2889 1848 pene
2921 1778 3089 1830 fuerat
3134 1772 3414 1843 lapidatus,
3441 1769 3525 1836 qui
3553 1780 3666 1835 pro-

2132 1887 2309 1946 pterea
2359 1872 2482 1927 inde
2528 1870 2836 1925 discessisse
2884 1867 3176 1929 videbatur,
3224 1877 3291 1916 ne
3337 1860 3665 1927 lapidaretur.

2133 1945 2384 2018 Discessit
2432 1962 2572 2015 enim
2629 1969 2684 2011 ut
2734 1959 2922 2020 homo;
2970 1955 3061 2008 sed
3108 1954 3158 2006 in
3208 1947 3477 2005 redeundo
3528 1945 3670 2015 quasi

2133 2055 2329 2109 oblitus
2377 2051 2760 2117 infirmitatem,
2807 2045 3039 2102 ostendit
3086 2050 3418 2112 potestatem.
3464 2034 3665 2097 Eamus,

2134 2145 2326 2213 inquit,
2358 2144 2410 2195 in
2430 2140 2683 2195 Judaeum.
2722 2138 2952 2205 Denique
2978 2135 3078 2189 hoc
3100 2133 3241 2187 dicto
3270 2128 3465 2189 videte,
3496 2140 3671 2195 quem-

2132 2236 2412 2297 admodum
2442 2231 2681 2299 discipuli
2707 2231 2869 2283 territi
2895 2228 3109 2280 fuerint.

2206 2327 2392 2379 Dicunt
2423 2325 2468 2379 ei
2496 2322 2731 2391 discipuli
2758 2338 2776 2375 :
2815 2320 2994 2382 Rabbi,
3035 2333 3166 2370 nunc
3192 2314 3478 2381 quu'rebant
3518 2319 3561 2361 te
3598 2308 3672 2360 la-

2137 2417 2308 2482 pidare
2324 2412 2514 2475 Judcei,
2545 2422 2589 2466 et
2614 2414 2793 2465 iterum
2826 2410 2967 2463 vadis
2996 2408 3117 2460 illuc
3140 2408 3161 2458 ?
3187 2404 3467 2471 Respondit
3494 2399 3672 2453 Iesus:

2138 2507 2319 2559 Nonne
2359 2503 2618 2557 duodecim
2647 2515 2761 2554 sunt
2792 2504 2928 2554 horai
2956 2500 3097 2552 diei?
3128 2496 3261 2564 Quid
3299 2494 3399 2547 sibi
3437 2492 3541 2544 vult
3582 2491 3671 2543 ista

2138 2594 2445 2662 responsio?
2478 2592 2553 2646 Illi
2583 2591 2830 2645 dixerunt
2868 2608 2879 2641 ε
2920 2587 3076 2642 Modo
3104 2597 3149 2639 te
3186 2585 3413 2638 volebant
3456 2582 3674 2649 lapidare

2135 2686 2327 2748 Judwi,
2357 2693 2403 2735 et
2434 2684 2614 2735 iterum
2639 2681 2777 2733 vadis
2807 2680 2945 2741 illuc,
2974 2688 3027 2731 ut
3051 2686 3100 2729 te
3124 2672 3391 2742 lapident?
3422 2684 3473 2726 et
3500 2670 3672 2724 Domi-

2138 2790 2234 2829 nus
2266 2794 2281 2829 :
2315 2773 2495 2827 Nonne
2517 2772 2776 2825 duodecim
2804 2770 2940 2822 horae
2968 2778 3082 2821 sunt
3107 2767 3246 2819 diei?

2209 2868 2269 2921 Si
2292 2868 2401 2933 quis
2430 2863 2756 2917 ambulaverit
2782 2862 2831 2913 in
2854 2862 2952 2924 die,
2984 2875 3080 2911 non
3106 2855 3335 2921 olfendit,
3364 2855 3483 2921 quia
3520 2854 3674 2904 lucem

2138 2956 2289 3025 hujus
2318 2957 2489 3007 mundi
2518 2954 2670 3005 videt.
2704 2950 2762 3005 Si
2785 2959 2949 3003 autem
2980 2950 3300 2999 ambulaverit
3322 2946 3373 2995 in
3410 2953 3565 3007 nocte,
3595 2944 3673 3007 of-

2141 3046 2317 3110 fendit,
2342 3045 2461 3113 quia
2498 3058 2597 3094 non
2621 3049 2689 3093 est
2714 3041 2804 3093 lux
2831 3040 2883 3089 in
2912 3053 2988 3090 ea.
3025 3036 3099 3088 De
3127 3036 3211 3089 die
3238 3034 3447 3102 quidem
3480 3034 3677 3085 locutus

2139 3143 2255 3199 est,
2288 3134 2378 3187 sed
2411 3132 2474 3185 ad
2507 3141 2738 3185 nostram
2771 3127 3166 3195 intelligentiam
3194 3126 3343 3192 quasi
3382 3124 3546 3176 adhuc
3575 3137 3680 3174 nox

2140 3232 2239 3276 est.
2283 3222 2587 3275 lnvoeemus
2614 3219 2749 3281 diem
2770 3256 2783 3279 ,
2815 3224 2871 3270 ut
2911 3214 3128 3282 repellat
3157 3223 3363 3266 noctem
3394 3222 3446 3266 et
3481 3225 3566 3264 cor
3596 3211 3677 3262 lu-

2142 3314 2283 3367 mine
2320 3314 2561 3365 illustret.
2608 3309 2743 3375 Quid
2780 3308 2921 3363 enim
2970 3308 3221 3360 Dominus
3251 3304 3429 3357 dicere
3469 3302 3628 3355 voluit
3660 3302 3681 3352 ‘3

2142 3403 2401 3467 Quantum
2453 3399 2582 3453 milii
2626 3398 2852 3465 videtur,
2898 3406 3147 3465 quantum
3203 3394 3441 3461 subjacet
3469 3392 3680 3444 altitudo

2142 3491 2575 3559 profunditasque
2614 3487 2916 3551 sententiae,
2943 3486 3261 3555 redarguere
3291 3484 3453 3536 voluit
3484 3482 3679 3535 dubita-

2142 3584 2336 3638 tionem
2388 3583 2614 3653 illorum,
2666 3590 2717 3633 et
2771 3579 3152 3637 infidelitatem.
3207 3575 3499 3629 Voluerunt
3544 3574 3679 3627 enim

2144 3675 2422 3732 Consilium
2454 3675 2580 3733 dare
2623 3673 2866 3743 Domino,
2898 3686 2963 3727 ne
2991 3678 3286 3733 moreretur
3308 3708 3321 3734 ,
3358 3668 3445 3736 qui
3474 3673 3682 3721 venerat

2147 3764 2299 3827 mori,
2329 3779 2395 3819 ne
2426 3764 2524 3831 ipsi
2556 3771 2911 3824 morerentur.
2951 3759 3038 3814 Sic
3068 3760 3224 3814 etiam
3253 3757 3476 3827 quodam
3510 3758 3559 3811 in
3583 3756 3679 3808 alio

2145 3856 2260 3908 loco
2289 3856 2472 3907 Petrus
2521 3860 2732 3913 sanctus
2776 3852 2999 3919 diligens
3045 3851 3343 3910 Dominum,
3387 3848 3481 3903 sed
3520 3848 3683 3901 adhuc

2144 3960 2243 3997 non
2274 3943 2430 4013 plene
2471 3944 2761 4014 intelligens
2805 3958 2898 3997 cur
2924 3942 3177 4001 venisset,
3208 3938 3376 3999 timuit
3422 3952 3492 3993 ne
3520 3952 3684 3991 more-

2142 4048 2319 4103 retur;
2378 4047 2430 4093 et
2478 4038 2603 4092 Vita}
2651 4038 2956 4104 dis‘plicuit,
3014 4034 3064 4088 id
3131 4044 3248 4098 est;
3306 4034 3407 4097 ipsi
3467 4032 3680 4086 Domino

2146 4126 2357 4198 (Matth.
2389 4128 2520 4196 xvi).
2552 4127 2678 4181 Cum
2723 4141 2847 4196 ergo
2889 4125 3080 4180 vellent
3129 4123 3253 4176 dare
3289 4123 3563 4175 Consilium
3594 4124 3682 4175 ho-

2146 4218 2315 4270 mines
2341 4221 2465 4282 Deo,
2499 4218 2734 4286 discipuli
2763 4217 3035 4284 magistro,
3069 4214 3205 4267 servi
3240 4213 3475 4275 domino,
3509 4212 3683 4280 aegroti

2146 4308 2370 4370 medico,
2402 4306 2654 4374 corripuit
2681 4320 2803 4368 eos,
2831 4315 2883 4358 et
2910 4302 2979 4356 ait
3008 4323 3018 4356 ι
3053 4305 3233 4357 Nonne
3273 4304 3539 4355 duodecim
3576 4311 3684 4355 sunt

500 4404 736 4456 amatur?
756 4403 946 4457 Audiat
966 4420 1082 4457 eum
1105 4406 1358 4459 dicentem
1378 4422 1391 4456 :
1415 4404 1529 4457 Non
1550 4404 1657 4456 veni
1672 4419 1839 4456 vocare
1852 4406 2038 4475 justas,
2068 4412 2118 4468 1)
2146 4398 2282 4449 hora:
2313 4397 2449 4449 diei?
2476 4395 2537 4448 Si
2574 4398 2683 4463 quis
2730 4395 3055 4447 ambulaverit
3097 4396 3147 4446 in
3188 4395 3289 4458 die,
3334 4410 3435 4446 non
3462 4392 3683 4460 o/fendit.

502 4495 592 4546 sed
619 4501 901 4560 peccatores
932 4491 1127 4562 (Marc.
1154 4507 1195 4553 u
1220 4496 1257 4560 ).
1289 4493 1344 4547 Si
1375 4493 1512 4548 enim
1540 4503 1837 4562 peccatores
1868 4493 2041 4545 Domi-

506 4598 603 4635 nus
632 4598 734 4635 non
777 4592 997 4649 amaret,
1039 4583 1433 4637 similitudinem
1482 4586 1653 4636 carnis
1700 4582 1897 4650 peccati
1941 4598 2041 4635 non

503 4672 761 4723 indueret.

572 4762 792 4814 Audiens
815 4772 980 4815 autem
1001 4760 1169 4829 Iesus,
1198 4764 1323 4817 dixit
1347 4763 1449 4815 illis
1475 4780 1492 4818 :
1517 4762 1794 4831 Inﬁrmitas
1812 4764 1917 4817 hare
1945 4781 2044 4817 non

454 4874 468 4896 ι
502 4864 572 4904 est
595 4852 660 4903 ad
683 4862 908 4918 mortem,
935 4855 1020 4905 sed
1036 4869 1126 4921 pro
1156 4853 1318 4922 gloria
1342 4852 1454 4917 Dei,
1481 4866 1532 4907 ut
1558 4856 1852 4923 glori/iretur
1876 4854 2043 4907 Filius

506 4943 621 4995 Dei.
640 4942 1098 5012 Talisgloriflcatio
1114 4943 1277 5010 ipsius
1294 4959 1393 4996 non
1416 4946 1578 5009 ipsum
1597 4946 1763 5009 auxit,
1779 4947 1867 4997 sed
1896 4946 2046 4998 nobis

507 5022 859 5100 profuitfHoc
885 5048 1008 5100 ergo
1036 5034 1107 5085 ait
1138 5050 1150 5085 :
1184 5033 1301 5085 Non
1332 5044 1401 5085 est
1430 5034 1496 5085 ad
1525 5044 1754 5099 mortem,
1787 5038 1903 5101 quia
1936 5036 2044 5100 ipsa

508 5139 648 5176 mors
677 5138 779 5175 non
806 5133 884 5175 est
918 5125 979 5177 ad
1013 5136 1255 5188 mortem,
1287 5126 1377 5183 sed
1422 5127 1594 5191 potius
1622 5127 1681 5177 ad
1714 5126 2045 5189 miraculum,

506 5232 607 5283 quo
652 5216 786 5270 facto
826 5217 1103 5274 crederent
1138 5217 1381 5272 homines
1415 5222 1464 5272 in
1510 5219 1794 5284 Christum,
1824 5231 1875 5273 et
1917 5223 2047 5273 vita-

507 5314 623 5358 rent
661 5320 833 5359 veram
877 5315 1115 5360 mortem.
1162 5306 1303 5361 Sane
1350 5308 1560 5374 videte,
1609 5310 2042 5376 quemadmodum

506 5402 752 5459 tanquam
776 5408 839 5446 ex
871 5394 1080 5461 obliquo
1110 5395 1357 5449 Dominus
1388 5396 1546 5447 Deum
1575 5410 1632 5448 se
1657 5395 1803 5459 dixit,
1834 5406 2049 5463 propter

506 5484 754 5547 quosdam
781 5486 865 5550 qui
899 5495 1108 5552 negant.
1142 5486 1270 5538 Nam
1305 5496 1425 5537 sunt
1452 5486 1680 5538 haeretici
1712 5491 1795 5554 qui
1828 5486 1924 5539 hoc
1958 5502 2047 5540 ne-

505 5583 646 5638 gant,
676 5574 810 5640 quod
841 5574 1006 5628 Filius
1038 5575 1125 5628 Dei
1157 5575 1223 5628 sit
1255 5576 1423 5639 Deus;
1456 5590 1578 5629 ecce
1606 5577 1817 5629 audiant
1848 5593 1859 5627 :
1892 5574 2049 5641 Inﬁr-

504 5662 649 5713 mitos
670 5664 792 5729 Ittec,
818 5663 1002 5733 inquit,
1038 5680 1133 5717 non
1175 5674 1243 5717 est
1283 5667 1351 5716 ad
1378 5674 1615 5731 mortem,
1646 5666 1732 5719 sed
1769 5683 1858 5736 pro
1885 5668 2046 5737 gloria

2149 4489 2228 4541 Me
2274 4486 2573 4552 sequimini,
2606 4487 2649 4539 si
2700 4500 2802 4538 non
2846 4485 3001 4537 vultis
3040 4484 3322 4539 olfendere.
3365 4484 3536 4537 Nolite
3566 4482 3687 4539 mihi

2146 4576 2421 4629 Consilium
2456 4576 2600 4640 dare,
2643 4590 2773 4641 quos
2816 4589 2847 4627 a
2876 4587 2960 4627 me
2999 4572 3270 4627 consilium
3302 4583 3511 4640 oportet
3555 4572 3687 4626 accio

2149 4684 2296 4735 pere.
2352 4668 2467 4732 Quo
2522 4680 2647 4734 ergo
2703 4664 2931 4733 pertinet
2969 4682 2982 4717 :
3015 4664 3200 4719 Nonne
3264 4666 3531 4717 duodecim
3573 4670 3687 4717 sunt

2147 4762 2284 4811 hora:
2312 4759 2448 4811 diei?
2481 4757 2596 4824 quia
2628 4766 2681 4807 ut
2712 4756 2846 4808 diem
2878 4770 2996 4810 esse
3038 4771 3095 4809 se
3126 4755 3453 4815 ostenderet.
3484 4756 3684 4809 duode-

2146 4848 2247 4901 citn
2292 4848 2571 4913 discipulus
2612 4846 2788 4915 elegit.
2822 4844 2876 4898 Si
2926 4860 3022 4911 ego
3068 4859 3207 4903 sum,
3258 4846 3441 4914 inquit,
3473 4846 3606 4912 dies,
3636 4856 3684 4900 et

2148 4950 2239 4988 vos
2271 4938 2433 5000 lmrm,
2468 4938 2698 5002 nunquid
2733 4938 2873 4987 horae
2903 4934 3006 4987 diei
3036 4936 3311 4988 consilium
3342 4934 3503 4988 dant?
3534 4935 3681 4988 Horae

2147 5028 2285 5080 diem
2316 5037 2627 5095 sequuntur,
2678 5043 2778 5079 non
2826 5028 2951 5081 liora
3001 5027 3133 5081 dies.
3168 5030 3221 5082 Si
3253 5044 3376 5096 ergo
3408 5030 3479 5082 illi
3526 5031 3684 5090 horai,

2148 5120 2270 5185 quid
2319 5119 2389 5172 ibi
2436 5118 2615 5181 ludas,
2663 5127 2714 5172 et
2759 5120 2868 5186 ipse
2912 5118 3049 5172 inter
3076 5118 3349 5173 duodecim
3397 5120 3597 5173 horas?
3639 5120 3687 5173 Si

2149 5209 2270 5261 liora
2312 5221 2447 5273 erat,
2492 5210 2708 5262 lucebat.
2763 5210 2818 5263 Si
2874 5209 3111 5275 lucebat,
3156 5212 3418 5278 quomodo
3448 5214 3585 5263 diem
3626 5213 3685 5263 ad

2147 5310 2367 5353 mortem
2415 5300 2681 5353 tradebat?
2717 5298 2819 5353 Sed
2859 5300 3109 5354 Dominus
3159 5302 3208 5354 in
3260 5303 3360 5355 hoc
3401 5301 3560 5357 verbo
3590 5319 3686 5355 non

2150 5395 2318 5461 ipsum
2353 5396 2559 5451 ludam.
2608 5394 2697 5447 sed
2747 5408 3103 5450 soeccssorent
3153 5397 3319 5462 ipsius
3355 5398 3684 5463 pra-videbat.

2148 5486 2276 5538 Jutla
2309 5488 2449 5537 enim
2482 5484 2703 5538 cadente
2748 5487 3001 5539 successit
3030 5486 3307 5549 Mattltias,
3336 5496 3389 5541 et
3427 5488 3687 5540 duodena-

2148 5576 2253 5630 rins
2294 5590 2545 5629 numerus
2593 5577 2803 5630 mansit.
2831 5577 2944 5631 Non
2989 5576 3128 5631 enim
3177 5577 3365 5632 frustra
3415 5578 3687 5632 duodecim

2152 5668 2438 5735 discipulos
2470 5666 2645 5733 elegit,
2693 5666 2791 5721 nisi
2823 5668 2945 5734 quia
2986 5667 3096 5735 ipse
3139 5666 3419 5737 Spiritualis
3450 5676 3529 5720 est
3560 5668 3688 5719 dies.
