3884 6232
113 377 205 432 777

1040 373 1102 428 IN
1140 372 1195 427 S.
1239 372 1515 429 IOANNIS
1556 372 1998 428 EVANGELIUM
2043 371 2413 426 EXPOSI'IIO.

3213 369 3317 426 πε

108 487 393 556 Sequantur
417 498 546 553 ergo
576 484 718 538 horae
761 482 898 537 diem
926 523 940 548 ,
975 481 1263 550 praedicent
1295 483 1438 535 horae
1483 480 1646 543 diem,
1680 485 1726 544 Α
1759 496 1914 549 quem
1948 481 2104 534 homo
2137 482 2297 533 trahit
2325 481 2392 534 de
2419 480 2604 535 mortis
2629 481 2938 552 propagine.
2975 478 3172 536 Deinde
3199 497 3318 553 cre-

109 578 242 632 horte
285 578 616 631 illustrentur
661 590 688 628 a
738 575 843 637 die,
892 574 1039 627 horae
1073 574 1435 627 illuminentur
1476 587 1506 625 a
1544 572 1653 637 die,

107 685 196 736 per
231 670 476 724 horarum
525 667 958 738 praedicationem
1005 667 1184 720 credat
1216 666 1442 719 mundus
1487 665 1647 719 diem.

109 758 238 827 Ergo
263 761 334 812 ait
358 759 426 812 de
456 757 771 831 compendio
807 774 819 807 :
848 755 934 809 Me
961 756 1259 825 sequimini,
1291 755 1332 808 si
1364 768 1466 807 non
1497 753 1657 807 vultis

108 863 292 910 errare,
322 857 376 902 et
407 857 525 915 post
551 847 649 900 hoc
674 845 801 899 dicit
835 845 914 899 eis
943 862 956 898 :

179 935 392 989 Lazarus
417 939 610 988 amicus
640 943 805 987 noster
832 933 1056 998 dormit;
1092 935 1180 986 sed
1205 933 1332 986 uado
1355 942 1405 986 ut
1429 949 1459 986 a
1483 947 1657 986 somno

110 1028 304 1082 excitem
331 1042 471 1080 eum.
509 1025 700 1085 Verum
740 1025 904 1078 dixit:
938 1025 1207 1079 sororibus
1242 1037 1480 1078 ntortuus
1509 1031 1654 1086 erat,

115 1117 324 1172 Domino
367 1116 687 1171 dormiebat.
738 1115 1051 1168 Hominibus
1095 1126 1332 1170 mortuus
1379 1123 1528 1179 erat,
1570 1113 1659 1182 qui

109 1223 219 1263 eum
242 1210 499 1262 suscitare
528 1223 633 1262 non
678 1215 941 1275 poterant.
968 1206 1097 1260 Nam
1130 1205 1386 1260 Dominus
1414 1215 1554 1259 tanta
1586 1205 1663 1258 τει-

108 1302 294 1355 cilitate
319 1301 612 1355 suscitabat
641 1300 707 1354 de
738 1299 1006 1367 sepulcro,
1027 1309 1220 1366 quanta
1246 1308 1300 1352 tu
1332 1314 1434 1353 non
1456 1299 1658 1352 excitas

110 1389 456 1446 dormientem
497 1390 574 1444 'de
628 1390 783 1444 lecto.
844 1389 978 1456 Ergo
1029 1388 1320 1443 secundum
1371 1388 1658 1457 potentiam

109 1498 250 1538 suam
278 1484 414 1537 dixit
453 1483 806 1537 dormientem
835 1518 852 1545 ,
891 1481 1011 1549 quia
1062 1490 1117 1536 et
1159 1481 1246 1535 alii
1295 1480 1486 1534 mortui
1534 1479 1661 1533 dicti

109 1584 225 1626 sunt
255 1573 305 1626 in
331 1572 620 1639 Scripturis
649 1585 792 1638 saepe
821 1570 1148 1626 dormientes
1168 1615 1183 1639 ,
1212 1572 1351 1624 sicut
1381 1569 1662 1639 Apostolus

109 1641 260 1715 dicit:
294 1662 372 1715 De
400 1661 759 1715 dormientibus
784 1671 952 1714 autem
988 1661 1106 1714 nolo
1133 1676 1217 1715 uas
1247 1662 1483 1731 ignorare
1503 1701 1520 1727 ,
1553 1662 1662 1731 fra-

109 1763 222 1818 tres,
252 1760 306 1804 ut
334 1768 434 1805 non
457 1752 822 1806 contristemini
848 1754 975 1806 sicut
1002 1760 1047 1806 et
1071 1755 1258 1816 ceteri,
1283 1754 1370 1822 qui
1393 1769 1532 1820 spem
1561 1769 1662 1806 non

1761 573 1879 636 scit,
1913 572 2095 638 incipit
2123 571 2380 625 accedere
2405 571 2471 624 ad
2501 571 2779 626 rationales
2818 585 2986 627 annos
3012 613 3027 635 ,
3065 580 3122 626 ut
3149 573 3314 640 legem

1759 662 1928 727 sapiat
1953 659 2268 724 naturalem,
2289 675 2442 726 quam
2461 674 2648 714 omnes
2672 661 2862 716 habent
2880 663 2932 716 in
2945 662 3108 717 corde
3131 663 3316 716 lixam:

1761 750 1908 815 Quod
1939 752 2026 803 tibi
2056 751 2164 818 ﬁeri
2194 767 2292 803 non
2320 751 2394 804 uis
2414 792 2427 815 ,
2458 752 2548 804 alii
2576 767 2636 805 ne
2663 754 2841 820 feceris
2868 752 3019 824 (Tob.
3050 754 3149 822 ιν).
3178 754 3322 808 Nun-

1760 842 1890 912 quid
1917 840 2020 894 hoc
2049 841 2114 893 de
2143 839 2360 909 paganis
2387 841 2581 895 dicitur
2603 883 2620 908 ,
2668 851 2722 896 et
2758 858 2860 896 non
2891 843 2945 897 in
2984 853 3169 900 natura
3210 846 3321 915 ipsa

1758 930 2149 998 quodammodo
2189 930 2414 996 legitur?
2445 929 2664 984 Furtum
2697 932 2774 985 vis
2819 933 2961 1000 pati?
3004 933 3184 1002 utique
3216 949 3320 986 non

1759 1025 1857 1076 vis.
1889 1024 2029 1077 Ecce
2054 1023 2140 1077 lex
2168 1025 2219 1077 in
2243 1024 2403 1078 corde
2435 1032 2553 1078 tuo:
2581 1023 2730 1089 Quod
2760 1039 2862 1078 non
2891 1024 2974 1079 vis
2994 1025 3122 1094 pati,
3153 1026 3326 1079 facere

1761 1114 1900 1178 noli;
1929 1123 1983 1167 et
2013 1113 2147 1167 hanc
2177 1115 2345 1184 legem
2379 1116 2834 1182 transgrediuntur
2870 1115 3112 1172 homines
3138 1159 3155 1184 ,
3200 1131 3327 1172 ecce

1760 1207 1895 1258 alter
1915 1205 2028 1258 dies
2055 1206 2262 1260 mortis.
2310 1205 2440 1259 Data
2463 1205 2620 1259 etiam
2654 1207 2735 1260 lex
2764 1206 3013 1262 divinitus
3041 1223 3133 1275 per
3161 1207 3325 1262 iamu-

1761 1293 1868 1346 lum
1901 1293 1990 1347 Dei
2024 1294 2261 1364 Moysen,
2290 1295 2486 1349 dictum
2516 1306 2594 1351 est
2621 1296 2731 1352 illic
2762 1314 2774 1349 :
2806 1296 2927 1352 Non
2961 1298 3193 1363 occides,
3227 1314 3330 1353 non

1761 1386 2118 1452 masc/laberis,
2162 1403 2262 1440 non
2306 1388 2493 1456 falsum
2533 1388 2872 1443 testimonium
2920 1391 3086 1456 dices;
3135 1389 3331 1444 honora

1764 1485 1956 1542 patrem
2002 1486 2046 1528 et
2091 1485 2335 1541 matrem;
2374 1494 2474 1530 non
2511 1479 2831 1549 concupisces
2857 1495 2964 1532 rem
2994 1481 3210 1547 proximi
3254 1479 3332 1534 tui

1764 1565 1959 1636 (Exod.
1994 1566 2107 1636 xx).
2145 1570 2279 1623 Ecce
2308 1570 2390 1624 lex
2421 1571 2614 1638 scripta
2647 1581 2758 1634 est.
2796 1581 2850 1626 et
2891 1573 3002 1640 ipsa
3037 1579 3333 1630 contemni-

1765 1669 1868 1714 tur.
1903 1661 2051 1714 Adde
2081 1663 2296 1716 tertium
2337 1661 2476 1717 diem
2510 1665 2713 1717 mortis.
2757 1663 2889 1729 Quid
2936 1668 3146 1721 restat!
3180 1668 3334 1722 Venit

1764 1759 1818 1805 et
1849 1752 2212 1821 Erangelium,
2243 1752 2558 1821 praedicatur
2590 1768 2809 1822 regnum
2854 1755 3109 1811 cmlorum
3133 1795 3150 1820 ,
3183 1756 3333 1810 dill'a-

108 1841 286 1894 habent
315 1838 368 1909 (I
401 1839 580 1896 Thess.
615 1841 709 1910 tv).
740 1841 863 1909 Ideo
897 1852 951 1896 et
987 1843 1100 1911 ipse
1136 1842 1462 1898 dormientes
1489 1843 1671 1910 appel-
1706 1832 1746 1890 Β
1776 1850 1950 1895 matur
1990 1842 2184 1910 ubique
2212 1842 2488 1909 Christus,
2520 1844 2752 1899 minatur
2792 1844 3089 1914 gehennam
3114 1889 3129 1912 ,
3173 1845 3331 1900 vitam

107 1933 250 2005 lavit,
269 1933 390 2001 quia
420 1941 815 1986 resurrecturos
838 1933 1224 2002 pronuntiavit.
1246 1933 1311 1986 Et
1328 1934 1380 1986 in
1404 1933 1510 1987 alio
1532 1932 1668 1987 loco:

115 2026 294 2078 Omnes
321 2024 525 2093 quidem
553 2025 879 2087 dormiemus,
910 2025 999 2078 sed
1025 2039 1126 2078 non
1151 2039 1322 2078 omnes
1352 2040 1672 2094 resurgemus

114 2114 181 2184 (Ι
215 2114 332 2168 Cor.
362 2114 507 2185 xv);
557 2123 779 2170 mortem
820 2124 1057 2170 nostram
1090 2115 1429 2171 dormitionis
1459 2118 1674 2173 nomine

114 2205 437 2275 signiﬁcans.
480 2205 612 2259 Nam
637 2220 831 2274 corpus
856 2244 871 2268 ,
911 2205 1036 2260 dum
1069 2207 1336 2263 deseritur
1363 2208 1429 2262 ab
1457 2208 1631 2262 anima
1653 2247 1670 2275 ,

112 2299 302 2352 dormit
329 2297 383 2352 in
415 2300 682 2368 sepulcro,
713 2301 1142 2357 resuscitandum
1173 2303 1224 2356 in
1250 2303 1542 2357 novissimo
1566 2303 1671 2358 die.

115 2389 317 2444 Anima
343 2403 472 2446 vero
504 2390 629 2446 dum
667 2391 920 2447 deserunt
945 2407 1171 2462 corpora
1197 2433 1214 2459 ,
1242 2395 1487 2450 diversas
1529 2411 1676 2451 rece-

119 2481 320 2546 ptiones
348 2477 568 2547 habent,
593 2481 839 2550 gaudium
871 2482 1046 2548 bona,
1070 2483 1229 2537 malas
1258 2493 1538 2539 tormenta.
1570 2485 1677 2540 Sed

115 2582 231 2621 cum
261 2567 398 2623 iacta
439 2568 599 2624 fuerit
637 2572 958 2627 resurrectio
982 2612 998 2637 ,
1039 2581 1094 2627 et
1123 2572 1384 2627 bonorum
1427 2576 1677 2644 gaudium

115 2659 337 2727 amplius
358 2661 484 2726 erit,
517 2671 571 2716 et
599 2663 858 2718 malorum
889 2673 1151 2718 tormenta
1177 2665 1442 2735 graviora,
1466 2667 1677 2734 quando

117 2763 233 2803 cum
263 2764 488 2820 corpore
535 2752 942 2822 torquebuntur.
999 2755 1132 2808 Dum
1175 2755 1430 2812 Dominus
1459 2758 1527 2813 de
1556 2759 1680 2813 dor-

116 2839 325 2896 mitione
353 2842 512 2897 amici
541 2843 744 2898 diceret
773 2843 1074 2914 discipulis,
1103 2847 1512 2915 rcsponderunt,
1541 2863 1678 2920 quo-

119 2931 270 2984 modo
300 2931 693 2987 intellexerunt
728 2951 739 2986 :

133 3086 138 3089 _
183 3020 422 3086 Domine,
470 3024 513 3077 si
544 3023 770 3089 dormit,
810 3025 978 3079 salvus
1006 3024 1122 3079 erit.
1171 3026 1355 3083 Solent
1393 3029 1537 3083 enim
1563 3043 1681 3087 esse

120 3113 319 3166 somnia
349 3115 720 3179 aegrotandum
744 3115 929 3170 salutis
955 3117 1169 3171 indicia.

1771 1932 2029 2000 promittit
2057 1941 2308 1986 aeternam
2336 1974 2351 1998 ,
2396 1943 2451 1988 et
2479 1934 2592 2003 ipse
2620 1936 2999 1991 contemnitur.
3038 1936 3332 2007 Transgre-

1770 2026 1988 2080 diuntur
2015 2025 2257 2082 homines
2281 2027 2645 2098 Evangelium,
2669 2044 2794 2084 ecce
2817 2037 3033 2098 quartus
3055 2030 3170 2085 dies
3191 2047 3335 2085 mor-

1773 2121 1862 2174 tis.
1894 2117 2082 2174 Merito
2117 2120 2224 2189 jam
2266 2130 2448 2190 putet:
2499 2123 2734 2193 nunquid
2777 2131 2832 2178 et
2877 2123 3065 2178 talibus
3094 2126 3331 2194 neganda

1773 2222 1854 2266 est
1878 2213 2277 2269 misericordia?
2307 2217 2445 2271 absit
2471 2220 2629 2272 etiam
2653 2260 2668 2285 ,
2702 2219 2766 2273 ad
2800 2219 2934 2275 tales
2959 2220 3213 2275 Dominus
3239 2236 3328 2276 ex-

1773 2302 2016 2358 citandos
2042 2318 2146 2359 non
2174 2305 2486 2376 dedignatur
2517 2308 2790 2365 accedere.

1845 2391 2000 2446 Multi
2047 2403 2215 2447 autem
2252 2412 2316 2449 ex
2344 2393 2543 2451 luditis
2587 2409 2820 2454 uenerant
2867 2402 2935 2454 ad
2982 2399 3241 2454 Mart/tant
3283 2413 3330 2454 et

1778 2481 1999 2535 Mariam
2023 2523 2038 2549 ,
2079 2496 2135 2539 ut
2166 2485 2552 2541 consolarentur
2582 2504 2665 2542 eas
2695 2491 2758 2542 de
2798 2491 2956 2559 fratre
2972 2508 3095 2544 suo.
3127 2489 3336 2544 Martha

1777 2590 1896 2644 ergo
1922 2585 1974 2626 ut
2002 2578 2234 2644 cognovit
2259 2578 2378 2647 quia
2401 2575 2552 2633 Jesus
2575 2580 2729 2643 venit,
2757 2583 2976 2635 occurrit
3003 2580 3082 2634 illi
3111 2598 3128 2634 :
3160 2581 3334 2636 Maria

1778 2673 1946 2717 autem
1973 2665 2111 2718 domi
2137 2667 2364 2724 sedebat.
2411 2668 2556 2722 Dixit
2602 2687 2720 2740 ergo
2766 2669 2974 2725 Martha
3013 2672 3084 2725 ad
3112 2671 3288 2727 Iesum
3320 2690 3339 2726 :

1781 2755 2016 2822 Domine,
2041 2760 2084 2811 si
2110 2758 2294 2828 fuisses
2317 2761 2420 2825 hic,
2446 2762 2605 2830 frater
2633 2778 2774 2816 meus
2803 2780 2902 2817 non
2924 2771 3058 2819 esset
3087 2775 3335 2820 mortuus.

1782 2845 1889 2900 Sed
1917 2857 1965 2900 et
2013 2866 2148 2902 nunc
2189 2852 2294 2904 scio
2320 2855 2441 2921 quia
2469 2870 2778 2922 quwcunqus
2822 2859 3110 2926 papaueris
3137 2874 3169 2911 ο
3210 2857 3340 2924 Deo,

1782 2936 1922 2991 dabit
1946 2938 2036 2991 tibi
2063 2937 2222 2995 Deus.
2257 2940 2370 2995 Non
2403 2942 2542 2996 dixit
2573 2961 2585 2994 :
2619 2944 2723 2998 Sed
2754 2954 2807 2999 et
2836 2946 2993 3000 modo
3025 2963 3152 3014 rogo
3184 2956 3256 3013 te,
3287 2961 3343 3001 ut

1785 3028 2010 3082 suscites
2042 3031 2258 3084 fratrem
2289 3047 2484 3086 meum.
2515 3033 2666 3087 Unde
2695 3035 2834 3088 enim
2866 3036 3086 3102 sciebat,
3117 3037 3162 3090 si
3191 3035 3340 3092 fratri

1785 3119 1902 3186 ejus
1949 3133 2231 3190 resurgere
2261 3122 2386 3176 utile
2419 3123 2587 3178 foret?
2635 3123 2748 3179 Hoc
2778 3133 2978 3181 tantum
3010 3126 3179 3182 dixit:
3215 3128 3338 3183 Scio

185 3201 395 3255 Dixerat
423 3213 587 3256 autem
616 3201 762 3258 Jesus
789 3206 849 3257 de
872 3217 1033 3260 morte
1057 3209 1197 3277 ejus,
1229 3206 1306 3259 illi
1335 3217 1504 3261 autem
1533 3218 1680 3278 puta—
1710 3179 1756 3243 Ο
1786 3179 1910 3277 quia
1940 3179 2134 3278 potes:
2138 3210 2194 3265 Si
2226 3211 2325 3277 vis,
2361 3213 2509 3266 iacis.
2543 3212 2728 3268 Utrum
2755 3225 2931 3270 autem
2963 3214 3128 3270 iacias
3155 3196 3338 3285 ju’dicii

120 3308 288 3350 uerunt
325 3298 448 3368 quia
487 3301 550 3353 de
592 3299 892 3353 dormitione
918 3301 1083 3354 somni
1109 3301 1316 3356 diceret.
1360 3301 1508 3356 Tunc
1555 3318 1682 3372 ergo

123 3385 250 3440 dixit
291 3392 368 3442 eis
410 3388 569 3445 lesus
597 3391 908 3457 manifeste,
938 3390 1269 3446 subobscure
1308 3393 1449 3446 enim
1479 3393 1699 3474 dixerat:

126 3477 326 3531 dormit.

190 3570 271 3623 Ait
297 3586 418 3640 ergo
439 3572 735 3640 manifeste:
766 3573 992 3628 Lazarus
1020 3584 1244 3628 mortuus
1266 3585 1376 3640 est,
1414 3585 1461 3629 et
1487 3576 1682 3646 gaudeo

128 3671 321 3730 propter
349 3676 434 3715 vos
459 3702 473 3726 ,
501 3671 554 3715 ut
581 3663 795 3716 credatis
819 3701 834 3726 ,
875 3664 996 3733 quia
1024 3663 1092 3716 ibi
1122 3680 1222 3716 non
1248 3681 1383 3717 eram
1409 3704 1424 3730 ,
1463 3664 1551 3717 sed
1580 3665 1683 3716 scio

127 3753 246 3818 quia
285 3764 516 3805 mortuus
554 3763 647 3806 est.
696 3753 859 3822 Eger
888 3754 1029 3808 ettim
1076 3769 1181 3808 non
1231 3767 1468 3810 mortuus
1515 3755 1686 3810 luerat

131 3843 409 3895 nuntiatus.
436 3844 539 3897 Sed
572 3844 696 3912 quid
739 3845 924 3898 lateret
959 3859 1079 3898 eum
1109 3885 1122 3908 ,
1155 3847 1243 3912 qui
1275 3855 1549 3899 creaverat
1572 3889 1585 3912 ,
1632 3855 1685 3899 et

132 3930 192 3983 ad
236 3933 380 4000 cujus
429 3948 618 3987 manus
663 3935 836 3987 anima
871 3935 1146 3988 morientis
1187 3935 1420 3988 exierat?
1465 3935 1575 3989 [ioc
1604 3944 1687 3989 est

133 4025 264 4093 quod
288 4026 386 4080 ait:
418 4025 632 4080 Gaudeo
657 4038 862 4096 propter
892 4044 976 4081 uos
999 4071 1014 4096 ,
1044 4037 1098 4080 ut
1127 4041 1297 4081 resua
1340 4029 1470 4081 ﬁdes
1497 4041 1686 4097 augea-

137 4128 214 4170 tur
240 4157 257 4183 ,
281 4119 390 4172 sive
422 4120 693 4184 ﬁrmetur;
725 4129 780 4172 ut
808 4121 1025 4190 credatis
1051 4161 1067 4187 ,
1110 4121 1250 4188 quod
1283 4121 1686 4190 intelligendum

133 4219 245 4264 est:
276 4222 331 4264 ut
359 4212 586 4280 amplius
615 4213 987 4281 robustiusque
1016 4211 1262 4266 credatis.

203 4299 306 4353 Sed
334 4318 502 4356 eamus
531 4303 595 4356 ad
623 4317 757 4356 eum.
792 4301 936 4356 Dixit
963 4319 1081 4373 ergo
1112 4302 1329 4355 Thomas
1351 4343 1363 4366 ,
1390 4305 1477 4373 qui
1505 4305 1688 4357 dicitur

143 4389 386 4460 Didymus
413 4433 429 4458 ,
472 4394 538 4446 ad
569 4393 946 4462 condiscipulos
987 4409 1136 4447 suos:
1171 4393 1362 4448 Eamus
1393 4408 1436 4448 et
1467 4412 1556 4448 nos
1581 4438 1594 4462 ,
1640 4405 1687 4448 et

139 4485 406 4537 moriamur
427 4503 540 4538 cum
567 4503 645 4541 eo.
684 4486 831 4541 Venit
861 4490 1026 4555 itaque
1052 4489 1202 4542 Jesus
1227 4531 1240 4552 ,
1283 4501 1327 4543 et
1356 4491 1540 4543 inuenit
1571 4507 1681 4542 eum

139 4582 349 4639 quatuor
376 4575 478 4630 dies
490 4580 606 4646 jam
634 4577 688 4628 in
710 4588 1029 4631 monumento
1051 4579 1329 4636 habentem.
1365 4581 1436 4635 De
1465 4592 1689 4650 quatuor

137 4662 315 4718 diebus
349 4669 511 4719 multa
545 4667 759 4736 quidem
793 4668 895 4723 dici
945 4679 1201 4738 possunt,
1234 4672 1370 4724 sicut
1407 4685 1464 4724 se
1498 4671 1689 4724 habent

138 4755 354 4809 obscura
385 4758 782 4823 Scripturarum
819 4761 930 4812 loca
955 4801 968 4825 ,
1003 4776 1118 4827 qua:
1161 4776 1252 4827 pro
1281 4762 1580 4816 diversitate
1611 4763 1690 4815 in-

141 4847 474 4914 telligentium
506 4850 700 4902 multos
731 4864 919 4903 sensus
960 4854 1189 4918 pariunt.
1238 4851 1482 4905 Dicamus
1512 4863 1562 4906 et
1593 4867 1688 4906 nos

139 4940 259 5003 quid
305 4939 453 4993 nobis
479 4940 719 4993 videatur
757 4939 1060 5008 signilicare
1103 4951 1341 4994 mortuus
1381 4943 1684 5010 quatridua-

141 5042 256 5084 nus.
288 5028 558 5094 Quomodo
597 5030 738 5082 enim
793 5031 845 5083 in
897 5031 987 5084 illo
1015 5046 1158 5085 caeco
1191 5031 1526 5100 intelligimus
1555 5049 1686 5101 quo-

141 5115 412 5174 dammodo
441 5121 729 5174 humanum
761 5136 950 5189 genus,
982 5124 1058 5177 sic
1094 5124 1225 5176 forte
1252 5133 1305 5176 et
1334 5124 1384 5175 in
1417 5124 1518 5176 isto
1545 5139 1688 5177 mor-

145 5220 232 5263 tuo
257 5210 445 5264 multos
474 5213 792 5267 intellecturi
831 5228 1038 5268 sumus.
1072 5216 1306 5270 Diversis
1348 5218 1486 5270 enim
1519 5218 1689 5271 modis

145 5318 242 5354 una
275 5318 355 5356 res
378 5303 675 5372 signiﬁcare
707 5315 901 5371 potem.
938 5307 1123 5374 llomo,
1169 5309 1377 5376 quando
1417 5313 1648 5364 nascitur
1675 5352 1689 5375 ,

139 5393 245 5460 jam
285 5409 396 5447 cum
427 5405 595 5450 molle
625 5397 856 5451 nascitur
881 5438 894 5461 ,
927 5400 1048 5466 quia
1081 5398 1164 5452 ‘de
1205 5401 1368 5452 Adam
1419 5412 1688 5470 peccatum

147 5483 334 5542 trahit;
371 5485 504 5538 unde
553 5485 684 5538 dicit
727 5487 1038 5554 Apostolus:
1087 5486 1189 5541 Per
1238 5506 1390 5542 unum
1440 5471 1690 5545 hominem

147 5584 394 5637 peccatum
419 5576 615 5628 intrauit
645 5579 697 5630 in
728 5579 969 5630 mundum
995 5620 1009 5644 ,
1049 5590 1092 5632 et
1122 5599 1209 5650 per
1232 5592 1487 5651 peccatum
1518 5600 1649 5636 mors
1675 5599 1691 5636 :

147 5673 189 5713 et
216 5666 285 5714 ita
307 5668 354 5717 in
380 5682 540 5718 omnes
569 5668 794 5722 homines
821 5672 1105 5738 pertransiit
1131 5712 1147 5737 ,
1175 5673 1224 5724 in
1249 5689 1342 5739 quo
1386 5691 1552 5726 omnes
1580 5690 1692 5743 pec-

151 5768 370 5810 carerunt
399 5757 571 5828 (Rom.
602 5764 679 5827 v).
715 5761 851 5815 Ecce
892 5763 1052 5820 babes
1097 5780 1257 5820 unum
1297 5765 1434 5820 diem
1468 5767 1646 5822 mortis
1675 5808 1688 5833 ,

380 5850 491 5910 Pu
507 5867 641 5911 noL.
675 5850 866 5914 XCII.

1788 3298 1861 3351 tui
1891 3307 2002 3363 est,
2031 3314 2137 3354 non
2168 3301 2596 3372 praesumptionis
2625 3316 2778 3356 mem.
2809 3302 2911 3360 Sed
2945 3312 2999 3358 et
3050 3319 3191 3360 nunc
3234 3308 3346 3359 scio

1786 3390 1907 3456 quia
1935 3405 2266 3460 quacunque
2297 3392 2604 3461 poposceris
2634 3407 2663 3446 a
2694 3392 2803 3448 Deo
2828 3433 2843 3460 ,
2875 3394 3021 3449 dabit
3051 3394 3144 3450 tibi
3176 3395 3339 3450 Deus.

1790 3479 1921 3533 Dicit
1952 3480 2027 3533 illi
2052 3480 2209 3535 Jesus
2233 3497 2249 3534 :

1857 3571 2101 3641 Resurget
2131 3574 2290 3642 frater
2315 3583 2452 3628 tuus.
2477 3572 2614 3628 Dicit
2641 3576 2684 3628 ei
2712 3573 2921 3629 Hart/ta
2944 3575 3098 3630 :Scio
3125 3579 3244 3645 quia
3267 3595 3351 3632 re-

1785 3669 1954 3731 surget
1981 3663 2034 3714 in
2057 3665 2423 3717 resurrectione
2450 3667 2504 3717 in
2531 3667 2804 3719 novissimo
2830 3667 2930 3722 die.
2957 3666 3032 3722 De
3053 3667 3140 3722 illa
3168 3684 3348 3724 resur-

1787 3753 2027 3806 rectione
2055 3767 2241 3807 secura
2273 3767 2413 3818 sum,
2440 3753 2507 3808 de
2541 3754 2637 3808 hac
2666 3752 2869 3809 incerta
2897 3771 3038 3810 sum.

1859 3842 1994 3893 Dicit
2020 3843 2066 3894 ei
2092 3842 2121 3894 J
2131 3859 2241 3895 esus
2273 3857 2291 3894 :
2332 3841 2440 3911 Ego
2465 3859 2578 3896 sum
2605 3845 2904 3896 resurrectio
2933 3855 2980 3898 et
3009 3847 3129 3900 uita.
3163 3847 3301 3902 Dicis
3333 3868 3343 3900 :

1788 3942 2023 4000 resurget
2053 3929 2218 3986 frater
2245 3947 2397 3986 meus
2431 3933 2484 3987 in
2531 3935 2818 3988 novissimo
2850 3935 2956 3989 die.
3012 3935 3205 3991 Verum
3237 3951 3316 3992 est
3329 3956 3347 4004 ,-

1788 4025 1881 4079 sed
1907 4040 2000 4093 per
2023 4039 2181 4093 quem
2206 4033 2331 4080 tunc
2361 4035 2617 4096 resurget,
2654 4035 2831 4095 potest
2861 4027 3017 4082 modo
3043 4044 3346 4099 resurgere.

1789 4116 1908 4184 quia
1940 4131 2032 4184 ego
2074 4131 2183 4167 sum
2214 4100 2517 4170 resurrectio
2563 4128 2611 4171 et
2657 4119 2778 4171 vita.
2832 4118 2956 4173 Ideo
3000 4123 3346 4187 resurrectio,

1789 4207 1908 4272 quia
1937 4208 2058 4271 vita,
2092 4207 2210 4273 quia
2237 4207 2323 4275 qui
2344 4208 2500 4260 credit
2528 4209 2580 4261 in
2607 4225 2702 4275 nte,
2732 4226 2830 4263 non
2856 4211 3097 4264 morietur
3117 4214 3168 4265 in
3196 4223 3346 4266 ceter-

1790 4313 1930 4350 num.
1963 4297 2095 4364 Quid
2138 4299 2269 4353 hoc?
2296 4301 2382 4369 qui
2427 4302 2586 4354 credit
2613 4303 2664 4354 in
2703 4318 2816 4369 me,
2877 4304 3071 4356 etiamsi
3115 4316 3346 4359 mortuus

1789 4389 1960 4457 faterit,
1984 4389 2139 4454 vivet;
2170 4389 2305 4444 si'cut
2343 4390 2569 4444 Lazarus
2593 4401 2831 4446 mortuus
2859 4405 2960 4460 est,
2981 4403 3034 4448 et
3056 4396 3202 4461 vivit,
3228 4399 3347 4464 quia

1791 4496 1890 4532 non
1929 4489 2002 4534 est
2029 4479 2167 4536 Deus
2197 4495 2524 4549 mortuorum,
2561 4485 2648 4538 sed
2685 4487 2910 4541 vivorum
2954 4485 3165 4558 (Matth.
3195 4488 3345 4558 xxtt).

1795 4572 1870 4625 De
1898 4569 2022 4624 olim
2053 4571 2275 4625 mortuis
2305 4574 2541 4640 patribus
2564 4616 2578 4640 ,
2611 4577 2712 4629 hoc
2739 4587 2818 4630 est
2849 4577 2913 4630 dc
2942 4577 3206 4630 Abraham
3233 4620 3248 4644 ,
3281 4581 3347 4632 de

1793 4659 1953 4725 Isaac,
1988 4660 2053 4714 de
2081 4660 2265 4728 Iacob,
2302 4663 2405 4718 tale
2436 4679 2750 4730 restionsum
2780 4666 2981 4720 Judaais
3012 4668 3155 4722 dedit
3187 4685 3200 4721 :
3233 4668 3347 4738 Ego

1790 4767 1903 4804 sum
1941 4749 2078 4804 Deus
2108 4752 2360 4805 Abraham
2389 4795 2402 4817 ,
2433 4764 2477 4807 et
2510 4754 2644 4807 Deus
2678 4754 2828 4808 Isaac
2857 4798 2871 4819 ,
2913 4767 2958 4809 et
2991 4757 3126 4811 Deus
3150 4757 3349 4822 Iacob;

1790 4856 1890 4893 non
1918 4847 1988 4891 est
2034 4839 2169 4892 Deus
2198 4855 2508 4895 mortuorum
2536 4884 2550 4906 ,
2596 4843 2683 4895 sed
2731 4845 2956 4895 vivarum
2985 4843 3178 4914 (Marc.
3208 4845 3302 4916 xtl)
3328 4886 3343 4909 ,

1791 4951 1976 4989 omnes
2007 4939 2147 4989 enim
2180 4937 2256 4990 illi
2303 4941 2505 4989 vivunt.
2547 4936 2713 4989 Crede
2741 4951 2866 5003 ergo
2893 4954 2907 5001 ;
2956 4948 3006 4989 et
3037 4940 3079 4989 si
3109 4949 3349 4992 mortuus

1792 5027 1975 5092 lueris,
1996 5029 2158 5080 vives.
2182 5026 2234 5079 Si
2258 5036 2432 5080 autem
2456 5042 2559 5079 non
2583 5025 2777 5089 credis,
2801 5036 2993 5080 etcum
3022 5027 3174 5091 vivis,
3204 5043 3346 5081 utor-

1795 5131 1915 5174 tuus
1955 5135 2032 5174 es.
2068 5119 2214 5173 Unde
2242 5130 2321 5173 est
2349 5133 2476 5187 ergo
2503 5134 2642 5171 mors
2673 5120 2722 5171 in
2758 5117 2968 5172 animai
2997 5120 3116 5188 quia
3146 5137 3248 5174 non
3271 5132 3354 5175 est

1800 5212 1928 5266 lides
1959 5213 2008 5265 in
2040 5228 2126 5267 ea.
2158 5211 2305 5266 Unde
2335 5223 2413 5265 est
2441 5226 2583 5265 mors
2615 5214 2663 5264 in
2709 5215 2974 5279 corpore?
2998 5214 3114 5279 quia
3144 5213 3213 5268 ibi
3247 5231 3350 5268 non

1798 5315 1878 5358 est
1901 5306 1950 5358 in
1978 5305 2172 5356 anima.
2197 5305 2331 5372 Ergo
2361 5305 2551 5356 animae
2583 5313 2684 5357 tuae
2714 5304 2911 5368 anima,
2932 5303 3062 5357 iides
3091 5316 3170 5358 est
3204 5306 3352 5359 :sic-

1801 5406 1859 5449 ut
1888 5399 2058 5450 anima
2089 5398 2327 5463 corporis
2359 5399 2460 5448 vita
2491 5404 2572 5450 est
2611 5397 2869 5463 corporis,
2900 5398 2970 5449 ita
3003 5396 3130 5450 ﬁdes
3162 5400 3354 5452 animze

1801 5489 1900 5542 vita
1928 5499 2009 5542 est
2037 5489 2247 5540 animae.
2283 5487 2380 5553 Qui
2401 5490 2554 5540 credit
2582 5487 2631 5539 in
2661 5504 2758 5550 me,
2782 5488 2981 5555 inquit,
3004 5489 3199 5542 etiamsi
3219 5504 3356 5540 mor-

1801 5592 1911 5634 tuus
1940 5582 2092 5648 fuerit
2133 5582 2182 5633 itt
2206 5596 2364 5634 carne
2387 5622 2401 5645 ,
2433 5582 2557 5633 uiuet
2606 5581 2658 5633 in
2689 5581 2884 5642 anima,
2917 5580 3084 5632 donec
3116 5592 3356 5648 resurgat

1799 5689 1943 5740 caro,
1968 5688 2230 5742 nunquam
2255 5683 2434 5742 postea
2454 5673 2728 5730 moritura.
2757 5674 2862 5726 Iloc
2883 5683 2983 5735 est,
3013 5672 3109 5736 Qui
3128 5673 3286 5724 credit
3304 5674 3358 5724 in

1802 5785 1896 5838 me,
1920 5767 2034 5822 licet
2064 5766 2337 5832 moriatur,
2365 5767 2486 5820 viret
2512 5782 2529 5817 :
2557 5774 2607 5820 et
2638 5768 2804 5818 omnis
2835 5765 2920 5829 qui
2949 5764 3074 5816 vivit
3100 5764 3148 5815 in
3175 5778 3350 5827 cat-ne,

2843 5855 2917 5912 '25
