3884 6232
524 316 638 371 779

940 320 1139 375 BENE
1184 320 1636 377 VENEBABHJS
1674 323 1820 378 Ol‘i’.
1868 326 2045 381 PARS
2080 327 2140 383 ll.
2183 318 2374 381 SECT.
2410 328 2447 382 1.
2477 359 2543 369 -
2586 328 2974 385 EXEGETICA
3015 330 3336 386 CENblN.\.

3668 338 3756 391 730

530 449 581 494 et
599 439 767 494 credit
789 454 840 493 tu
862 452 966 501 me,
990 438 1090 491 etsi
1113 416 1370 492 moriatur
1388 437 1451 491 ad
1480 445 1685 506 tempus
1709 449 1924 507 propter
1947 455 2083 493 mor~
2112 444 2155 501 Α
2188 440 2358 495 duana
2384 453 2437 495 et
2466 441 2555 496 illa
2587 442 2849 512 signiﬁcat
2871 447 3166 513 sepultura.
3199 447 3331 510 Quid
3365 457 3447 499 est
3471 462 3599 513 ergo
3625 464 3753 517 quoa

524 533 631 586 ‘tem
660 531 853 593 carnis,
884 544 989 583 non
1029 528 1284 583 morietur
1313 528 1363 582 itt
1392 539 1647 583 aeternum
1681 539 1895 596 propter
1925 528 2084 583 vitam

526 622 761 687 spiritus.
801 627 857 675 et
898 618 1347 680 immortalitatem
1384 618 1809 673 resurrectionis.
1844 618 1955 674 Hoc
2005 630 2086 675 est

525 713 664 784 quod
698 716 771 768 ait
803 732 817 769 :

592 804 661 859 Et
684 808 847 860 omnis
885 806 971 873 qui
998 805 1111 859 vit-it
1138 816 1186 859 et
1225 806 1381 859 credit
1406 808 1457 859 in
1499 821 1598 869 me,
1630 822 1731 861 non
1763 806 2002 859 morietur
2031 808 2083 859 in

521 910 783 955 turnum.
818 900 991 955 Credis
1017 898 1152 953 hoc?
1178 898 1261 951 Ait
1290 899 1368 951 illi
1399 912 1419 952 :
1449 896 1651 967 Utique,
1698 898 1926 951 Domine.
1969 895 2082 967 Ego

521 993 714 1046 credidi
736 992 859 1061 quia
878 1000 934 1045 tu
959 1007 1011 1045 es
1032 989 1263 1043 Christus
1291 988 1454 1042 Filius
1485 988 1577 1041 Dei
1604 987 1721 1048 uiui,
1751 988 1843 1057 qui
1867 988 1920 1040 in
1950 989 2081 1040 hunc

520 1086 767 1137 mundum
787 1082 984 1136 uenisti.
999 1080 1221 1147 Quando
1242 1080 1583 1142 hoecredidi,
1610 1080 1731 1145 quia
1748 1088 1801 1131 tu
1824 1094 1881 1132 es
1900 1094 2080 1132 resur-

519 1160 701 1237 rectio,
735 1172 934 1227 credidi
963 1171 1083 1241 quia
1117 1181 1169 1225 tu
1199 1184 1257 1225 es
1288 1172 1415 1223 vita.
1448 1169 1657 1223 Credidi
1689 1169 1809 1238 quia
1841 1170 1927 1237 qui
1959 1182 2075 1222 cre-

516 1263 593 1317 dit
622 1266 670 1317 in
702 1273 773 1327 te,
805 1272 859 1318 et
883 1262 926 1316 si
952 1263 1226 1327 moriatur,
1256 1261 1390 1315 vivet
1415 1278 1429 1325 ;
1462 1269 1515 1315 et
1542 1260 1630 1329 qui
1658 1259 1805 1325 vivit,
1837 1260 2080 1313 et-credit

516 1358 567 1411 in
600 1366 673 1420 te,
706 1371 808 1410 non
838 1355 1096 1409 morietur
1121 1353 1175 1407 in
1205 1364 1485 1407 aeternum.

583 1448 650 1501 Et
678 1464 786 1501 cum
814 1448 924 1501 Ittec
950 1446 1177 1509 dixisset,
1208 1445 1331 1498 abiit
1357 1484 1371 1509 ,
1401 1455 1444 1497 et
1470 1442 1663 1497 vocavit
1685 1440 1909 1496 Mariam
1932 1457 2077 1495 soro-

509 1554 616 1592 rem
644 1554 815 1602 suam,
846 1537 1049 1590 silentio
1079 1536 1251 1588 dicens
1274 1550 1293 1589 :
1322 1532 1573 1604 Magisler
1594 1535 1735 1585 adest
1761 1541 1809 1585 et
1836 1542 1978 1585 vocat
2004 1540 2070 1585 te.

511 1629 908 1683 Advertendum
940 1636 1021 1681 est
1049 1624 1491 1695 quemadmodum
1524 1636 1859 1690 suppressam
1890 1635 2069 1673 vocem

510 1721 779 1774 silentium
826 1717 1172 1784 nuncupavit.
1219 1715 1348 1768 Nam
1379 1713 1643 1783 quomodo
1669 1713 1816 1765 siluit
1843 1726 1960 1780 qute
1988 1712 2069 1763 di-

2192 533 2368 600 turbat
2412 535 2758 602 semetipsum
2817 535 3081 600 Christus,
3129 537 3227 589 nisi
3256 544 3313 589 ut
3358 537 3616 604 signilicet
3673 540 3754 594 tibi

2188 623 2456 689 quomodo
2478 623 2683 680 turbari
2713 636 2767 678 tu
2794 624 3009 691 debeas,
3036 642 3153 679 cum
3202 637 3342 679 tanta
3391 628 3531 681 mole
3574 644 3755 698 pecca-

2187 711 2223 765 ti
2252 714 2488 781 gravaris
2533 722 2589 770 et
2631 715 2931 782 premeris?
2960 716 3245 770 Attendisti
3276 716 3441 781 enim,
3491 729 3543 769 tu
3584 719 3752 770 vidisti

2185 811 2237 857 te
2265 818 2435 869 reum,
2495 806 2810 873 computa'sti
2870 805 3013 860 tibi:
3076 806 3205 859 Illud
3265 806 3381 868 ieci,
3414 816 3468 859 et
3521 812 3755 875 pepercit

2183 892 2359 958 Deus;
2395 894 2521 947 illud
2550 894 2813 960 commisi,
2832 904 2886 950 et
2911 895 3115 951 diStulit
3136 912 3223 951 me
3248 914 3263 960 ;
3296 896 3637 967 Evangeliutn
3670 914 3754 951 au-

2181 981 2310 1049 divi,
2341 994 2394 1038 et
2421 984 2739 1053 contempsi.
2771 983 2883 1054 Dio,
2918 984 3005 1039 die
3034 986 3417 1058 lacnmando:
3452 989 3751 1057 Baptizatus

2180 1088 2317 1140 sum,
2351 1084 2406 1129 et
2451 1077 2642 1129 iterum
2691 1076 2756 1130 ad
2809 1087 3081 1144 peccatum
3136 1081 3402 1136 revolutus
3431 1094 3568 1134 sum.
3622 1080 3749 1145 Quid

2181 1162 2350 1217 facio?
2396 1181 2499 1234 quo
2534 1165 2641 1220 eo?
2686 1167 2825 1221 unde
2847 1166 3013 1222 evado
3039 1168 3064 1221 2
3092 1166 3314 1233 Quando
3343 1170 3441 1224 ista
3473 1172 3626 1235 dicis,
3648 1170 3749 1239 jam

2179 1253 2359 1308 tremit
2387 1256 2650 1325 Christus,
2674 1259 2806 1325 quia
2838 1256 2967 1311 lides
2999 1257 3196 1311 fremit.
3231 1259 3286 1311 lu
3320 1273 3450 1312 voce
3483 1259 3752 1313 frementis

2182 1356 2404 1413 apparet
2433 1361 2558 1416 spes
2585 1350 2931 1421 resurgentis.
2964 1347 3059 1404 Ubi
3090 1349 3201 1417 ipsa
3234 1349 3366 1402 ﬁdes
3392 1358 3474 1403 est
3496 1351 3662 1416 intus,
3689 1350 3751 1403 ibi

2175 1446 2258 1490 est
2278 1438 2521 1492 Christus
2544 1440 2794 1494 fremens.
2820 1439 2874 1494 Si
2904 1440 3033 1494 lides
3056 1441 3106 1493 in
3132 1442 3301 1505 nobis,
3325 1438 3571 1494 Christus
3589 1442 3645 1494 io
3670 1457 3751 1495 no-

2174 1529 2273 1581 bis.
2303 1528 2436 1597 de
2461 1530 2602 1585 enim
2631 1531 2770 1586 aliud
2794 1532 2868 1585 ait
2902 1532 3192 1599 Apostolus
3214 1530 3459 1586 habitare
3482 1531 3750 1587 Christum

2176 1639 2267 1691 per
2290 1625 2447 1677 tidem
2472 1627 2522 1679 in
2544 1626 2794 1680 cordibus
2809 1625 3230 1695 nostrilephes.
3256 1627 3337 1694 ut,
3352 1635 3372 1681 t
3390 1628 3529 1699 Ergo
3546 1625 3589 1681 si
3622 1628 3747 1683 ﬁdes

2176 1725 2260 1769 tua
2293 1718 2357 1772 de
2381 1717 2616 1783 Christo,
2649 1719 2887 1775 Christus
2913 1732 2995 1774 est
3026 1724 3076 1774 in
3108 1725 3267 1776 eorde
3298 1731 3389 1776 tuo
3418 1739 3433 1788 ;
3467 1737 3594 1793 ergo
3639 1722 3745 1778 fre-

507 1813 621 1867 xit:
656 1810 899 1881 Magister
925 1810 1087 1874 adest,
1124 1816 1168 1863 et
1196 1816 1339 1861 uocat
1368 1807 1450 1861 te?
1486 1806 1878 1860 Advertendum
1910 1806 2068 1859 etiam
2108 1788 2148 1845 Β
2176 1805 2545 1862 tuathristus
2590 1812 2639 1863 in
2669 1813 2829 1864 corde
2861 1821 2969 1865 tuo.
3001 1810 3177 1867 Flevit
3202 1827 3330 1881 ergo
3356 1788 3593 1866 Christus
3618 1814 3746 1867 smi-

505 1902 954 1972 qtteutadmodum
1019 1899 1342 1969 evangelista
1396 1913 1501 1951 non
1554 1898 1745 1951 dixerit
1800 1896 1931 1961 ubi,
1990 1896 2067 1950 vel

505 1996 736 2063 quando,
761 1998 840 2050 vel
870 1994 1135 2062 quomodo
1155 1993 1374 2047 Mariam
1404 1991 1659 2045 Dominus
1689 1988 1981 2051 vocaverit,
2012 1996 2065 2041 ut

506 2090 605 2144 hoc
635 2090 686 2143 in
717 2086 890 2141 verbis
923 2085 1141 2139 Marthae
1165 2083 1337 2153 potius
1368 2082 1772 2152 intelligeretur,
1808 2080 2068 2135 narratio-

507 2180 589 2234 nis
620 2180 841 2235 veritate
866 2182 1091 2233 servata.

568 2268 675 2325 Illa
696 2278 751 2323 ut
776 2268 969 2321 audivit
1000 2265 1159 2337 surgit
1190 2265 1312 2332 cito,
1343 2274 1392 2317 et
1419 2264 1549 2316 venit
1568 2264 1636 2316 ad
1654 2278 1786 2316 eum.
1820 2262 2064 2316 Nondum

499 2361 630 2415 enim
656 2368 853 2414 venerat
882 2356 1031 2412 Iesus
1054 2359 1106 2410 in
1131 2357 1415 2416 castellum,
1442 2354 1531 2408 sed
1556 2362 1666 2407 erat
1694 2355 1863 2406 adhuc
1895 2353 1949 2404 in
1971 2349 2061 2403 illo

499 2455 611 2508 loco
654 2451 740 2507 ubi
767 2460 1053 2505 occurrerat
1084 2451 1127 2503 ei
1162 2447 1387 2502 Martha.
1422 2446 1596 2499 Judai
1618 2447 1773 2515 igitur
1799 2446 1886 2513 qui
1916 2455 2063 2498 erant

498 2558 611 2597 cum
638 2542 731 2597 illa
760 2544 812 2596 in
836 2539 1007 2605 domo,
1035 2550 1081 2595 et
1104 2540 1494 2594 consolabantur
1522 2555 1652 2602 eam,
1681 2554 1795 2590 cum
1818 2537 2065 2589 vidissent

496 2635 718 2689 Mariam
743 2636 863 2704 quia
890 2634 989 2687 cito
1018 2632 1239 2692 surrexit
1266 2643 1313 2685 et
1333 2631 1479 2697 exiit,
1513 2632 1671 2683 secuti
1697 2640 1815 2682 sunt
1844 2643 1956 2680 eam
1982 2628 2061 2680 di-

496 2734 683 2792 centes,
740 2724 860 2794 quia
892 2722 1034 2775 vadit
1073 2720 1140 2773 ad
1170 2725 1587 2784 'mouumentum,
1640 2728 1695 2771 ut
1752 2720 1915 2789 ploret
1964 2717 2055 2772 ibi.

495 2817 669 2883 Quare
700 2815 802 2868 ltoc
832 2813 1079 2881 pertinuit
1098 2812 1165 2864 ad
1195 2810 1568 2879 evangelistam
1603 2810 1857 2864 narrare?
1890 2808 1956 2865 Ut
1986 2810 2059 2863 vi-

494 2906 713 2961 deamus
734 2919 848 2972 quae
862 2903 1069 2957 occasio
1088 2902 1271 2955 fecerit
1286 2911 1340 2955 ut
1359 2900 1536 2969 plures
1550 2900 1620 2954 ibi
1634 2910 1833 2967 essent,
1849 2900 2058 2969 quando

496 2998 721 3052 Lazarus
738 2996 1080 3049 resuscitatus
1093 3002 1194 3047 est.
1210 2992 1458 3046 Putantes
1472 2994 1613 3047 enim
1626 2993 1796 3048 ⁴11111κὶ
1819 3004 2058 3059 propter-

492 3102 555 3143 ea
608 3088 749 3140 illam
783 3085 1055 3147 festinare,
1080 3094 1139 3137 ut
1166 3081 1362 3137 doloris
1391 3084 1473 3136 sui
1524 3082 1767 3136 solatium
1809 3081 2055 3152 lacrymis

493 3186 775 3250 quatreret,
798 3177 963 3232 secuti
984 3186 1106 3230 sunt
1131 3190 1269 3242 eam,
1296 3184 1349 3228 ut
1378 3185 1483 3230 tant
1513 3176 1712 3244 grande
1741 3175 2053 3229 miraculum

493 3271 827 3345 quatriduani
874 3268 1067 3325 mortui
1096 3270 1426 3339 resurgentis
1472 3278 1634 3324 testes
1682 3268 1939 3338 plurimos
1967 3267 2052 3322 in-

494 3363 720 3422 veniret.

563 3456 732 3511 Maria
755 3471 872 3525 ergo
902 3470 1018 3508 cum
1045 3454 1256 3508 venisset
1286 3453 1369 3506 ubi
1394 3461 1499 3505 erat
1527 3452 1697 3519 Iesus,
1721 3452 1892 3505 videns
1915 3466 2049 3519 eum,

489 3549 671 3604 cecidit
686 3548 752 3600 ad
772 3546 920 3617 pedes
940 3546 1071 3614 ejus,
1095 3554 1141 3596 et
1159 3545 1287 3596 dixit
1309 3544 1353 3596 ei
1376 3561 1389 3598 :
1420 3541 1652 3607 Domine,
1682 3544 1721 3594 si
1745 3541 1831 3595 hic
1848 3543 2049 3609 fuisses,

491 3644 651 3711 frater
676 3657 812 3694 nteus
845 3655 944 3693 non
973 3646 1097 3692 esset
1126 3645 1371 3690 mortuus.
1399 3633 1550 3688 Iesus
1576 3650 1693 3705 ergo
1720 3644 1772 3687 ut
1796 3636 1917 3688 uidit
1944 3650 2056 3687 eum

487 3734 797 3800 plorantem,
840 3739 885 3785 et
923 3730 1132 3783 Iudaeos
1176 3728 1262 3797 qui
1282 3742 1393 3780 cum
1418 3727 1508 3780 illa
1552 3737 1717 3789 erant,
1775 3728 2047 3793 plorantes,

493 3825 695 3896 fremuit
722 3825 926 3891 spiritu,
974 3832 1017 3875 et
1042 3818 1253 3874 turbavit
1273 3818 1614 3885 semetipsum,
1646 3825 1692 3869 et
1723 3816 1856 3869 dixit
1886 3832 1901 3870 :
1954 3813 2051 3868 Ubi

492 3913 731 3981 posuistis
779 3928 890 3965 eum
928 3910 953 3964 1
996 3909 1204 3978 Aliquid
1250 3910 1400 3962 nobis
1450 3908 1729 3961 insinuavit
1775 3906 2049 3961 fremendo

489 4006 698 4073 spiritu,
722 4014 773 4057 et
804 4000 1060 4055 turbando
1090 4000 1338 4067 seipsum.
1362 4000 1490 4064 Quis
1517 4000 1656 4052 enim
1686 4014 1805 4052 eum
1846 4008 2043 4066 posset,

490 4098 589 4151 nisi
614 4111 671 4149 se
702 4096 832 4163 ipse,
856 4092 1065 4145 turbare
1086 4090 1109 4144 ἳ
1134 4093 1312 4158 Itaque
1352 4090 1519 4157 primo
1548 4090 1633 4142 hic
1662 4090 1917 4143 attendite
1950 4104 2046 4158 po-

495 4196 764 4249 testatem,
816 4194 870 4238 et
920 4185 997 4236 sic
1024 4184 1268 4249 inquirite
1296 4178 1756 4248 significatimtetu.
1794 4179 2049 4233 Turbaris

492 4291 546 4333 tu
597 4280 797 4339 nolens,
849 4276 1086 4328 turbatur
1130 4270 1369 4325 Christus
1416 4269 1535 4339 quia
1568 4268 1753 4321 voluit.
1817 4268 2048 4321 Esurivit

491 4374 663 4435 Iesus,
696 4385 875 4423 verum
924 4374 1023 4433 est,
1052 4366 1143 4419 sed
1196 4365 1317 4432 quia
1345 4363 1528 4417 voluit.
1588 4360 1846 4415 Dormivit
1873 4362 2044 4425 Iesus,

491 4479 673 4519 verum
695 4470 793 4522 est,
821 4459 910 4511 sed
935 4456 1051 4523 quia
1078 4454 1258 4507 voluit.
1284 4453 1634 4508 Contristatus
1660 4462 1738 4505 est
1758 4451 1930 4521 Iesus,
1956 4469 2045 4506 ve-
2082 4480 2129 4536 ι)

491 4573 606 4610 runt
630 4564 725 4612 est,
745 4551 834 4605 sed
854 4551 972 4615 quia
998 4547 1174 4599 voluit.
1202 4546 1432 4597 Mortuus
1450 4551 1530 4596 est
1552 4543 1722 4607 Iesus,
1739 4558 1919 4597 verum
1944 4554 2044 4610 est,

492 4647 582 4699 sed
614 4644 732 4711 quia
762 4640 941 4692 voluit.
987 4638 1039 4689 In
1070 4637 1207 4689 illius
1234 4645 1488 4703 potesmte
1516 4634 1725 4688 eratsic
1757 4635 1835 4687 vel
1865 4638 1943 4689 sic
1972 4638 2048 4688 al-

492 4739 596 4800 lici,
633 4736 710 4787 vel
747 4748 848 4785 non
870 4729 1026 4782 allici.
1057 4727 1243 4781 Veram
1272 4728 1410 4780 enim
1451 4728 1679 4779 animam
1711 4725 1963 4794 suscepit,
1995 4738 2048 4781 et

491 4842 701 4880 carnem
729 4828 885 4876 totius
908 4818 1265 4885 hominis,sibi
1289 4830 1536 4871 coactans
1560 4818 1611 4870 in
1632 4833 1869 4887 personae
1894 4818 2047 4871 unius

494 4931 766 4979 naturam;
792 4930 909 4966 nam
935 4920 988 4965 et
1007 4912 1177 4963 anima
1202 4913 1237 4961 Α
1249 4910 1434 4977 postoli
1457 4910 1629 4964 Verbo
1654 4911 1907 4962 illustrata
1934 4920 2043 4962 est:

493 5021 541 5059 et
570 5008 787 5059 aliorum
832 5004 1183 5071 apostolorum
1231 5008 1283 5053 et
1334 5008 1637 5052 sunttorum
1667 5000 2038 5067 prophetarum

490 5102 667 5156 Verbo
689 5099 956 5153 illustratus
978 5104 1097 5149 sunt
1117 5094 1325 5157 animae,
1348 5093 1439 5145 sed
1465 5092 1527 5143 de
1553 5093 1689 5143 nulla
1712 5093 1904 5143 dictum
1928 5100 2040 5145 Bel:

496 5191 713 5247 Verbum
736 5201 854 5240 caro
877 5192 1062 5253 factum
1082 5193 1149 5238 est
1173 5182 1348 5251 (Ioan.
1373 5184 1432 5249 ι),
1459 5182 1524 5234 de
1551 5182 1687 5235 nulla
1718 5184 1911 5235 dictum
1938 5193 2037 5249 est,

491 5284 599 5352 Ego
619 5290 666 5334 ct
693 5278 841 5330 Putcr
875 5292 1027 5326 unum
1052 5289 1221 5328 sumus
1244 5274 1497 5343 (Icarus).
1530 5273 1715 5325 Anima
1746 5275 1963 5337 Christi,
1990 5287 2040 5327 et

490 5388 613 5427 raro
634 5369 846 5431 Christi,
897 5380 1013 5418 cum
1047 5366 1203 5417 verbo
1245 5366 1333 5417 Dei
1365 5380 1465 5418 una
1507 5380 1727 5433 persona
1772 5379 1872 5432 εει,
1909 5382 2042 5420 unus

489 5462 723 5517 Christus
753 5467 859 5519 est;
894 5471 951 5507 ac
976 5470 1065 5523 per
1090 5454 1187 5507 hoc
1209 5452 1291 5506 ubi
1318 5464 1399 5507 est
1426 5470 1631 5509 summa
1660 5466 1907 5524 potestas,
1957 5474 2041 5511 se-

488 5558 714 5609 cundum
758 5550 1036 5605 voluntatis
1078 5559 1257 5600 nutum
1288 5548 1523 5600 turbatur
1577 5548 1875 5603 infirmitas.
1932 5551 2040 5605 Hoc

489 5645 823 5707 t~st,turbavit
870 5640 1209 5705 semetipsum.
1269 5637 1385 5688 Dixi
1438 5646 1773 5706 potestatem,
1825 5644 2037 5694 attende

492 5743 942 5811 ,iamj‘tcauuuem.
975 5734 1182 5802 Magnus
1211 5744 1331 5787 reus
1354 5742 1453 5799 e5t,
1479 5747 1629 5801 quem
1662 5748 1801 5787 mets
1830 5736 2032 5801 quatri-

2171 1913 2289 1952 cum
2335 1911 2623 1965 mortuum,
2682 1916 2837 1970 quem
2896 1906 3038 1956 venit
3086 1904 3517 1958 resuscitaturus.
3571 1904 3744 1971 Quare

2170 1990 2310 2043 enim
2342 1991 2507 2056 ﬂevit,
2542 1993 2643 2047 nisi
2679 1993 2799 2061 quia
2834 1996 3098 2047 hominem
3132 1994 3261 2049 ﬂere
3308 1995 3486 2049 docuit
3518 2010 3745 2064 Oppres-

2168 2096 2285 2134 sum
2339 2084 2573 2151 pondere
2614 2087 2989 2151 peccatorum?
3043 2085 3220 2153 Quare
3269 2087 3493 2156 fremuit,
3527 2096 3577 2140 et
3634 2097 3745 2137 tur-

2168 2172 2297 2224 bat-it
2325 2175 2647 2243 semetipsum
2670 2175 2695 2226 ?
2723 2177 2821 2227 nisi
2850 2176 2970 2243 quia
3003 2174 3135 2228 ﬁdes
3166 2176 3397 2227 hominis
3424 2175 3524 2227 sibi
3554 2177 3745 2228 merito

2167 2261 2517 2328 displiceotis,
2552 2262 2776 2317 fremere
2819 2266 3211 2333 quodammodo
3239 2264 3395 2320 debet
3447 2266 3497 2318 in
3525 2280 3744 2319 accusa-

2168 2352 2309 2405 tione
2342 2353 2598 2407 titulorum
2622 2368 2842 2421 0perum
2863 2364 2925 2407 .nt
2976 2356 3236 2410 violentia:
3270 2357 3558 2425 paenitendi
3590 2358 3741 2411 cedat

2163 2448 2492 2499 consuetudo
2541 2447 2815 2514 peccandi.
2867 2449 2930 2501 Et
2958 2450 3092 2501 dixit
3124 2465 3138 2501 :
3170 2448 3267 2503 Ubi
3296 2451 3535 2518 posuistis
3590 2450 3740 2503 eum!

2164 2536 2280 2592 Scis
2312 2539 2431 2606 quia
2482 2549 2721 2593 mortuus
2776 2540 2867 2604 sit,
2901 2551 2953 2594 et
2983 2540 3070 2594 ubi
3100 2541 3169 2594 sit
3198 2541 3435 2609 sepultus
3481 2540 3743 2611 ignoras?

2162 2630 2221 2685 Et
2252 2631 2352 2684 ista
2376 2630 2695 2701 signiﬁcatio
2715 2641 2814 2685 est.
2838 2630 2951 2685 Non
2975 2646 3136 2685 ausus
3155 2646 3272 2685 sum
3297 2631 3510 2686 dicere:
3536 2633 3739 2687 Nescit.

2160 2723 2296 2790 Quid
2322 2724 2459 2777 enim
2486 2724 2572 2779 ille
2598 2726 2801 2779 nescit?
2831 2724 2979 2780 Unde
3007 2726 3107 2779 hoc
3128 2727 3435 2797 probamus?
3458 2726 3590 2781 Dom
3618 2744 3740 2781 num

2159 2816 2277 2869 audi
2306 2816 2570 2869 dicturum
2600 2816 2651 2870 in
2678 2816 2912 2885 judicio:
2947 2816 3067 2870 Non
3099 2819 3211 2871 ueri
3238 2833 3326 2871 vos
3373 2815 3584 2886 (Matth.
3621 2821 3739 2885 vn).

2160 2903 2326 2959 Video
2354 2906 2403 2959 in
2428 2905 2542 2959 luce
2570 2920 2706 2972 mea,
2733 2921 2835 2960 non
2861 2921 2954 2961 vos
2982 2908 3134 2961 video
3158 2908 3207 2960 in
3233 2908 3319 2962 illa
3338 2907 3535 2976 iustitia
3576 2921 3740 2975 quam

2158 2997 2301 3050 novi.
2338 2995 2428 3052 Sic
2457 3006 2509 3050 et
2532 2996 2618 3050 hic
2652 3008 2896 3067 tauquam
2928 3000 3170 3053 nesciens
3196 3002 3353 3054 talem
3377 3010 3737 3069 peccatorem,

2157 3085 2327 3139 dixit:
2361 3085 2460 3141 Ubi
2484 3089 2724 3156 posuistis
2757 3103 2873 3141 eum
2896 3090 2921 3142 .’
2964 3089 3109 3144 Talis
3154 3100 3239 3145 est
3283 3108 3386 3145 vox
3423 3092 3636 3147 Domini
3686 3094 3737 3148 in

2157 3177 2401 3247 paradiso
2432 3188 2773 3246 posteaquam
2822 3183 3060 3248 peccavit
3107 3182 3273 3236 Adam
3302 3200 3313 3235 :
3348 3182 3527 3245 Adam,
3565 3186 3659 3237 ubi
3688 3202 3739 3238 es

2158 3264 2308 3337 (Gen.
2336 3268 2516 3335 xxtv)?
2543 3268 2727 3319 Dicunt
2748 3268 2793 3322 ei
2823 3286 2835 3321 :
2870 3268 3103 3336 Domine,
3126 3272 3239 3324 ueni
3258 3282 3303 3327 et
3330 3274 3460 3327 vide.
3486 3274 3627 3341 Quid
3658 3285 3739 3329 est

2157 3356 2309 3410 videi
2334 3356 2600 3411 Miserere.
2631 3356 2782 3413 Videt
2812 3360 2951 3413 enim
2979 3359 3256 3423 Dominus,
3282 3363 3487 3429 quando
3508 3364 3738 3420 misere.

2160 3456 2268 3510 tur;
2298 3450 2436 3502 unde
2460 3448 2532 3501 illi
2556 3448 2777 3503 dicitur:
2809 3448 2930 3504 Vide
2950 3452 3286 3508 humilitatem
3303 3466 3563 3519 uteam;et
3593 3459 3737 3511 labo-

2154 3552 2258 3590 rem
2296 3554 2481 3603 nteum,
2511 3548 2558 3591 et
2578 3540 2768 3593 dimitte
2798 3529 2968 3593 omnia
2994 3552 3196 3604 peccata
3224 3561 3333 3597 mea
3362 3544 3528 3615 (Psal.
3555 3550 3736 3615 utr).

2226 3629 2292 3681 Et
2321 3631 2629 3698 lacrymutus
2645 3642 2715 3684 est
2746 3629 2914 3684 Iesus.
2942 3633 3195 3686 Dixerunt
3217 3628 3333 3703 ergo
3357 3634 3526 3690 Iudtei
3549 3653 3571 3693 :
3595 3638 3735 3692 Ecce

2154 3722 2407 3789 quomodo
2427 3724 2628 3775 amabat
2643 3739 2777 3779 eum.
2805 3725 2938 3790 Quid
2955 3734 3055 3789 est,
3082 3727 3291 3779 Amabat
3318 3730 3458 3782 eum?
3473 3728 3593 3782 Non
3622 3732 3737 3783 serti

2154 3815 2646 3881 uocarejustos,‘sed
2673 3826 2957 3883 peccatores
2976 3818 3042 3868 ad
3066 3818 3406 3885 paenitentiam
3433 3819 3583 3889 (Luc.
3611 3826 3693 3891 v).

2227 3904 2443 3971 Quidam
2461 3916 2628 3957 autem
2652 3910 2962 3959 dixeruntetc
2977 3907 3102 3974 ipsis
3119 3925 3137 3962 :
3161 3925 3261 3971 nptt
3288 3922 3481 3975 poterat
3500 3911 3609 3977 hic,
3642 3916 3735 3982 qsts'

2153 4002 2349 4065 aperuit
2371 4000 2541 4049 oculos
2564 3998 2703 4061 ctrci,
2738 3998 2903 4065 facere
2932 4008 2984 4051 ut
3009 3999 3088 4053 hic
3115 4016 3214 4054 non
3237 4002 3555 4055 moreretur?
3588 3991 3733 4071 Quid

2154 4086 2314 4139 Voluit
2344 4088 2511 4139 facere
2534 4097 2587 4139 ut
2615 4102 2718 4140 non
2750 4100 3047 4144 moreretur
3076 4091 3097 4143 Ἰ
3139 4092 3257 4157 plus
3280 4101 3363 4145 est
3391 4095 3529 4162 quod
3554 4096 3733 4150 lactu-

2153 4190 2244 4228 rus
2272 4186 2370 4240 est,
2403 4188 2455 4227 ut
2479 4186 2713 4229 mortuus
2734 4180 3038 4232 suscitetur.

2219 4263 2387 4331 Iesus,
2418 4282 2597 4319 rursus
2625 4268 2842 4336 fremens
2881 4272 2932 4322 in
2970 4273 3256 4342 semetipso,
3281 4279 3412 4329 venit
3441 4278 3509 4330 ad
3530 4295 3729 4333 monu-

2152 4368 2393 4411 ntmtum.
2428 4356 2623 4411 Fremit
2652 4370 2704 4413 et
2739 4360 2792 4413 itt
2844 4370 2914 4426 te,
2973 4361 3017 4415 si
3079 4366 3326 4432 disponas
3378 4370 3729 4429 reviviscere.

2153 4449 2304 4503 Omni
2326 4449 2519 4502 homini
2548 4450 2758 4517 dicitur,
2789 4452 2874 4519 qui
2903 4456 3159 4522 premitur
3186 4458 3413 4527 pessima
3433 4476 3731 4520 consuetu-

2152 4540 2274 4595 dine
2302 4559 2311 4592 :
2349 4539 2477 4595 Veni
2504 4543 2565 4595 ad
2599 4555 3021 4601 monumentum.

2222 4630 2347 4684 Erat
2370 4641 2538 4685 autem
2585 4638 2823 4703 spelunca
2866 4648 2914 4690 et
2943 4639 3069 4706 lapis
3110 4655 3458 4709 superpositus
3501 4659 3611 4701 erat
3655 4652 3726 4707 ei.

2150 4720 2383 4775 Mortuus
2413 4725 2509 4775 sub
2534 4727 2724 4792 lapide,
2775 4742 2895 4781 reus
2918 4732 3013 4782 sub
3044 4733 3173 4800 lege.
3220 4735 3381 4791 Scitis
3403 4741 3544 4793 enim
3592 4759 3728 4813 quia

2150 4810 2231 4865 lex
2263 4826 2381 4879 qua:
2409 4814 2525 4866 data
2556 4824 2635 4868 est
2663 4814 2879 4885 Judzeis,
2908 4820 2957 4871 in
3000 4821 3171 4888 lapide
3190 4828 3383 4893 scripta
3411 4836 3493 4882 est
3517 4810 3727 4901 (Exod.

2150 4904 2367 4973 xxxrv).
2417 4906 2611 4961 Omnes
2660 4918 2837 4963 autem
2896 4913 2971 4965 rei
3028 4916 3126 4967 sub
3180 4918 3295 4985 lege
3366 4932 3510 4975 sunt.
3571 4923 3732 4983 Bene

2148 4994 2388 5047 viventes
2416 5000 2556 5051 enim
2581 4998 2631 5052 itt
2664 5000 2777 5068 lege
2811 5017 2914 5055 non
2942 5015 3079 5057 sunt.
3111 5006 3269 5061 Iusto
3299 5010 3381 5064 lex
3415 5017 3583 5080 posita
3610 5035 3726 5074 non

2148 5096 2247 5138 est.
2272 5086 2405 5152 Quid
2429 5102 2507 5141 est
2537 5107 2661 5160 ergo
2683 5093 2910 5160 lapidem
2962 5099 3273 5154 revolvere?
3300 5102 3539 5161 Gratiam
3573 5126 3727 5179 pra-

2147 5181 2341 5233 dicare.
2360 5182 2641 5249 Apostolus
2659 5187 2798 5238 enim
2824 5186 3015 5242 Paulus
3041 5191 3334 5248 ministrum
3359 5214 3417 5253 se
3445 5202 3572 5257 dicit
3590 5210 3726 5263 ηονί

2146 5272 2488 5339 'l‘estatnenti,
2522 5290 2624 5327 non
2657 5276 2848 5342 littera,
2882 5279 2972 5332 sed
3003 5283 3206 5348 spiritu.
3244 5285 3375 5341 Nam
3407 5291 3599 5359 littera,
3637 5300 3728 5354 itt-

2146 5368 2273 5433 qnit,
2299 5368 2500 5429 occidit,
2523 5368 2743 5432 Spiritus
2769 5374 3171 5447 autemyit'iﬁcat
3188 5377 3237 5445 (Ι
3258 5378 3372 5431 Cor.
3391 5386 3496 5449 ιιι).
3514 5385 3727 5445 Littera

2145 5459 2408 5526 occidens,
2437 5463 2582 5530 quasi
2616 5464 2747 5532 lapis
2775 5475 2853 5518 est
2883 5482 3146 5532 premens.
3188 5469 3481 5542 Removete,
3520 5481 3726 5549 inqutt,

2144 5553 2378 5620 lapidem,
2416 5565 2683 5609 removete
2713 5556 2842 5625 legis
2891 5561 3117 5627 pondus,
3151 5565 3368 5631 gratiam
3398 5572 3725 5635 prwdicate.

2144 5642 2279 5693 Dicit
2306 5645 2349 5694 ei
2375 5641 2602 5706 Mart/ta,
2633 5662 2775 5699 soror
2803 5650 2913 5717 ejus
2942 5653 3026 5717 qui
3054 5665 3274 5707 mortuus
3298 5657 3464 5724 fuerat
3500 5677 3517 5713 ε

2212 5735 2445 5803 Domine,
2492 5739 2603 5804 jam
2642 5737 2776 5805 fetet,
2810 5741 3175 5806 quatriduauus
3228 5748 3359 5799 enim
3410 5761 3501 5804 est.
3576 5752 3727 5808 Dicit
