3884 6232
182 383 274 437 781
1098 378 1160 431 ΙΝ
1201 380 1235 432 S

1296 378 1573 433 JOAN‘NIS
1617 379 2058 436 EVANCELIUM
2103 379 2477 435 EXPOSITIO.

3292 384 3394 438 783

178 493 305 545 enim
329 489 516 544 Iesus:
546 491 725 543 Nonne
746 490 852 542 dixi
880 487 1130 557 quoniam,
1163 490 1206 541 si
1233 489 1530 551 credideris,
1558 490 1748 541 videbis
1780 496 1824 549 A
1854 502 1904 545 et
1959 493 2176 545 Ποιητιιή
2213 500 2326 559 post
2379 491 2581 544 Domini
2640 491 2932 558 passionem
2961 498 3012 546 et
3060 492 3396 562 gloriﬁcatio-

176 585 385 651 gloriam
420 579 515 633 Dei
539 583 564 633 ?
605 581 740 645 Quid
769 591 849 633 est
882 579 1079 632 Videbis
1108 581 1321 649 gloriam
1367 579 1505 633 Dei?
1533 580 1663 646 Quia
1695 590 1748 633 et

175 681 448 740 potentem
511 680 565 723 et
614 670 1027 736 qnatridnannm
1084 671 1323 722 suscitat.
1383 669 1565 722 Omnes
1616 670 1747 722 enim

174 771 520 831 peccaverunt,
549 769 594 813 et
622 769 763 828 egent
792 761 953 829 gloria
986 760 1105 820 Dei;
1151 769 1196 811 et
1225 759 1308 809 ubi
1335 758 1606 810 abundarit
1629 774 1748 827 pec-

171 861 356 907 catum,
387 848 811 914 superabundavit
842 851 1003 915 gratia
1041 848 1213 917 (limit.
1249 846 1351 915 ιιι).

239 937 485 990 Tulerunt
509 954 626 1006 ergo
649 936 886 1002 lapidem.
910 935 1056 988 Jesus
1095 947 1282 1000 autem,
1309 936 1509 988 elevafis
1536 951 1744 988 sursum

173 1030 348 1090 oculis,
380 1030 513 1080 dixit
553 1047 567 1083 :
601 1029 771 1090 Pater,
805 1031 997 1097 gratias
1026 1045 1121 1096 ago
1146 1028 1251 1089 tibi,
1285 1027 1521 1096 quoniam
1548 1026 1744 1078 audisti

173 1135 264 1172 mc.
319 1117 429 1188 Ego
473 1129 642 1171 autem
671 1119 877 1170 sciebam
932 1118 1053 1185 quia
1101 1131 1293 1182 semper
1334 1132 1411 1167 me
1437 1116 1605 1176 audis,
1657 1114 1744 1164 sed

174 1219 371 1276 propter
393 1211 642 1278 populum
668 1211 752 1276 qui
788 1210 1096 1268 circumstat,
1130 1207 1256 1271 dixi,
1291 1216 1343 1257 ut
1389 1207 1598 1258 credant
1627 1206 1745 1270 quia

175 1308 228 1351 tu
257 1315 332 1350 me
359 1299 564 1350 misisti.
594 1298 722 1351 Παῖς
745 1314 853 1349 cum
875 1296 1103 1354 dixisset.
1127 1312 1244 1348 voce
1272 1312 1454 1365 magna
1486 1295 1741 1358 clamavit,

172 1394 387 1460 fremuit,
434 1402 482 1444 et
535 1391 851 1460 lacrymavit.
877 1389 1018 1444 Voce
1074 1404 1259 1457 magna
1299 1389 1568 1444 clamavit,
1619 1389 1742 1452 quia

172 1482 380 1534 difﬁcile
401 1483 594 1550 surgit,
623 1495 776 1548 quem
807 1479 972 1532 nnles
1002 1479 1158 1531 mala:
1182 1477 1582 1531 consuetudinis
1609 1490 1744 1543 prze-

173 1576 338 1636 misit;
371 1573 465 1626 sed
497 1583 675 1626 tamen
701 1573 887 1640 surgit,
915 1586 1031 1626 cum
1064 1572 1262 1626 occulta
1295 1572 1460 1639 gratia
1490 1570 1633 1621 intus
1663 1568 1741 1620 \‘i-

171 1663 423 1715 vitientur.
483 1664 664 1731 Surgit
711 1671 828 1729 post
897 1676 1077 1714 vocem
1153 1676 1412 1729 magnam.
1465 1657 1600 1726 Quid
1661 1668 1741 1712 est

171 1754 355 1808 factum
387 1755 408 1806 ἲ
449 1751 588 1806 Voce
619 1771 801 1825 magna
829 1754 1080 1807 clamavit.

1852 597 1969 634 nem
2002 583 2326 636 tulerunteis
2357 582 2527 635 locum
2576 592 2626 635 et
2655 591 2887 651 gentem,
2931 592 2982 636 et
3013 583 3311 652 pugnando,
3343 594 3397 638 et

1851 672 2210 725 transferendo
2236 688 2251 736 ;
2280 686 2326 725 et
2353 673 2476 726 illud
2501 688 2591 726 eos
2612 674 2865 742 sequitur,
2897 675 3030 741 quod
3052 674 3173 728 alibi
3198 674 3396 728 dictum

1848 770 1926 814 est
1947 782 1956 813 :
1975 761 2096 814 Filii
2117 772 2278 815 autem
2300 765 2439 832 regni
2468 763 2617 834 hujus
2635 763 2776 816 ibunt
2805 767 2855 816 in
2881 765 3102 818 tenebras
3128 766 3398 819 exteriores

1848 849 2059 917 (Matth.
2091 853 2226 918 vui).
2279 853 2385 906 lloc
2413 865 2585 906 autem
2619 854 2922 918 timuerunt,
2957 869 3020 907 ne
3052 857 3094 908 si
3130 868 3313 908 omnes
3342 855 3394 907 in

1845 937 2106 991 Christum
2148 940 2442 1006 crederent,
2484 957 2636 994 nemo
2667 952 2964 997 remaneret
3009 945 3097 1013 qui
3142 943 3395 996 adversus

1850 1027 2110 1082 Romanos
2130 1029 2390 1083 civitatem
2422 1032 2507 1083 Dei
2535 1034 2889 1099 templumque
2914 1031 3242 1096 defenderet,
3267 1047 3394 1101 quo-

1847 1119 1985 1171 niam
2015 1128 2194 1174 contra
2242 1120 2411 1189 ipsum
2445 1124 2691 1189 templum
2747 1131 2801 1177 et
2828 1135 3010 1176 contra
3054 1139 3177 1178 suas
3223 1132 3394 1193 pater-

1848 1225 1937 1261 nas
1972 1211 2109 1278 leges
2139 1213 2430 1266 doctrinam
2460 1212 2656 1267 Christi
2685 1231 2802 1271 «ssc
2830 1217 3144 1270 sentiebant.

1919 1298 2063 1352 Unus
2078 1311 2242 1352 autem
2271 1319 2332 1356 ea:
2350 1305 2474 1372 ipsis
2505 1303 2747 1372 Caiphae.
2775 1320 2884 1357 cum
2914 1315 3038 1359 esset
3059 1305 3284 1372 pontifex
3304 1321 3391 1356 an-

1843 1389 1892 1440 ni
1914 1389 2069 1452 i!lius,
2097 1391 2223 1442 dixit
2249 1393 2356 1444 eis:
2385 1391 2487 1444 Vos
2515 1396 2712 1447 nescitis
2739 1395 3028 1463 quidquam,
3055 1411 3141 1447 nec
3163 1395 3391 1465 rugitatis

1842 1479 1958 1544 quia
1980 1481 2179 1548 expetiit
2198 1481 2337 1533 nobis
2359 1491 2411 1533 ut
2429 1496 2556 1535 unus
2579 1483 2725 1536 homo
2743 1485 2986 1536 moriatur
3007 1500 3095 1551 pro
3119 1485 3324 1550 populo.
3346 1495 3390 1535 et

1841 1581 1942 1617 non
1963 1576 2068 1618 tota
2099 1585 2218 1637 gens
2239 1578 2428 1639 pereat.
2451 1569 2565 1624 Hoc
2589 1583 2752 1625 autem
2779 1589 2810 1624 a
2835 1574 3097 1640 semetipso
3119 1589 3216 1624 non
3239 1573 3387 1636 dixit,

1839 1656 1924 1708 sed
1951 1671 2060 1710 cum
2078 1667 2201 1711 esset
2217 1662 2440 1730 pontifex
2458 1663 2576 1714 anni
2588 1662 2742 1727 illius,
2757 1664 3081 1732 prophetarit.
3100 1662 3192 1717 llic
3215 1665 3392 1717 docuit

1838 1745 1905 1798 eti
1926 1761 1991 1799 Im
2021 1764 2111 1814 per
2142 1750 2382 1806 homines
2412 1753 2577 1807 malos
2617 1754 2900 1820 prophetia:
2927 1754 3172 1823 Spiritum
3210 1753 3380 1807 futura

235 1844 446 1905 Lazare,
471 1846 586 1897 veni
613 1820 748 1914 foras
767 1861 786 1909 ;
821 1854 866 1897 et
891 1846 1059 1897 statim
1088 1844 1276 1912 prodiit
1305 1842 1390 1912 qui
1411 1840 1572 1910 fuerat
1597 1856 1726 1892 mor-
1763 1820 1807 1877 B
1841 1837 2122 1901 pra-dicere
2155 1858 2166 1892 :
2201 1844 2336 1910 quod
2366 1854 2536 1897 tamen
2585 1844 2914 1914 Evangelista
2967 1820 3146 1899 divino
3202 1845 3382 1898 tribuit

171 1946 300 1999 tuus,
327 1935 518 2003 ligatus
575 1937 722 2002 pedes
762 1944 807 1988 et
835 1949 1051 1998 manus;
1103 1942 1151 1985 et
1180 1934 1333 2001 facies
1364 1932 1498 1984 illius
1524 1932 1730 1983 sudario

169 2040 266 2082 erat
289 2031 468 2101 ligata.
503 2029 783 2095 Quomodo
813 2029 1066 2098 processit
1101 2027 1274 2096 ligatis
1311 2026 1530 2094 pedibus
1574 2026 1730 2079 mira-

169 2125 318 2187 raris,
339 2134 392 2178 et
415 2138 522 2177 non
551 2125 759 2177 miraris
783 2123 900 2190 quia
923 2123 1209 2175 resurrexit
1234 2119 1616 2189 quatriduauus
1635 2118 1656 2170 ?
1677 2119 1728 2171 In

169 2225 385 2281 utroque
445 2216 680 2282 potentia
733 2213 937 2268 Domini
993 2219 1126 2276 erat,
1159 2226 1262 2265 non
1323 2212 1465 2263 vires
1514 2209 1724 2263 mmtui.

167 2306 457 2372 Processit,
509 2316 565 2360 et
611 2305 784 2358 adhuc
842 2305 1045 2372 ligatus,
1096 2303 1268 2356 adhuc
1314 2302 1593 2364 involutus,
1650 2312 1728 2353 ta-

171 2411 286 2450 men
332 2396 474 2450 foras
519 2398 629 2464 jam
686 2395 966 2465 proceSsit.
1012 2394 1145 2460 Quid
1186 2392 1493 2462 signiticet?
1549 2393 1725 2458 Quan-

169 2485 232 2538 do
261 2487 579 2550 eontemnis,
614 2496 850 2538 mortuus
875 2483 1055 2552 jaces;
1085 2492 1136 2537 et
1164 2483 1206 2535 si
1234 2491 1375 2535 tanta
1417 2492 1608 2550 quanta
1638 2481 1726 2534 di-

169 2574 215 2627 xi
245 2585 584 2636 contemnas,
609 2574 846 2642 sepultus
863 2574 1038 2640 iaces;
1064 2573 1272 2640 quando
1296 2571 1581 2633 confiteris,
1609 2585 1728 2638 pro-

170 2666 326 2720 cedis.
351 2667 490 2731 Quid
513 2674 598 2720 est
617 2666 754 2720 enim
779 2664 1084 2732 procedere,
1116 2665 1217 2717 nisi
1243 2663 1310 2716 ab
1337 2663 1559 2716 occultis
1586 2662 1728 2716 velut

170 2757 402 2812 exeundo
432 2757 760 2811 manifestari
787 2758 810 2810 i
836 2757 938 2812 Sed
969 2767 1026 2810 ut
1071 2757 1392 2820 conlitearis,
1426 2756 1565 2810 Deus
1595 2755 1726 2811 facit

169 2862 292 2903 voce
321 2863 508 2918 magna
535 2847 833 2913 clamando,
864 2848 913 2901 id
935 2858 1035 2914 est,
1061 2861 1242 2916 magna
1271 2847 1435 2916 gratia
1464 2849 1721 2901 vocando.

170 2940 286 2995 Ideo
323 2955 444 2994 cum
476 2939 828 3009 processisset
852 2951 1089 2994 mortuus
1131 2938 1302 2992 adhuc
1342 2938 1556 3006 ligatus,
1592 2953 1722 2992 con-

172 3033 339 3096 fitens,
381 3041 435 3088 et
463 3033 639 3087 adhuc
668 3046 809 3099 reus,
859 3040 919 3088 ut
946 3030 1274 3087 solverentur
1304 3040 1514 3099 peccata
1566 3031 1681 3101 ejus
1706 3072 1722 3095 .

169 3124 414 3178 ministris
446 3124 548 3178 hoc
581 3122 710 3178 dixit
735 3139 749 3177 :

236 3217 417 3272 Solvite
442 3218 614 3282 illum,
643 3221 689 3268 et
710 3214 859 3270 sinite
894 3215 1046 3268 abire.
1073 3214 1197 3278 Qua:
1223 3215 1467 3269 solveritis
1493 3216 1543 3268 in
1567 3225 1716 3284 terra,

170 3317 302 3360 erunt
344 3309 509 3360 soluta
553 3307 606 3359 in
636 3305 770 3359 cretis
799 3305 1006 3372 (Matth.
1033 3304 1198 3372 svnt).
1227 3305 1397 3358 Potuit
1427 3305 1563 3358 enint
1591 3307 1720 3372 liga-

172 3407 336 3451 menta
361 3398 592 3463 solvere,
612 3395 701 3462 qui
720 3405 980 3448 mortuum
1003 3396 1332 3448 resuscitavit
1354 3413 1369 3458 ;
1391 3395 1481 3448 sed
1504 3404 1718 3463 propter

173 3489 410 3542 unitatem
430 3496 631 3540 sancta
651 3485 1027 3557 DeLEeclesias,
1062 3495 1114 3538 et
1142 3485 1464 3537 individuam
1494 3485 1720 3538 charita-

175 3590 290 3642 tem,
315 3576 505 3629 dicitur
530 3575 726 3628 minist:
744 3575 807 3639 is,
836 3574 885 3626 id
915 3583 1017 3637 est,
1046 3573 1315 3642 discipulis
1343 3574 1530 3627 Christi
1561 3591 1573 3626 :
1600 3573 1719 3629 Sol-

172 3668 258 3718 uite
284 3682 411 3728 eum,
441 3665 564 3734 quia
597 3665 713 3718 sine
741 3664 943 3716 unitate
977 3664 1226 3716 Ecclesiae
1272 3664 1542 3716 catholica:
1573 3662 1714 3727 fidei,

171 3766 216 3807 et
239 3755 488 3809 charitate
507 3752 886 3809 ecclesiastica:
907 3753 1221 3818 sanctitatis,
1250 3764 1461 3822 peccata
1487 3768 1591 3808 non
1615 3754 1720 3807 sol-

171 3855 368 3898 vuntnr.

237 3933 382 3986 Multi
398 3943 574 3986 autem
607 3931 882 3986 exludteis
909 3933 993 4002 qui
1020 3941 1254 3986 venerant
1301 3932 1365 3982 ad
1394 3929 1639 3997 Mariam,
1670 3943 1718 3987 et

173 4027 384 4080 siderant
424 4042 540 4094 qua
571 4025 688 4093 fecit
714 4022 885 4088 Iesus,
917 4024 1234 4078 crediderunt
1273 4026 1323 4075 in
1343 4040 1452 4076 eum
1473 4040 1489 4087 ;
1512 4026 1717 4092 quidam

171 4127 325 4170 autem
351 4134 410 4170 ea:
435 4117 559 4186 ipsis
584 4115 815 4169 abierunt
840 4114 907 4166 ad
938 4113 1244 4177 Phariswos,
1270 4125 1315 4167 et
1338 4115 1574 4166 dixerunt
1605 4132 1718 4181 qua:

173 4209 280 4277 fecit
323 4209 507 4262 Jesus.--
544 4209 660 4261 Non
693 4220 876 4260 omnes
904 4221 966 4258 ex
995 4205 1188 4258 Judmis
1216 4190 1305 4274 qui
1361 4216 1716 4259 convenerant

173 4302 230 4351 ad
270 4299 496 4363 Mariam,
530 4296 890 4360 crediderunt,
942 4294 1032 4346 sed
1079 4305 1252 4346 tamen
1285 4295 1454 4346 multi.
1492 4294 1716 4358 Quidam

174 4403 367 4442 veroex
395 4389 495 4451 eis,
548 4388 661 4440 sive
685 4401 750 4440 ex
795 4386 1006 4449 Judaeis,
1060 4387 1143 4453 qui
1173 4395 1550 4449 convenerant,
1605 4387 1715 4439 sive

1832 1927 2171 1983 Sacmmento
2195 1934 2313 2001 quia
2341 1934 2570 2002 pontifex
2605 1936 2717 1998 fuit,
2743 1937 2792 1989 id
2816 1945 2917 1999 est,
2951 1951 3186 1991 summus
3212 1951 3381 1991 socero

1831 2016 1947 2071 dos.
1976 2018 2156 2075 Potest
2176 2033 2350 2077 autem
2376 2039 2586 2079 movere
2613 2028 2871 2095 quomodo
2915 2028 3116 2082 dicatur
3149 2026 3398 2096 pontifex'

1831 2108 1950 2158 anni
1979 2107 2132 2172 illius.
2165 2126 2284 2167 cum
2335 2113 2584 2170 Dominus
2625 2118 2868 2172 statuerit
2916 2135 3074 2172 unum
3116 2134 3378 2172 stitnmum

1829 2198 2172 2265 sacerdotem,
2229 2203 2311 2256 cui
2366 2215 2570 2260 mortuo
2612 2224 2744 2260 unus
2790 2209 3110 2265 succederet.
3162 2212 3260 2264 Sed
3291 2210 3375 2263 in-

1833 2287 2165 2355 telligendum
2195 2307 2286 2358 per
2310 2295 2620 2350 ambitiones
2649 2309 2699 2350 et
2723 2301 3086 2354 contentiones
3121 2300 3258 2354 inter
3279 2301 3374 2354 .In-

1828 2382 1969 2436 daeos
2013 2391 2192 2451 postea
2241 2387 2578 2441 constitutum
2629 2391 2884 2458 utplures
2935 2401 3135 2456 essent,
3179 2401 3233 2446 et
3284 2407 3378 2460 per

1828 2487 1996 2527 annos
2020 2475 2256 2542 singulos
2285 2479 2488 2531 vicibus
2521 2479 2921 2546 ministrarent;
2950 2496 3068 2534 nam
3089 2482 3156 2534 de
3184 2481 3379 2535 Zacha-

1829 2562 1906 2615 ria
1930 2564 2029 2630 hoc
2053 2564 2243 2619 dicitur
2268 2584 2280 2619 :
2309 2564 2521 2620 Factum
2551 2579 2622 2622 est
2642 2581 2805 2623 autem
2825 2587 2937 2622 cum
2959 2571 3237 2625 sacerdotio
3259 2571 3378 2640 fun-

1824 2663 2024 2722 geretur
2048 2657 2099 2709 in
2137 2660 2312 2713 ordine
2337 2661 2458 2714 sicis
2481 2679 2586 2716 sua
2607 2673 2722 2716 ante
2751 2663 2931 2728 Deum,
2954 2666 3232 2718 secundum
3257 2681 3379 2717 con-

1823 2744 2123 2798 stitutionem
2150 2751 2436 2815 sacerdotii,
2468 2761 2601 2805 sorte
2623 2754 2743 2805 exiit
2780 2765 2833 2806 ut
2861 2755 3120 2808 incensum
3145 2765 3372 2826 poneret,

1823 2831 2074 2903 ingressus
2095 2837 2145 2889 in
2167 2839 2402 2907 templum
2420 2839 2771 2913 Domini(Lue.
2790 2843 2851 2913 ι).
2872 2845 3000 2901 Hinc
3018 2856 3234 2916 apparet
3259 2849 3376 2916 plu-

1825 2936 1910 2977 res
1937 2939 2030 2979 eos
2051 2926 2231 2991 fuisse,
2261 2938 2312 2983 et
2341 2930 2482 2985 vices
2504 2947 2624 2987 suas
2648 2934 2910 2990 habuisse.
2937 2936 3066 2991 Nam
3097 2941 3366 2992 incensum

1824 3027 1928 3067 non
1965 3014 2154 3069 licebat
2197 3033 2389 3086 ponere
2419 3021 2516 3076 nisi
2556 3037 2765 3078 summo
2806 3026 3102 3091 sacerdoti;
3142 3039 3195 3081 et
3224 3039 3368 3082 sorte

1824 3106 1979 3160 etiam
2012 3124 2168 3161 unum
2196 3127 2389 3165 annum
2441 3114 2614 3183 plures
2661 3118 3118 3186 administrabant,
3176 3125 3364 3191 quibus

1821 3197 1927 3250 alio
1976 3213 2112 3254 anno
2159 3202 2247 3255 alii
2269 3205 2638 3271 succedebant,
2661 3223 2722 3262 ex
2763 3209 2952 3278 quibus
2983 3222 3124 3266 sorte
3162 3216 3366 3269 exiebat

1818 3289 1902 3355 qui
1933 3289 2203 3346 incensum
2234 3303 2468 3360 poneret.
2514 3296 2649 3365 Quid
2678 3307 2759 3353 est
2801 3316 2927 3368 ergo
2958 3304 3093 3370 quod
3139 3303 3366 3373 pmphe-

1821 3379 1948 3431 tavit
1976 3381 2236 3449 Calphasl

1889 3471 2018 3536 Quia
2037 3471 2185 3527 Jesus
2232 3476 2501 3532 moriturus
2529 3487 2637 3532 erat
2678 3497 2768 3548 pro
2796 3490 2976 3551 gente;
3024 3499 3123 3537 non
3173 3481 3362 3538 tantum

1816 3577 1906 3629 pro
1927 3574 2087 3631 gente,
2103 3564 2191 3617 sed
2217 3577 2268 3618 ut
2295 3568 2426 3633 ﬁlios
2451 3568 2546 3623 Dei
2570 3573 2656 3640 qui
2682 3583 2823 3625 erant
2849 3575 3060 3644 dispersi
3089 3583 3367 3648 congrega-

1818 3660 1895 3702 ret
1921 3653 1975 3703 in
2016 3669 2188 3706 unum.
2223 3656 2330 3710 Hoc
2359 3662 2677 3724 evangelista
2709 3663 2930 3716 addidit.
2967 3664 3095 3719 Nam
3145 3669 3371 3735 Caiphas

1818 3740 1883 3794 de
1922 3742 2030 3795 sola
2073 3743 2372 3800 Judteorum
2414 3761 2568 3817 gente
2607 3753 2955 3820 prOphetavit,
2989 3757 3038 3809 in
3085 3774 3182 3825 qua
3217 3770 3370 3813 erant

1815 3845 1962 3897 oves,
1995 3834 2058 3888 de
2080 3835 2267 3903 quibus
2299 3837 2374 3891 ait
2399 3839 2510 3906 ipse
2541 3839 2790 3895 Dominus
2819 3860 2831 3895 :
2868 3842 2987 3896 Non
3017 3861 3128 3898 sum
3157 3849 3358 3914 missus,

1816 3923 1910 3974 nisi
1937 3924 2003 3974 ad
2032 3940 2142 3978 oves
2170 3942 2282 3992 quae
2308 3929 2557 3995 perierunt
2586 3933 2768 3985 domus
2800 3932 2965 3987 Israel
2996 3935 3206 4003 (Matth.
3250 3946 3357 4008 xv).

1817 4013 1917 4066 Sed
1959 4025 2173 4069 noverat
2210 4020 2527 4086 evangelista
2572 4023 2701 4075 altas
2730 4039 2850 4079 esse
2875 4041 3001 4079 oves
3025 4070 3039 4092 ,
3090 4044 3205 4094 qua:
3259 4045 3362 4082 non

1814 4113 1964 4157 erant
1989 4106 2053 4159 de
2087 4107 2184 4161 hoc
2238 4110 2403 4177 ovili,
2438 4127 2565 4180 quas
2593 4117 2866 4180 oportebat
2895 4118 3104 4181 adduci,
3136 4129 3191 4172 ut
3220 4130 3363 4174 esset

1817 4213 1972 4250 unum
1994 4200 2132 4253 ovile
2155 4212 2207 4254 et
2252 4218 2388 4256 unus
2422 4215 2599 4272 pastor
2619 4205 2796 4274 (Joan.
2821 4211 2899 4275 x).
2932 4210 3051 4264 Haec
3074 4220 3247 4264 autem
3276 4227 3359 4265 se-

1813 4287 2038 4342 cundum
2085 4291 2600 4356 pradestiuationem
2643 4296 2776 4349 dicta
2823 4307 2978 4363 sunt,
3030 4303 3149 4367 quia
3193 4317 3361 4368 neque

1812 4392 1937 4431 oves
1980 4379 2094 4447 ejus
2120 4420 2137 4446 ,
2168 4395 2264 4435 nec
2294 4383 2382 4435 filii
2412 4381 2505 4439 Del
2556 4385 2729 4439 adhuc
2767 4399 2917 4440 erant
2939 4429 2952 4452 ,
2987 4391 3074 4456 qui
3125 4393 3354 4444 nondum

175 4495 233 4531 ex
259 4480 329 4531 eis
349 4479 432 4547 qui
453 4475 808 4540 crediderant,
831 4476 1054 4528 abierunt
1074 4475 1138 4525 ad
1167 4473 1470 4538 Phariswos,
1495 4484 1540 4526 et
1571 4475 1711 4527 diae-
1739 4494 1789 4552 ι)
1813 4469 2161 4524 crediderant.

175 4578 279 4619 runt
297 4583 403 4635 qua
426 4567 544 4634 fecit
559 4564 734 4631 Iesus,
754 4565 864 4618 sive
886 4565 1237 4616 annuntiando
1259 4572 1383 4617 utet
1412 4565 1506 4630 ipsi
1530 4566 1712 4618 crede-

174 4668 297 4722 rent,
326 4662 433 4714 sive
458 4659 635 4726 potius
656 4656 924 4724 prodendo
947 4666 999 4707 ut
1023 4657 1282 4708 stevirent.
1309 4655 1407 4708 Sed
1425 4656 1710 4723 quomodo-

176 4752 307 4814 libet,
334 4763 382 4804 et
403 4768 428 4801 ιι
452 4749 782 4818 quibuslibet
801 4749 864 4802 ad
892 4747 1180 4799 Pharisaeos
1210 4746 1304 4798 ista
1333 4750 1529 4812 prolata
1556 4745 1710 4800 sunt?

235 4837 536 4906 Cotligebant
565 4838 828 4905 pontiﬁces
855 4847 900 4889 et
923 4836 1168 4889 Pharisazi
1192 4837 1479 4898 concilium,
1504 4847 1551 4889 et
1574 4839 1707 4889 dce-

177 4929 277 4980 bant
299 4945 316 4981 :
339 4929 467 4994 Quid
493 4929 756 4996 facimus?
786 4927 891 4980 Nec
923 4937 1098 4980 tamen
1123 4926 1366 4978 dicebant
1397 4926 1704 4978 Credamus.

178 5015 284 5070 Plus
343 5021 478 5070 enim
539 5016 727 5085 perditi
797 5017 1038 5070 homines
1095 5015 1391 5083 cogitabant
1447 5019 1707 5083 quomodo

177 5119 405 5160 nocerent
438 5116 494 5158 ut
535 5107 832 5174 perderent,
863 5121 1016 5173 quam
1049 5105 1312 5171 quomodo
1337 5104 1435 5156 sibi
1464 5109 1704 5159 consule-

179 5206 281 5248 rent
308 5212 369 5250 ne
393 5199 623 5263 perirent
653 5217 666 5260 ;
721 5205 775 5249 et
815 5205 985 5250 tamen
1018 5196 1291 5260 timebant,
1327 5205 1374 5248 et
1408 5199 1553 5262 quasi
1581 5213 1706 5251 con-

177 5287 411 5340 solebant.
446 5287 696 5339 Dicebant
718 5289 855 5339 enim
887 5303 900 5339 :

241 5377 363 5441 Quid
407 5383 616 5445 facimus
645 5379 668 5429 .’
702 5377 833 5442 Quia
873 5377 952 5428 hic
999 5377 1146 5429 homo
1199 5375 1357 5428 multa
1383 5377 1528 5446 signa
1562 5377 1702 5443 facit,

177 5481 212 5514 st
265 5469 546 5520 dimittimus
594 5484 707 5519 eum
762 5469 853 5529 sic,
896 5483 1065 5522 omnes
1120 5469 1319 5521 credent
1358 5468 1410 5518 in
1455 5484 1588 5528 eum,
1659 5480 1705 5518 et

177 5561 348 5609 venient
381 5559 614 5622 Romani,
657 5568 701 5611 et
741 5560 916 5612 tollent
946 5561 1172 5614 nostrum
1216 5561 1378 5613 locum
1417 5570 1460 5611 et
1490 5571 1700 5628 gentem.

178 5648 483 5718 Tetnpuralia
535 5653 756 5720 perdere
804 5651 1106 5717 noluerunt,
1159 5657 1211 5704 et
1236 5651 1389 5703 vitam
1453 5661 1701 5705 aeternam

181 5755 269 5793 non
298 5743 668 5811 cogitaverunt,
717 5758 772 5797 ac
795 5743 870 5796 sic
899 5754 1176 5811 utrumque
1207 5743 1516 5797 amiserunt.
1571 5743 1698 5796 Nam

1882 4559 1956 4611 Ab
1998 4560 2086 4613 illo
2117 4578 2232 4631 ergo
2260 4563 2340 4617 die
2362 4566 2701 4634 cogitaverunt
2743 4576 2799 4619 ut
2840 4568 3176 4632 interﬁcerent
3217 4590 3349 4627 eum.

1809 4647 1954 4704 Iesus
1970 4655 2085 4722 jam
2113 4670 2211 4706 non
2230 4657 2398 4723 palam
2413 4656 2703 4709 ambulabat
2726 4661 2862 4726 apud
2883 4658 3210 4722 Judtcos,sed
3233 4666 3356 4716 abiit

1808 4741 1859 4792 in
1895 4743 2144 4811 regionem
2183 4746 2336 4812 juxta
2388 4745 2660 4813 desertum,
2693 4749 2744 4800 in
2771 4751 2972 4801 civitate
3010 4766 3124 4820 qua:
3177 4754 3359 4805 dicitur

1809 4829 2049 4900 Ephrem,
2071 4845 2116 4886 et
2139 4835 2204 4886 ibi
2226 4835 2518 4888 morabatur
2537 4852 2647 4889 cum
2671 4839 2932 4908 discipulis
2953 4842 3074 4893 suis.
3101 4841 3211 4895 Νοιι
3238 4845 3356 4909 quia

1807 4926 2036 4988 potentia
2075 4923 2188 4990 ejus
2233 4925 2520 4989 defecerat,
2552 4928 2602 4981 in
2647 4945 2746 4996 qua
2775 4933 3046 5003 utique,.,tsi
3077 4936 3248 4995 vellet,
3301 4943 3356 4987 et

1807 5013 1975 5076 palam
1998 5027 2115 5066 eum
2134 5013 2330 5068 Judaais
2345 5027 2768 5083 conversaretur,
2784 5029 2838 5072 et
2867 5022 3001 5076 nihil
3017 5023 3064 5076 ei
3092 5022 3357 5079 facerent.

1804 5101 1905 5153 Sed
1936 5106 1985 5154 ln
2015 5103 2241 5159 hominis
2270 5107 2594 5171 inﬁrmitate,
2623 5110 2833 5164 vivendi
2861 5113 3162 5180 exemplum
3195 5115 3350 5168 disci-

1806 5199 1937 5261 pulis
1970 5199 2391 5266 demonstrabat,
2438 5202 2490 5255 in
2514 5218 2619 5270 quo
2647 5214 2860 5272 apparet
2885 5223 2986 5260 non
3020 5223 3138 5261 esse
3170 5221 3356 5272 pecca-

1805 5295 1936 5352 tum,
1967 5289 2008 5340 si
2041 5290 2218 5343 ftdeles
2242 5290 2378 5358 ejus,
2410 5293 2498 5359 qui
2543 5301 2667 5345 sunt
2707 5297 2937 5349 membra
2997 5301 3110 5361 ejus
3137 5334 3152 5356 ,
3183 5293 3356 5350 oculis

1807 5381 2231 5445 persequentium
2261 5396 2318 5434 se
2345 5383 2714 5439 subtralterent
2734 5424 2750 5450 ,
2777 5395 2829 5438 et
2859 5385 3085 5438 furorem
3117 5385 3349 5438 scelera-

1805 5478 1974 5521 torum
2005 5472 2214 5524 latendo
2243 5473 2413 5539 potius
2462 5474 2773 5528 devitarent.
2798 5474 3006 5529 Sciebat
3038 5474 3189 5527 Jesus
3218 5483 3352 5527 tem-

1804 5571 1900 5624 pus
1929 5562 2375 5627 appropinquasse
2405 5565 2664 5630 passionis
2693 5578 2800 5617 sua:
2822 5602 2838 5626 ,
2867 5572 2919 5618 et
2966 5563 3345 5631 redemptionis

1803 5659 2014 5702 nostra.
2049 5649 2513 5719 Appropinquante
2542 5664 2794 5722 tempore,
2822 5654 2873 5708 in
2908 5669 3010 5721 quo
3036 5655 3139 5722 pati
3168 5653 3350 5722 dispo-

1803 5743 1923 5804 suit,
1957 5744 2390 5812 appropinquavit
2415 5741 2504 5799 ille
2533 5754 2586 5799 et
2611 5747 2726 5799 loco
2756 5747 2804 5799 in
2834 5761 2935 5807 quo
2957 5746 3190 5810 ejusdem
3221 5758 3340 5814 pas-
