3884 6232
490 390 591 449 ’ῐθδ

906 384 1104 442 ηεῡβιιῑ
1146 376 1593 435 νΕΝΕΠᾹΒΙωδ
1631 372 1778 429 OPP.
1819 368 2001 425 PARS
2039 367 2079 420 11

2183 365 2333 420 [δατ.
2364 362 2401 415 Ι.
2428 389 2497 402 --
2537 355 2925 414 EXEGETICA
2961 351 3285 412 GENUINA.

3603 354 3691 406 75M

487 508 656 561 sionis
693 498 1135 567 dispensationem
1177 490 1433 560 perficere
1484 486 1669 539 voluit.
1722 481 1856 536 Dicit
1902 481 2041 533 enim
2076 481 2118 537 A
2149 477 2262 543 ipse
2290 481 2576 542 pateretur,
2609 480 2661 523 et
2692 477 3038 540 resurgereta
3062 468 3300 522 mortuis.
3326 465 3693 535 Jerosolymam

489 593 807 664 evangelista
842 608 854 643 :

565 662 859 739 Proximum
889 688 995 733 erat
1026 676 1210 745 pascha
1235 672 1551 725 Judworum.
1590 667 1737 720 lllnm
1783 665 1920 718 dicm
1977 662 2047 716 fc-

494 788 635 832 stum
684 772 854 827 Judaei
881 779 1159 825 cruentum
1189 765 1384 817 habere
1416 758 1624 814 Domini
1656 754 1911 825 sanguine
1959 765 2055 815 no.

496 867 724 920 luerunt.
790 862 885 917 lllo
914 860 997 914 die
1028 858 1161 911 festo
1205 853 1415 907 occisus
1455 859 1535 907 est
1563 851 1742 918 Agnus
1787 845 1873 914 qui
1907 843 2054 897 vobis

499 954 741 1009 eumdem
770 951 918 1005 diem
936 947 1127 1001 festum
1147 958 1244 997 suo
1269 940 1522 1010 sanguine
1543 935 1893 991 consecravit.
1917 933 2057 987 Con-

498 1046 673 1099 silium
701 1049 815 1096 erat
836 1040 971 1092 inter
998 1036 1214 1091 Judteos
1236 1034 1300 1087 dc
1322 1030 1617 1085 occidendo
1645 1028 1789 1083 Iesu.
1817 1025 1933 1090 Ille,
1966 1025 2057 1093 qui

500 1137 567 1191 de
589 1135 968 1190 ccelovenerat
1019 1129 1125 1197 pati
1150 1170 1162 1192 ,
1195 1125 1548 1196 propinquare
1601 1120 1765 1175 voluit
1793 1118 1912 1172 loco
1939 1130 2059 1184 pas-

503 1230 667 1283 sionis
693 1268 707 1291 ,
752 1226 876 1285 quia
904 1220 1214 1276 imminebat
1248 1219 1373 1271 hora
1404 1213 1686 1285 passionis.

573 1318 914 1373 Ascenderunt
943 1328 1060 1383 ergo
1091 1311 1232 1363 multi
1263 1309 1316 1359 in
1358 1302 1735 1371 Jerosolymam
1766 1301 1826 1351 de
1856 1296 2061 1364 regione

504 1419 621 1462 ante
652 1406 851 1464 Pascha
873 1444 887 1466 ,
913 1413 965 1453 ut
989 1400 1361 1467 sanctiﬁrarent
1418 1395 1631 1461 seipsos.
1662 1391 1773 1445 Hoc
1802 1386 2065 1441 faciebant

507 1496 674 1552 Judzei
726 1493 1018 1547 secundum
1078 1494 1396 1555 praeceptum
1449 1482 1652 1537 Domini
1689 1494 1783 1548 per
1827 1487 2065 1530 sanctum

514 1590 729 1657 Moysen
763 1586 815 1639 in
840 1586 955 1651 lege
983 1583 1183 1643 datum,
1211 1588 1265 1632 ut
1291 1578 1376 1631 die
1407 1576 1540 1631 [esto
1562 1573 1700 1643 quod
1734 1572 1931 1625 Pascha
1957 1578 2067 1621 erat

512 1692 697 1732 omnes
718 1676 949 1743 undique
970 1672 1327 1732 convenirent,
1353 1676 1409 1721 et
1429 1665 1570 1720 illius
1591 1664 1691 1717 diei
1718 1659 2072 1715 celebratiooe

511 1768 983 1823 sanctificarentur.
1001 1762 1105 1816 Sed
1128 1760 1217 1812 illa
1239 1758 1524 1811 celebratio
1548 1753 1727 1806 umbra
1750 1758 1863 1804 erat
1888 1748 2064 1801 futuri.

2150 566 2386 636 quidemj,
2420 574 2473 616 ut
2503 564 2616 631 ipse
2650 562 2717 613 ibi
2752 572 3046 614 moreretur
3075 577 3087 624 ;
3143 557 3449 612 Bethaniam
3480 571 3618 617 vero,
3650 570 3697 611 ut

2153 653 2495 708 resuscitatio
2512 651 2693 704 Lazari
2719 659 3032 702 cunctorum
3082 647 3351 701 memoriae
3392 644 3588 697 arctius
3610 646 3699 696 im-

2154 746 2492 814 primeretur,
2523 750 2573 795 et
2593 739 2758 807 magis
2778 739 3048 804 magisque
3061 735 3530 795 confunderentur,
3554 742 3697 798 atque

2157 835 2546 892 iuexcusahiles
2592 832 3038 885 convincerentur
3087 828 3232 897 impii
3284 824 3571 895 principes,
3622 825 3697 891 qui

2156 929 2404 983 occidere
2432 942 2536 980 non
2568 926 2813 978 timerent
2860 935 2981 974 eum
3032 919 3122 987 qui
3165 918 3423 972 suscitare
3468 923 3639 983 posset
3673 929 3697 968 a

2159 1019 2417 1082 mortuis;
2468 1026 2520 1069 et
2563 1029 2661 1069 nec
2692 1011 2962 1067 beneﬁciis
3014 1006 3373 1062 Suscitationis
3423 1005 3695 1072 provocati,

2162 1125 2257 1163 nec
2287 1108 2456 1161 divina
2485 1105 2791 1159 suscitantis
2840 1101 3029 1155 virtute
3074 1099 3365 1167 perterriti,
3407 1098 3610 1149 animos
3646 1095 3701 1144 ah

2161 1202 2355 1271 injusta
2386 1200 2532 1254 caede
2581 1200 2932 1252 retraherent.
2983 1192 3087 1245 Nec
3120 1188 3419 1242 transitorie
3448 1186 3702 1255 legendum

2162 1305 2241 1347 est
2269 1307 2433 1359 quare
2462 1298 2585 1343 ante
2623 1303 2715 1341 sex
2750 1286 2866 1339 dies
2916 1282 3139 1337 Paschre
3166 1280 3401 1333 venisset
3449 1277 3601 1331 Jesus
3626 1276 3704 1329 Be-

2165 1383 2394 1438 thaniam
2422 1398 2435 1445 ;
2468 1394 2655 1448 magna
2678 1376 2815 1431 enim
2847 1374 3076 1443 dignitas
3107 1367 3299 1425 senarii
3332 1368 3532 1420 numeri
3563 1373 3639 1419 est
3663 1366 3706 1417 in

2167 1476 2363 1529 sanctis
2392 1470 2680 1539 Scripturls
2702 1508 2715 1531 ,
2764 1474 2818 1520 et
2844 1465 3007 1518 multa
3050 1476 3210 1530 opera
3240 1459 3445 1514 Domini
3474 1456 3634 1510 nostri
3662 1457 3704 1509 in

2168 1566 2374 1618 senario
2403 1575 2621 1615 numero
2666 1557 2901 1627 perfecto
2928 1570 3047 1611 esse
3074 1555 3503 1609 demonstrantur
3526 1591 3540 1611 .
3596 1549 3703 1617 quia

2171 1656 2415 1710 senarius
2447 1667 2695 1707 numerus
2737 1651 2787 1702 in
2830 1649 3005 1716 seipse
3034 1662 3129 1716 per
3150 1660 3271 1701 suas
3296 1644 3527 1714 preprias
3551 1652 3709 1711 partes

2174 1750 2393 1813 divisus,
2424 1746 2504 1799 vel
2534 1744 2871 1812 coniunctus,
2904 1737 3320 1807 perfectissimus
3347 1749 3465 1791 esse
3494 1740 3706 1788 constat.

983 1815 1169 1907 futuri?
1193 1847 1476 1916 Prophetia
1501 1833 2072 1906 Cliristiventiui,pro-
2109 1815 2145 1873 Β
2175 1840 2339 1893 Habet
2382 1838 2520 1891 enim
2564 1846 2741 1905 partes
2773 1842 2877 1887 tres
2924 1834 2975 1886 in
3025 1830 3204 1899 seipso
3243 1828 3623 1889 denominatas,
3666 1824 3707 1876 id

519 1950 695 2021 phetia
722 1962 813 2015 pro
841 1945 993 1999 nobis
1020 1942 1211 1997 illodic
1234 1938 1463 2009 passuri,
1508 1944 1565 1989 ut
1594 1928 1842 1988 transiret
1865 1931 2067 2006 unthra,

515 2051 571 2095 et
593 2044 676 2097 lux
704 2038 926 2101 veniret;
951 2033 1262 2088 uttransiret
1288 2027 1691 2099 significatio,et
1710 2024 1903 2077 veritas
1931 2030 2073 2073 lene-

518 2140 678 2186 retnr.
710 2126 979 2182 Habebam
1006 2136 1131 2192 ergo
1158 2120 1321 2175 Judzri
1354 2116 1552 2171 Pascha
1584 2116 1633 2168 in
1659 2113 1867 2176 umbra,
1897 2124 1992 2162 nos
2021 2108 2071 2182 in

518 2224 655 2273 luce.
680 2216 817 2283 Quid
847 2216 985 2268 enim
1010 2226 1144 2281 opus
1166 2218 1281 2265 erat
1305 2217 1362 2261 ut
1386 2206 1640 2261 Dominus
1660 2203 1737 2257 eis
1762 2199 2075 2271 praeciperet

523 2327 614 2379 per
636 2312 801 2377 ipsum
824 2307 962 2361 diem
985 2306 1170 2357 festum
1193 2314 1343 2354 ovem
1368 2298 1607 2351 occidere
1631 2292 1827 2364 (Exod.
1845 2290 1959 2355 χιι),
1976 2288 2076 2341 nisi

526 2376 761 2467 quiarille
787 2402 901 2451 erat
924 2394 990 2449 de
1011 2408 1114 2461 quo
1144 2390 1508 2460 prephetatum
1541 2394 1620 2437 est
1656 2401 1668 2434 :
1702 2381 1848 2435 Sicut
1876 2378 1980 2430 ovis
2009 2376 2075 2428 ad

521 2466 887 2543 immolandum
912 2484 1095 2536 ductus
1124 2491 1193 2532 est
1222 2477 1375 2548 (Isai.
1415 2475 1572 2541 Litt)?
1617 2472 1894 2539 Sanguine
1918 2466 2077 2520 occisi

527 2579 735 2649 pecoris
784 2577 1084 2631 Judaeorum
1134 2582 1314 2639 postes
1364 2565 1552 2635 signati
1608 2572 1773 2626 sunt;
1825 2559 2079 2624 sanguine

531 2647 727 2724 Christi
757 2666 955 2720 frontes
985 2670 1185 2716 nostra:
1217 2659 1525 2725 signantur:
1552 2663 1600 2705 et
1632 2653 1722 2704 illa
1750 2647 2079 2717 significatio,

529 2777 643 2829 qua:
676 2769 784 2815 erat
806 2753 1075 2827 sanguinis
1102 2752 1220 2820 agni
1251 2747 1510 2816 aspersio,
1534 2745 1599 2796 ab
1628 2741 1880 2795 omnibus
1905 2739 2080 2807 signa-

531 2852 599 2905 tis
617 2842 1395 2918 prohibensexterminatorem,
1421 2837 1472 2888 in
1486 2834 1704 2887 veritate
1725 2828 1954 2883 exhibita
1978 2833 2076 2891 est,

530 2917 648 2993 cum
677 2938 917 2992 Christus
944 2948 1037 3001 pro
1056 2930 1210 2985 nobis
1231 2927 1435 2982 occisus
1457 2933 1557 2988 est,
1583 2937 1649 2976 ne
1672 2922 1946 2973 timeamus
1971 2917 2085 2969 dia-

536 3030 713 3084 bolum
740 3025 1223 3087 exterminatorem,
1254 3018 1297 3072 si
1329 3032 1419 3071 cor
1450 3027 1684 3069 nostrum
1714 3011 1935 3079 recipiat
1964 3007 2082 3061 Sal-

531 3128 788 3173 vatorem.

610 3207 933 3273 Quarebant,
957 3202 1126 3272 inquit
1163 3198 1503 3269 evangelista,
1532 3194 1725 3261 Iesum,
1750 3204 1794 3246 et
1825 3191 2081 3256 colloque-

537 3298 718 3349 bantur
745 3296 811 3346 ad
831 3294 1058 3359 invicem,
1102 3300 1289 3345 stantes
1328 3290 1382 3341 in
1410 3285 1593 3354 temple
1621 3298 1639 3335 :
1664 3283 1799 3350 Quid
1856 3281 2046 3351 putatis
2067 3317 2084 3344 ,

544 3388 662 3454 quia
701 3401 805 3437 non.
842 3385 972 3437 venit
998 3383 1067 3434 ad
1089 3382 1221 3433 diem
1250 3380 1471 3449 festum?
1502 3377 1817 3443 Quaerebam
1840 3386 1965 3441 ergo
1989 3371 2085 3425 Ju-

536 3473 635 3529 daei
670 3473 873 3536 Iesum,
901 3471 993 3524 sed
1016 3471 1171 3523 male.
1202 3467 1515 3535 Quaerebam
1543 3464 1681 3519 enim
1701 3472 1756 3516 ut
1779 3464 2077 3515 venientem

540 3564 604 3617 ad
634 3563 773 3616 diem
804 3560 995 3615 festum
1023 3558 1403 3612 interﬁcerent.
1435 3556 1742 3621 Quaeramus
1774 3561 1947 3605 autem
1982 3564 2084 3604 nos

538 3653 685 3706 illum
716 3658 918 3703 stantes
947 3648 1000 3700 in
1032 3646 1226 3713 templo
1254 3644 1362 3705 Dei.
1397 3652 1450 3698 et
1480 3651 1875 3711 perseverantes
1898 3640 2085 3694 unani-

541 3744 696 3795 miter
718 3741 770 3794 in
799 3740 1057 3801 oratione,
1083 3744 1136 3791 et
1156 3735 1519 3804 colloquamur
1541 3734 1606 3788 ad
1625 3734 1847 3787 invicem
1871 3734 1921 3786 in
1949 3732 2090 3801 psal-

544 3832 675 3897 niis,
708 3830 934 3899 hymnis,
966 3826 1184 3882 canticis
1212 3825 1571 3893 Spiritualibus
1602 3826 1653 3891 in
1683 3822 1869 3891 gratia,
1903 3834 2089 3891 postu-

538 3922 710 3974 lantes
736 3921 906 3987 ipsum
936 3927 995 3971 ut
1034 3918 1214 3971 venire
1238 3916 1302 3969 ad
1332 3914 1470 3968 diem
1501 3912 1693 3967 festum
1726 3923 1960 3966 nostrum
1985 3953 1998 3977 ,
2033 3922 2090 3965 ut

540 4028 635 4069 sua
685 4026 779 4065 nos
823 4012 1103 4079 praesentia
1142 4009 1424 4071 illustrare,
1470 4022 1563 4059 sua
1596 4006 1709 4073 ipse
1752 4004 1905 4058 nobis
1952 4004 2090 4057 dona

543 4100 875 4155 sanctificare
898 4099 1161 4167 dignetur.

617 4189 866 4243 verterant
903 4194 1068 4239 autem
1096 4186 1355 4254 pontiﬁces
1382 4191 1427 4237 et
1477 4182 1725 4235 Pharisazi
1776 4181 2090 4246 mandatum,

540 4282 658 4333 utsi
690 4279 798 4347 quis
834 4276 1117 4347 cognoverit
1159 4274 1349 4337 ubisit,
1381 4272 1585 4339 indicet,
1623 4280 1678 4323 ut
1714 4271 2090 4341 apprehendant

543 4389 675 4425 eum.
703 4370 998 4424 Mandatum
1022 4382 1146 4436 ergo
1174 4368 1470 4421 Judazorum
1502 4374 1771 4434 peccatum
1802 4374 1900 4419 est.
1934 4365 2091 4431 Quae-

2174 1940 2275 1996 cst,
2304 1947 2485 1993 unum,
2514 1930 2641 1993 duo,
2675 1929 2794 1989 tria,
2826 1941 2946 1980 nam
2980 1934 3127 1981 sexta
3150 1924 3265 1989 ejus
3298 1936 3417 1989 pars
3437 1936 3597 1975 unum
3618 1929 3707 1983 est,

2175 2024 2325 2077 tertia
2351 2036 2476 2074 vero
2502 2021 2631 2082 duo,
2661 2018 2877 2071 dimidia
2923 2017 3102 2083 itaque
3133 2015 3260 2079 tria,
3313 2027 3472 2066 unum
3500 2024 3625 2064 vero
3666 2020 3712 2063 et

2175 2113 2301 2175 duo,
2348 2122 2401 2165 et
2429 2110 2546 2171 tria,
2578 2123 2669 2162 sex
2698 2121 2817 2162 esse
2849 2106 3174 2175 dignoscitur
3198 2120 3214 2167 ;
3266 2116 3363 2157 nec
3390 2100 3528 2155 aliud
3553 2116 3617 2153 ex
3644 2100 3712 2152 his

2177 2202 2344 2257 tribus
2396 2198 2630 2268 partibus
2674 2196 2970 2264 conjunctis
3011 2192 3199 2247 conﬁci
3250 2198 3443 2259 potest,
3490 2189 3586 2241 nisi
3630 2202 3707 2240 sex

2179 2300 2380 2345 tantum
2412 2302 2507 2342 nec
2536 2288 2587 2341 in
2618 2287 2750 2339 alias
2782 2294 2955 2353 partes
2984 2283 3225 2337 senarius
3274 2294 3523 2334 numerus
3560 2278 3704 2331 dividi

2179 2394 2369 2453 potest,
2417 2382 2515 2436 nisi
2540 2383 2591 2435 in
2618 2381 2714 2434 has
2744 2388 2871 2441 tres,
2912 2377 2963 2432 id
3011 2384 3113 2441 est,
3143 2390 3301 2430 unum
3351 2373 3455 2427 duo
3496 2382 3547 2427 et
3589 2374 3708 2433 tria;

2180 2488 2299 2530 nam
2348 2474 2519 2542 ipsum
2574 2470 2854 2524 Dominum
2908 2481 3205 2522 creatorem
3257 2465 3524 2524 omnium,
3569 2461 3712 2530 hujus

2183 2565 2359 2619 mundi
2412 2571 2683 2615 creaturas
2714 2574 2806 2613 sex
2839 2560 3022 2612 diebus
3056 2556 3347 2626 perfecisse
3398 2552 3712 2609 notissimum

2181 2664 2261 2709 est
2286 2695 2299 2716 ,
2327 2663 2377 2707 et
2405 2661 2556 2705 sexta
2586 2651 2671 2703 die
2700 2648 2962 2702 hominem
2994 2648 3183 2701 fecisse
3212 2653 3420 2699 constat
3445 2640 3591 2711 (Ceu.
3618 2640 3675 2710 ιι)
3701 2658 3711 2702 ;

2182 2743 2244 2794 ad
2277 2757 2429 2810 quem
2461 2737 2764 2807 serpentina
2820 2736 3003 2790 fraude
3033 2735 3315 2804 perditum,
3351 2739 3472 2786 ante
3502 2746 3587 2785 sex
3616 2729 3715 2783 dies

2184 2830 2397 2885 Pascha:
2428 2828 2573 2881 venit
2599 2828 2713 2894 ipse
2744 2825 2905 2879 Filius
2936 2824 3050 2889 Dei,
3089 2838 3180 2889 per
3210 2836 3366 2891 quem
3395 2830 3600 2875 creatus
3623 2827 3710 2879 est,

2184 2919 2512 2981 Beshaniam,
2553 2917 2619 2970 ad
2643 2917 3009 2980 liberandum;
3060 2914 3226 2982 utqui
3258 2921 3406 2966 sexta
3456 2910 3541 2964 die
3585 2924 3717 2962 crea-

2186 3021 2267 3065 tus
2313 3018 2413 3074 est,
2457 3018 2605 3063 sexta
2655 3005 2790 3059 feria
2832 3005 3184 3069 liberaretur;
3250 3017 3369 3055 nam
3418 3011 3557 3054 sexta
3601 2998 3716 3053 feria

2186 3099 2447 3153 Christum
2488 3110 2605 3150 esse
2631 3109 2867 3164 passum,
2914 3093 3109 3147 nemini
3158 3094 3396 3161 ignotum
3440 3105 3555 3144 esse
3594 3102 3718 3143 reor.

2187 3190 2344 3257 Igitur
2370 3198 2421 3241 et
2444 3200 2623 3240 mense
2650 3197 2820 3249 sexto,
2851 3184 3193 3237 annuntiante
3213 3181 3551 3250 archangelo,
3581 3177 3721 3246 Virgo

2184 3294 2331 3336 sacra
2362 3278 2702 3345 inspiratione
2749 3275 2982 3343 Spiritus
3028 3274 3197 3327 sancti
3232 3272 3479 3327 eumdem
3514 3269 3721 3323 Redem-

2188 3381 2389 3440 ptorem
2435 3375 2677 3421 nostrum
2720 3366 3030 3433 concepisse
3078 3362 3269 3434 legitur
3317 3361 3469 3433 (Luc.
3521 3364 3596 3429 t);
3642 3361 3720 3428 qui

2185 3462 2339 3516 etiam
2370 3469 2517 3513 sexta
2554 3459 2700 3520 hora,
2752 3457 2981 3526 perlecta
3009 3464 3188 3519 astate,
3232 3470 3391 3524 super
3420 3464 3624 3521 puteum
3653 3466 3724 3506 se-

2185 3550 2334 3615 dens,
2366 3548 2575 3603 mulieri
2602 3548 2949 3601 Samaritana:
2976 3547 3141 3599 divini
3191 3545 3354 3599 fontis
3390 3544 3581 3597 ﬂuenta
3611 3555 3722 3608 ape-

2187 3642 2290 3693 rire
2333 3639 2576 3705 dignatus
2626 3645 2709 3689 est
2759 3634 2936 3704 (Joan.
2970 3635 3083 3703 iv);
3138 3642 3291 3688 sexta
3342 3648 3545 3703 quoque
3592 3639 3725 3685 aetate

2190 3730 2369 3783 mundi
2396 3730 2507 3797 ipse
2538 3726 2758 3781 Creator
2788 3728 2852 3780 ad
2883 3726 3303 3793 redemptionem
3352 3724 3560 3786 mundi,
3590 3722 3723 3791 juxta

2192 3823 2345 3876 [idem
2375 3836 2537 3874 sacra:
2569 3820 2824 3883 historiae,
2873 3820 3087 3873 venisse
3118 3819 3229 3886 jam
3280 3818 3495 3887 legitur.
3540 3816 3725 3869 [labent

2189 3928 2397 3982 quoque
2426 3912 2503 3964 hce
2547 3920 2652 3965 tres
2685 3922 2879 3978 partes,
2929 3909 2979 3964 id
3007 3919 3111 3974 est,
3144 3922 3326 3975 unum,
3373 3909 3496 3969 duo,
3542 3918 3591 3961 et
3620 3906 3723 3964 tria,

2191 4017 2255 4055 ex
2291 4002 2503 4068 quibus,
2552 4011 2607 4053 ut
2652 4000 2925 4067 diximus,
2977 4000 3215 4054 senarius
3256 4007 3496 4059 consul,
3548 3994 3723 4065 aliquid

2199 4092 2435 4161 mystcrii
2485 4092 2535 4143 in
2590 4092 2983 4156 dispensatione
3028 4090 3213 4142 salutis
3260 4088 3521 4142 humanas.
3572 4087 3726 4139 l’rimo

2195 4180 2371 4247 itaque
2402 4190 2642 4247 tempore
2665 4180 2763 4231 sub
2813 4181 2924 4246 lege
2974 4188 3194 4242 natura),
3248 4178 3408 4231 veluti
3436 4177 3489 4230 in
3519 4175 3723 4244 quadam

2194 4271 2387 4321 unitate
2409 4268 2574 4323 sancti
2609 4278 2783 4333 patres
2819 4268 2923 4320 Deo
2963 4266 3285 4320 servnebant.
3337 4266 3577 4319 Secundo
3618 4278 3727 4317 vero

2195 4370 2429 4427 tempore
2460 4359 2538 4411 lex
2568 4358 2742 4409 addita
2775 4369 2858 4411 εει
2886 4356 2949 4409 ad
3002 4367 3266 4425 naturam,
3320 4369 3376 4409 ut
3417 4355 3556 4425 quod
3606 4356 3725 4408 mala

545 4464 727 4514 rebant
757 4460 1027 4513 Christum
1074 4456 1335 4517 occidere,
1380 4470 1485 4508 non
1538 4455 1588 4508 in
1630 4454 1841 4509 Christo
1890 4457 2085 4507 vivere.
2121 4483 2168 4541 υ
2194 4450 2517 4504 consuetudo
2549 4451 2749 4501 vitiavit
2778 4451 2826 4501 in
2857 4461 3066 4512 natura,
3112 4450 3193 4503 lex
3222 4449 3540 4503 reforniaret
3572 4448 3619 4501 in
3651 4447 3726 4499 lit-

544 4552 849 4618 aneramus
875 4563 968 4601 nos
994 4547 1044 4600 in
1075 4546 1285 4600 Christo
1315 4546 1509 4609 vivere,
1563 4534 1715 4612 quem
1758 4545 1828 4597 illi
1880 4558 2087 4613 quterc-

546 4646 671 4698 bant
700 4642 959 4695 occidere.
1012 4638 1090 4692 llli
1120 4639 1253 4691 male
1285 4621 1615 4706 quierebant,
1669 4652 1763 4689 nos
1790 4638 1921 4691 bene
1946 4652 2094 4706 qua:-

546 4749 763 4797 ramus;
801 4746 916 4783 nam
950 4744 1087 4783 nunc
1112 4739 1193 4783 est
1241 4740 1444 4796 tempus
1472 4727 1741 4794 quaerendi
1792 4729 2092 4790 Dominum,

546 4826 683 4878 sicut
712 4823 961 4891 propheta
992 4822 1098 4873 ait:
1149 4820 1368 4885 Quwrite
1409 4819 1683 4873 Dominum
1727 4819 1849 4871 dum
1886 4819 2095 4870 inveniri

546 4926 709 4987 potest
732 4915 882 4986 (Isai.
910 4913 1014 4980 ιν).
1043 4912 1141 4977 Qui
1175 4911 1570 4965 misericordem
1594 4926 1712 4964 eum
1747 4910 1982 4963 invenire
2011 4925 2097 4962 ve.

550 5007 611 5058 Iit
632 5007 680 5058 in
704 5005 923 5073 judicio,
953 5012 1152 5073 quazrat
1180 5003 1338 5055 modo
1366 5002 1417 5054 in
1442 4999 1755 5054 humilitatis
1781 5011 1831 5054 et
1861 4999 2099 5053 charita-

551 5098 615 5150 tis
644 5096 835 5149 officio.

1142 5247 1359 5302 CAPUT
1400 5246 1510 5301 XII.

621 5357 803 5412 Sciens
831 5373 955 5425 ergo
986 5357 1237 5411 Dominus
1267 5358 1599 5426 conspirasse
1624 5358 1693 5413 de
1725 5373 1783 5413 se
1813 5358 2101 5413 occidendo

554 5448 782 5511 Judmos,
818 5465 919 5501 non
952 5448 1081 5517 fugit
1132 5450 1483 5503 insidiantium
1515 5466 1723 5517 manus,
1757 5451 1877 5518 sed,
1924 5461 2100 5505 certus

552 5540 620 5592 de
676 5540 837 5608 gloria
893 5540 1324 5605 resurrectionis,
1380 5542 1552 5606 primo
1600 5544 1739 5595 venit
1794 5542 2099 5597 Bethaniam

557 5631 848 5697 proximam
876 5630 1216 5699 Jorosolymis
1245 5632 1532 5698 civitatem,
1585 5634 1673 5685 ubi
1720 5633 1971 5686 Lazarum
2010 5649 2103 5687 su-

554 5720 832 5775 scitaverat
854 5736 881 5775 a
907 5710 1127 5775 mortuis
1150 5738 1163 5787 ;
1201 5720 1387 5777 deinde
1410 5723 1565 5778 etiam
1589 5721 1987 5793 Jcrosolymam,
2014 5724 2099 5779 ubi

2198 4551 2347 4604 tera;
2396 4550 2450 4593 ct
2491 4539 2699 4592 fuerunt
2726 4538 2851 4605 duo,
2902 4548 3082 4591 natura
3124 4547 3177 4592 et
3200 4539 3303 4592 lex.
3349 4538 3527 4592 Tertio
3573 4540 3727 4605 itaque

2199 4644 2433 4697 tempore
2463 4630 2605 4682 venit
2628 4631 2791 4699 gratia
2824 4631 3057 4685 caelestis
3103 4646 3192 4700 per
3242 4631 3421 4685 Jesum
3454 4630 3723 4692 Christum,

2199 4731 2250 4774 et
2273 4728 2393 4772 Sttnl
2420 4721 2513 4772 tria
2541 4737 2552 4771 :
2588 4730 2793 4786 natura,
2824 4721 2903 4774 lex
2938 4732 2989 4773 et
3014 4723 3199 4788 gratia.
3234 4721 3379 4775 Sicut
3411 4737 3507 4775 nec
3538 4723 3613 4775 lex
3644 4736 3724 4772 na-

2202 4825 2329 4867 tura:
2361 4815 2551 4867 bonum
2579 4816 2857 4881 destruxit,
2911 4816 2979 4868 ita
3007 4831 3101 4869 nec
3132 4818 3296 4884 gratia
3349 4816 3517 4885 legem
3568 4816 3727 4877 solvit,

2201 4909 2290 4961 scd
2319 4908 2639 4975 adimplevit,
2669 4917 3016 4976 naturamque
3045 4910 3278 4976 pristinae
3325 4912 3554 4964 reddidit
3596 4910 3729 4963 niihi-

2203 4998 2332 5051 litati
2358 5016 2372 5050 :
2399 5007 2579 5051 natura
2607 5007 2781 5053 tamen
2803 5009 2853 5052 et
2877 5000 2958 5053 lex
2983 5001 3093 5053 sine
3113 5002 3279 5067 gratia
3303 5002 3503 5068 impleri
3534 5017 3629 5053 non
3654 5016 3730 5068 po-

2207 5089 2324 5141 tuit.
2346 5087 2448 5142 Nec
2473 5088 2545 5141 sic
2578 5089 2775 5141 homini
2801 5088 3018 5141 liberum
3046 5089 3320 5141 arbitrium
3343 5091 3518 5143 datum
3544 5099 3637 5152 est,
3661 5088 3731 5140 vel

2203 5177 2329 5246 legis
2353 5186 2691 5246 przcccptum,
2716 5188 2769 5229 ut
2798 5179 2961 5246 gratia
2995 5194 3095 5231 non
3125 5178 3403 5245 indigeret,
3429 5183 3561 5233 sicut
3602 5180 3732 5232 Pola.

2202 5270 2351 5337 giana
2384 5270 2602 5323 haeresis
2634 5270 2879 5322 affirmat.
2915 5271 2977 5322 Et
3005 5285 3069 5323 ne
3090 5270 3327 5324 dicerent
3367 5272 3732 5323 machinatores

2203 5359 2601 5422 calumniarum,
2621 5360 2949 5426 phantastice
2963 5361 3273 5414 suscitatum
3299 5360 3459 5414 fuisse
3481 5360 3731 5417 Lazarum,

2204 5450 2335 5504 facta
2374 5451 2442 5504 ibi
2464 5452 2684 5505 Domino
2711 5465 2882 5515 omna,
2908 5460 2960 5505 et
2989 5452 3099 5520 ipse
3137 5467 3271 5505 unus
3301 5464 3411 5507 erat
3432 5467 3491 5506 ea
3520 5452 3733 5505 discum-

2206 5540 2447 5595 hentibus
2469 5556 2586 5594 cum
2616 5555 2700 5604 eo,
2730 5552 2785 5594 ut
2815 5541 2940 5594 dum
2967 5542 3253 5609 viventem,
3276 5544 3594 5612 loquentem,
3621 5558 3735 5610 epu-

2212 5633 2423 5695 lantem,
2458 5644 2575 5683 cum
2624 5630 2732 5684 suis
2776 5630 3103 5685 familiariter
3145 5644 3567 5696 conversantem,
3610 5634 3735 5685 vidc-

2205 5733 2321 5777 rent
2345 5723 2455 5779 sive
2481 5722 2739 5789 audirent,
2757 5723 2836 5780 vel
2861 5722 2936 5779 sic
2959 5724 3259 5781 suscitantis
3284 5727 3566 5794 potentiam
3589 5739 3735 5796 agno-
