3884 6232
155 417 255 473 78⁸5

1081 413 1145 468 ΙΝ
1185 414 1241 470 S.
1283 413 1568 502 JOANNIS
1611 414 2060 471 EVANGELIUM
2105 416 2481 471 EXPOSITIO.

3304 418 3405 470 736

157 533 384 591 secrent,
416 533 472 579 et
502 524 803 593 acciperent
823 521 1068 592 gratiam.
1121 521 1340 592 Mystice
1367 532 1540 577 autent
1570 538 1720 578 creua
1753 526 1801 581 Δ
1828 525 1919 577 sed
1955 525 2074 593 quia
2102 525 2190 593 fur
2216 534 2353 589 erat,
2376 536 2424 578 et
2447 525 2639 578 locutos
2671 525 2874 590 habens,
2904 542 2965 608 ea
2990 542 3103 595 qua
3129 529 3401 582 mitteban-

160 619 268 672 htre
293 602 590 677 dominica,
624 615 710 668 ubi
745 614 945 668 Martha
979 612 1336 676 ministrabat,
1393 624 1446 668 et
1495 615 1727 668 Lazarus

160 712 292 763 inter
319 706 466 762 alios
494 706 886 766 discumbebat,
915 704 1044 757 fides
1069 715 1151 758 est
1177 706 1450 770 Ecclesiae,
1486 721 1602 771 quas
1638 722 1731 772 per

159 796 501 852 dilectionem
529 801 799 864 operatur.
835 794 887 845 ln
911 808 1012 864 qua
1034 807 1186 846 omna
1214 793 1414 846 Martha
1445 794 1728 858 ministrat,

161 900 274 939 eum
301 885 485 936 anima
519 896 740 952 quaeque
770 880 944 935 ﬁdelis
984 895 1200 949 operam
1236 881 1460 933 Domino
1491 894 1600 932 suae
1630 881 1732 934 de-

164 973 390 1027 votionis
422 973 702 1037 impendit.
733 971 967 1026 Lazarus
996 983 1292 1027 vero,unns
1322 969 1382 1023 fit.
1405 985 1467 1024 ex
1496 971 1730 1022 discum-

167 1063 410 1116 bentibus
432 1076 558 1117 cum
601 1062 850 1126 Domino,
904 1075 1025 1114 cum
1053 1063 1209 1114 etiam
1241 1059 1293 1112 hi
1335 1060 1424 1126 qui
1473 1071 1589 1127 post
1615 1074 1733 1128 pi-c-

166 1159 404 1204 saturum
435 1157 669 1203 mortem
700 1149 994 1202 resuscitati
1041 1148 1106 1201 ad
1145 1146 1406 1216 justitiam
1436 1156 1581 1211 sunt,
1630 1163 1731 1200 una

165 1256 278 1296 cum
302 1240 384 1294 eis
415 1241 510 1308 qui
539 1240 591 1298 in
620 1255 720 1330 sua
737 1253 1076 1308 permansere
1096 1238 1323 1307 justitia,
1357 1238 1423 1291 de
1455 1242 1732 1306 praesentia

166 1329 404 1383 veritatis
430 1331 787 1394 exsultantes,
836 1329 1158 1396 praenitentes
1208 1329 1366 1382 simul
1413 1344 1534 1382 eum
1583 1330 1734 1382 inno-

165 1424 397 1478 centibus
422 1423 659 1478 cmlestis
687 1423 870 1490 gratire
894 1421 1200 1474 muneribus
1247 1420 1480 1474 aluntur.
1516 1422 1578 1475 Et
1601 1422 1734 1476 bene

166 1513 344 1567 eadem
374 1513 425 1565 in
453 1527 607 1567 cmna
631 1511 883 1564 Bethania
915 1513 1241 1575 celebratur,
1285 1527 1405 1579 quae
1433 1521 1518 1566 est
1548 1512 1734 1565 civitas

169 1604 221 1654 in
251 1602 416 1654 latere
449 1602 649 1654 montis
672 1600 884 1664 Oliveti,
908 1608 962 1655 et
989 1602 1368 1666 interpretatur
1398 1600 1592 1654 Domus
1622 1602 1734 1654 obeo

169 1691 386 1744 dientitz.
449 1691 648 1744 Domus
696 1705 924 1757 namque
973 1690 1290 1745 obedientitn
1341 1690 1578 1744 Ecclesia
1633 1699 1733 1753 est,

169 1798 281 1849 qua:
313 1782 545 1835 fideliter
573 1782 774 1836 Domini
796 1781 960 1848 jussis
990 1781 1364 1848 obtemperat;
1415 1789 1466 1834 et
1500 1780 1612 1846 ipsa
1656 1786 1738 1833 est

1832 626 1933 678 tur,
1982 617 2231 684 portabat.
2285 615 2398 669 Non
2434 631 2562 686 ergo
2605 624 2733 672 tunc
2779 618 2946 673 Judas
2975 620 3157 686 periit,
3192 622 3404 684 quando

1835 708 2056 775 pecunia
2087 717 2368 773 corruptus
2397 695 2675 760 Dominum
2707 708 2960 773 prodidit,
3004 709 3094 760 sed
3143 709 3253 776 jzun
3286 724 3400 772 per-

1835 799 1974 852 ditus
2007 800 2287 854 Dominum
2311 801 2652 868 sequebatur,
2681 801 2768 868 qui
2793 802 2993 855 loculos
3016 801 3218 854 habens
3237 802 3410 853 domi-

1833 891 2000 953 nicos,
2033 905 2094 944 ea
2137 907 2254 957 qua:
2304 891 2651 946 mittebantur
2697 892 2941 957 portabat
2967 893 3018 944 in
3053 892 3405 945 ministerium

1835 993 2145 1044 pauperum,
2174 995 2290 1048 qum
2321 981 2479 1034 etiam
2537 981 2733 1034 inﬁdeli
2773 990 2956 1034 mente
2987 980 3149 1034 furari
3179 981 3400 1035 solebat.

1842 1067 2034 1121 Videtis
2055 1084 2182 1138 ergo
2211 1069 2462 1122 Dominus
2483 1085 2576 1124 cor
2603 1070 2764 1136 illius,
2787 1070 3093 1139 cupiditatis
3118 1071 3224 1137 jam
3250 1073 3408 1126 sorde

1838 1159 2122 1226 pollutum,
2177 1160 2474 1228 praevidens
2524 1161 2685 1227 pejori
2739 1161 3051 1226 proditionis
3088 1162 3244 1216 sorde
3297 1163 3411 1231 pol-

1838 1248 2106 1313 luendum,
2139 1250 2405 1304 commisit
2450 1251 2566 1317 ejus
2598 1251 2717 1304 fidei
2747 1251 2996 1319 quidquid
3034 1251 3301 1306 habebant
3352 1253 3406 1307 in

1836 1340 2084 1405 sacculis,
2112 1355 2338 1408 errmque
2361 1342 2427 1394 de
2451 1341 2532 1395 bis
2554 1357 2669 1408 quin
2693 1343 2735 1393 is
2760 1342 2916 1395 vellet
2941 1341 3116 1396 facere
3143 1343 3402 1410 permisit,

1838 1437 1896 1482 ut
1922 1431 2005 1484 vel
2034 1430 2212 1485 collati
2243 1430 2478 1496 honoris,
2509 1430 2593 1485 vel
2626 1431 2816 1486 habitae
2847 1432 3099 1485 memoria
3150 1433 3408 1500 pecuniae,

1839 1531 2069 1575 mentem
2098 1523 2165 1575 ab
2194 1522 2356 1590 ipsius
2396 1522 2696 1577 venditione
2719 1530 3011 1577 revocaret.
3042 1522 3239 1576 Verum
3287 1525 3409 1592 quia

1839 1625 2050 1675 semper
2091 1625 2282 1665 avarus
2331 1619 2470 1680 eget,
2530 1627 2702 1679 neque
2751 1627 2979 1682 unquam
3033 1612 3409 1669 beneficiorum

1842 1699 2072 1767 perﬁdus
2103 1701 2343 1755 meminit
2369 1702 2561 1769 impius
2587 1716 2617 1755 a
2646 1702 2781 1756 furto
2813 1703 3047 1769 pecunias
3078 1719 3236 1772 quam
3286 1720 3409 1774 por-

1843 1795 2008 1858 tabat,
2031 1794 2270 1862 pervenit
2293 1791 2356 1845 ad
2381 1793 2715 1848 traditionem
2747 1794 2977 1862 Domini,
3010 1795 3098 1864 qui
3131 1795 3406 1863 pecuniam

168 1872 347 1925 civitas
373 1885 496 1940 quc
540 1885 700 1939 super
748 1879 983 1924 montem
1014 1868 1401 1924 misericordiae
1425 1868 1735 1931 constituta,
1771 1863 1815 1920 Β
1846 1885 1945 1940 sibi
1979 1885 2293 1938 servandam
2325 1884 2752 1940 commendabat,

171 1978 437 2031 nunquam
472 1971 651 2029 potest
673 1962 928 2016 abscondi
953 1960 1174 2032 (Matth.
1205 1962 1291 2028 v);
1321 1960 1543 2028 ipsaque
1572 1960 1636 2013 de
1662 1960 1742 2012 sui

173 2052 337 2106 latere
359 2062 667 2106 coastructa
695 2053 1070 2118 redemptoris,
1103 2050 1153 2105 id
1183 2059 1299 2116 est,
1347 2065 1484 2118 aqua
1514 2051 1744 2104 ablutio-

171 2145 268 2207 nis,
299 2154 352 2196 et
382 2144 643 2211 sanguine
695 2142 1129 2197 sanctiﬁcationis
1149 2183 1166 2205 ,
1218 2144 1335 2210 quae
1379 2141 1446 2195 de
1473 2142 1638 2204 ipsius
1669 2142 1738 2193 la-

172 2215 280 2285 tere
310 2246 407 2299 pro
435 2247 496 2286 se
540 2232 819 2286 morientis
849 2228 1048 2293 exiere,
1097 2231 1295 2284 imbuta
1321 2239 1425 2285 est.
1458 2229 1558 2283 Ubi
1583 2231 1740 2284 etiam

172 2323 331 2376 altera
355 2339 514 2378 soror
542 2324 726 2377 Lazari
760 2324 918 2377 Maria
939 2365 953 2387 ,
1004 2325 1055 2377 in
1082 2339 1285 2392 magna;
1323 2323 1574 2377 indicium
1603 2324 1743 2377 dile-

173 2412 376 2476 ctionis,
426 2413 571 2465 sicut
597 2413 868 2481 sequentia
901 2423 1200 2468 monstrant
1232 2414 1520 2484 Evangelii,
1551 2417 1743 2480 accepit

173 2502 346 2553 libram
378 2504 631 2571 unguenti
679 2504 829 2555 nardi
859 2504 1027 2569 pistici
1067 2505 1298 2571 pretiosi,
1330 2515 1376 2556 et
1406 2505 1548 2557 unxit
1592 2505 1741 2571 pedes

171 2589 310 2652 Iesu,
341 2599 386 2642 et
426 2592 639 2644 extersit
663 2593 866 2661 capillis
888 2595 995 2646 suis
1037 2594 1182 2660 pedes
1211 2596 1342 2663 ejus.
1376 2593 1492 2659 Quo
1524 2610 1627 2647 non
1656 2610 1741 2648 so-

175 2683 276 2734 lum
315 2684 562 2736 succedit
603 2683 849 2737 indicium
892 2684 1225 2750 devotionis,
1281 2685 1374 2738 sed
1424 2694 1475 2739 et
1505 2668 1738 2738 aliarum

179 2771 404 2824 ﬁdelium
440 2773 552 2827 Deo
581 2774 872 2827 animarum
903 2775 1140 2842 signatur
1164 2775 1371 2840 pietatis
1402 2774 1735 2843 obsequium.

179 2861 337 2913 Maria
388 2871 564 2916 autem
612 2865 805 2932 accepit
859 2864 1039 2916 libram
1086 2865 1330 2933 unguenti
1378 2865 1528 2917 nardi
1574 2865 1740 2933 pistici

178 2953 388 3013 pretiosi.
425 2951 564 3016 Quid
594 2966 821 3018 namque
862 2967 954 3020 per
979 2953 1165 3006 libram
1197 2951 1469 3021 unguenti,
1495 2953 1592 3006 nisi
1622 2967 1740 3019 per-

177 3042 322 3095 fectio
344 3043 569 3109 iustitia:
592 3043 941 3109 exprimitur?
967 3044 1105 3112 quod
1127 3055 1452 3111 unguentum
1485 3057 1547 3096 ex
1573 3043 1737 3095 nardo

177 3132 356 3198 pistico
401 3132 599 3187 dicitur
629 3148 748 3186 esse
777 3134 1095 3186 confectum.
1143 3133 1276 3198 Quid
1321 3133 1462 3185 enim
1506 3147 1596 3199 per
1640 3149 1734 3182 trn-

177 3195 441 3283 gueutum,
478 3223 577 3276 nisi
609 3223 779 3277 bonus
815 3223 947 3275 odor
991 3195 1256 3289 opinionis
1286 3195 1624 3276 insinuatus?
1674 3221 1737 3276 Et
1768 3195 1811 3255 Ο

180 3314 269 3363 hoc
292 3321 614 3379 unguentum
645 3329 709 3366 ex
738 3313 903 3365 nardo
934 3313 1140 3380 pistico,
1175 3314 1223 3366 id
1244 3322 1343 3376 est,
1380 3315 1544 3367 nardo
1568 3315 1738 3377 fideli;

179 3415 287 3451 nam
319 3405 490 3460 πίστις
516 3401 722 3465 Graece,
749 3403 872 3466 fides
897 3402 1081 3456 Latine
1099 3402 1309 3455 dicitur.
1338 3402 1463 3457 Sine
1487 3403 1587 3470 ﬁde
1612 3405 1742 3455 enim

180 3489 276 3543 Deo
305 3494 503 3560 placere
533 3494 843 3561 impossibile
863 3505 937 3548 est
962 3494 1146 3560 (Hebr.
1179 3492 1277 3563 χι),
1312 3510 1410 3548 nec
1439 3492 1571 3548 bon'a
1600 3496 1738 3547 fama

177 3592 283 3632 sine
313 3580 414 3634 ﬁde
445 3582 710 3635 catholica
741 3582 851 3635 ﬁeri
887 3583 1099 3647 poterit.
1133 3583 1175 3635 Ο
1197 3583 1377 3646 homo,
1415 3599 1551 3652 unge
1578 3583 1738 3650 pedes

176 3664 289 3719 Iesu
312 3668 443 3722 bene
474 3669 718 3731 vivendo,
752 3669 1012 3720 dmuinica
1057 3678 1262 3722 sectare
1292 3669 1541 3736 vestigia,
1565 3680 1614 3723 et
1645 3684 1736 3722 ca-

181 3757 305 3822 pillis
330 3768 567 3825 exterge.
608 3762 736 3823 Qua:
768 3759 857 3810 tibi
884 3759 1148 3825 superﬂua
1190 3768 1334 3823 sunt,
1383 3758 1604 3826 pedibus
1633 3759 1738 3811 Do-

180 3847 293 3898 mini
325 3849 630 3901 neceSSaria
666 3857 808 3911 sunt,
855 3847 905 3900 id
932 3858 1036 3911 est,
1070 3848 1304 3900 minimis
1332 3848 1630 3915 quibusque
1683 3849 1735 3900 in

180 3935 423 3996 Ecclesia,
471 3938 538 3988 de
564 3937 833 4002 quibusin
865 3938 966 3988 line
1019 3936 1254 3987 dicturus
1295 3937 1398 3987 erit
1441 3935 1730 3989 Dominus:

181 4024 401 4084 Quandiu
452 4025 642 4094 fecistis
693 4025 778 4075 uni
835 4040 895 4076 ex
941 4025 1160 4076 minimis
1210 4024 1318 4084 his,
1373 4023 1494 4077 mihi
1546 4027 1732 4091 fecistis

181 4114 377 4177 (Matth.
416 4117 567 4181 xxv).
616 4115 811 4167 Domus
857 4124 1034 4167 autern
1073 4115 1272 4180 repleta
1322 4125 1404 4168 est
1451 4114 1632 4175 odore.
1681 4115 1730 4168 id

179 4210 268 4256 est.
303 4200 561 4263 ερειεείιι,
590 4205 707 4255 vitm
739 4189 997 4270 religiosa:
1043 4204 1178 4257 bona
1217 4204 1390 4266 fama;
1434 4220 1551 4256 nam
1601 4204 1732 4256 odor

179 4294 332 4344 bonus
351 4305 429 4347 est
460 4295 565 4346 vita
598 4296 751 4348 bona.
786 4296 917 4348 Audi
949 4296 1260 4362 Apostolurn
1291 4317 1301 4349 :
1351 4296 1538 4349 Christi
1570 4298 1730 4349 (onus

179 4385 290 4434 odor
315 4401 504 4448 sumus,
543 4387 732 4453 inquit,
765 4388 815 4438 in
846 4389 982 4439 omni
1031 4389 1141 4440 loco
1175 4388 1257 4453 (II
1306 4390 1422 4441 (ἔον.
1453 4394 1527 4453 ιι).
1587 4391 1649 4443 Ει
1679 4392 1727 4443 in

176 4473 389 4527 Canticis
444 4475 771 4529 canticorum
823 4494 837 4529 :

178 4571 318 4613 tuum.
342 4563 467 4616 Item
487 4583 498 4615 :
522 4565 652 4616 Dum
675 4578 797 4619 esset
819 4584 908 4621 rea:
936 4569 988 4620 in
1012 4571 1246 4621 accubitu
1271 4587 1380 4636 suo,
1400 4572 1593 4622 nardns
1616 4588 1726 4624 mea

183 4651 304 4701 dedit
338 4653 542 4704 odorem
567 4670 712 4706 suum
746 4657 918 4723 (Cant.
945 4655 1006 4725 ι).
1062 4657 1158 4711 Ubi
1189 4672 1372 4724 aperte
1393 4661 1537 4726 ‘quid
1567 4661 1726 4716 Maria

179 4742 323 4794 semel
349 4743 545 4808 fecerit,
569 4747 738 4811 typice
765 4757 944 4800 autem
970 4748 1093 4814 quid
1119 4750 1293 4802 omnis
1323 4750 1579 4811 Ecclesia,
1604 4751 1724 4816 quid

182 4828 337 4882 anima
364 4845 585 4898 quzeqne
619 4832 845 4898 perfecta
877 4850 1089 4900 semper
1117 4836 1291 4900 faciat,
1330 4839 1648 4893 ostenditur.

242 4916 362 4969 Dicit
386 4935 505 4989 ergo
528 4937 590 4972 ea:
617 4923 874 4983 discipulis
904 4925 1012 4992 ejus
1055 4924 1220 4978 Iudas
1284 4926 1553 4981 Iscariotes
1583 4969 1594 4989 ,
1639 4932 1726 4997 qui

183 5014 274 5055 erat
303 5021 408 5057 cum
462 5009 738 5060 traditurus
768 5027 785 5062 :
817 5011 984 5073 Quare
1011 5011 1106 5064 hoc
1137 5027 1446 5081 unguentum
1489 5033 1587 5068 non
1636 5034 1721 5070 ιπε-

182 5093 263 5142 niit
306 5097 526 5148 trecentis
557 5099 796 5162 denariis,
828 5110 872 5151 ct
897 5105 1073 5151 datum
1099 5111 1169 5154 est
1202 5105 1413 5171 egenis?
1438 5103 1530 5157 Va:
1561 5107 1722 5170 iurpio

183 5185 433 5238 traditori!
464 5203 544 5240 vae
575 5192 918 5257 complicibus
949 5193 1062 5258 ejus
1093 5194 1361 5259 nequitur,
1391 5197 1550 5247 etiam
1583 5211 1720 5250 nn:.c

185 5280 392 5331 membra
414 5281 615 5334 Christi
650 5285 1105 5350 persequentibus,
1131 5287 1216 5351 qui
1244 5287 1434 5338 famam
1480 5289 1716 5351 virtutis,

183 5382 319 5431 quam
351 5369 442 5435 ipsi
475 5370 668 5424 habere
685 5388 802 5432 .non
839 5385 1107 5427 merentur
1128 5415 1141 5433 ,
1197 5376 1448 5441 proximis
1479 5379 1564 5444 qui
1616 5381 1718 5430 ba-

185 5455 290 5506 bent
312 5459 540 5512 invidere
570 5475 671 5512 non
696 5472 922 5514 cessant.
959 5464 1023 5516 Et
1048 5464 1261 5530 quidem
1291 5474 1473 5530 putare
1528 5482 1714 5531 posse-

187 5560 286 5592 mus
313 5545 488 5600 ludam
547 5550 615 5602 oh
673 5563 850 5602 curam
915 5566 1198 5618 paupernrn
1233 5554 1342 5605 lnec
1382 5553 1544 5606 fuisse
1574 5555 1713 5608 locu-

191 5640 316 5692 tutn;
354 5635 439 5686 sed
463 5637 634 5700 prodit
658 5649 886 5691 mentem
928 5640 1064 5693 illius
1090 5641 1238 5694 testis
1270 5657 1447 5705 verax,
1476 5645 1560 5709 qui
1595 5645 1667 5697 ait
1699 5665 1707 5696 :

249 5721 374 5774 Dirit
394 5736 571 5791 autem,
601 5744 698 5779 non
725 5730 843 5794 quia
875 5729 932 5780 de
962 5732 1126 5797 egenis
1159 5731 1435 5797 pertinebat
1466 5734 1530 5784 ad
1579 5749 1710 5802 eum,

1916 1973 2058 2026 Dixit
2085 1989 2204 2044 ergo
2231 1973 2382 2027 Jesus
2412 1989 2432 2028 :
2462 1975 2584 2029 Sine
2615 1975 2778 2042 illam,
2820 1985 2877 2028 ut
2901 1977 2953 2030 iis
2980 1979 3116 2033 diem
3142 1978 3413 2045 sepultura

1843 2081 1968 2120 mete
1994 2075 2153 2119 servet
2180 2065 2330 2117 illud.
2360 2065 2520 2130 Quasi
2550 2065 2857 2119 innocenter
2888 2066 3235 2136 interroganti
3263 2067 3413 2121 Judte

1846 2158 2098 2211 Dominus
2147 2157 2459 2222 simpliciter
2491 2165 2544 2209 et
2570 2166 2864 2222 mansuete,
2906 2172 3011 2224 quo
3056 2157 3407 2212 ministerium

1845 2249 2018 2302 Maria:
2042 2249 2329 2317 pertineret
2358 2247 2622 2314 exposuit,
2652 2247 2774 2315 quia
2808 2248 2920 2314 ipse
2949 2248 3195 2302 videlicet
3241 2250 3417 2300 mori-

1845 2350 2011 2401 turus,
2035 2349 2081 2391 et
2110 2337 2174 2391 ad
2197 2336 2559 2405 sepeliendum
2586 2335 2910 2390 aromatibus
2935 2346 3076 2390 esset
3101 2338 3409 2406 ungendus;

1844 2430 2067 2498 ideoque
2115 2427 2313 2493 Mar-ie,
2365 2428 2448 2482 cui
2479 2428 2544 2480 ad
2576 2427 2874 2480 unctionem
2932 2429 3124 2480 mortui
3174 2429 3412 2494 corporis

1842 2518 1977 2585 ejus,
2029 2517 2270 2587 quamvis
2300 2518 2523 2570 multum
2575 2516 2918 2582 desideranti,
2979 2517 3256 2580 pervenire
3305 2531 3412 2570 non

1843 2605 2048 2674 liceret,
2082 2606 2334 2660 donatum
2366 2604 2434 2658 sit
2462 2605 2657 2658 viventi
2689 2605 2861 2658 adhuc
2917 2606 3223 2674 impendere
3251 2607 3410 2661 obse-

1841 2697 2043 2765 quium,
2076 2698 2215 2766 quod
2245 2708 2365 2766 post
2394 2708 2618 2753 mortem
2646 2702 2806 2756 celeri
2837 2703 3223 2754 resurrectiOne
3270 2714 3411 2768 pra:-

1842 2797 1992 2840 venta
2020 2791 2284 2856 nequiret.
2325 2788 2471 2845 Unde
2499 2793 2630 2845 bene
2659 2791 2866 2844 Marcus
2908 2789 3187 2842 Dominum
3217 2789 3282 2842 de
3321 2789 3411 2843 illa

1839 2876 2035 2933 dixisse
2065 2888 2330 2934 testatur:
2369 2883 2517 2946 Quod
2571 2883 2747 2934 habuit
2795 2874 2924 2945 htec,
2971 2879 3123 2949 fecit;
3173 2880 3412 2947 prterenit

1840 2985 2030 3038 ungere
2057 2987 2242 3034 corpus
2270 2989 2437 3025 meum
2469 2963 2656 3040 (Harc.
2694 2973 2834 3040 χιιι).
2861 2972 2976 3026 Jaut
3017 2970 3247 3025 defuncti
3300 2980 3410 3022 tan-

1837 3073 1962 3126 gere
1990 3074 2092 3112 non
2123 3061 2308 3128 potuit,
2342 3063 2509 3115 solum
2549 3063 2687 3132 quod
2738 3063 2904 3130 potuit
2955 3060 3097 3116 fecit.
3152 3059 3410 3114 Praevenrt

1841 3150 2016 3202 vivum
2050 3150 2220 3203 adhuc
2251 3152 2526 3206 lurrerandi
2557 3152 2732 3204 officio
2763 3152 2981 3205 donare.

1917 3236 2171 3306 Pauperes
2203 3241 2332 3291 enim
2362 3257 2559 3308 semper
2597 3241 2786 3292 habetis
2833 3238 3105 3305 vobiscum,
3137 3254 3214 3291 me
3242 3247 3410 3291 autem

1843 3343 1944 3381 non
1963 3345 2158 3398 semper
2208 3329 2418 3383 habetis.
2455 3331 2864 3398 Etrhicrnagute
2911 3329 3272 3383 moderamine
3321 3344 3409 3394 pa-

1843 3419 2038 3473 tientiae
2099 3421 2351 3474 Dominus
2382 3437 2485 3474 non
2515 3422 2701 3476 Judam
2733 3422 2902 3489 arguit
2933 3423 3190 3482 avaritim,
3222 3433 3273 3473 et
3304 3435 3407 3473 non

1841 3523 2130 3575 pauperum
2183 3513 2352 3578 gratia
2397 3511 2461 3565 de
2504 3513 2721 3580 pecunia
2779 3513 2940 3580 loqui,
2985 3514 3078 3565 sed
3108 3527 3172 3566 ex
3205 3513 3409 3564 ratione

1837 3597 2165 3650 demonstrat
2207 3613 2310 3651 non
2355 3615 2473 3653 esse
2501 3602 2788 3667 culpandus
2816 3616 2908 3654 eos
2934 3602 3021 3670 qui
3050 3602 3098 3655 ei
3131 3602 3265 3654 inter
3315 3602 3407 3652 tro-

1840 3687 2008 3740 miues
2050 3691 2388 3743 conversauti
2416 3690 2481 3745 de
2511 3691 2851 3746 facultatibus
2880 3692 2990 3745 suis
3019 3693 3404 3754 ministrarent,

1838 3787 2083 3830 curatam
2117 3794 2279 3846 parvo
2310 3789 2549 3846 tempore
2578 3782 2690 3844 ipse
2717 3783 2854 3848 apud
2898 3783 3184 3837 Ecclesiatn
3217 3798 3406 3848 corpu-

1837 3867 2016 3918 raliter
2037 3877 2176 3919 esset
2212 3884 2510 3936 mansurus,
2540 3886 2796 3939 pauperes
2830 3885 3026 3937 autem,
3052 3873 3241 3941 quibus
3264 3873 3405 3926 elec-

1835 3973 2053 4026 mosyna
2084 3959 2195 4011 ﬁeri
2230 3972 2427 4026 posset,
2461 3962 2511 4014 in
2542 3977 2602 4015 ea
2633 3977 2844 4030 semper
2865 3974 3039 4018 essent
3071 3964 3318 4016 habendi.

1905 4049 2146 4116 Cognovit
2172 4067 2290 4120 ergo
2321 4053 2462 4104 turba
2485 4054 2643 4106 multa
2672 4070 2734 4106 ea:
2758 4052 2977 4116 ludatis,
3007 4057 3128 4124 quia
3158 4056 3261 4108 illic
3307 4067 3396 4121 est,

1836 4147 1881 4190 et
1905 4149 2138 4192 venerunt
2164 4157 2263 4193 non
2284 4151 2486 4209 propter
2513 4141 2688 4194 Jesum
2712 4151 2927 4207 tantum,
2957 4146 3045 4196 sed
3069 4151 3120 4196 ut
3150 4145 3399 4199 Lazarum

1834 4230 2078 4295 viderent,
2128 4248 2272 4296 quem
2303 4233 2560 4284 suscitavit
2600 4249 2630 4284 α
2673 4235 2902 4285 mortuis.
2953 4233 3244 4287 Curiositzrs
3278 4237 3394 4300 Iros,

1835 4333 1939 4371 non
1971 4321 2225 4385 charitas,
2259 4321 2480 4374 adduxit
2510 4322 2574 4374 ad
2605 4322 2816 4386 Jesum;
2848 4324 2938 4376 sed
2965 4340 3059 4377 nos
3089 4341 3240 4378 versa
3261 4326 3393 4390 vice,

1834 4408 2026 4461 fratres
2082 4410 2413 4474 cliarissirni,
2465 4413 2507 4465 si
2555 4415 2926 4479 cognoscimus
2970 4414 3056 4467 ubi
3104 4414 3255 4468 Jesus
3286 4426 3397 4480 est,

897 4477 1221 4547 Unguentum
1281 4479 1496 4543 e/fusttm
1547 4498 1726 4534 nomen

1840 4499 1921 4550 ubi
1950 4499 2277 4553 mansionem
2311 4500 2459 4566 “cit,
2483 4501 2567 4554 ubi
2603 4477 2933 4568 liethaniam,
2967 4504 3015 4557 id
3041 4515 3144 4569 est,
3176 4505 3392 4558 domuur

1834 4589 2025 4640 anima:
2053 4590 2370 4654 obeaterrtis,
2405 4591 2457 4643 in
2486 4606 2586 4658 qua
2612 4591 2832 4658 habitet,
2861 4593 3087 4659 invenit,
3118 4595 3393 4649 veniamus

1832 4677 1955 4729 illuc
1984 4678 2446 4743 contemplatione,
2482 4694 2584 4732 non
2611 4690 2824 4748 propter
2863 4681 3132 4735 hominem
3167 4692 3393 4747 tantum,

1821 4780 1982 4830 quem
2014 4780 2042 4816 a
2067 4775 2237 4820 morte
2263 4767 2454 4820 animae
2484 4771 2819 4833 suscita'tum,
2839 4770 3182 4835 spiritualiler
3215 4773 3392 4825 vivum

1827 4855 2063 4919 donavit,
2088 4855 2180 4908 sed
2209 4864 2267 4907 ut
2297 4857 2487 4909 bonam
2537 4856 2766 4912 hominis
2793 4860 2953 4912 vitam
2985 4861 3259 4928 imitando,
3294 4877 3393 4929 per

1827 4942 1927 4996 hoc
1947 4944 2012 4996 ad
2041 4943 2297 4997 visionem
2327 4945 2448 4998 Jesu
2476 4945 2772 5014 pertingere
2795 4964 3114 5016 mereamur,
3147 4954 3264 5018 quia
3294 4969 3388 5019 pro

1823 5044 1966 5086 certo
1981 5037 2323 5102 cognovimus
2355 5038 2440 5090 ubi
2464 5037 2616 5091 Jesus
2643 5048 2743 5093 est.
2773 5041 3081 5096 liesurrexit
3103 5047 3242 5097 enim
3265 5058 3385 5112 post

1824 5133 2066 5189 mortem,
2094 5139 2144 5178 et
2168 5128 2406 5179 ascendit
2433 5130 2481 5180 in
2510 5130 2727 5194 emtum,
2758 5131 2843 5185 ubi
2871 5133 3028 5188 habet
3051 5137 3379 5191 mansionem

1825 5227 2146 5279 perpetuam.
2201 5217 2317 5284 Ipsa
2345 5228 2424 5270 est
2455 5234 2576 5271 vera
2611 5220 2880 5284 Bethania,
2907 5225 3118 5290 civitas,
3151 5229 3375 5293 scilicet,

1817 5305 2070 5367 cmlestis,
2100 5321 2255 5372 quam
2288 5307 2457 5360 rnrllus
2491 5311 2628 5362 valet
2662 5311 2762 5364 nisi
2793 5313 3049 5368 obediens
3077 5317 3295 5371 intrare.

1889 5392 2245 5459 Coyitarerunt
2263 5407 2427 5449 autem
2447 5398 2696 5466 principes
2719 5403 3055 5466 sacerdotum,
3077 5415 3128 5457 ut
3151 5414 3198 5458 et
3219 5407 3370 5461 Laza-

1819 5499 1928 5532 rum
1960 5483 2313 5549 interﬁcerent,
2357 5488 2474 5553 quia
2505 5487 2650 5539 multi
2678 5501 2880 5558 propter
2909 5491 3054 5544 illum
3082 5494 3287 5546 abibant
3311 5513 3373 5548 ea:

1816 5569 2028 5632 Judteis,
2054 5584 2098 5623 et
2126 5575 2391 5625 credebant
2422 5576 2471 5626 in
2497 5574 2697 5631 Jesum.
2738 5579 2780 5632 0
2804 5594 2942 5634 caeca
2966 5596 3225 5635 caecorum
3256 5600 3369 5639 ver-

1815 5663 2235 5727 sutia,occidere
2268 5667 2402 5718 velle
2445 5669 2775 5735 suscitaturn,
2834 5674 2979 5740 quasi
3044 5688 3145 5727 non
3203 5685 3379 5741 posset

1816 5756 2067 5809 suscitare
2095 5757 2346 5822 occisum,
2374 5760 2460 5827 qui
2486 5770 2688 5828 poterat
2715 5761 3038 5819 defunctum.
3071 5767 3134 5820 Et
3159 5765 3370 5835 quidem
