3884 6232
531 365 625 418 787

879 365 1079 420 BEDE
1122 366 1565 452 VENERABlLlS
1602 371 1880 430 OPERUM
1922 377 2092 434 PARS
2130 378 2190 433 ll.
2234 379 2427 435 SECT.
2466 379 2501 432 Ι.
2539 405 2609 420 -—
2649 376 3033 432 EXEGETICA
3071 375 3368 432 GENUINA

3623 380 3718 432 7:»‘8

528 500 583 535 se
631 493 904 548 utrumque
954 496 1106 548 posse
1135 481 1333 548 docuit,
1365 486 1451 553 qui
1501 496 1554 539 et
1608 487 1860 542 Lazarum
1893 492 2074 544 del'un-
2104 503 2148 555 Α
2178 493 2510 556 saeculorum,
2563 491 2757 558 Regem
2810 492 2922 545 ﬁeri
2965 491 3270 544 hominum?
3301 491 3412 543 Non
3446 492 3578 544 enim
3613 493 3716 546 Rex

531 588 689 632 ti‘Um,
706 580 759 625 et
782 572 1009 638 seipsum
1029 573 1295 627 suscitavit
1318 576 1571 631 occisum.
1588 575 1872 646 Postquam
1898 581 2074 635 Domi-

533 679 628 716 nus
658 664 1055 730 quatriduanum
1104 674 1361 719 mortuum
1418 669 1686 722 snseitavit
1740 674 2071 740 stupentibus

531 753 748 818 Judzeis,
781 761 835 808 et
859 755 975 808 aliis
1002 769 1185 809 eorum
1234 756 1515 812 invidendo
1567 761 1925 826 credentibus,
1961 764 2076 815 aliis

533 844 811 898 invidendo
834 847 1193 913 pereuntibus,
1217 857 1269 900 et
1296 846 1558 901 discubuit
1611 850 1661 902 in
1714 851 1870 904 domo
1898 853 2073 916 Jesus,

534 936 868 991 recumbente
927 952 1134 1006 quoque
1181 938 1375 991 Lazaro
1404 940 1491 1006 qui
1551 939 1720 993 fuerat
1771 958 1798 994 a
1855 947 2075 998 mortuis

536 1026 816 1080 suscitatus
841 1068 856 1092 ,
919 1036 1035 1093 post
1073 1035 1389 1097 unguentum
1430 1028 1672 1083 diffusum
1716 1046 1872 1101 super
1913 1035 2074 1099 pedes

534 1121 669 1187 ejus,
709 1121 843 1174 unde
873 1121 1058 1174 domus
1085 1123 1246 1175 odore
1274 1122 1531 1188 completa
1559 1135 1658 1190 est,
1692 1126 1757 1178 de
1801 1128 1988 1197 quibus
2021 1130 2072 1182 itt

532 1208 887 1274 superioribus
914 1250 928 1273 ,
988 1220 1236 1278 quantum
1312 1215 1614 1277 potuimus,
1693 1218 2071 1280 tractavimus;

535 1310 672 1347 nunc
706 1295 984 1349 videndum
1021 1298 1240 1364 estquid
1272 1308 1392 1352 attte
1426 1302 1623 1354 Domini
1664 1303 1958 1370 passionem
1983 1323 2074 1375 ge-

532 1394 668 1440 stum
698 1399 797 1441 est.
824 1389 957 1441 Dicit
983 1390 1120 1443 enim
1151 1394 1507 1459 evangelista:

604 1478 667 1530 In
686 1481 960 1532 crastinum
986 1491 1152 1534 autem
1175 1483 1316 1535 turba
1343 1487 1504 1539 multa
1533 1503 1642 1555 quae
1687 1503 1978 1544 convenerat
2006 1496 2072 1546 ad

535 1566 666 1617 diem
687 1567 868 1633 festum
886 1611 900 1633 ,
934 1584 1044 1618 cum
1074 1569 1330 1623 audissent
1348 1575 1466 1642 quia
1495 1577 1621 1627 venit
1645 1577 1792 1632 Jesus
1814 1579 2073 1652 Jerosoly-

535 1671 688 1721 mam,
712 1671 1000 1726 acceperunt
1018 1676 1184 1712 ramos
1200 1666 1505 1728 palmarum,
1532 1676 1576 1720 et
1598 1682 1948 1738 processerunt
1977 1675 2068 1725 ub-

532 1747 662 1797 t'ium
689 1747 751 1811 ei,
782 1757 828 1799 et
850 1747 1167 1804 clamabant:
1200 1751 1472 1819 llosmna,
1503 1757 1789 1812 benedictus
1828 1765 1913 1828 qui
1943 1764 2073 1816 venit

531 1839 584 1889 in
615 1840 812 1890 nomine
844 1839 1046 1893 Domini
1074 1860 1162 1896 rex
1191 1843 1376 1898 Israel.
1408 1847 1552 1899 llanti
1579 1851 1866 1916 palmarum
1892 1854 2073 1910 laudes

534 1936 656 1980 sunt
687 1929 1039 1997 signiﬁcantes
1073 1933 1365 1997 victoriam,
1401 1936 1485 2003 qui
1518 1950 1628 1990 crat
1656 1941 1905 1996 Dominus
1934 1961 2074 1998 mor-

538 2026 638 2067 tem
698 2017 965 2070 moriendo
1016 2032 1377 2088 superaturos,
1434 2038 1481 2079 et
1537 2038 1733 2097 tropaeo
1783 2036 1957 2088 crucis
2010 2037 2074 2089 de

535 2109 741 2160 diabolo
792 2112 971 2162 mortis
1023 2114 1256 2181 principe
1313 2116 2072 2193 triumphaturus.llosanna,

534 2198 816 2252 benedictus
838 2203 922 2267 qui
944 2203 1069 2255 renit
1083 2204 1133 2255 in
1156 2208 1355 2260 nomine
1377 2208 1599 2264 Domini.
1626 2212 1920 2270 Notandum
1948 2233 2075 2272 sane

534 2287 670 2352 quod
718 2285 964 2341 Hosanna
997 2293 1209 2345 verbum
1259 2294 1570 2351 llebraicum
1619 2305 1965 2368 compositum
1996 2319 2077 2362 est

535 2394 595 2428 cx
629 2376 852 2444 duobus,
884 2395 1127 2450 corrupto
1150 2396 1199 2437 et
1226 2385 1454 2454 integro.
1503 2391 1656 2444 Salva
1689 2409 1928 2464 namque,
1963 2399 2072 2454 sive

532 2467 778 2534 solvi/ica,
808 2472 940 2535 apud
973 2485 1062 2525 eos
1083 2474 1272 2528 dicitur
1295 2477 1436 2542 Itasi;
1469 2496 1600 2534 anna
1622 2498 1748 2538 vero
1780 2488 2075 2556 interjectio

534 2567 613 2608 cst
636 2559 986 2625 deprecantis,
1007 2566 1269 2630 quomodo
1291 2569 1426 2633 apud
1445 2569 1661 2627 Latinos
1685 2576 1977 2644 interjectio
1995 2590 2078 2634 est

535 2646 759 2697 dolentis
791 2652 906 2712 heu,
927 2662 976 2702 et
1001 2653 1292 2722 interjectio
1315 2658 1621 2714 admirantis
1642 2680 1810 2733 papa.
1841 2667 2076 2736 Denique

535 2734 585 2786 iu
622 2735 826 2790 Psalnto
857 2741 940 2792 ubi
968 2738 1103 2794 LXX
1131 2745 1440 2812 litterpretes
1460 2755 1866 2807 transtulerunt:
1896 2757 1938 2808 0
1970 2734 2077 2810 Do-

534 2827 681 2900 mine,
713 2827 904 2880 salvum
933 2848 1008 2883 me
1033 2836 1112 2900 [ac
1149 2833 1314 2901 (Psal.
1347 2841 1552 2910 cxvut),
1587 2843 1638 2895 iit
1688 2844 1908 2900 llebrmo
1940 2849 2070 2902 scri-

534 2925 678 2981 ptum
704 2928 809 2970 est:
830 2918 1056 2972 hosanna
1077 2925 1436 2992 annaAdonai,
1453 2932 1589 2998 quod
1612 2933 1871 3004 interpres
1896 2949 2074 2994 noster

535 3005 882 3075 llicrOuytnus
914 3009 1211 3078 diligentius
1251 3016 1519 3073 elucidans
1548 3021 1617 3074 ita
1646 3026 1943 3080 transtulit:
1974 3029 2074 3082 0b-

531 3094 929 3162 secro,I)omine,
952 3102 1110 3165 salva,
1128 3103 1344 3157 obsecro.
1374 3108 1616 3163 [iamdem
1640 3129 1863 3183 namque
1879 3120 2074 3187 signiﬁ-

534 3182 791 3237 cationem
809 3185 957 3240 habet
980 3190 1148 3256 ipsum
1178 3193 1391 3248 verbum
1408 3182 1804 3256 obsecrationis.
1823 3182 2073 3261 llos'anna

534 3275 708 3337 itaque
736 3276 890 3337 salva,
941 3277 1158 3343 obsecro,
1196 3281 1489 3351 signiﬁcat,
1541 3301 1846 3360 consumpta
1901 3296 2073 3351 littera

536 3362 611 3411 vel
643 3363 804 3414 vocali
836 3379 952 3432 quae
976 3368 1186 3421 verbum
1216 3373 1358 3437 prius
1388 3376 1653 3442 terminat,
1701 3395 1819 3450 cum
1845 3385 2076 3449 perfecte

533 3458 723 3511 dicitur
770 3460 878 3512 hosi
903 3501 917 3525 ,
954 3478 1043 3528 per
1092 3465 1332 3521 virtutem
1389 3468 1576 3525 litterae
1606 3476 1800 3528 vocalis
1827 3479 1979 3546 aleph
2002 3521 2016 3544 ,
2044 3495 2072 3532 a

531 3563 628 3612 qua
663 3549 880 3603 verbum
910 3567 1135 3619 sequens
1186 3556 1368 3621 incipit
1395 3576 1564 3623 anna;
1612 3566 1749 3630 quod
1783 3570 1983 3621 metrici
2018 3571 2070 3623 in

532 3638 770 3689 versibus
811 3641 1122 3694 scandcndis
1168 3646 1508 3712 synalceplten
1557 3663 1782 3720 vocant,
1837 3661 2072 3724 quamvis

535 3725 607 3778 illi
635 3730 878 3793 scriptam
933 3730 1157 3782 litteram
1189 3735 1501 3790 scandentes
1529 3741 1821 3795 transiliunt
1853 3761 1866 3796 :
1896 3745 1947 3796 in
1979 3748 2075 3799 hoc

533 3828 705 3871 autent
733 3820 891 3873 vetbo
923 3822 1176 3884 hosauna,
1212 3824 1294 3876 iod
1327 3827 1499 3880 littera
1530 3844 1625 3882 nec
1655 3833 1841 3885 saltem
1874 3838 2074 3887 scriba-

533 3917 637 3967 tur,
665 3907 755 3960 sed
789 3923 946 3961 sensu
974 3909 1295 3977 loquentium
1324 3915 1495 3982 salvo,
1532 3918 1766 3973 funditus
1816 3922 2068 3979 intermit-

535 4007 687 4050 tatur.
723 3998 1014 4054 Benedictus
1040 4004 1125 4070 qui
1160 4007 1290 4057 venit
1313 4007 1363 4057 in
1391 4009 1588 4062 nomine
1627 4009 1829 4065 Domini
1852 4032 1942 4068 rea:
1986 4015 2070 4069 Is-

531 4089 638 4138 rael
668 4089 787 4143 :sic
812 4091 1172 4157 accipiendum
1197 4105 1297 4159 est,
1331 4105 1385 4148 ut
1423 4100 1472 4150 iit
1504 4101 1716 4155 nomine
1747 4103 1951 4158 Domini
1981 4107 2071 4161 Dei

540 4177 707 4230 l’attis
731 4179 1089 4247 intelligatur;
1127 4188 1366 4250 quamvis
1397 4191 1557 4255 possit
1581 4191 1796 4258 intelligi
1829 4195 1984 4248 etiam
2018 4198 2069 4250 in

534 4272 742 4325 nomine
766 4276 1024 4342 suo,quia
1057 4285 1109 4329 et
1156 4279 1266 4343 ipse
1317 4278 1564 4335 Dominus
1615 4294 1716 4337 est.
1754 4284 1898 4339 Unde
1946 4289 2069 4342 alibi

530 4366 775 4428 scriptum
802 4377 876 4418 est
904 4384 916 4418 :
952 4366 1094 4418 Plui!
1141 4365 1386 4422 Dominus
1432 4387 1465 4422 α
1493 4369 1727 4426 Domino.
1761 4376 1929 4430 Verba
1961 4379 2072 4445 ejus

2178 583 2340 635 Israel
2371 581 2706 633 estCltristus
2735 581 2798 633 ad
2831 582 3139 649 exigendum
3175 583 3446 646 tributum,
3488 585 3560 636 vel
3583 584 3719 636 ferro

2175 673 2461 725 exercitum
2514 674 2844 736 armandutn,
2901 675 3181 741 hostesque
3233 674 3592 734 debellandos,
3633 677 3719 728 sed

2179 761 2284 814 [lett
2332 764 2517 826 Israel,
2570 763 2706 828 quod
2761 773 2991 816 mentem
3039 775 3202 831 regat,
3231 764 3368 832 quod
3401 765 3449 815 iit
3479 776 3718 817 mternutu

2175 854 2432 917 consulat,
2473 855 2608 922 quod
2642 856 2691 906 in
2724 869 2942 922 regnum
2976 856 3231 908 caelorum
3272 859 3564 917 credentes,
3610 871 3722 922 spe.

2175 953 2372 1007 rantes,
2403 954 2747 1010 amantesque
2777 943 3042 1010 perducat.
3078 944 3167 997 Dei
3198 961 3322 1012 ergo
3354 945 3511 996 Filius
3553 961 3721 1012 :rqua-

2178 1037 2239 1088 lis
2273 1035 2434 1099 Patri,
2469 1035 2694 1088 Verbum
2730 1050 2822 1098 per
2858 1034 2993 1100 quod
3027 1036 3155 1088 facta
3195 1045 3317 1089 sunt
3354 1038 3546 1097 omnia,
3592 1035 3721 1102 quod

2174 1141 2264 1178 rex
2306 1141 2422 1178 esse
2469 1126 2630 1177 voluit
2684 1125 2860 1185 Israel,
2911 1125 3142 1191 dignatio
3184 1137 3281 1187 est,
3307 1141 3408 1177 non
3442 1128 3716 1192 promoti“;

2175 1214 2528 1266 miserationis
2574 1213 2820 1267 indicium
2861 1223 2958 1275 est,
3007 1228 3110 1265 non
3163 1211 3433 1279 potestatis
3485 1232 3720 1281 augmen-

2177 1313 2305 1354 tum.
2335 1303 2434 1370 Qui
2463 1302 2601 1356 enitn
2623 1303 2917 1371 appellatus
2944 1312 3024 1357 est
3049 1303 3157 1358 Rex
3180 1288 3511 1370 'Judaeorunt,
3541 1309 3588 1360 iit
3621 1323 3720 1361 etB-

2177 1394 2240 1446 lis
2265 1405 2343 1448 est
2380 1395 2626 1448 Dominus
2652 1399 2976 1464 angelorum.

2246 1482 2310 1536 Et
2340 1485 2520 1537 invenit
2543 1482 2692 1537 Jesus
2718 1487 2955 1546 asellum,
3005 1494 3050 1539 et
3080 1487 3208 1540 sedit
3253 1503 3403 1553 super
3449 1504 3579 1540 eum.
3635 1491 3719 1544 llic

2175 1571 2400 1627 breviter
2431 1574 2624 1626 dictum
2668 1584 2766 1627 est.
2799 1575 2924 1628 Nam
2948 1577 3389 1643 quemadmodum
3418 1579 3484 1631 sit
3511 1580 3711 1644 factum,

2176 1663 2313 1732 apud
2340 1663 2470 1718 alios
2495 1665 2845 1732 evangeliStas
2893 1666 3198 1733 plenissime
3232 1668 3439 1735 legitur.
3492 1671 3712 1722 Adhibe-

2180 1764 2259 1807 tur
2300 1766 2474 1808 autem
2506 1756 2626 1809 huic
2673 1757 2810 1810 iacto
2842 1759 3200 1824 propheticum
3251 1761 3625 1823 teStitnoniunt,
3669 1770 3716 1812 ut

2113 1832 2153 1889 Β
2181 1853 2459 1913 appareret
2487 1845 2624 1913 quod
2654 1847 2827 1914 magni
2861 1847 3124 1914 principes
3150 1848 3449 1902 Judmorum
3475 1865 3589 1902 eum
3622 1865 3715 1903 non

2183 1935 2558 2004 intelligebant,
2593 1937 2645 1989 in
2686 1951 2787 2004 quo
2814 1937 3126 2006 intplebatur
3153 1941 3293 2002 quod
3329 1941 3584 2008 legebant.
3615 1942 3712 2004 ,Ιη-

2183 2025 2324 2078 venit
2351 2040 2479 2095 ergo
2505 2025 2660 2079 Jcsus
2687 2027 2928 2092 asellum,
2980 2038 3033 2082 et
3060 2030 3196 2082 sedit
3222 2045 3376 2097 super
3407 2047 3543 2083 eum.

2253 2116 2400 2171 Sicut
2429 2117 2668 2185 scriptum
2691 2129 2800 2170 est:
2850 2117 2974 2171 Noli
3019 2121 3208 2185 timere,
3259 2123 3369 2188 ﬁlia
3418 2121 3589 2175 Sion:
3621 2138 3718 2174 ecce

2185 2205 2294 2260 Rea:
2312 2217 2424 2261 tuus
2453 2209 2610 2263 veniet
2638 2209 2812 2262 sedens
2839 2226 2988 2277 super
3016 2212 3210 2280 pullum
3254 2213 3428 2264 osinw.
3457 2212 3573 2264 llaec
3619 2214 3713 2264 lilia

2182 2294 2329 2359 Sion,
2357 2296 2439 2349 cui
2469 2297 2720 2350 divinitus
2758 2297 2854 2351 ista
2887 2299 3152 2360 dicuntur,
3193 2299 3242 2350 in
3273 2300 3375 2351 illis
3405 2309 3517 2352 erat
3545 2301 3714 2352 ovibus

2181 2401 2296 2452 quae
2324 2401 2501 2438 vocem
2535 2388 2760 2453 pastoris
2790 2387 3089 2440 audiebant.
3139 2387 3191 2442 ln
3221 2389 3308 2441 illa
3351 2400 3462 2442 erat
3494 2390 3713 2441 multitu-

2181 2475 2304 2530 dine
2332 2492 2446 2544 quat
2479 2476 2755 2530 Dominum
2797 2478 3090 2532 venientem
3139 2487 3280 2532 tanta
3315 2480 3591 2532 dev0tiune
3617 2482 3713 2531 Iau-

2181 2567 2356 2631 dabat,
2391 2575 2534 2621 tanto
2561 2568 2767 2636 agmine
2789 2568 3079 2623 deducebat
3107 2585 3122 2623 :
3153 2568 3202 2622 ei
3229 2569 3424 2623 dictuut
3455 2579 3570 2623 est:
3604 2569 3712 2622 Non“

2183 2661 2370 2726 timere,
2400 2659 2545 2713 illum
2572 2674 2799 2729 agnosce
2827 2660 2914 2727 qui
2948 2675 2977 2712 a
3009 2669 3058 2714 te
3101 2662 3365 2726 laudatur,
3411 2669 3462 2714 et
3491 2659 3592 2712 noli
3622 2671 3712 2714 tre-

2181 2750 2364 2817 pidare
2385 2765 2501 2803 cum
2527 2749 2783 2818 loquitur,
2829 2751 2949 2817 quia
2980 2751 3067 2805 ille
3096 2752 3314 2820 sanguis
3347 2751 3606 2813 fundatur,
3629 2767 3712 2819 per

2179 2857 2333 2908 quem
2385 2849 2531 2894 tuum
2572 2839 2819 2894 delictum
2867 2840 3122 2906 deleatur,
3173 2853 3225 2896 et
3269 2843 3372 2895 vita
3410 2843 3710 2897 redimatur.

2181 2932 2281 2986 Sed
2315 2932 2508 2999 pullum
2536 2933 2699 2984 asinae
2751 2931 2802 2985 in
2849 2949 2952 3000 quo
2980 2949 3135 2987 nemo
3177 2935 3390 2988 sederat
3437 2936 3558 3004 (hoc
3585 2936 3708 2988 enim

2179 3021 2314 3087 apud
2343 3020 2473 3072 alios
2500 3021 2849 3088 evangelistas
2889 3021 3177 3091 invenitur)
3208 3024 3440 3092 intellige
3483 3026 3709 3091 populum

2178 3110 2432 3177 gentium,
2482 3109 2570 3176 qui
2600 3109 2765 3178 legem
2797 3111 3002 3165 Domini
3033 3127 3135 3165 non
3165 3123 3479 3180 acceperat;
3526 3116 3707 3168 asinam

2177 3217 2301 3255 vero
2332 3199 2474 3273 (quia
2518 3213 2798 3269 utrumque
2839 3203 3150 3270 iumentum.
3178 3204 3400 3259 Domino
3448 3207 3708 3260 adductum

2175 3289 2278 3359 ρει)
2308 3289 2514 3359 plebem
2543 3305 2659 3344 eam
2693 3306 2810 3358 qua:
2840 3293 3082 3347 veniebat
3108 3308 3171 3348 ex
3203 3297 3397 3362 populo
3425 3298 3596 3360 Israel,
3619 3313 3708 3349 non

2175 3379 2429 3433 indomita
2458 3391 2654 3444 tamen,
2704 3382 2797 3436 sed
2823 3398 2938 3450 qua:
2968 3399 3201 3452 praesepe
3231 3387 3439 3440 Domini
3473 3390 3686 3455 agnovit.

2244 3472 2369 3525 Παῖς
2399 3489 2497 3525 ηοη
2543 3485 2880 3542 cognoverunt
2931 3475 3169 3546 discipuli
3199 3480 3304 3545 ejus
3353 3481 3585 3546 primum,
3635 3484 3711 3532 sed

2171 3566 2373 3631 quando
2402 3565 2713 3634 glori/iratus
2737 3575 2806 3617 est
2836 3567 2908 3634 (id
2940 3577 3039 3632 est,
3095 3570 3299 3635 quando
3349 3571 3586 3627 virtutem
3615 3586 3710 3623 sua:

2176 3657 2586 3709 resurrectionis
2617 3659 2868 3722 ostendit)
2901 3653 3018 3710 tunc
3048 3662 3295 3713 recordati
3325 3673 3440 3714 sunt
3463 3664 3574 3729 quia
3620 3665 3710 3712 hic:

2172 3753 2312 3795 erant
2357 3745 2542 3812 scripta
2589 3744 2651 3796 de
2698 3761 2776 3798 eo.
2835 3745 3149 3801 llecolentes
3199 3751 3392 3818 quippe
3441 3753 3703 3805 secundum

2175 3832 2520 3898 Scripturam,
2569 3847 2687 3900 qua:
2739 3844 2861 3887 ante
2912 3838 3231 3902 passionem,
3283 3842 3362 3892 vel
3417 3841 3467 3893 in
3519 3841 3704 3894 Domini

2174 3923 2418 3990 passione
2444 3924 2706 3990 completa
2740 3935 2889 3990 sunt,
2939 3927 3008 3979 ibi
3038 3936 3092 3980 et
3129 3927 3231 3981 hoc
3278 3930 3615 3994 invenerunt,
3661 3943 3704 3982 ut

2172 4011 2460 4064 secundum
2505 4012 2711 4079 eloquia
2743 4014 3114 4082 prophetarum
3162 4017 3212 4069 in
3265 4019 3406 4086 pullo
3434 4022 3593 4073 asina:
3635 4035 3705 4073 sc-

2172 4105 2341 4157 deret.
2693 4107 2695 4109 ’

2240 4191 2597 4246 Testimonium
2648 4195 2933 4261 perhibebat
2986 4197 3133 4250 turba
3203 4215 3317 4267 qua
3362 4209 3467 4253 erat
3513 4218 3618 4253 cum
3658 4217 3703 4252 co

2173 4287 2373 4349 quando
2406 4282 2664 4335 Lazarum
2692 4286 2883 4336 vocavit
2924 4285 2985 4337 de
3014 4297 3333 4340 monumento
3379 4298 3424 4340 et
3467 4291 3702 4342 suscitavit

2173 4386 2285 4422 cum
2304 4388 2334 4422 a
2363 4374 2614 4436 mortuis;
2646 4384 2912 4441 propterea
2939 4383 2984 4426 et
3009 4375 3205 4428 obviam
3227 4378 3356 4428 venit
3379 4379 3424 4430 ei
3448 4381 3605 4442 turba,
3629 4382 3701 4444 qui

532 4455 715 4506 melius
747 4468 982 4509 nostrum
1011 4457 1237 4523 dirigunt
1294 4460 1613 4516 intellectum
1663 4463 1748 4531 qui
1797 4465 1870 4518 ait
1913 4485 1922 4517 :
1959 4465 2070 4537 Ego
2097 4481 2147 4540 Ι)
2172 4464 2440 4514 audierunt
2468 4478 2578 4515 eum
2611 4464 2786 4530 fecisse
2806 4468 2901 4516 hoc
2928 4465 3147 4534 signum.
3176 4465 3427 4521 Pharisa‘i
3448 4485 3561 4539 ergo
3582 4471 3700 4520 dire-

527 4543 636 4592 t-eni
680 4544 726 4593 in
770 4547 968 4596 nomine
1001 4546 1173 4599 Patris
1201 4551 1296 4601 mei
1321 4561 1368 4602 et
1387 4568 1484 4604 non
1503 4556 1790 4622 suscepistis
1813 4573 1918 4621 me;
1939 4559 2069 4611 alius

525 4632 679 4684 veniet
702 4635 752 4684 in
779 4637 979 4686 nomine
1000 4653 1109 4700 suo,
1137 4638 1267 4690 hunc
1288 4642 1565 4710 suscipietis
1586 4643 1760 4711 (Joan.
1788 4645 1859 4713 ν).
1887 4646 2071 4700 Humi—

525 4724 681 4775 litatis
738 4727 873 4777 enim
925 4729 1170 4792 magister
1217 4739 1295 4783 est
1339 4729 1616 4798 Christus,
1668 4737 1754 4803 qui
1786 4739 2068 4791 humiliavit

523 4811 860 4877 semetipsum,
884 4811 1046 4876 {actus
1068 4815 1294 4867 obediens
1319 4831 1475 4885 usque
1501 4819 1565 4869 ad
1591 4833 1816 4884 mortem,
1844 4833 2068 4878 mortem

522 4912 686 4956 autem
706 4903 867 4956 crucis
889 4903 1140 4974 (Philipp.
1172 4907 1252 4975 tt).
1281 4909 1389 4962 Non
1420 4911 1594 4978 itaque
1615 4915 1802 4966 amittit
1824 4915 2068 4968 divinita-

527 5006 648 5055 tem,
683 4996 887 5058 quando
918 5009 1012 5048 nos
1038 4997 1191 5050 docet
1224 4997 1589 5054 humilitatem.
1642 5003 1691 5054 In
1720 5005 1800 5056 illa
1829 5005 1966 5058 Patri
1990 5017 2067 5058 est

521 5085 753 5150 :rqualis,
778 5086 827 5136 in
853 5084 946 5138 hac
972 5086 1120 5140 nobis
1141 5090 1347 5143 similis.
1375 5091 1472 5145 Per
1487 5094 1622 5160 quod
1650 5093 1787 5147 Patri
1804 5107 1880 5147 est
1900 5112 2067 5162 aequa.

522 5173 606 5234 lis,
625 5187 715 5225 nos
742 5184 794 5226 ut
814 5190 1047 5229 essemus
1069 5181 1282 5232 creavit.
1309 5180 1408 5234 Per
1428 5184 1563 5246 quod
1589 5185 1736 5237 nobis
1759 5195 1838 5238 est
1858 5187 2065 5254 similis,

522 5277 586 5311 ne
621 5265 909 5326 periremus
937 5267 1176 5322 redemit.
1212 5270 1314 5324 llas
1343 5272 1389 5324 ei
1417 5274 1599 5328 laudes
1632 5278 1779 5330 turba
1812 5277 2015 5330 dicebat
2048 5296 2060 5330 :

523 5350 787 5413 llosanna,
840 5358 1120 5412 benedictus
1147 5351 1378 5425 quidvenit
1409 5363 1458 5414 in
1489 5366 1687 5418 nomine
1733 5364 1931 5416 Domini
1976 5384 2066 5419 rea:

526 5441 698 5495 Israel.
737 5447 899 5510 Quam
933 5465 1110 5503 vocem
1144 5453 1328 5504 tuentis
1362 5453 1644 5507 invidentia
1678 5456 1937 5522 principes
1973 5457 2067 5510 Ju-

521 5532 748 5585 deoruut
800 5548 992 5602 perpzt:
1046 5556 1145 5591 non
1180 5551 1435 5608 poterant.
1470 5544 1677 5609 quando
1709 5559 1878 5611 regem
1911 5560 2062 5597 suum

519 5634 778 5681 tiltrislnut
828 5639 966 5680 tanta
1022 5633 1295 5683 multitudo
1340 5635 1617 5686 clamabat.
1665 5636 1767 5688 Sed
1818 5637 1938 5702 quid
1972 5638 2063 5688 fuit

525 5724 739 5775 lioittiuo
778 5723 966 5790 lic-gem
1019 5739 1135 5777 csse
1182 5725 1358 5788 lsracl,
1387 5724 1470 5789 qui
1504 5739 1741 5793 magnum
1794 5728 1882 5779 luit
1936 5727 2059 5795 lii-gi

2172 4561 2285 4604 runt
2339 4555 2404 4604 ad
2445 4555 2771 4622 semetipsos:
2825 4554 3020 4607 Videtis
3067 4557 3184 4624 quia
3231 4558 3358 4610 nihil
3399 4560 3699 4628 proﬁciam;

2169 4659 2279 4695 ecce
2311 4645 2522 4695 mundus
2553 4654 2685 4694 totus
2717 4656 2826 4711 post
2853 4661 2966 4696 eum
2993 4646 3114 4697 abit.
3159 4647 3327 4700 Turba
3362 4651 3584 4702 turbavit
3611 4659 3700 4701 tur-

2169 4735 2310 4786 bam.
2342 4735 2473 4801 Quid
2497 4747 2670 4788 autem
2705 4737 2926 4801 invides,
2951 4752 3089 4790 emca
3116 4739 3286 4803 turba,
3311 4741 3431 4808 quia
3463 4752 3574 4807 post
3594 4756 3698 4795 eum

2169 4827 2313 4878 vadit
2342 4827 2570 4880 mundus
2601 4843 2693 4896 per
2725 4843 2878 4896 quem
2911 4827 3080 4881 factus
3103 4841 3182 4884 est
3211 4833 3479 4885 mundus?

2240 4914 2400 4967 Erant
2429 4901 2592 4970 autem
2634 4919 2839 4986 gentiles
2881 4920 3087 4986 quidam
3129 4937 3188 4973 ea:
3214 4922 3321 4989 his,
3367 4926 3451 4990 qui
3479 4925 3697 4976 ascende

2167 5015 2297 5065 rant,
2330 5016 2382 5056 ut
2409 5007 2680 5059 adorarent
2709 5008 2758 5059 in
2782 5009 2864 5060 die
2894 5009 3040 5078 festo.
3070 5008 3143 5061 lli
3172 5027 3287 5078 ergo
3314 5025 3615 5066 accesserunt
3639 5013 3696 5064 ad

2168 5094 2487 5163 Philippum,
2518 5099 2604 5166 qui
2625 5109 2730 5151 erat
2754 5116 2784 5150 α
2820 5098 3095 5153 Dethsaida
3123 5100 3372 5169 Galila'w,
3404 5115 3448 5156 et
3478 5107 3696 5174 rogabant

2166 5201 2279 5236 eum
2310 5187 2548 5250 dicentes,
2583 5187 2816 5252 Domine,
2867 5191 3098 5243 volumus
3127 5193 3302 5245 Iesum
3335 5195 3519 5249 videre.
3573 5195 3695 5248 Venit

2166 5273 2453 5341 Philippm,
2480 5285 2526 5328 et
2555 5276 2676 5328 dicit
2707 5279 2938 5330 Andrea’.
2983 5281 3210 5334 Andreas
3249 5299 3422 5337 rursus
3443 5296 3490 5338 et
3521 5286 3694 5352 Philip-

2164 5381 2257 5432 pus
2280 5368 2448 5416 dicunt
2467 5364 2614 5422 Iesu.
2669 5367 2951 5424 Videamus
2981 5373 3103 5436 quid
3133 5373 3382 5429 Dominus
3407 5382 3470 5431 ad
3505 5380 3597 5431 ista
3626 5396 3694 5431 re-

2165 5456 2452 5520 stionderit.
2491 5458 2623 5510 l‘Icce
2655 5459 2934 5513 voluerunt
2958 5478 3073 5515 eum
3104 5462 3270 5518 Judaei
3294 5469 3555 5531 occidere,
3587 5489 3689 5538 gen.

2165 5547 2281 5599 tiles
2310 5548 2505 5600 videre.
2543 5548 2644 5601 Sed
2671 5550 2825 5602 etiam
2855 5550 2923 5602 illi
2969 5567 3032 5604 ex
3074 5553 3271 5608 Judaris
3310 5569 3456 5610 erant
3489 5563 3572 5628 qui
3603 5563 3688 5612 cla-

2165 5638 2406 5688 mabaut:
2442 5637 2739 5691 Benedictus
2784 5643 2870 5706 qui
2910 5648 3042 5696 venit
3083 5649 3133 5696 in
3162 5651 3357 5700 nomine
3393 5652 3584 5705 homin.
3619 5671 3685 5702 νιν

2165 5727 2345 5781 Israel.
2393 5731 2523 5784 Ecce
2565 5732 2637 5784 illi
2664 5749 2722 5785 ex
2758 5736 3173 5792 circumcisione.
3212 5742 3292 5793 isti
3339 5758 3398 5795 ρης
3435 5762 3556 5814 tua;
3582 5748 3679 5798 sua.
