3884 6232
117 433 208 488 780

1035 423 1097 478 ΙΝ
1139 423 1194 479 S.
1239 423 1522 480 JOANNlS
1565 420 2010 479 EVANGELIUM
2056 419 2434 478 EXPOSITIO.

3259 414 3364 469 79x)

119 548 248 599 velut
274 546 472 597 arietes
499 543 566 598 de
595 541 808 597 diverso
839 538 1132 600 venientes,
1166 544 1221 591 et
1251 538 1300 590 in
1338 551 1498 589 unam
1530 533 1686 588 iidem
1716 543 1764 595 Α
1791 547 1894 603 qua
1922 540 2196 598 mercede,
2224 548 2330 603 quo
2357 530 2632 601 praemio?)
2666 529 2732 586 Et
2760 530 2844 584 ubi
2870 544 3000 592 sum,
3030 526 3221 594 inquit,
3251 541 3360 593 ego,

116 636 298 690 Christi
331 633 480 703 pacis
529 634 715 689 osculo
768 638 1166 685 concurrentes.
1213 627 1507 682 Audiamus
1552 642 1680 698 ergo

123 740 292 782 vocem
330 725 524 792 lapidis
555 723 846 793 sngularis.

178 816 320 870 Iesus
366 826 561 883 autem,
616 815 809 885 inquit,
854 810 1116 881 respondit
1154 810 1224 864 eis
1262 809 1473 864 dicens:
1530 806 1681 861 Vertit

117 910 232 961 liora
273 917 325 960 ut
374 908 688 975 ctariﬁcetur
739 902 910 958 Filius
958 901 1199 955 hominis.
1256 898 1353 954 Hic
1403 900 1680 968 quisquam

123 1002 328 1056 forsitan
372 1011 528 1070 putet
553 999 674 1054 ideo
704 1012 761 1052 se
790 996 986 1051 dixisse
1009 995 1380 1065 glorificatum,
1409 991 1532 1060 quia
1555 1007 1682 1060 gen.

120 1098 228 1152 tiles
256 1111 374 1151 eun
407 1095 660 1149 volebant
694 1093 891 1146 videre.
938 1090 1054 1144 Non
1099 1090 1171 1142 ita
1201 1099 1304 1151 est,
1345 1087 1438 1142 sed
1470 1086 1684 1141 videbat

122 1193 256 1255 ipsos
307 1191 539 1257 gentiles
597 1198 715 1256 post
770 1187 1071 1256 passionem
1125 1190 1179 1238 et
1232 1181 1680 1238 resurrectionem

122 1297 259 1335 suam
287 1283 334 1335 in
365 1283 617 1334 omnibus
643 1279 886 1349 gentibus
914 1275 1237 1340 credituros,
1267 1275 1409 1344 quia,
1444 1272 1581 1325 sicut
1607 1271 1684 1323 di-

120 1376 182 1427 cit
207 1375 512 1438 Apostolus,
543 1371 752 1425 Ciccitas
781 1386 842 1424 ea:
864 1379 1007 1434 parte
1035 1369 1088 1421 in
1119 1365 1284 1421 Israel
1316 1367 1450 1433 facta
1475 1373 1567 1425 est,
1593 1364 1684 1416 do-

120 1481 198 1517 nec
240 1465 504 1533 plenitudo
530 1465 752 1535 gentium
795 1465 1007 1516 intraret
1056 1461 1231 1528 (Rom.
1267 1459 1366 1525 ιι).
1422 1458 1496 1509 Ex
1527 1471 1653 1509 occa

121 1561 259 1612 sione
285 1557 442 1626 igitur
476 1558 697 1611 istorum
724 1555 1020 1626 gentilium.
1054 1553 1143 1621 qui
1167 1567 1288 1607 eum
1313 1551 1492 1604 videre
1519 1548 1688 1615 cupie-

125 1650 259 1712 bant,
289 1649 571 1701 annuntiat
613 1647 841 1701 futuram
887 1644 1269 1714 plenitudinem
1323 1642 1578 1708 gentium,
1633 1651 1686 1692 et

121 1739 368 1806 promittit
420 1738 752 1807 jatujamque
801 1736 990 1792 adesse
1048 1736 1229 1788 horam
1283 1733 1684 1798 gloriﬁcationis

124 1849 241 1894 sine,
270 1847 370 1900 qua
402 1831 542 1883 facta
587 1831 639 1884 in
671 1830 848 1892 caelis,
900 1839 1087 1900 gentes
1135 1827 1344 1880 fuerant
1384 1823 1681 1878 creditum.

1784 625 1892 680 illic
1911 634 1957 679 et
1978 625 2198 679 ministri
2245 626 2343 679 mei
2364 631 2526 679 erunt.
2562 623 2767 680 Merces
2793 631 2875 677 est
2900 622 3122 685 amoris,-
3149 628 3202 674 et
3234 633 3364 685 Opa—

1785 721 1859 774 ris
1878 720 2120 788 pretium
2157 734 2260 784 quo
2303 720 2633 772 ministratur
2677 710 2909 784 Christo,
2938 729 3057 770 esse
3100 728 3218 767 cum
3280 712 3368 763 illo

1784 811 1871 866 cui
1903 812 2254 865 ministratur.
2285 811 2381 866 Ubi
2417 811 2562 866 enim
2596 811 2731 865 bene
2781 810 2883 864 erit
2935 808 3050 862 sine
3103 806 3229 861 illo?
3278 813 3370 858 aut

1785 907 2052 971 quomodo
2097 906 2234 961 male
2293 921 2412 961 esse
2465 908 2662 975 poterit
2708 919 2826 958 cum
2884 903 3006 956 illo?
3061 901 3198 955 Audi
3250 898 3368 952 evi-

1785 998 1996 1053 dentius
2032 1016 2043 1051 :

1859 1087 1927 1142 Et
1956 1091 2000 1142 si
2027 1088 2138 1156 quis
2164 1088 2288 1143 mihi
2310 1085 3060 1154 ministraverit,Itonoriﬁcabit
3078 1100 3188 1137 eum
3211 1084 3367 1136 Pater

1787 1184 1971 1237 meus?
2023 1182 2139 1249 Quo
2173 1182 2392 1248 honore,
2428 1181 2531 1236 nisi
2558 1194 2614 1235 ut
2638 1180 2703 1235 sit
2729 1196 2848 1235 cum
2884 1179 2991 1233 lilio
3019 1177 3171 1247 ejus?
3215 1175 3369 1242 Quod

1789 1275 1931 1329 enim
1965 1273 2212 1340 superius
2243 1273 2317 1326 ait
2344 1291 2356 1324 :
2395 1273 2490 1328 Ubi
2513 1289 2604 1344 ego
2628 1289 2758 1336 sunt,
2783 1272 2888 1324 illic
2913 1280 2958 1325 et
2980 1271 3208 1322 minister
3231 1284 3369 1319 mens

1787 1365 1917 1428 erit;
1951 1362 2049 1416 hoc
2083 1364 2396 1432 intelligitur
2427 1364 2738 1432 exposuisse
2779 1376 2898 1416 cum
2929 1360 3101 1414 dicit-2
3139 1357 3370 1412 Honori-

1791 1458 1958 1526 ﬁcubit
1987 1474 2098 1510 eum
2132 1457 2284 1510 Pater
2305 1474 2466 1511 meus.
2494 1457 2621 1510 Nam
2650 1471 2805 1526 quem
2832 1456 3087 1525 majorem
3114 1455 3366 1507 honorem

1788 1548 2028 1616 accipere
2049 1549 2241 1616 poterit
2267 1547 2747 1618 adoptatus,'quam
2770 1557 2823 1602 ut
2849 1548 2920 1600 sit
2938 1546 3022 1600 ubi
3042 1555 3124 1600 est
3153 1531 3364 1612 unicus,

1792 1657 1894 1695 non
1919 1643 2138 1710 aequalis
2164 1643 2332 1696 iactus
2355 1641 2639 1705 divinitati,
2673 1642 2767 1697 sed
2817 1641 3153 1696 consociatus
3205 1649 3365 1693 aeter-

1793 1735 1978 1790 nitati?
2007 1736 2144 1802 Quid
2174 1735 2243 1790 sit
2271 1748 2446 1788 autem
2478 1735 2780 1789 ministrare
2813 1733 3052 1796 Christo,
3085 1730 3166 1785 cui
3217 1730 3364 1796 Operi

1794 1844 2000 1884 merces
2029 1838 2171 1882 tanta
2204 1829 2546 1896 promittitur,
2573 1825 3016 1880 considerandum
3041 1833 3140 1878 est.
3256 1823 3367 1892 quis

124 1921 260 1976 Unde
316 1921 627 1988 praedictum
658 1930 739 1973 est
765 1936 778 1969 :
805 1919 1046 1973 Exaltare
1073 1933 1222 1989 super
1251 1917 1419 1979 caelos,
1452 1915 1609 1975 Deus,
1639 1924 1685 1967 et
1722 1903 1763 1961 Β
1791 1921 1914 1973 milii
1939 1922 2212 1982 ministrat,
2241 1936 2316 1972 me
2343 1928 2620 1981 sequatur:
2650 1919 2750 1971 hoc
2781 1916 2998 1984 intelligi
3032 1914 3205 1974 voluit,
3235 1929 3296 1965 ac
3322 1914 3367 1964 si

121 2030 258 2077 super
283 2031 480 2066 antnem
514 2022 703 2065 terram
741 2012 904 2082 gloria
935 2020 1019 2063 tua
1046 2009 1212 2078 (Psal.
1259 2009 1387 2078 Lvt).
1439 2007 1559 2060 llaec
1605 2015 1685 2060 est

121 2108 337 2172 gentium
365 2103 660 2166 plenitudo,
693 2103 760 2155 de
789 2118 889 2170 qua
940 2101 1064 2155 dit-it
1088 2100 1379 2166 Apostolus
1408 2115 1420 2151 :
1474 2097 1697 2167 Caecitas

120 2213 176 2248 ex.
197 2205 331 2263 parte
352 2197 404 2247 in
428 2193 595 2247 Israel
616 2198 754 2263 facta
773 2203 862 2257 est,
892 2194 1048 2245 donec
1075 2189 1338 2260 plenitudo
1363 2190 1581 2258 gentium
1606 2189 1653 2238 in
1670 2217 1685 2228 ο

124 2298 210 2337 trai
225 2296 265 2337 et
294 2285 463 2353 (Rom.
495 2285 593 2353 xi).
618 2285 721 2338 Sed
744 2283 1076 2339 altitudinem
1105 2281 1508 2353 glorificationis
1531 2295 1687 2348 opor—

129 2381 211 2430 tnit
242 2388 294 2430 ut
326 2379 652 2445 praecederet
686 2376 958 2430 humilitas
984 2374 1268 2447 passionis.
1325 2374 1442 2427 Ideo
1471 2383 1685 2426 secutus

123 2468 340 2538 atljttnxit
365 2488 376 2520 ε

189 2562 353 2622 Amen,
386 2577 534 2613 amen
553 2560 672 2611 dico
694 2557 855 2619 vobis,
883 2557 980 2609 nisi
1001 2572 1217 2626 granum
1241 2555 1477 2623 frumenti
1500 2553 1686 2606 cadens

129 2649 171 2699 in
189 2628 357 2701 icrram
383 2659 643 2701 mortuum
669 2648 847 2716 fuerit,
866 2648 1033 2717 ipsum
1054 2649 1216 2699 solum
1238 2656 1404 2699 manet
1422 2663 1440 2708 ;
1457 2645 1499 2697 si
1520 2655 1688 2696 autent

130 2753 360 2793 mortuum
390 2744 571 2811 fuerit,
626 2742 841 2793 multum
894 2741 1120 2806 fructum
1167 2739 1335 2806 a/Tert.
1394 2738 1462 2792 Se
1514 2749 1686 2791 autem

129 2831 503 2897 dicebatipsum
522 2845 643 2886 esse
669 2829 1118 2893 mortiticandum,
1135 2838 1188 2884 et
1212 2829 1684 2894 multiplicandum:

131 2919 530 2974 mortiﬁcatulnm
593 2921 905 2975 infidelitate
929 2919 1270 2984 Judaaorum;
1331 2919 1685 2986 multiplican—

132 3011 239 3064 dum
271 3012 368 3066 fide
389 3013 626 3065 omnium
655 3013 997 3080 populorum.
1025 3011 1138 3066 iam
1163 3026 1292 3065 vero
1315 3010 1603 3065 exhortans
1624 3011 1688 3064 ad

134 3099 368 3166 passionis
397 3115 509 3155 sua:
533 3102 784 3154 sectanda
823 3102 1062 3170 vestigia,

195 3192 286 3258 Qui
313 3204 467 3260 amat,
502 3194 696 3262 inquit,
720 3195 944 3245 animam
976 3211 1144 3259 suam,
1179 3193 1348 3260 perdet
1377 3210 1506 3247 eam.
1538 3192 1686 3260 Quod

134 3284 314 3338 duobus
345 3287 512 3338 modis
543 3286 765 3352 intelligi
799 3293 972 3354 potest
1018 3305 1030 3338 :
1065 3288 1154 3352 qui
1199 3297 1359 3348 amat,
1392 3287 1588 3353 perdet,
1635 3284 1684 3337 id

134 3382 222 3437 est,
247 3374 287 3426 si
312 3390 477 3440 amas,
506 3375 693 3442 perde;
717 3375 762 3428 si
794 3376 944 3442 cupis
970 3375 1134 3428 vitam
1159 3385 1342 3430 tenere
1371 3377 1422 3429 in
1449 3376 1683 3437 Christo,

136 3467 224 3518 noli
256 3466 433 3520 timere
467 3468 602 3521 mori
659 3482 754 3535 pro
802 3467 1050 3523 Christo:
1072 3468 1225 3532 Item,
1253 3468 1360 3521 alio
1392 3467 1570 3531 modo,
1600 3468 1687 3535 qui

134 3568 253 3609 amat
276 3561 490 3611 animam
512 3561 877 3629 suam,perdet
907 3576 1060 3624 eam;
1113 3561 1219 3613 noli
1265 3573 1444 3612 amare
1486 3557 1538 3611 in
1588 3557 1687 3611 hac

136 3651 244 3713 vita,
277 3665 338 3703 ne
369 3655 561 3719 perdas
622 3653 674 3703 in
733 3664 932 3704 {eterna
977 3651 1104 3704 vita.
1159 3650 1268 3704 Hoc
1320 3658 1496 3703 autem
1537 3648 1685 3711 quod

137 3740 374 3804 posterius
419 3738 550 3802 dixi,
610 3739 780 3808 magis
833 3739 1028 3794 habere
1088 3739 1292 3794 videtur
1345 3739 1686 3807 evangelicus

135 3844 318 3884 sensus.
349 3831 598 3898 Sequitur
627 3832 769 3883 enim
805 3847 820 3883 :

195 3920 256 3973 Et
280 3925 355 3990 qui
378 3925 479 3974 odit
503 3924 734 3976 animum
761 3937 908 3974 suam
949 3922 999 3974 in
1033 3922 1126 3973 hoc
1183 3925 1395 3984 mundo,
1433 3922 1485 3974 in
1534 3921 1686 3974 vitam

137 4024 349 4066 meritam
372 4015 589 4067 custodit
617 4030 750 4066 eam.
787 4013 922 4083 Ergo
949 4013 1088 4080 quod
1119 4027 1276 4080 supra
1333 4013 1530 4066 dictum
1579 4022 1680 4078 est,

140 4105 213 4170 qui
243 4112 396 4170 amat,
419 4102 869 4171 subintelligitur,
903 4102 954 4155 in
983 4101 1080 4155 hoc
1114 4102 1333 4165 tnundo,
1362 4102 1478 4170 ipse
1508 4103 1687 4168 utique

141 4194 326 4259 perdet;
347 4195 434 4264 qui
458 4205 634 4248 autem
659 4194 792 4258 odit,
815 4193 996 4261 utique
1017 4193 1068 4246 itt
1095 4194 1195 4246 hoc
1217 4191 1435 4256 mundo,
1457 4193 1506 4244 in
1528 4193 1685 4245 vitam

141 4293 365 4339 aeternam
389 4286 752 4356 ipse‘custodit
775 4298 916 4338 eam.
943 4283 1122 4352 Magna
1153 4291 1204 4337 et
1237 4284 1366 4336 mira
1395 4285 1681 4347 sententia,

141 4377 554 4443 quemadmodum
585 4379 654 4431 sit
684 4378 914 4431 hominis
957 4376 1008 4430 itt
1055 4376 1283 4430 animam
1335 4390 1484 4429 suam
1537 4389 1687 4427 amor

142 4474 189 4518 ut
222 4477 407 4534 pereat,
439 4470 618 4523 odium
662 4484 730 4523 ne
763 4477 963 4536 pereat.
997 4467 1052 4522 Si
1085 4469 1221 4520 male
1248 4466 1531 4530 amaveris,
1563 4475 1689 4520 tunc

141 4555 300 4616 odisti,
328 4556 370 4609 si
401 4557 538 4611 bene
569 4559 767 4620 oderis,
795 4557 918 4610 tunc
946 4554 1152 4608 amaSIi.
1184 4552 1389 4608 Felices
1418 4555 1504 4622 qui
1555 4554 1683 4606 ode-

145 4648 628 4717 runtcustodiendo,
654 4663 722 4702 ne
772 4647 1287 4716 perdant-amando.
1345 4645 1439 4698 llic
1491 4647 1683 4698 anima:

144 4740 335 4795 nomine
382 4743 487 4795 vita
543 4755 782 4810 pra-si-ns
826 4740 1155 4809 designatur,
1187 4739 1268 4793 vel
1324 4741 1481 4792 etiam
1526 4739 1683 4807 hujus

144 4829 245 4884 vita
269 4830 562 4895 delectatio,
593 4847 714 4900 quas
741 4830 1006 4900 perdenda
1033 4843 1137 4892 est.
1163 4841 1218 4884 ut
1250 4830 1479 4884 feliciter
1531 4832 1680 4883 inve-

145 4923 243 4975 nias
271 4921 586 4982 voluntatem
617 4934 758 4977 tuam
807 4925 858 4978 in
905 4938 1067 4992 regno
1118 4921 1420 4992 Dei,quam
1475 4922 1682 4979 fortiter

144 5013 289 5069 vicisti
310 5015 357 5069 in
386 5016 484 5070 hoc
511 5018 745 5082 saeculo;
795 5033 915 5070 nam
939 5018 1104 5070 salicti
1134 5026 1396 5086 martyres
1424 5015 1552 5070 odio
1583 5016 1680 5070 ha-

147 5106 346 5161 buerunt
370 5109 500 5163 hanc
531 5119 846 5177 prasentem
872 5090 1027 5161 vitam
1060 5124 1153 5176 pro
1183 5107 1381 5161 Christi
1437 5107 1674 5168 nomine,

145 5199 251 5250 dum
277 5202 432 5270 magis
449 5202 725 5256 voluerunt
748 5201 883 5255 hanc
907 5211 1220 5269 praesentem
1244 5203 1402 5266 vitam
1429 5199 1677 5265 perdere,

147 5304 282 5353 quam
306 5291 562 5348 Christum
613 5309 827 5362 negare,
881 5293 1162 5363 iutplentes
1190 5293 1330 5361 quod
1386 5296 1674 5363 sequitur:

148 5376 198 5429 Si
217 5382 316 5446 quis
343 5384 605 5448 ministrat,
623 5401 702 5437 me
730 5395 992 5453 sequatur.
1016 5385 1148 5451 Quid
1171 5392 1274 5448 est,
1294 5399 1378 5438 me
1404 5397 1677 5455 sequatur,

151 5469 230 5521 nisi
260 5488 333 5525 nte
363 5475 620 5528 imitetur?
649 5474 883 5528 Christus
911 5478 1044 5529 enim
1075 5492 1165 5542 pro
1198 5477 1340 5528 nobis
1369 5492 1548 5544 passus
1585 5487 1676 5543 est,

151 5565 213 5612 ait
249 5566 500 5627 apostolus
535 5567 741 5632 Petrus,
769 5567 1057 5633 relinquens
1103 5568 1246 5620 nobis
1291 5566 1593 5636 exemptum,
1625 5585 1679 5622 ut

156 5665 383 5710 sequamur
402 5656 600 5724 vestigia
626 5659 739 5728 ejus
764 5654 811 5725 (1
845 5653 960 5709 Pet.
986 5659 1071 5722 tt).
1105 5655 1241 5711 Ecce
1287 5658 1425 5724 quod
1479 5657 1674 5712 dictum

157 5752 241 5793 05!.

217 5828 383 5900 Siquis
407 5833 524 5888 mihi
548 5837 817 5907 ministrat,
847 5856 924 5895 me
974 5848 1228 5910 sequatur.
1288 5839 1424 5906 (Quo
1480 5843 1674 5904 lructtt,

1787 2011 1989 2065 diceret
2021 2028 2031 2060 :
2067 2011 2119 2063 Si
2148 2012 2264 2078 quis
2299 2026 2385 2063 me
2434 2025 2537 2063 non
2569 2010 2831 2076 sequitur,
2867 2024 2970 2062 non
3027 2009 3153 2061 mihi
3212 2010 3369 2060 mini-

1786 2112 1919 2156 strat
1952 2121 1964 2154 :
1997 2101 2296 2155 Ministrant
2319 2117 2446 2170 ergo
2469 2101 2596 2156 .lesu
2622 2100 2960 2168 Cltristo,qui
2987 2115 3088 2152 non
3115 2111 3206 2151 sua
3233 2115 3370 2166 qum-

1786 2205 1930 2258 runt,
1965 2194 2054 2248 sed
2083 2209 2197 2262 qua:
2226 2195 2351 2248 .lesu
2379 2194 2601 2260 Christi,
2633 2193 2733 2247 hoc
2765 2196 2905 2248 enim
2934 2206 3035 2258 esi,
3071 2210 3154 2245 me
3185 2207 3369 2260 sequa-

1790 2293 1894 2349 tur,
1925 2286 2040 2338 vias
2072 2286 2308 2337 ambulet
2353 2298 2524 2348 meas,
2556 2299 2660 2345 non
2713 2298 2859 2348 suas,
2888 2286 3025 2337 sicut
3073 2282 3192 2336 alibi
3239 2283 3372 2334 scri-

1790 2383 1935 2441 ptum
1958 2384 2039 2427 est
2070 2392 2080 2425 :
2117 2374 2217 2437 Qui
2244 2389 2296 2426 se
2319 2375 2442 2426 dicit
2473 2374 2524 2427 in
2555 2372 2758 2426 Christo
2790 2390 3016 2438 manere,
3051 2375 3192 2426 debet
3243 2376 3370 2425 sicut

1788 2464 1876 2516 illc
1895 2464 2189 2527 ambulavit,
2216 2474 2262 2515 et
2282 2465 2397 2532 ipse
2419 2466 2683 2518 ambulare
2713 2463 2764 2532 (ι
2789 2463 2946 2518 Joan.
2978 2469 3058 2532 it).
3110 2464 3276 2517 Etiam
3328 2465 3371 2517 si

1789 2554 2009 2624 porrigit
2036 2553 2285 2609 esm'ienti
2317 2571 2525 2622 panem,
2555 2555 2712 2610 debet
2766 2554 3130 2610 misericordia
3163 2558 3358 2620 facere,

1792 2660 1894 2699 non
1915 2646 2272 2714 dejactantia,
2301 2661 2406 2701 non
2435 2648 2576 2701 aliud
2609 2646 2694 2712 ibi
2727 2662 2969 2715 qumrere
3020 2662 3180 2716 quam
3232 2662 3366 2714 opus

1794 2739 2013 2803 bonum,
2050 2739 2321 2792 nesciente
2343 2739 2556 2792 sinistra
2585 2738 2707 2806 quid
2742 2739 2895 2791 t'aciat
2922 2738 3233 2804 dextera,id
3263 2749 3367 2805 est,

1795 2836 1851 2881 ut
1875 2826 2138 2882 alienatur
2165 2828 2386 2882 intentio
2417 2828 2718 2896 cupi-litatis
2747 2829 2811 2880 ab
2861 2844 3023 2895 opere
3068 2829 3366 2883 cbaritatis.

1794 2917 1871 2973 Illi
1895 2920 2083 2973 dicitur
2118 2937 2131 2972 :
2166 2921 2291 2973 Cum
2322 2921 2407 2973 uni
2435 2936 2496 2974 ea:
2521 2920 2745 2972 minimis
2773 2920 2897 2973 meis
2926 2920 3110 2987 fecisti,
3135 2921 3258 2973 nti/ii
3287 2925 3366 2990 fe-

1794 3010 1927 3063 cisti.
1959 3009 2067 3064 Nec
2087 3025 2148 3063 ea
2184 3021 2384 3064 tantum
2412 3026 2528 3078 quae
2560 3010 2623 3063 ad
2659 3010 3078 3065 misericordiam
3103 3012 3371 3080 pertinent

1793 3102 2148 3168 corporalem,
2180 3115 2205 3153 s
2241 3101 2272 3154 d
2297 3101 2472 3155 omnia
2504 3117 2663 3170 Opera
2701 3113 2916 3171 propter
2969 3101 3236 3156 Christqu
3291 3101 3334 3154 fa
3357 3131 3369 3140 -

1794 3194 1961 3256 cietis,
1997 3203 2118 3246 tunc
2145 3203 2302 3247 erunt
2326 3195 2483 3256 bona,
2515 3193 2763 3260 quoniam
2797 3196 2914 3246 linis
2946 3194 3078 3261 legis
3102 3195 3367 3260 Christus,

1793 3285 1857 3338 ad
1905 3285 2160 3352 justitiam
2193 3287 2333 3338 omni
2391 3287 2650 3340 credenti.
2713 3287 2967 3352 Cretletts,
3001 3289 3243 3340 minister
3290 3297 3373 3342 est

1789 3371 1986 3428 Christi
2017 3391 2184 3443 usque
2216 3375 2279 3428 ad
2323 3376 2467 3431 illius
2494 3391 2629 3443 opus
2656 3392 2863 3447 magna:
2907 3380 3204 3447 charitatis,
3228 3381 3368 3449 quoi

1789 3477 1868 3522 est
1897 3467 2123 3520 animam
2156 3483 2304 3520 suam
2337 3483 2431 3536 pro
2455 3469 2707 3523 fratribus
2751 3485 2972 3538 ponere,
2997 3471 3205 3525 hoc‘est
3225 3475 3364 3525 enim

1791 3568 1842 3614 ct
1872 3575 1969 3628 pro
1997 3560 2212 3614 Christo
2241 3575 2462 3629 ponere,
2491 3563 2615 3628 quia
2641 3570 2692 3614 et
2718 3563 2816 3616 hoc
2851 3572 3064 3630 propter
3085 3578 3176 3616 sua
3204 3580 3366 3616 metu-

1788 3650 1879 3703 bra
1911 3652 2145 3703 dicturus
2173 3661 2256 3704 est
2279 3666 2290 3703 :
2315 3650 2442 3705 Cum
2471 3668 2560 3719 pro
2591 3652 2702 3704 istis
2725 3653 2935 3720 fecistis,
2963 3670 3054 3723 pro
3078 3671 3153 3706 me
3177 3655 3365 3724 fecistis

1788 3740 1966 3811 (Rom.
1994 3739 2068 3810 tt).
2091 3741 2262 3795 Detali
2288 3741 2483 3809 quippe
2512 3757 2674 3810 opere
2697 3745 2854 3797 etiam
2878 3759 2934 3796 se
2957 3745 3253 3798 ministrum
3281 3745 3360 3796 fa-

1787 3848 1908 3888 cere
1933 3845 1984 3888 et
2014 3835 2280 3903 appellare
2305 3835 2550 3904 dignatus
2581 3846 2682 3901 est,
2715 3836 2803 3890 ubi
2837 3837 2910 3889 ait
2941 3852 2955 3889 :
3005 3836 3153 3890 Sicut
3189 3834 3359 3889 Filius

1789 3925 2006 3978 hominis
2027 3943 2127 3978 non
2151 3924 2277 3977 venit
2303 3926 2600 3986 ministrari,
2624 3930 2710 3980 sed
2737 3927 3043 3991 ministrare,
3065 3937 3111 3979 et
3140 3929 3364 3980 animum

1788 4030 1934 4067 suam
1961 4031 2144 4082 ponere
2175 4032 2267 4084 pro
2295 4015 2468 4069 multis
2517 4017 2731 4086 (Matth.
2763 4018 2876 4078 xx).
2927 4017 3062 4072 Hinc
3105 4027 3186 4073 est
3233 4033 3361 4085 ergo

1791 4109 2150 4174 ultu-uiuisque
2179 4105 2426 4161 minister
2452 4108 2671 4169 Christi,
2707 4109 2844 4161 unde
2897 4119 2979 4163 est
3023 4121 3075 4163 et
3118 4111 3360 4166 minister

1785 4196 2054 4250 Christus.
2085 4196 2168 4251 Sic
2197 4199 2584 4253 ministrantem
2617 4199 2826 4252 Christo
2859 4201 3174 4254 honorificat
3203 4203 3359 4256 Pater

1788 4287 1901 4356 ejus
1932 4288 2132 4340 honore
2161 4289 2248 4342 illo
2277 4304 2487 4354 magno,
2520 4299 2573 4341 ut
2618 4289 2688 4343 sit
2737 4304 2855 4342 cum
2919 4289 3052 4342 Filio
3097 4289 3233 4359 ejus,
3268 4307 3365 4346 nec

1789 4393 2020 4446 unquam
2052 4379 2263 4434 deficiat
2321 4381 2452 4435 fides
2507 4383 2642 4449 ejus.
2693 4381 3058 4437 Communitcr
3111 4398 3238 4438 vero
3291 4386 3359 4439 de

1788 4470 2034 4524 omnibus
2067 4472 2137 4524 ait
2168 4489 2181 4524 :
2213 4471 2271 4526 Si
2296 4475 2404 4540 quis
2436 4474 2557 4526 mihi
2585 4473 3055 4529 mittistrat.0intiis
3081 4475 3219 4531 enim
3239 4494 3359 4545 qut-

1790 4573 1998 4627 cunque
2042 4560 2175 4615 bene
2219 4562 2349 4629 agit,
2408 4562 2621 4618 Christo
2662 4564 2943 4620 ministrat.
2998 4566 3148 4622 Unde
3194 4584 3361 4623 unus-

1788 4651 2011 4717 quisque
2060 4667 2154 4715 pro
2208 4653 2422 4704 modulo
2477 4669 2573 4707 suo
2617 4657 2882 4710 ministret
2937 4657 3169 4725 Christo,
3226 4663 3360 4716 bene

1791 4740 2040 4802 vivendo,
2065 4742 2433 4815 eleemosynas
2457 4744 2719 4817 faciendo,
2749 4765 2939 4803 nomen
2954 4750 3360 4823 doctrinamque

1785 4829 1901 4899 ejus
1952 4833 2140 4899 quibus
2181 4832 2418 4901 "potuerit
2468 4835 2827 4902 prmdicando.
2890 4839 2991 4906 Qui
3043 4857 3167 4896 vero
3221 4845 3359 4900 bene

1784 4922 2018 4977 viventes
2049 4925 2360 4980 exhortatur
2386 4938 2439 4978 ut
2465 4940 2808 4995 permaneant
2837 4931 2886 4984 in
2921 4932 3055 4986 bene
3104 4935 3349 5001 vivendo,

1784 5013 2047 5068 ministrat
2073 5015 2302 5072 Christo.
2327 5016 2424 5082 Qui
2455 5033 2584 5072 vero
2627 5021 2898 5076 humiliter
2941 5025 3246 5079 admouenti
3297 5042 3362 5082 se

1781 5103 1984 5169 obedit,
2035 5106 2301 5161 ministrat
2358 5109 2823 5179 Christo,et»qui
2883 5113 3108 5168 ﬁdeliter
3151 5117 3202 5170 in
3254 5117 3356 5172 hoc

1783 5196 1980 5250 seculo
2010 5197 2272 5252 ministrat
2297 5197 2533 5266 Christo,
2567 5202 2788 5257 feliciter
2831 5203 2885 5259 in
2934 5205 3111 5260 futuro
3155 5211 3354 5264 szecnlo

1784 5299 1966 5357 regnat
1987 5304 2105 5342 cum
2132 5289 2366 5345 Christo.
2400 5292 2530 5346 Cum
2556 5293 2812 5349 Dominus
2839 5295 2994 5351 Jesus
3013 5300 3350 5367 praedixisset

1785 5378 1838 5433 iu
1864 5394 2031 5446 grano
2057 5381 2256 5448 sinapis
2290 5385 2593 5448 passionem
2621 5399 2793 5453 suam,
2821 5396 2874 5442 et
2898 5403 3021 5443 suos
3049 5388 3354 5448 hortaretur

1789 5472 2056 5526 ministros
2103 5483 2159 5526 ut
2200 5485 2553 5544 sequerentur
2599 5492 2741 5545 eum,
2776 5482 2840 5535 ad
2881 5493 3114 5536 naslram
3165 5500 3351 5543 rursus

1789 5561 2142 5618 inﬁrmitatem
2169 5582 2319 5620 suum
2353 5571 2666 5636 temperavit
2695 5571 2972 5637 all'eCtuut,
3005 5585 3056 5628 et
3088 5576 3159 5629 ait
3192 5593 3203 5627 τ

1856 5655 2008 5711 Nunc
2035 5662 2205 5711 anima
2245 5677 2355 5712 mea
2400 5663 2603 5713 turbata
2652 5674 2739 5718 est.
2792 5664 2940 5721 Unde
2995 5670 3194 5721 turbata
3245 5682 3346 5737 est,

1789 5747 2010 5803 Domine
2037 5748 2159 5805 .lesu
2181 5792 2194 5814 ,
2225 5751 2395 5804 anima
2423 5753 2543 5805 tua?
2575 5754 2820 5825 Nunquid
2846 5772 2949 5811 non
2980 5759 3094 5812 ideo
3119 5760 3343 5813 animam

1787 5840 2056 5911 accepisti,
2090 5849 2139 5897 ct
2169 5842 2433 5899 hom'ucm
2468 5847 2777 5916 perfectum,
2811 5859 2866 5906 ut
2891 5851 3141 5918 patereris
3169 5854 3217 5907 in
3244 5857 3345 5907 eet
