  <div class='ocr_page' id='page_1' title='image "/cluster/home/n/w/nwhite01/storage/ocr_20150623/92-93/uva.x000827076/403.png"; bbox 0 0 3884 6232; ppageno 0'>
   <div class='ocr_carea' id='block_1_1' title="bbox 458 346 550 401">
    <p class='ocr_par' dir='ltr' id='par_1_1' title="bbox 458 346 550 401">
     <span class='ocr_line' id='line_1_1' title="bbox 458 346 550 401; baseline 0.043 -4"><span class='ocrx_word' id='word_1_1' title='bbox 458 346 550 401; x_wconf 68' lang='grc'><strong>791</strong></span> 
     </span>
    </p>
   </div>
   <div class='ocr_carea' id='block_1_2' title="bbox 803 347 3328 414">
    <p class='ocr_par' dir='ltr' id='par_1_2' title="bbox 803 347 3328 414">
     <span class='ocr_line' id='line_1_2' title="bbox 803 347 3328 414; baseline 0.004 -12"><span class='ocrx_word' id='word_1_2' title='bbox 803 347 1005 403; x_wconf 73' lang='grc' dir='ltr'><strong>ΒΕῡΑΞ</strong></span> <span class='ocrx_word' id='word_1_3' title='bbox 1045 348 1494 407; x_wconf 75' lang='lat' dir='ltr'><strong>VENERABI‘LIS</strong></span> <span class='ocrx_word' id='word_1_4' title='bbox 1532 351 1807 408; x_wconf 78' lang='lat' dir='ltr'><strong>Oi’EBUM</strong></span> <span class='ocrx_word' id='word_1_5' title='bbox 1851 354 2025 407; x_wconf 74' lang='lat' dir='ltr'><strong>PARS</strong></span> <span class='ocrx_word' id='word_1_6' title='bbox 2065 351 2124 407; x_wconf 89' lang='lat' dir='ltr'><strong>ll.</strong></span> <span class='ocrx_word' id='word_1_7' title='bbox 2170 352 2359 408; x_wconf 83' lang='lat' dir='ltr'><strong>SECT.</strong></span> <span class='ocrx_word' id='word_1_8' title='bbox 2385 354 2420 406; x_wconf 84' lang='lat' dir='ltr'><strong>l.</strong></span> <span class='ocrx_word' id='word_1_9' title='bbox 2462 384 2530 395; x_wconf 89' lang='lat'><strong>—-</strong></span> <span class='ocrx_word' id='word_1_10' title='bbox 2572 353 2960 411; x_wconf 77' lang='lat' dir='ltr'><strong>EXEGETICA</strong></span> <span class='ocrx_word' id='word_1_11' title='bbox 3001 358 3328 414; x_wconf 69' lang='lat' dir='ltr'><strong>CENUINA.</strong></span> 
     </span>
    </p>
   </div>
   <div class='ocr_carea' id='block_1_3' title="bbox 3592 360 3716 414">
    <p class='ocr_par' dir='ltr' id='par_1_3' title="bbox 3592 360 3716 414">
     <span class='ocr_line' id='line_1_3' title="bbox 3592 360 3716 414; baseline -0.016 0"><span class='ocrx_word' id='word_1_12' title='bbox 3592 360 3716 414; x_wconf 57' lang='lat'><strong>7:3</strong></span> 
     </span>
    </p>
   </div>
   <div class='ocr_carea' id='block_1_4' title="bbox 462 462 3713 539">
    <p class='ocr_par' dir='ltr' id='par_1_4' title="bbox 462 462 3713 539">
     <span class='ocr_line' id='line_1_4' title="bbox 462 462 3713 539; baseline 0.002 -26"><span class='ocrx_word' id='word_1_13' title='bbox 462 462 626 515; x_wconf 73' lang='lat' dir='ltr'><strong>Vitleo</strong></span> <span class='ocrx_word' id='word_1_14' title='bbox 678 470 773 525; x_wconf 90' lang='lat' dir='ltr'><strong>te,</strong></span> <span class='ocrx_word' id='word_1_15' title='bbox 830 462 1056 517; x_wconf 86' lang='lat' dir='ltr'><strong>Domine</strong></span> <span class='ocrx_word' id='word_1_16' title='bbox 1089 503 1104 528; x_wconf 93' lang='lat'><strong>,</strong></span> <span class='ocrx_word' id='word_1_17' title='bbox 1158 474 1389 518; x_wconf 88' lang='lat' dir='ltr'><strong>nostram</strong></span> <span class='ocrx_word' id='word_1_18' title='bbox 1446 464 1806 519; x_wconf 85' lang='lat' dir='ltr'><strong>inﬁrmitatem</strong></span> <span class='ocrx_word' id='word_1_19' title='bbox 1858 465 1908 517; x_wconf 91' lang='lat' dir='ltr'><strong>in</strong></span> <span class='ocrx_word' id='word_1_20' title='bbox 1976 474 2182 536; x_wconf 69' lang='lat' dir='ltr'><strong>teAet</strong></span> <span class='ocrx_word' id='word_1_21' title='bbox 2241 479 2400 532; x_wconf 83' lang='lat' dir='ltr'><strong>super</strong></span> <span class='ocrx_word' id='word_1_22' title='bbox 2457 481 2669 520; x_wconf 86' lang='lat' dir='ltr'><strong>omnem</strong></span> <span class='ocrx_word' id='word_1_23' title='bbox 2729 477 2923 521; x_wconf 88' lang='lat' dir='ltr'><strong>terram</strong></span> <span class='ocrx_word' id='word_1_24' title='bbox 2980 466 3145 536; x_wconf 82' lang='lat' dir='ltr'><strong>gloria</strong></span> <span class='ocrx_word' id='word_1_25' title='bbox 3194 472 3307 537; x_wconf 83' lang='lat' dir='ltr'><strong>ejus</strong></span> <span class='ocrx_word' id='word_1_26' title='bbox 3369 468 3713 539; x_wconf 73' lang='lat' dir='ltr'><strong>(PsaLus).</strong></span> 
     </span>
    </p>
   </div>
   <div class='ocr_carea' id='block_1_5' title="bbox 460 556 2022 626">
    <p class='ocr_par' dir='ltr' id='par_1_5' title="bbox 460 556 2022 626">
     <span class='ocr_line' id='line_1_5' title="bbox 460 556 2022 626; baseline 0.005 -21"><span class='ocrx_word' id='word_1_27' title='bbox 460 556 790 618; x_wconf 68' lang='lat' dir='ltr'><strong>transferre,</strong></span> <span class='ocrx_word' id='word_1_28' title='bbox 847 563 901 608; x_wconf 89' lang='lat' dir='ltr'><strong>et</strong></span> <span class='ocrx_word' id='word_1_29' title='bbox 946 556 997 609; x_wconf 94' lang='lat' dir='ltr'><strong>in</strong></span> <span class='ocrx_word' id='word_1_30' title='bbox 1064 566 1113 610; x_wconf 91' lang='lat' dir='ltr'><strong>te</strong></span> <span class='ocrx_word' id='word_1_31' title='bbox 1171 572 1382 612; x_wconf 80' lang='lat' dir='ltr'><strong>causam</strong></span> <span class='ocrx_word' id='word_1_32' title='bbox 1443 560 1715 626; x_wconf 85' lang='lat' dir='ltr'><strong>suscipere</strong></span> <span class='ocrx_word' id='word_1_33' title='bbox 1766 570 2022 613; x_wconf 90' lang='lat' dir='ltr'><strong>nostram.</strong></span> 
     </span>
    </p>
   </div>
   <div class='ocr_carea' id='block_1_6' title="bbox 461 646 2027 714">
    <p class='ocr_par' dir='ltr' id='par_1_6' title="bbox 461 646 2027 714">
     <span class='ocr_line' id='line_1_6' title="bbox 461 646 2027 714; baseline 0.003 -17"><span class='ocrx_word' id='word_1_34' title='bbox 461 646 584 698; x_wconf 83' lang='lat' dir='ltr'><strong>ltleo</strong></span> <span class='ocrx_word' id='word_1_35' title='bbox 628 646 865 699; x_wconf 90' lang='lat' dir='ltr'><strong>turbatus</strong></span> <span class='ocrx_word' id='word_1_36' title='bbox 912 662 990 711; x_wconf 86' lang='lat' dir='ltr'><strong>es,</strong></span> <span class='ocrx_word' id='word_1_37' title='bbox 1046 648 1163 714; x_wconf 88' lang='lat' dir='ltr'><strong>quia</strong></span> <span class='ocrx_word' id='word_1_38' title='bbox 1226 649 1482 712; x_wconf 92' lang='lat' dir='ltr'><strong>voluisti;</strong></span> <span class='ocrx_word' id='word_1_39' title='bbox 1543 650 1676 702; x_wconf 91' lang='lat' dir='ltr'><strong>sicut</strong></span> <span class='ocrx_word' id='word_1_40' title='bbox 1727 658 1879 702; x_wconf 85' lang='lat' dir='ltr'><strong>natus</strong></span> <span class='ocrx_word' id='word_1_41' title='bbox 1929 650 2027 702; x_wconf 80' lang='lat' dir='ltr'><strong>lui-</strong></span> 
     </span>
    </p>
   </div>
   <div class='ocr_carea' id='block_1_7' title="bbox 459 736 2024 807">
    <p class='ocr_par' dir='ltr' id='par_1_7' title="bbox 459 736 2024 807">
     <span class='ocr_line' id='line_1_7' title="bbox 459 736 2024 807; baseline 0.004 -19"><span class='ocrx_word' id='word_1_42' title='bbox 459 736 547 797; x_wconf 81' lang='lat' dir='ltr'><strong>sti.</strong></span> <span class='ocrx_word' id='word_1_43' title='bbox 605 736 725 803; x_wconf 86' lang='lat' dir='ltr'><strong>quia</strong></span> <span class='ocrx_word' id='word_1_44' title='bbox 778 738 1031 801; x_wconf 86' lang='lat' dir='ltr'><strong>voluisti;</strong></span> <span class='ocrx_word' id='word_1_45' title='bbox 1083 755 1202 791; x_wconf 91' lang='lat' dir='ltr'><strong>nam</strong></span> <span class='ocrx_word' id='word_1_46' title='bbox 1255 740 1408 807; x_wconf 88' lang='lat' dir='ltr'><strong>paulo</strong></span> <span class='ocrx_word' id='word_1_47' title='bbox 1454 750 1576 794; x_wconf 85' lang='lat' dir='ltr'><strong>ante</strong></span> <span class='ocrx_word' id='word_1_48' title='bbox 1624 740 1689 794; x_wconf 94' lang='lat' dir='ltr'><strong>de</strong></span> <span class='ocrx_word' id='word_1_49' title='bbox 1730 749 1783 794; x_wconf 91' lang='lat' dir='ltr'><strong>te</strong></span> <span class='ocrx_word' id='word_1_50' title='bbox 1828 742 2024 794; x_wconf 88' lang='lat' dir='ltr'><strong>dictum</strong></span> 
     </span>
    </p>
   </div>
   <div class='ocr_carea' id='block_1_8' title="bbox 460 828 2026 901">
    <p class='ocr_par' dir='ltr' id='par_1_8' title="bbox 460 828 2026 901">
     <span class='ocr_line' id='line_1_8' title="bbox 460 828 2026 901; baseline 0.004 -22"><span class='ocrx_word' id='word_1_51' title='bbox 460 838 561 891; x_wconf 83' lang='lat' dir='ltr'><strong>est,</strong></span> <span class='ocrx_word' id='word_1_52' title='bbox 588 829 671 882; x_wconf 89' lang='lat' dir='ltr'><strong>ubi</strong></span> <span class='ocrx_word' id='word_1_53' title='bbox 703 828 959 882; x_wconf 78' lang='lat' dir='ltr'><strong>Lazarum</strong></span> <span class='ocrx_word' id='word_1_54' title='bbox 1006 832 1279 885; x_wconf 83' lang='lat' dir='ltr'><strong>suscitasti</strong></span> <span class='ocrx_word' id='word_1_55' title='bbox 1332 849 1343 884; x_wconf 89' lang='lat'><strong>:</strong></span> <span class='ocrx_word' id='word_1_56' title='bbox 1395 832 1639 885; x_wconf 87' lang='lat' dir='ltr'><strong>Turbavit</strong></span> <span class='ocrx_word' id='word_1_57' title='bbox 1678 834 2026 901; x_wconf 56' lang='lat' dir='ltr'><strong>s‘metipsum;</strong></span> 
     </span>
    </p>
   </div>
   <div class='ocr_carea' id='block_1_9' title="bbox 463 919 2027 989">
    <p class='ocr_par' dir='ltr' id='par_1_9' title="bbox 463 919 2027 989">
     <span class='ocr_line' id='line_1_9' title="bbox 463 919 2027 989; baseline 0.004 -18"><span class='ocrx_word' id='word_1_58' title='bbox 463 934 583 982; x_wconf 86' lang='lat' dir='ltr'><strong>nam</strong></span> <span class='ocrx_word' id='word_1_59' title='bbox 617 919 699 973; x_wconf 85' lang='lat' dir='ltr'><strong>his</strong></span> <span class='ocrx_word' id='word_1_60' title='bbox 733 920 907 973; x_wconf 78' lang='lat' dir='ltr'><strong>verbis</strong></span> <span class='ocrx_word' id='word_1_61' title='bbox 934 921 999 973; x_wconf 89' lang='lat' dir='ltr'><strong>ab</strong></span> <span class='ocrx_word' id='word_1_62' title='bbox 1029 921 1333 975; x_wconf 91' lang='lat' dir='ltr'><strong>inﬁrmitate</strong></span> <span class='ocrx_word' id='word_1_63' title='bbox 1377 933 1555 977; x_wconf 88' lang='lat' dir='ltr'><strong>nostra</strong></span> <span class='ocrx_word' id='word_1_64' title='bbox 1608 925 1783 989; x_wconf 80' lang='lat' dir='ltr'><strong>rapuit</strong></span> <span class='ocrx_word' id='word_1_65' title='bbox 1829 939 1926 977; x_wconf 92' lang='lat' dir='ltr'><strong>nos</strong></span> <span class='ocrx_word' id='word_1_66' title='bbox 1964 924 2027 977; x_wconf 90' lang='lat' dir='ltr'><strong>ad</strong></span> 
     </span>
    </p>
   </div>
   <div class='ocr_carea' id='block_1_10' title="bbox 462 1008 2025 1077">
    <p class='ocr_par' dir='ltr' id='par_1_10' title="bbox 462 1008 2025 1077">
     <span class='ocr_line' id='line_1_10' title="bbox 462 1008 2025 1077; baseline 0.004 -18"><span class='ocrx_word' id='word_1_67' title='bbox 462 1008 764 1061; x_wconf 83' lang='lat' dir='ltr'><strong>ﬁrmitatem</strong></span> <span class='ocrx_word' id='word_1_68' title='bbox 798 1024 971 1062; x_wconf 86' lang='lat' dir='ltr'><strong>suam.</strong></span> <span class='ocrx_word' id='word_1_69' title='bbox 1001 1008 1112 1063; x_wconf 85' lang='lat' dir='ltr'><strong>Vox</strong></span> <span class='ocrx_word' id='word_1_70' title='bbox 1140 1020 1222 1064; x_wconf 88' lang='lat' dir='ltr'><strong>est</strong></span> <span class='ocrx_word' id='word_1_71' title='bbox 1249 1012 1387 1064; x_wconf 89' lang='lat' dir='ltr'><strong>enim</strong></span> <span class='ocrx_word' id='word_1_72' title='bbox 1418 1011 1744 1066; x_wconf 77' lang='lat' dir='ltr'><strong>fortitudinis</strong></span> <span class='ocrx_word' id='word_1_73' title='bbox 1795 1013 2025 1077; x_wconf 86' lang='lat' dir='ltr'><strong>Domini,</strong></span> 
     </span>
    </p>
   </div>
   <div class='ocr_carea' id='block_1_11' title="bbox 461 1098 2029 1169">
    <p class='ocr_par' dir='ltr' id='par_1_11' title="bbox 461 1098 2029 1169">
     <span class='ocr_line' id='line_1_11' title="bbox 461 1098 2029 1169; baseline 0.005 -19"><span class='ocrx_word' id='word_1_74' title='bbox 461 1098 547 1153; x_wconf 82' lang='lat' dir='ltr'><strong>ubi</strong></span> <span class='ocrx_word' id='word_1_75' title='bbox 570 1099 641 1152; x_wconf 91' lang='lat' dir='ltr'><strong>ait</strong></span> <span class='ocrx_word' id='word_1_76' title='bbox 669 1116 680 1152; x_wconf 89' lang='lat'><strong>:</strong></span> <span class='ocrx_word' id='word_1_77' title='bbox 712 1098 861 1153; x_wconf 79' lang='lat' dir='ltr'><strong>Venit</strong></span> <span class='ocrx_word' id='word_1_78' title='bbox 880 1100 1006 1153; x_wconf 85' lang='lat' dir='ltr'><strong>hora</strong></span> <span class='ocrx_word' id='word_1_79' title='bbox 1034 1112 1087 1152; x_wconf 91' lang='lat' dir='ltr'><strong>ut</strong></span> <span class='ocrx_word' id='word_1_80' title='bbox 1114 1101 1421 1169; x_wconf 77' lang='lat' dir='ltr'><strong>clariﬁcetur</strong></span> <span class='ocrx_word' id='word_1_81' title='bbox 1448 1100 1617 1157; x_wconf 81' lang='lat' dir='ltr'><strong>Filius</strong></span> <span class='ocrx_word' id='word_1_82' title='bbox 1644 1105 1884 1159; x_wconf 76' lang='lat' dir='ltr'><strong>hominis.</strong></span> <span class='ocrx_word' id='word_1_83' title='bbox 1921 1106 2029 1158; x_wconf 82' lang='lat' dir='ltr'><strong>Vox</strong></span> 
     </span>
    </p>
   </div>
   <div class='ocr_carea' id='block_1_12' title="bbox 459 1189 2030 1255">
    <p class='ocr_par' dir='ltr' id='par_1_12' title="bbox 459 1189 2030 1255">
     <span class='ocr_line' id='line_1_12' title="bbox 459 1189 2030 1255; baseline 0.004 -14"><span class='ocrx_word' id='word_1_84' title='bbox 459 1200 539 1242; x_wconf 92' lang='lat' dir='ltr'><strong>est</strong></span> <span class='ocrx_word' id='word_1_85' title='bbox 572 1189 892 1244; x_wconf 83' lang='lat' dir='ltr'><strong>inﬁrmitatis</strong></span> <span class='ocrx_word' id='word_1_86' title='bbox 921 1200 1139 1255; x_wconf 70' lang='lat' dir='ltr'><strong>nostrae,</strong></span> <span class='ocrx_word' id='word_1_87' title='bbox 1166 1191 1290 1244; x_wconf 89' lang='lat' dir='ltr'><strong>dum</strong></span> <span class='ocrx_word' id='word_1_88' title='bbox 1325 1194 1394 1246; x_wconf 92' lang='lat' dir='ltr'><strong>ait</strong></span> <span class='ocrx_word' id='word_1_89' title='bbox 1426 1210 1440 1247; x_wconf 75' lang='lat'><strong>1</strong></span> <span class='ocrx_word' id='word_1_90' title='bbox 1496 1193 1647 1247; x_wconf 89' lang='lat' dir='ltr'><strong>Nunc</strong></span> <span class='ocrx_word' id='word_1_91' title='bbox 1698 1197 1869 1248; x_wconf 86' lang='lat' dir='ltr'><strong>animo</strong></span> <span class='ocrx_word' id='word_1_92' title='bbox 1919 1212 2030 1248; x_wconf 89' lang='lat' dir='ltr'><strong>mea</strong></span> 
     </span>
    </p>
   </div>
   <div class='ocr_carea' id='block_1_13' title="bbox 461 1281 2030 1355">
    <p class='ocr_par' dir='ltr' id='par_1_13' title="bbox 461 1281 2030 1355">
     <span class='ocr_line' id='line_1_13' title="bbox 461 1281 2030 1355; baseline 0.006 -22"><span class='ocrx_word' id='word_1_93' title='bbox 461 1281 661 1335; x_wconf 76' lang='lat' dir='ltr'><strong>turbata</strong></span> <span class='ocrx_word' id='word_1_94' title='bbox 685 1293 778 1337; x_wconf 89' lang='lat' dir='ltr'><strong>est.</strong></span> <span class='ocrx_word' id='word_1_95' title='bbox 830 1283 873 1339; x_wconf 67' lang='grc' dir='ltr'><strong>τ)</strong></span> <span class='ocrx_word' id='word_1_96' title='bbox 919 1283 1140 1338; x_wconf 84' lang='lat' dir='ltr'><strong>Domine</strong></span> <span class='ocrx_word' id='word_1_97' title='bbox 1192 1285 1451 1339; x_wconf 82' lang='lat' dir='ltr'><strong>mediator</strong></span> <span class='ocrx_word' id='word_1_98' title='bbox 1505 1287 1641 1341; x_wconf 85' lang='lat' dir='ltr'><strong>Deus</strong></span> <span class='ocrx_word' id='word_1_99' title='bbox 1696 1302 1853 1355; x_wconf 85' lang='lat' dir='ltr'><strong>supra</strong></span> <span class='ocrx_word' id='word_1_100' title='bbox 1911 1304 2030 1354; x_wconf 91' lang='lat' dir='ltr'><strong>nos,</strong></span> 
     </span>
    </p>
   </div>
   <div class='ocr_carea' id='block_1_14' title="bbox 440 1354 2030 1444">
    <p class='ocr_par' dir='ltr' id='par_1_14' title="bbox 440 1354 2030 1444">
     <span class='ocr_line' id='line_1_14' title="bbox 440 1354 2030 1444; baseline 0.008 -23"><span class='ocrx_word' id='word_1_101' title='bbox 440 1354 621 1424; x_wconf 60' lang='lat' dir='ltr'><strong>&#39;Iiomo</strong></span> <span class='ocrx_word' id='word_1_102' title='bbox 677 1381 890 1438; x_wconf 87' lang='lat' dir='ltr'><strong>propter</strong></span> <span class='ocrx_word' id='word_1_103' title='bbox 940 1387 1064 1441; x_wconf 90' lang='lat' dir='ltr'><strong>nos,</strong></span> <span class='ocrx_word' id='word_1_104' title='bbox 1106 1389 1336 1444; x_wconf 89' lang='lat' dir='ltr'><strong>agnosco</strong></span> <span class='ocrx_word' id='word_1_105' title='bbox 1390 1377 1807 1433; x_wconf 88' lang='lat' dir='ltr'><strong>misericordiam</strong></span> <span class='ocrx_word' id='word_1_106' title='bbox 1866 1389 2030 1434; x_wconf 88' lang='lat' dir='ltr'><strong>tuam.</strong></span> 
     </span>
    </p>
   </div>
   <div class='ocr_carea' id='block_1_15' title="bbox 459 1460 2032 1532">
    <p class='ocr_par' dir='ltr' id='par_1_15' title="bbox 459 1460 2032 1532">
     <span class='ocr_line' id='line_1_15' title="bbox 459 1460 2032 1532; baseline 0.004 -17"><span class='ocrx_word' id='word_1_107' title='bbox 459 1460 589 1515; x_wconf 75' lang='lat' dir='ltr'><strong>Nam</strong></span> <span class='ocrx_word' id='word_1_108' title='bbox 621 1463 759 1532; x_wconf 88' lang='lat' dir='ltr'><strong>quod</strong></span> <span class='ocrx_word' id='word_1_109' title='bbox 788 1473 841 1516; x_wconf 92' lang='lat' dir='ltr'><strong>tu</strong></span> <span class='ocrx_word' id='word_1_110' title='bbox 876 1472 1055 1518; x_wconf 90' lang='lat' dir='ltr'><strong>tantus</strong></span> <span class='ocrx_word' id='word_1_111' title='bbox 1088 1472 1190 1517; x_wconf 74' lang='lat' dir='ltr'><strong>tua:</strong></span> <span class='ocrx_word' id='word_1_112' title='bbox 1222 1465 1497 1519; x_wconf 89' lang='lat' dir='ltr'><strong>cbaritatis</strong></span> <span class='ocrx_word' id='word_1_113' title='bbox 1524 1467 1799 1523; x_wconf 89' lang='lat' dir='ltr'><strong>voluntate</strong></span> <span class='ocrx_word' id='word_1_114' title='bbox 1853 1470 2032 1521; x_wconf 89' lang='lat' dir='ltr'><strong>turba-</strong></span> 
     </span>
    </p>
   </div>
   <div class='ocr_carea' id='block_1_16' title="bbox 462 1553 2034 1625">
    <p class='ocr_par' dir='ltr' id='par_1_16' title="bbox 462 1553 2034 1625">
     <span class='ocr_line' id='line_1_16' title="bbox 462 1553 2034 1625; baseline 0.007 -23"><span class='ocrx_word' id='word_1_115' title='bbox 462 1553 559 1617; x_wconf 73' lang='lat' dir='ltr'><strong>ris&quot;,</strong></span> <span class='ocrx_word' id='word_1_116' title='bbox 592 1553 783 1607; x_wconf 86' lang='lat' dir='ltr'><strong>multos</strong></span> <span class='ocrx_word' id='word_1_117' title='bbox 814 1555 864 1606; x_wconf 89' lang='lat' dir='ltr'><strong>in</strong></span> <span class='ocrx_word' id='word_1_118' title='bbox 899 1569 1119 1623; x_wconf 91' lang='lat' dir='ltr'><strong>corpore</strong></span> <span class='ocrx_word' id='word_1_119' title='bbox 1153 1563 1259 1620; x_wconf 92' lang='lat' dir='ltr'><strong>tuo,</strong></span> <span class='ocrx_word' id='word_1_120' title='bbox 1291 1555 1379 1625; x_wconf 89' lang='lat' dir='ltr'><strong>qui</strong></span> <span class='ocrx_word' id='word_1_121' title='bbox 1408 1572 1517 1610; x_wconf 69' lang='lat' dir='ltr'><strong>suae</strong></span> <span class='ocrx_word' id='word_1_122' title='bbox 1566 1558 1890 1613; x_wconf 88' lang='lat' dir='ltr'><strong>inﬁrmitatis</strong></span> <span class='ocrx_word' id='word_1_123' title='bbox 1944 1575 2034 1613; x_wconf 90' lang='lat' dir='ltr'><strong>ne-</strong></span> 
     </span>
    </p>
   </div>
   <div class='ocr_carea' id='block_1_17' title="bbox 464 1645 2035 1714">
    <p class='ocr_par' dir='ltr' id='par_1_17' title="bbox 464 1645 2035 1714">
     <span class='ocr_line' id='line_1_17' title="bbox 464 1645 2035 1714; baseline 0.004 -20"><span class='ocrx_word' id='word_1_124' title='bbox 464 1645 711 1697; x_wconf 80' lang='lat' dir='ltr'><strong>cessitate</strong></span> <span class='ocrx_word' id='word_1_125' title='bbox 744 1647 1041 1713; x_wconf 85' lang='lat' dir='ltr'><strong>turbantur,</strong></span> <span class='ocrx_word' id='word_1_126' title='bbox 1098 1662 1163 1699; x_wconf 84' lang='lat' dir='ltr'><strong>ne</strong></span> <span class='ocrx_word' id='word_1_127' title='bbox 1207 1646 1544 1712; x_wconf 87' lang='lat' dir='ltr'><strong>desperando</strong></span> <span class='ocrx_word' id='word_1_128' title='bbox 1574 1660 1809 1714; x_wconf 88' lang='lat' dir='ltr'><strong>pereant,</strong></span> <span class='ocrx_word' id='word_1_129' title='bbox 1840 1664 2035 1703; x_wconf 90' lang='lat' dir='ltr'><strong>conso-</strong></span> 
     </span>
    </p>
   </div>
   <div class='ocr_carea' id='block_1_18' title="bbox 464 1734 2033 1807">
    <p class='ocr_par' dir='ltr' id='par_1_18' title="bbox 464 1734 2033 1807">
     <span class='ocr_line' id='line_1_18' title="bbox 464 1734 2033 1807; baseline 0.004 -22"><span class='ocrx_word' id='word_1_130' title='bbox 464 1736 607 1787; x_wconf 90' lang='lat' dir='ltr'><strong>laris.</strong></span> <span class='ocrx_word' id='word_1_131' title='bbox 634 1736 764 1787; x_wconf 82' lang='lat' dir='ltr'><strong>Audi</strong></span> <span class='ocrx_word' id='word_1_132' title='bbox 796 1750 943 1802; x_wconf 79' lang='lat' dir='ltr'><strong>ergo,</strong></span> <span class='ocrx_word' id='word_1_133' title='bbox 971 1750 1003 1789; x_wconf 92' lang='grc' dir='ltr'>ο</span> <span class='ocrx_word' id='word_1_134' title='bbox 1025 1736 1180 1789; x_wconf 87' lang='lat' dir='ltr'><strong>miles</strong></span> <span class='ocrx_word' id='word_1_135' title='bbox 1212 1734 1431 1805; x_wconf 85' lang='lat' dir='ltr'><strong>Christi,</strong></span> <span class='ocrx_word' id='word_1_136' title='bbox 1459 1737 1580 1805; x_wconf 90' lang='lat' dir='ltr'><strong>quid</strong></span> <span class='ocrx_word' id='word_1_137' title='bbox 1607 1738 1802 1791; x_wconf 87' lang='lat' dir='ltr'><strong>deinde</strong></span> <span class='ocrx_word' id='word_1_138' title='bbox 1823 1738 2033 1807; x_wconf 85' lang='lat' dir='ltr'><strong>subjun-</strong></span> 
     </span>
    </p>
   </div>
   <div class='ocr_carea' id='block_1_19' title="bbox 2200 554 3718 625">
    <p class='ocr_par' dir='ltr' id='par_1_19' title="bbox 2200 554 3718 625">
     <span class='ocr_line' id='line_1_19' title="bbox 2200 554 3718 625; baseline 0.003 -17"><span class='ocrx_word' id='word_1_139' title='bbox 2200 554 2371 609; x_wconf 88' lang='lat' dir='ltr'><strong>Turba</strong></span> <span class='ocrx_word' id='word_1_140' title='bbox 2398 572 2514 625; x_wconf 85' lang='lat' dir='ltr'><strong>ergo</strong></span> <span class='ocrx_word' id='word_1_141' title='bbox 2542 574 2654 624; x_wconf 72' lang='lat' dir='ltr'><strong>quae</strong></span> <span class='ocrx_word' id='word_1_142' title='bbox 2682 558 2844 611; x_wconf 77' lang='lat' dir='ltr'><strong>stabat</strong></span> <span class='ocrx_word' id='word_1_143' title='bbox 2865 569 2910 612; x_wconf 92' lang='lat' dir='ltr'><strong>et</strong></span> <span class='ocrx_word' id='word_1_144' title='bbox 2938 559 3189 623; x_wconf 83' lang='lat' dir='ltr'><strong>audiebat,</strong></span> <span class='ocrx_word' id='word_1_145' title='bbox 3205 561 3395 614; x_wconf 84' lang='lat' dir='ltr'><strong>dicebat</strong></span> <span class='ocrx_word' id='word_1_146' title='bbox 3418 563 3718 615; x_wconf 76' lang='lat' dir='ltr'><strong>tonitruum</strong></span> 
     </span>
    </p>
   </div>
   <div class='ocr_carea' id='block_1_20' title="bbox 2131 648 3722 720">
    <p class='ocr_par' dir='ltr' id='par_1_20' title="bbox 2131 648 3722 720">
     <span class='ocr_line' id='line_1_20' title="bbox 2131 648 3722 720; baseline 0.005 -23"><span class='ocrx_word' id='word_1_147' title='bbox 2131 648 2317 714; x_wconf 79' lang='lat' dir='ltr'><strong>factum</strong></span> <span class='ocrx_word' id='word_1_148' title='bbox 2345 664 2469 704; x_wconf 83' lang='lat' dir='ltr'><strong>esse.</strong></span> <span class='ocrx_word' id='word_1_149' title='bbox 2492 648 2595 701; x_wconf 79' lang='lat' dir='ltr'><strong>Alii</strong></span> <span class='ocrx_word' id='word_1_150' title='bbox 2624 650 2853 702; x_wconf 83' lang='lat' dir='ltr'><strong>dicebant</strong></span> <span class='ocrx_word' id='word_1_151' title='bbox 2886 667 2899 701; x_wconf 74' lang='grc' dir='ltr'>ε</span> <span class='ocrx_word' id='word_1_152' title='bbox 2926 650 3149 720; x_wconf 77' lang='lat' dir='ltr'><strong>Angelus</strong></span> <span class='ocrx_word' id='word_1_153' title='bbox 3182 652 3227 704; x_wconf 88' lang='lat' dir='ltr'><strong>ei</strong></span> <span class='ocrx_word' id='word_1_154' title='bbox 3252 654 3448 705; x_wconf 78' lang='lat' dir='ltr'><strong>locutus</strong></span> <span class='ocrx_word' id='word_1_155' title='bbox 3471 661 3567 706; x_wconf 87' lang='lat' dir='ltr'><strong>est.</strong></span> <span class='ocrx_word' id='word_1_156' title='bbox 3602 652 3722 706; x_wconf 80' lang='lat' dir='ltr'><strong>Re—</strong></span> 
     </span>
    </p>
   </div>
   <div class='ocr_carea' id='block_1_21' title="bbox 2129 739 3716 809">
    <p class='ocr_par' dir='ltr' id='par_1_21' title="bbox 2129 739 3716 809">
     <span class='ocr_line' id='line_1_21' title="bbox 2129 739 3716 809; baseline 0.002 -18"><span class='ocrx_word' id='word_1_157' title='bbox 2129 739 2331 805; x_wconf 80' lang='lat' dir='ltr'><strong>spondit</strong></span> <span class='ocrx_word' id='word_1_158' title='bbox 2351 739 2520 805; x_wconf 88' lang='lat' dir='ltr'><strong>Jesus,</strong></span> <span class='ocrx_word' id='word_1_159' title='bbox 2552 748 2597 792; x_wconf 86' lang='lat' dir='ltr'><strong>et</strong></span> <span class='ocrx_word' id='word_1_160' title='bbox 2616 740 2748 792; x_wconf 76' lang='lat' dir='ltr'><strong>dixit</strong></span> <span class='ocrx_word' id='word_1_161' title='bbox 2779 756 2797 793; x_wconf 92' lang='lat'><strong><em>:</em></strong></span> <span class='ocrx_word' id='word_1_162' title='bbox 2825 740 2941 793; x_wconf 79' lang='lat' dir='ltr'><strong>Non</strong></span> <span class='ocrx_word' id='word_1_163' title='bbox 2965 753 3168 809; x_wconf 81' lang='lat' dir='ltr'><strong>propter</strong></span> <span class='ocrx_word' id='word_1_164' title='bbox 3193 758 3270 795; x_wconf 90' lang='lat' dir='ltr'><strong>me</strong></span> <span class='ocrx_word' id='word_1_165' title='bbox 3289 760 3384 796; x_wconf 67' lang='lat' dir='ltr'><strong>vos:</strong></span> <span class='ocrx_word' id='word_1_166' title='bbox 3408 744 3517 796; x_wconf 68' lang='lat' dir='ltr'><strong>ha‘c</strong></span> <span class='ocrx_word' id='word_1_167' title='bbox 3543 746 3716 808; x_wconf 73' lang='lat' dir='ltr'><strong>venit,</strong></span> 
     </span>
    </p>
   </div>
   <div class='ocr_carea' id='block_1_22' title="bbox 2131 830 3716 897">
    <p class='ocr_par' dir='ltr' id='par_1_22' title="bbox 2131 830 3716 897">
     <span class='ocr_line' id='line_1_22' title="bbox 2131 830 3716 897; baseline 0.003 -16"><span class='ocrx_word' id='word_1_168' title='bbox 2131 830 2218 882; x_wconf 91' lang='lat' dir='ltr'><strong>sed</strong></span> <span class='ocrx_word' id='word_1_169' title='bbox 2250 841 2453 897; x_wconf 85' lang='lat' dir='ltr'><strong>propter</strong></span> <span class='ocrx_word' id='word_1_170' title='bbox 2480 846 2585 883; x_wconf 83' lang='lat' dir='ltr'><strong>vos.</strong></span> <span class='ocrx_word' id='word_1_171' title='bbox 2616 830 2710 883; x_wconf 85' lang='lat' dir='ltr'><strong>llic</strong></span> <span class='ocrx_word' id='word_1_172' title='bbox 2742 830 2973 884; x_wconf 83' lang='lat' dir='ltr'><strong>ostendit</strong></span> <span class='ocrx_word' id='word_1_173' title='bbox 2998 832 3084 885; x_wconf 90' lang='lat' dir='ltr'><strong>illa</strong></span> <span class='ocrx_word' id='word_1_174' title='bbox 3112 833 3224 885; x_wconf 82' lang='lat' dir='ltr'><strong>vice</strong></span> <span class='ocrx_word' id='word_1_175' title='bbox 3250 848 3352 885; x_wconf 92' lang='lat' dir='ltr'><strong>non</strong></span> <span class='ocrx_word' id='word_1_176' title='bbox 3378 833 3477 887; x_wconf 89' lang='lat' dir='ltr'><strong>sibi</strong></span> <span class='ocrx_word' id='word_1_177' title='bbox 3504 833 3716 886; x_wconf 81' lang='lat' dir='ltr'><strong>indica-</strong></span> 
     </span>
    </p>
   </div>
   <div class='ocr_carea' id='block_1_23' title="bbox 2133 921 3716 992">
    <p class='ocr_par' dir='ltr' id='par_1_23' title="bbox 2133 921 3716 992">
     <span class='ocr_line' id='line_1_23' title="bbox 2133 921 3716 992; baseline 0.003 -19"><span class='ocrx_word' id='word_1_178' title='bbox 2133 931 2240 973; x_wconf 91' lang='lat' dir='ltr'><strong>tum</strong></span> <span class='ocrx_word' id='word_1_179' title='bbox 2270 923 2407 989; x_wconf 92' lang='lat' dir='ltr'><strong>quod</strong></span> <span class='ocrx_word' id='word_1_180' title='bbox 2433 922 2539 989; x_wconf 90' lang='lat' dir='ltr'><strong>jam</strong></span> <span class='ocrx_word' id='word_1_181' title='bbox 2571 921 2793 987; x_wconf 80' lang='lat' dir='ltr'><strong>sciebat,</strong></span> <span class='ocrx_word' id='word_1_182' title='bbox 2825 922 2917 975; x_wconf 88' lang='lat' dir='ltr'><strong>sed</strong></span> <span class='ocrx_word' id='word_1_183' title='bbox 2951 924 3028 977; x_wconf 91' lang='lat' dir='ltr'><strong>eis</strong></span> <span class='ocrx_word' id='word_1_184' title='bbox 3068 924 3260 991; x_wconf 89' lang='lat' dir='ltr'><strong>quibus</strong></span> <span class='ocrx_word' id='word_1_185' title='bbox 3290 924 3514 977; x_wconf 86' lang='lat' dir='ltr'><strong>indicari</strong></span> <span class='ocrx_word' id='word_1_186' title='bbox 3539 937 3716 992; x_wconf 82' lang='lat' dir='ltr'><strong>Opor-</strong></span> 
     </span>
    </p>
   </div>
   <div class='ocr_carea' id='block_1_24' title="bbox 2133 1012 3709 1081">
    <p class='ocr_par' dir='ltr' id='par_1_24' title="bbox 2133 1012 3709 1081">
     <span class='ocr_line' id='line_1_24' title="bbox 2133 1012 3709 1081; baseline 0 -16"><span class='ocrx_word' id='word_1_187' title='bbox 2133 1013 2477 1066; x_wconf 86' lang='lat' dir='ltr'><strong>tebat..Sicut</strong></span> <span class='ocrx_word' id='word_1_188' title='bbox 2526 1021 2702 1065; x_wconf 90' lang='lat' dir='ltr'><strong>autem</strong></span> <span class='ocrx_word' id='word_1_189' title='bbox 2752 1013 2837 1065; x_wconf 91' lang='lat' dir='ltr'><strong>illa</strong></span> <span class='ocrx_word' id='word_1_190' title='bbox 2888 1029 2989 1068; x_wconf 82' lang='lat' dir='ltr'><strong>vox</strong></span> <span class='ocrx_word' id='word_1_191' title='bbox 3035 1029 3138 1067; x_wconf 93' lang='lat' dir='ltr'><strong>non</strong></span> <span class='ocrx_word' id='word_1_192' title='bbox 3188 1024 3399 1081; x_wconf 83' lang='lat' dir='ltr'><strong>prapter</strong></span> <span class='ocrx_word' id='word_1_193' title='bbox 3428 1029 3571 1076; x_wconf 89' lang='lat' dir='ltr'><strong>eum,</strong></span> <span class='ocrx_word' id='word_1_194' title='bbox 3600 1012 3709 1067; x_wconf 85' lang='lat' dir='ltr'><strong>sed</strong></span> 
     </span>
    </p>
   </div>
   <div class='ocr_carea' id='block_1_25' title="bbox 2135 1100 3712 1171">
    <p class='ocr_par' dir='ltr' id='par_1_25' title="bbox 2135 1100 3712 1171">
     <span class='ocr_line' id='line_1_25' title="bbox 2135 1100 3712 1171; baseline -0.002 -16"><span class='ocrx_word' id='word_1_195' title='bbox 2135 1114 2349 1171; x_wconf 88' lang='lat' dir='ltr'><strong>propter</strong></span> <span class='ocrx_word' id='word_1_196' title='bbox 2381 1103 2500 1156; x_wconf 91' lang='lat' dir='ltr'><strong>illos</strong></span> <span class='ocrx_word' id='word_1_197' title='bbox 2523 1102 2777 1156; x_wconf 83' lang='lat' dir='ltr'><strong>divinitus</strong></span> <span class='ocrx_word' id='word_1_198' title='bbox 2806 1100 2940 1155; x_wconf 83' lang='lat' dir='ltr'><strong>facta</strong></span> <span class='ocrx_word' id='word_1_199' title='bbox 2972 1113 3074 1169; x_wconf 91' lang='lat' dir='ltr'><strong>est,</strong></span> <span class='ocrx_word' id='word_1_200' title='bbox 3105 1104 3179 1156; x_wconf 91' lang='lat' dir='ltr'><strong>sic</strong></span> <span class='ocrx_word' id='word_1_201' title='bbox 3213 1103 3384 1156; x_wconf 90' lang='lat' dir='ltr'><strong>anima</strong></span> <span class='ocrx_word' id='word_1_202' title='bbox 3426 1102 3545 1171; x_wconf 87' lang='lat' dir='ltr'><strong>ejus</strong></span> <span class='ocrx_word' id='word_1_203' title='bbox 3592 1117 3712 1155; x_wconf 85' lang='lat' dir='ltr'><strong>non</strong></span> 
     </span>
    </p>
   </div>
   <div class='ocr_carea' id='block_1_26' title="bbox 2135 1194 3711 1262">
    <p class='ocr_par' dir='ltr' id='par_1_26' title="bbox 2135 1194 3711 1262">
     <span class='ocr_line' id='line_1_26' title="bbox 2135 1194 3711 1262; baseline -0.001 -17"><span class='ocrx_word' id='word_1_204' title='bbox 2135 1203 2349 1262; x_wconf 75' lang='lat' dir='ltr'><strong>propter</strong></span> <span class='ocrx_word' id='word_1_205' title='bbox 2374 1209 2516 1254; x_wconf 87' lang='lat' dir='ltr'><strong>eum,</strong></span> <span class='ocrx_word' id='word_1_206' title='bbox 2535 1196 2627 1247; x_wconf 85' lang='lat' dir='ltr'><strong>sed</strong></span> <span class='ocrx_word' id='word_1_207' title='bbox 2661 1202 2875 1261; x_wconf 88' lang='lat' dir='ltr'><strong>propter</strong></span> <span class='ocrx_word' id='word_1_208' title='bbox 2902 1194 3035 1246; x_wconf 89' lang='lat' dir='ltr'><strong>alios</strong></span> <span class='ocrx_word' id='word_1_209' title='bbox 3063 1194 3325 1248; x_wconf 83' lang='lat' dir='ltr'><strong>voluntate</strong></span> <span class='ocrx_word' id='word_1_210' title='bbox 3358 1196 3562 1247; x_wconf 79' lang='lat' dir='ltr'><strong>turbata</strong></span> <span class='ocrx_word' id='word_1_211' title='bbox 3593 1202 3711 1246; x_wconf 80' lang='lat' dir='ltr'><strong>est.</strong></span> 
     </span>
    </p>
   </div>
   <div class='ocr_carea' id='block_1_27' title="bbox 2208 1283 3717 1355">
    <p class='ocr_par' dir='ltr' id='par_1_27' title="bbox 2208 1283 3717 1355">
     <span class='ocr_line' id='line_1_27' title="bbox 2208 1283 3717 1355; baseline 0 -18"><span class='ocrx_word' id='word_1_212' title='bbox 2208 1283 2361 1339; x_wconf 87' lang='lat' dir='ltr'><strong>Nunc</strong></span> <span class='ocrx_word' id='word_1_213' title='bbox 2380 1287 2638 1355; x_wconf 80' lang='lat' dir='ltr'><strong>judicium</strong></span> <span class='ocrx_word' id='word_1_214' title='bbox 2669 1296 2740 1339; x_wconf 87' lang='lat' dir='ltr'><strong>est</strong></span> <span class='ocrx_word' id='word_1_215' title='bbox 2761 1287 2957 1338; x_wconf 86' lang='lat' dir='ltr'><strong>mundi.</strong></span> <span class='ocrx_word' id='word_1_216' title='bbox 2989 1285 3103 1340; x_wconf 85' lang='lat' dir='ltr'><strong>Non</strong></span> <span class='ocrx_word' id='word_1_217' title='bbox 3135 1287 3274 1339; x_wconf 91' lang='lat' dir='ltr'><strong>enim</strong></span> <span class='ocrx_word' id='word_1_218' title='bbox 3302 1286 3368 1340; x_wconf 93' lang='lat' dir='ltr'><strong>de</strong></span> <span class='ocrx_word' id='word_1_219' title='bbox 3398 1284 3577 1340; x_wconf 78' lang='lat' dir='ltr'><strong>futuro</strong></span> <span class='ocrx_word' id='word_1_220' title='bbox 3616 1287 3717 1354; x_wconf 75' lang='lat' dir='ltr'><strong>ju-</strong></span> 
     </span>
    </p>
   </div>
   <div class='ocr_carea' id='block_1_28' title="bbox 2134 1374 3714 1444">
    <p class='ocr_par' dir='ltr' id='par_1_28' title="bbox 2134 1374 3714 1444">
     <span class='ocr_line' id='line_1_28' title="bbox 2134 1374 3714 1444; baseline 0.001 -17"><span class='ocrx_word' id='word_1_221' title='bbox 2134 1374 2274 1428; x_wconf 92' lang='lat' dir='ltr'><strong>dicio</strong></span> <span class='ocrx_word' id='word_1_222' title='bbox 2302 1376 2399 1428; x_wconf 92' lang='lat' dir='ltr'><strong>hoc</strong></span> <span class='ocrx_word' id='word_1_223' title='bbox 2426 1376 2625 1429; x_wconf 88' lang='lat' dir='ltr'><strong>dictum</strong></span> <span class='ocrx_word' id='word_1_224' title='bbox 2652 1391 2771 1429; x_wconf 87' lang='lat' dir='ltr'><strong>esse</strong></span> <span class='ocrx_word' id='word_1_225' title='bbox 2799 1385 3065 1444; x_wconf 88' lang='lat' dir='ltr'><strong>putamus,</strong></span> <span class='ocrx_word' id='word_1_226' title='bbox 3098 1377 3235 1444; x_wconf 91' lang='lat' dir='ltr'><strong>quod</strong></span> <span class='ocrx_word' id='word_1_227' title='bbox 3278 1376 3328 1429; x_wconf 91' lang='lat' dir='ltr'><strong>in</strong></span> <span class='ocrx_word' id='word_1_228' title='bbox 3370 1376 3474 1429; x_wconf 87' lang='lat' dir='ltr'><strong>ﬁne</strong></span> <span class='ocrx_word' id='word_1_229' title='bbox 3517 1376 3714 1429; x_wconf 78' lang='lat' dir='ltr'><strong>mundi</strong></span> 
     </span>
    </p>
   </div>
   <div class='ocr_carea' id='block_1_29' title="bbox 2138 1466 3715 1537">
    <p class='ocr_par' dir='ltr' id='par_1_29' title="bbox 2138 1466 3715 1537">
     <span class='ocr_line' id='line_1_29' title="bbox 2138 1466 3715 1537; baseline -0.001 -18"><span class='ocrx_word' id='word_1_230' title='bbox 2138 1467 2367 1520; x_wconf 81' lang='lat' dir='ltr'><strong>futurum</strong></span> <span class='ocrx_word' id='word_1_231' title='bbox 2398 1476 2497 1530; x_wconf 91' lang='lat' dir='ltr'><strong>cst,</strong></span> <span class='ocrx_word' id='word_1_232' title='bbox 2532 1467 2618 1520; x_wconf 91' lang='lat' dir='ltr'><strong>ubi</strong></span> <span class='ocrx_word' id='word_1_233' title='bbox 2651 1466 2771 1520; x_wconf 88' lang='lat' dir='ltr'><strong>boni</strong></span> <span class='ocrx_word' id='word_1_234' title='bbox 2805 1476 2857 1521; x_wconf 93' lang='lat' dir='ltr'><strong>et</strong></span> <span class='ocrx_word' id='word_1_235' title='bbox 2904 1468 3027 1520; x_wconf 89' lang='lat' dir='ltr'><strong>mali</strong></span> <span class='ocrx_word' id='word_1_236' title='bbox 3073 1466 3457 1535; x_wconf 88' lang='lat' dir='ltr'><strong>separabuntur</strong></span> <span class='ocrx_word' id='word_1_237' title='bbox 3506 1478 3715 1537; x_wconf 72' lang='lat' dir='ltr'><strong>teter&quot;:</strong></span> 
     </span>
    </p>
   </div>
   <div class='ocr_carea' id='block_1_30' title="bbox 2135 1559 3711 1627">
    <p class='ocr_par' dir='ltr' id='par_1_30' title="bbox 2135 1559 3711 1627">
     <span class='ocr_line' id='line_1_30' title="bbox 2135 1559 3711 1627; baseline -0.004 -13"><span class='ocrx_word' id='word_1_238' title='bbox 2135 1559 2421 1624; x_wconf 87' lang='lat' dir='ltr'><strong>divisione,</strong></span> <span class='ocrx_word' id='word_1_239' title='bbox 2448 1560 2541 1613; x_wconf 89' lang='lat' dir='ltr'><strong>sed</strong></span> <span class='ocrx_word' id='word_1_240' title='bbox 2572 1561 2637 1614; x_wconf 92' lang='lat' dir='ltr'><strong>de</strong></span> <span class='ocrx_word' id='word_1_241' title='bbox 2661 1560 2859 1627; x_wconf 90' lang='lat' dir='ltr'><strong>judicio</strong></span> <span class='ocrx_word' id='word_1_242' title='bbox 2889 1559 3027 1625; x_wconf 86' lang='lat' dir='ltr'><strong>quod</strong></span> <span class='ocrx_word' id='word_1_243' title='bbox 3062 1559 3292 1627; x_wconf 88' lang='lat' dir='ltr'><strong>quotidie</strong></span> <span class='ocrx_word' id='word_1_244' title='bbox 3320 1559 3372 1611; x_wconf 91' lang='lat' dir='ltr'><strong>in</strong></span> <span class='ocrx_word' id='word_1_245' title='bbox 3402 1570 3583 1613; x_wconf 86' lang='lat' dir='ltr'><strong>sancta</strong></span> <span class='ocrx_word' id='word_1_246' title='bbox 3610 1560 3711 1610; x_wconf 87' lang='lat' dir='ltr'><strong>Dei</strong></span> 
     </span>
    </p>
   </div>
   <div class='ocr_carea' id='block_1_31' title="bbox 2137 1648 3715 1716">
    <p class='ocr_par' dir='ltr' id='par_1_31' title="bbox 2137 1648 3715 1716">
     <span class='ocr_line' id='line_1_31' title="bbox 2137 1648 3715 1716; baseline -0.002 -13"><span class='ocrx_word' id='word_1_247' title='bbox 2137 1649 2377 1703; x_wconf 84' lang='lat' dir='ltr'><strong>Ecclesia</strong></span> <span class='ocrx_word' id='word_1_248' title='bbox 2410 1650 2547 1703; x_wconf 83' lang='lat' dir='ltr'><strong>Solet</strong></span> <span class='ocrx_word' id='word_1_249' title='bbox 2574 1664 2719 1703; x_wconf 89' lang='lat' dir='ltr'><strong>esse.</strong></span> <span class='ocrx_word' id='word_1_250' title='bbox 2756 1648 3068 1702; x_wconf 88' lang='lat' dir='ltr'><strong>Possidebat</strong></span> <span class='ocrx_word' id='word_1_251' title='bbox 3100 1664 3223 1716; x_wconf 86' lang='lat' dir='ltr'><strong>ergo</strong></span> <span class='ocrx_word' id='word_1_252' title='bbox 3246 1648 3489 1702; x_wconf 83' lang='lat' dir='ltr'><strong>diabolus</strong></span> <span class='ocrx_word' id='word_1_253' title='bbox 3535 1662 3715 1715; x_wconf 85' lang='lat' dir='ltr'><strong>genus</strong></span> 
     </span>
    </p>
   </div>
   <div class='ocr_carea' id='block_1_32' title="bbox 2139 1737 3715 1805">
    <p class='ocr_par' dir='ltr' id='par_1_32' title="bbox 2139 1737 3715 1805">
     <span class='ocr_line' id='line_1_32' title="bbox 2139 1737 3715 1805; baseline -0.001 -14"><span class='ocrx_word' id='word_1_254' title='bbox 2139 1739 2445 1802; x_wconf 88' lang='lat' dir='ltr'><strong>lmmanum,</strong></span> <span class='ocrx_word' id='word_1_255' title='bbox 2475 1749 2527 1792; x_wconf 90' lang='lat' dir='ltr'><strong>et</strong></span> <span class='ocrx_word' id='word_1_256' title='bbox 2555 1753 2677 1793; x_wconf 89' lang='lat' dir='ltr'><strong>reos</strong></span> <span class='ocrx_word' id='word_1_257' title='bbox 2707 1739 3085 1804; x_wconf 81' lang='lat' dir='ltr'><strong>simpliciorum</strong></span> <span class='ocrx_word' id='word_1_258' title='bbox 3118 1738 3324 1792; x_wconf 82' lang='lat' dir='ltr'><strong>tenebat</strong></span> <span class='ocrx_word' id='word_1_259' title='bbox 3347 1737 3715 1805; x_wconf 82' lang='lat' dir='ltr'><strong>chirographo</strong></span> 
     </span>
    </p>
   </div>
   <div class='ocr_carea' id='block_1_33' title="bbox 459 1824 3710 1901">
    <p class='ocr_par' dir='ltr' id='par_1_33' title="bbox 459 1824 3710 1901">
     <span class='ocr_line' id='line_1_33' title="bbox 459 1824 3710 1901; baseline 0.002 -26"><span class='ocrx_word' id='word_1_260' title='bbox 459 1835 564 1894; x_wconf 86' lang='lat' dir='ltr'><strong>gat.</strong></span> <span class='ocrx_word' id='word_1_261' title='bbox 595 1824 725 1878; x_wconf 92' lang='lat' dir='ltr'><strong>Cum</strong></span> <span class='ocrx_word' id='word_1_262' title='bbox 762 1825 981 1879; x_wconf 82' lang='lat' dir='ltr'><strong>dixisset</strong></span> <span class='ocrx_word' id='word_1_263' title='bbox 1011 1844 1023 1878; x_wconf 91' lang='lat'><strong>:</strong></span> <span class='ocrx_word' id='word_1_264' title='bbox 1060 1825 1215 1879; x_wconf 83' lang='lat' dir='ltr'><strong>Nunc</strong></span> <span class='ocrx_word' id='word_1_265' title='bbox 1241 1828 1412 1881; x_wconf 88' lang='lat' dir='ltr'><strong>anima</strong></span> <span class='ocrx_word' id='word_1_266' title='bbox 1442 1846 1549 1881; x_wconf 89' lang='lat' dir='ltr'><strong>mea</strong></span> <span class='ocrx_word' id='word_1_267' title='bbox 1581 1830 1778 1882; x_wconf 87' lang='lat' dir='ltr'><strong>turbata</strong></span> <span class='ocrx_word' id='word_1_268' title='bbox 1827 1839 1919 1884; x_wconf 80' lang='lat' dir='ltr'><strong>est.</strong></span> <span class='ocrx_word' id='word_1_269' title='bbox 1969 1831 2034 1883; x_wconf 88' lang='lat' dir='ltr'><strong>Et</strong></span> <span class='ocrx_word' id='word_1_270' title='bbox 2068 1833 2111 1890; x_wconf 86' lang='grc' dir='ltr'><strong>Β</strong></span> <span class='ocrx_word' id='word_1_271' title='bbox 2139 1842 2493 1901; x_wconf 84' lang='lat' dir='ltr'><strong>peccatorum,</strong></span> <span class='ocrx_word' id='word_1_272' title='bbox 2520 1830 2889 1884; x_wconf 89' lang='lat' dir='ltr'><strong>dominabatur</strong></span> <span class='ocrx_word' id='word_1_273' title='bbox 2913 1830 2966 1883; x_wconf 93' lang='lat' dir='ltr'><strong>in</strong></span> <span class='ocrx_word' id='word_1_274' title='bbox 2996 1830 3245 1884; x_wconf 82' lang='lat' dir='ltr'><strong>cordibus</strong></span> <span class='ocrx_word' id='word_1_275' title='bbox 3276 1828 3586 1883; x_wconf 82' lang='lat' dir='ltr'><strong>inﬁdelium.</strong></span> <span class='ocrx_word' id='word_1_276' title='bbox 3620 1831 3710 1884; x_wconf 75' lang='lat' dir='ltr'><strong>At]</strong></span> 
     </span>
    </p>
   </div>
   <div class='ocr_carea' id='block_1_34' title="bbox 462 1916 1060 1984">
    <p class='ocr_par' dir='ltr' id='par_1_34' title="bbox 462 1916 1060 1984">
     <span class='ocr_line' id='line_1_34' title="bbox 462 1916 1060 1984; baseline 0.005 -17"><span class='ocrx_word' id='word_1_277' title='bbox 462 1916 582 1984; x_wconf 79' lang='lat' dir='ltr'><strong>quid</strong></span> <span class='ocrx_word' id='word_1_278' title='bbox 615 1916 817 1979; x_wconf 83' lang='lat' dir='ltr'><strong>dicam,</strong></span> <span class='ocrx_word' id='word_1_279' title='bbox 850 1918 1016 1982; x_wconf 84' lang='lat' dir='ltr'><strong>inquit</strong></span> <span class='ocrx_word' id='word_1_280' title='bbox 1048 1935 1060 1970; x_wconf 91' lang='lat'>:</span> 
     </span>
    </p>
   </div>
   <div class='ocr_carea' id='block_1_35' title="bbox 534 2006 2032 2082">
    <p class='ocr_par' dir='ltr' id='par_1_35' title="bbox 534 2006 2032 2082">
     <span class='ocr_line' id='line_1_35' title="bbox 534 2006 2032 2082; baseline 0.005 -24"><span class='ocrx_word' id='word_1_281' title='bbox 534 2006 705 2071; x_wconf 78' lang='lat' dir='ltr'><strong>Pater,</strong></span> <span class='ocrx_word' id='word_1_282' title='bbox 731 2008 955 2073; x_wconf 76' lang='lat' dir='ltr'><strong>salviﬁca</strong></span> <span class='ocrx_word' id='word_1_283' title='bbox 982 2026 1060 2062; x_wconf 86' lang='lat' dir='ltr'><strong>me</strong></span> <span class='ocrx_word' id='word_1_284' title='bbox 1080 2025 1141 2063; x_wconf 81' lang='lat' dir='ltr'><strong>ea:</strong></span> <span class='ocrx_word' id='word_1_285' title='bbox 1162 2010 1256 2063; x_wconf 82' lang='lat' dir='ltr'><strong>hac</strong></span> <span class='ocrx_word' id='word_1_286' title='bbox 1288 2012 1433 2075; x_wconf 85' lang='lat' dir='ltr'><strong>hora,</strong></span> <span class='ocrx_word' id='word_1_287' title='bbox 1460 2012 1546 2065; x_wconf 83' lang='lat' dir='ltr'><strong>set!</strong></span> <span class='ocrx_word' id='word_1_288' title='bbox 1574 2020 1835 2082; x_wconf 80' lang='lat' dir='ltr'><strong>prapterea</strong></span> <span class='ocrx_word' id='word_1_289' title='bbox 1852 2012 1961 2064; x_wconf 85' lang='lat' dir='ltr'><strong>veni</strong></span> <span class='ocrx_word' id='word_1_290' title='bbox 1980 2011 2032 2065; x_wconf 86' lang='lat' dir='ltr'><strong>in</strong></span> 
     </span>
    </p>
   </div>
   <div class='ocr_carea' id='block_1_36' title="bbox 462 2099 2030 2167">
    <p class='ocr_par' dir='ltr' id='par_1_36' title="bbox 462 2099 2030 2167">
     <span class='ocr_line' id='line_1_36' title="bbox 462 2099 2030 2167; baseline 0.004 -17"><span class='ocrx_word' id='word_1_291' title='bbox 462 2106 589 2151; x_wconf 77' lang='lat' dir='ltr'><strong>hanc</strong></span> <span class='ocrx_word' id='word_1_292' title='bbox 610 2100 805 2152; x_wconf 78' lang='lat' dir='ltr'><strong>horam.</strong></span> <span class='ocrx_word' id='word_1_293' title='bbox 840 2099 1014 2164; x_wconf 77' lang='lat' dir='ltr'><strong>Pater,</strong></span> <span class='ocrx_word' id='word_1_294' title='bbox 1042 2102 1268 2167; x_wconf 72' lang='lat' dir='ltr'><strong>clariﬁca</strong></span> <span class='ocrx_word' id='word_1_295' title='bbox 1312 2114 1451 2156; x_wconf 85' lang='lat' dir='ltr'><strong>tuum</strong></span> <span class='ocrx_word' id='word_1_296' title='bbox 1498 2120 1699 2159; x_wconf 78' lang='lat' dir='ltr'><strong>nomen.</strong></span> <span class='ocrx_word' id='word_1_297' title='bbox 1752 2105 1938 2157; x_wconf 84' lang='lat' dir='ltr'><strong>Docuit</strong></span> <span class='ocrx_word' id='word_1_298' title='bbox 1980 2114 2030 2157; x_wconf 92' lang='lat' dir='ltr'><strong>te</strong></span> 
     </span>
    </p>
   </div>
   <div class='ocr_carea' id='block_1_37' title="bbox 461 2189 2028 2262">
    <p class='ocr_par' dir='ltr' id='par_1_37' title="bbox 461 2189 2028 2262">
     <span class='ocr_line' id='line_1_37' title="bbox 461 2189 2028 2262; baseline 0.006 -24"><span class='ocrx_word' id='word_1_299' title='bbox 461 2189 585 2255; x_wconf 82' lang='lat' dir='ltr'><strong>quit]</strong></span> <span class='ocrx_word' id='word_1_300' title='bbox 638 2192 857 2257; x_wconf 83' lang='lat' dir='ltr'><strong>cogites,</strong></span> <span class='ocrx_word' id='word_1_301' title='bbox 892 2192 1075 2244; x_wconf 89' lang='lat' dir='ltr'><strong>docuit</strong></span> <span class='ocrx_word' id='word_1_302' title='bbox 1129 2192 1254 2259; x_wconf 83' lang='lat' dir='ltr'><strong>quid</strong></span> <span class='ocrx_word' id='word_1_303' title='bbox 1302 2194 1468 2259; x_wconf 89' lang='lat' dir='ltr'><strong>dicas,</strong></span> <span class='ocrx_word' id='word_1_304' title='bbox 1498 2210 1657 2262; x_wconf 90' lang='lat' dir='ltr'><strong>quem</strong></span> <span class='ocrx_word' id='word_1_305' title='bbox 1708 2196 1943 2259; x_wconf 88' lang='lat' dir='ltr'><strong>invoces,</strong></span> <span class='ocrx_word' id='word_1_306' title='bbox 1976 2195 2028 2248; x_wconf 92' lang='lat' dir='ltr'><strong>in</strong></span> 
     </span>
    </p>
   </div>
   <div class='ocr_carea' id='block_1_38' title="bbox 462 2281 2027 2351">
    <p class='ocr_par' dir='ltr' id='par_1_38' title="bbox 462 2281 2027 2351">
     <span class='ocr_line' id='line_1_38' title="bbox 462 2281 2027 2351; baseline 0.005 -22"><span class='ocrx_word' id='word_1_307' title='bbox 462 2294 567 2344; x_wconf 90' lang='lat' dir='ltr'><strong>quo</strong></span> <span class='ocrx_word' id='word_1_308' title='bbox 592 2294 797 2347; x_wconf 74' lang='lat' dir='ltr'><strong>speres,</strong></span> <span class='ocrx_word' id='word_1_309' title='bbox 827 2281 977 2349; x_wconf 83' lang='lat' dir='ltr'><strong>cujus</strong></span> <span class='ocrx_word' id='word_1_310' title='bbox 1009 2282 1334 2336; x_wconf 84' lang='lat' dir='ltr'><strong>voluntatem</strong></span> <span class='ocrx_word' id='word_1_311' title='bbox 1364 2294 1562 2337; x_wconf 84' lang='lat' dir='ltr'><strong>certam</strong></span> <span class='ocrx_word' id='word_1_312' title='bbox 1592 2294 1751 2351; x_wconf 88' lang='lat' dir='ltr'><strong>atque</strong></span> <span class='ocrx_word' id='word_1_313' title='bbox 1800 2287 2027 2339; x_wconf 86' lang='lat' dir='ltr'><strong>divinam</strong></span> 
     </span>
    </p>
   </div>
   <div class='ocr_carea' id='block_1_39' title="bbox 468 2370 2029 2443">
    <p class='ocr_par' dir='ltr' id='par_1_39' title="bbox 468 2370 2029 2443">
     <span class='ocr_line' id='line_1_39' title="bbox 468 2370 2029 2443; baseline 0.005 -23"><span class='ocrx_word' id='word_1_314' title='bbox 468 2382 571 2422; x_wconf 78' lang='lat' dir='ltr'><strong>tua:</strong></span> <span class='ocrx_word' id='word_1_315' title='bbox 600 2370 852 2423; x_wconf 83' lang='lat' dir='ltr'><strong>voluntati</strong></span> <span class='ocrx_word' id='word_1_316' title='bbox 888 2372 1131 2425; x_wconf 72' lang='lat' dir='ltr'><strong>humana:</strong></span> <span class='ocrx_word' id='word_1_317' title='bbox 1187 2373 1513 2442; x_wconf 60' lang='lat' dir='ltr'><strong>inﬁrmaque</strong></span> <span class='ocrx_word' id='word_1_318' title='bbox 1562 2390 1860 2443; x_wconf 72' lang='lat' dir='ltr'><strong>prteponas.</strong></span> <span class='ocrx_word' id='word_1_319' title='bbox 1917 2376 2029 2429; x_wconf 85' lang='lat' dir='ltr'><strong>Non</strong></span> 
     </span>
    </p>
   </div>
   <div class='ocr_carea' id='block_1_40' title="bbox 463 2462 2032 2532">
    <p class='ocr_par' dir='ltr' id='par_1_40' title="bbox 463 2462 2032 2532">
     <span class='ocr_line' id='line_1_40' title="bbox 463 2462 2032 2532; baseline 0.004 -19"><span class='ocrx_word' id='word_1_320' title='bbox 463 2462 583 2514; x_wconf 81' lang='lat' dir='ltr'><strong>ideo</strong></span> <span class='ocrx_word' id='word_1_321' title='bbox 614 2462 703 2514; x_wconf 88' lang='lat' dir='ltr'><strong>tibi</strong></span> <span class='ocrx_word' id='word_1_322' title='bbox 736 2462 975 2516; x_wconf 84' lang='lat' dir='ltr'><strong>videatur</strong></span> <span class='ocrx_word' id='word_1_323' title='bbox 1003 2478 1066 2517; x_wconf 91' lang='lat' dir='ltr'><strong>ex</strong></span> <span class='ocrx_word' id='word_1_324' title='bbox 1097 2464 1203 2517; x_wconf 87' lang='lat' dir='ltr'><strong>alto</strong></span> <span class='ocrx_word' id='word_1_325' title='bbox 1251 2463 1502 2530; x_wconf 91' lang='lat' dir='ltr'><strong>deﬁcere,</strong></span> <span class='ocrx_word' id='word_1_326' title='bbox 1535 2466 1657 2532; x_wconf 87' lang='lat' dir='ltr'><strong>quia</strong></span> <span class='ocrx_word' id='word_1_327' title='bbox 1710 2474 1761 2518; x_wconf 94' lang='lat' dir='ltr'><strong>te</strong></span> <span class='ocrx_word' id='word_1_328' title='bbox 1814 2466 1924 2519; x_wconf 89' lang='lat' dir='ltr'><strong>vult</strong></span> <span class='ocrx_word' id='word_1_329' title='bbox 1967 2468 2032 2520; x_wconf 88' lang='lat' dir='ltr'><strong>ab</strong></span> 
     </span>
    </p>
   </div>
   <div class='ocr_carea' id='block_1_41' title="bbox 468 2556 2032 2625">
    <p class='ocr_par' dir='ltr' id='par_1_41' title="bbox 468 2556 2032 2625">
     <span class='ocr_line' id='line_1_41' title="bbox 468 2556 2032 2625; baseline 0 -16"><span class='ocrx_word' id='word_1_330' title='bbox 468 2559 576 2609; x_wconf 89' lang='lat' dir='ltr'><strong>imo</strong></span> <span class='ocrx_word' id='word_1_331' title='bbox 605 2558 925 2625; x_wconf 79' lang='lat' dir='ltr'><strong>pr03picere.</strong></span> <span class='ocrx_word' id='word_1_332' title='bbox 952 2556 1081 2609; x_wconf 86' lang='lat' dir='ltr'><strong>Nam</strong></span> <span class='ocrx_word' id='word_1_333' title='bbox 1107 2564 1160 2610; x_wconf 88' lang='lat' dir='ltr'><strong>et</strong></span> <span class='ocrx_word' id='word_1_334' title='bbox 1194 2558 1379 2611; x_wconf 87' lang='lat' dir='ltr'><strong>tentari</strong></span> <span class='ocrx_word' id='word_1_335' title='bbox 1411 2558 1652 2623; x_wconf 89' lang='lat' dir='ltr'><strong>dignatus</strong></span> <span class='ocrx_word' id='word_1_336' title='bbox 1680 2566 1761 2610; x_wconf 90' lang='lat' dir='ltr'><strong>est</strong></span> <span class='ocrx_word' id='word_1_337' title='bbox 1789 2573 1817 2609; x_wconf 89' lang='lat' dir='ltr'><strong>a</strong></span> <span class='ocrx_word' id='word_1_338' title='bbox 1848 2558 2032 2610; x_wconf 90' lang='lat' dir='ltr'><strong>diabo-</strong></span> 
     </span>
    </p>
   </div>
   <div class='ocr_carea' id='block_1_42' title="bbox 472 2644 2027 2715">
    <p class='ocr_par' dir='ltr' id='par_1_42' title="bbox 472 2644 2027 2715">
     <span class='ocr_line' id='line_1_42' title="bbox 472 2644 2027 2715; baseline 0.003 -18"><span class='ocrx_word' id='word_1_339' title='bbox 472 2649 519 2698; x_wconf 93' lang='lat' dir='ltr'><strong>lo</strong></span> <span class='ocrx_word' id='word_1_340' title='bbox 550 2644 763 2714; x_wconf 75' lang='lat' dir='ltr'><strong>(Matth.</strong></span> <span class='ocrx_word' id='word_1_341' title='bbox 789 2646 887 2715; x_wconf 85' lang='lat' dir='ltr'><strong>tv),</strong></span> <span class='ocrx_word' id='word_1_342' title='bbox 912 2662 938 2698; x_wconf 91' lang='lat' dir='ltr'><strong>a</strong></span> <span class='ocrx_word' id='word_1_343' title='bbox 969 2661 1072 2715; x_wconf 91' lang='lat' dir='ltr'><strong>quo</strong></span> <span class='ocrx_word' id='word_1_344' title='bbox 1101 2648 1278 2714; x_wconf 80' lang='lat' dir='ltr'><strong>utique</strong></span> <span class='ocrx_word' id='word_1_345' title='bbox 1308 2648 1352 2699; x_wconf 89' lang='lat' dir='ltr'><strong>si</strong></span> <span class='ocrx_word' id='word_1_346' title='bbox 1384 2648 1549 2700; x_wconf 89' lang='lat' dir='ltr'><strong>nollet</strong></span> <span class='ocrx_word' id='word_1_347' title='bbox 1579 2662 1681 2699; x_wconf 93' lang='lat' dir='ltr'><strong>non</strong></span> <span class='ocrx_word' id='word_1_348' title='bbox 1716 2656 2027 2701; x_wconf 89' lang='lat' dir='ltr'><strong>tentaretur.</strong></span> 
     </span>
    </p>
   </div>
   <div class='ocr_carea' id='block_1_43' title="bbox 466 2735 2034 2804">
    <p class='ocr_par' dir='ltr' id='par_1_43' title="bbox 466 2735 2034 2804">
     <span class='ocr_line' id='line_1_43' title="bbox 466 2735 2034 2804; baseline 0.001 -16"><span class='ocrx_word' id='word_1_349' title='bbox 466 2736 533 2788; x_wconf 73' lang='lat' dir='ltr'><strong>Et</strong></span> <span class='ocrx_word' id='word_1_350' title='bbox 562 2751 621 2788; x_wconf 90' lang='lat' dir='ltr'><strong>ea</strong></span> <span class='ocrx_word' id='word_1_351' title='bbox 671 2736 948 2804; x_wconf 87' lang='lat' dir='ltr'><strong>respondit</strong></span> <span class='ocrx_word' id='word_1_352' title='bbox 992 2735 1225 2799; x_wconf 86' lang='lat' dir='ltr'><strong>diabolo,</strong></span> <span class='ocrx_word' id='word_1_353' title='bbox 1274 2750 1394 2804; x_wconf 70' lang='lat' dir='ltr'><strong>qua:</strong></span> <span class='ocrx_word' id='word_1_354' title='bbox 1437 2744 1490 2789; x_wconf 91' lang='lat' dir='ltr'><strong>tu</strong></span> <span class='ocrx_word' id='word_1_355' title='bbox 1559 2736 1611 2790; x_wconf 92' lang='lat' dir='ltr'><strong>in</strong></span> <span class='ocrx_word' id='word_1_356' title='bbox 1659 2738 2034 2791; x_wconf 88' lang='lat' dir='ltr'><strong>tentationibus</strong></span> 
     </span>
    </p>
   </div>
   <div class='ocr_carea' id='block_1_44' title="bbox 464 2823 2030 2893">
    <p class='ocr_par' dir='ltr' id='par_1_44' title="bbox 464 2823 2030 2893">
     <span class='ocr_line' id='line_1_44' title="bbox 464 2823 2030 2893; baseline 0.002 -17"><span class='ocrx_word' id='word_1_357' title='bbox 464 2824 659 2879; x_wconf 70' lang='lat' dir='ltr'><strong>debeas</strong></span> <span class='ocrx_word' id='word_1_358' title='bbox 688 2826 1026 2891; x_wconf 83' lang='lat' dir='ltr'><strong>respondere.</strong></span> <span class='ocrx_word' id='word_1_359' title='bbox 1062 2823 1126 2877; x_wconf 83' lang='lat' dir='ltr'><strong>Et</strong></span> <span class='ocrx_word' id='word_1_360' title='bbox 1153 2826 1239 2878; x_wconf 93' lang='lat' dir='ltr'><strong>ille</strong></span> <span class='ocrx_word' id='word_1_361' title='bbox 1262 2824 1474 2893; x_wconf 86' lang='lat' dir='ltr'><strong>quidem</strong></span> <span class='ocrx_word' id='word_1_362' title='bbox 1528 2832 1762 2880; x_wconf 88' lang='lat' dir='ltr'><strong>tentatus</strong></span> <span class='ocrx_word' id='word_1_363' title='bbox 1806 2835 1907 2889; x_wconf 91' lang='lat' dir='ltr'><strong>est,</strong></span> <span class='ocrx_word' id='word_1_364' title='bbox 1938 2827 2030 2879; x_wconf 92' lang='lat' dir='ltr'><strong>sed</strong></span> 
     </span>
    </p>
   </div>
   <div class='ocr_carea' id='block_1_45' title="bbox 464 2915 2030 2985">
    <p class='ocr_par' dir='ltr' id='par_1_45' title="bbox 464 2915 2030 2985">
     <span class='ocr_line' id='line_1_45' title="bbox 464 2915 2030 2985; baseline 0.002 -17"><span class='ocrx_word' id='word_1_365' title='bbox 464 2930 570 2969; x_wconf 68' lang='lat' dir='ltr'><strong>non</strong></span> <span class='ocrx_word' id='word_1_366' title='bbox 599 2915 945 2985; x_wconf 80' lang='lat' dir='ltr'><strong>periclitatus,</strong></span> <span class='ocrx_word' id='word_1_367' title='bbox 974 2924 1028 2967; x_wconf 92' lang='lat' dir='ltr'><strong>ut</strong></span> <span class='ocrx_word' id='word_1_368' title='bbox 1054 2915 1267 2969; x_wconf 86' lang='lat' dir='ltr'><strong>doceret</strong></span> <span class='ocrx_word' id='word_1_369' title='bbox 1296 2924 1345 2971; x_wconf 89' lang='lat' dir='ltr'><strong>te</strong></span> <span class='ocrx_word' id='word_1_370' title='bbox 1373 2915 1425 2968; x_wconf 92' lang='lat' dir='ltr'><strong>in</strong></span> <span class='ocrx_word' id='word_1_371' title='bbox 1476 2917 1766 2971; x_wconf 89' lang='lat' dir='ltr'><strong>tentatione</strong></span> <span class='ocrx_word' id='word_1_372' title='bbox 1818 2917 2030 2985; x_wconf 81' lang='lat' dir='ltr'><strong>pericli-</strong></span> 
     </span>
    </p>
   </div>
   <div class='ocr_carea' id='block_1_46' title="bbox 466 3004 2031 3073">
    <p class='ocr_par' dir='ltr' id='par_1_46' title="bbox 466 3004 2031 3073">
     <span class='ocr_line' id='line_1_46' title="bbox 466 3004 2031 3073; baseline 0.004 -19"><span class='ocrx_word' id='word_1_373' title='bbox 466 3016 663 3060; x_wconf 72' lang='lat' dir='ltr'><strong>tantem</strong></span> <span class='ocrx_word' id='word_1_374' title='bbox 694 3004 942 3059; x_wconf 89' lang='lat' dir='ltr'><strong>tentatori</strong></span> <span class='ocrx_word' id='word_1_375' title='bbox 972 3005 1313 3073; x_wconf 86' lang='lat' dir='ltr'><strong>respondere,</strong></span> <span class='ocrx_word' id='word_1_376' title='bbox 1336 3013 1392 3059; x_wconf 91' lang='lat' dir='ltr'><strong>et</strong></span> <span class='ocrx_word' id='word_1_377' title='bbox 1421 3014 1541 3073; x_wconf 92' lang='lat' dir='ltr'><strong>post</strong></span> <span class='ocrx_word' id='word_1_378' title='bbox 1572 3014 1889 3060; x_wconf 85' lang='lat' dir='ltr'><strong>tentatorem</strong></span> <span class='ocrx_word' id='word_1_379' title='bbox 1924 3023 2031 3061; x_wconf 93' lang='lat' dir='ltr'><strong>non</strong></span> 
     </span>
    </p>
   </div>
   <div class='ocr_carea' id='block_1_47' title="bbox 467 3096 2034 3165">
    <p class='ocr_par' dir='ltr' id='par_1_47' title="bbox 467 3096 2034 3165">
     <span class='ocr_line' id='line_1_47' title="bbox 467 3096 2034 3165; baseline 0.001 -15"><span class='ocrx_word' id='word_1_380' title='bbox 467 3099 567 3163; x_wconf 89' lang='lat' dir='ltr'><strong>ire,</strong></span> <span class='ocrx_word' id='word_1_381' title='bbox 598 3096 691 3151; x_wconf 88' lang='lat' dir='ltr'><strong>sed</strong></span> <span class='ocrx_word' id='word_1_382' title='bbox 721 3097 788 3151; x_wconf 89' lang='lat' dir='ltr'><strong>de</strong></span> <span class='ocrx_word' id='word_1_383' title='bbox 814 3096 1047 3165; x_wconf 89' lang='lat' dir='ltr'><strong>periculo</strong></span> <span class='ocrx_word' id='word_1_384' title='bbox 1074 3096 1380 3150; x_wconf 88' lang='lat' dir='ltr'><strong>tentationis</strong></span> <span class='ocrx_word' id='word_1_385' title='bbox 1436 3096 1600 3151; x_wconf 88' lang='lat' dir='ltr'><strong>exire.</strong></span> <span class='ocrx_word' id='word_1_386' title='bbox 1660 3098 1809 3153; x_wconf 89' lang='lat' dir='ltr'><strong>Sicut</strong></span> <span class='ocrx_word' id='word_1_387' title='bbox 1857 3108 2034 3151; x_wconf 89' lang='lat' dir='ltr'><strong>autem</strong></span> 
     </span>
    </p>
   </div>
   <div class='ocr_carea' id='block_1_48' title="bbox 2134 1920 3713 1987">
    <p class='ocr_par' dir='ltr' id='par_1_48' title="bbox 2134 1920 3713 1987">
     <span class='ocr_line' id='line_1_48' title="bbox 2134 1920 3713 1987; baseline -0.003 -9"><span class='ocrx_word' id='word_1_388' title='bbox 2134 1932 2430 1978; x_wconf 83' lang='lat' dir='ltr'><strong>creaturam</strong></span> <span class='ocrx_word' id='word_1_389' title='bbox 2488 1921 2762 1975; x_wconf 79' lang='lat' dir='ltr'><strong>colendam</strong></span> <span class='ocrx_word' id='word_1_390' title='bbox 2808 1922 3105 1975; x_wconf 87' lang='lat' dir='ltr'><strong>deserendo</strong></span> <span class='ocrx_word' id='word_1_391' title='bbox 3142 1920 3397 1974; x_wconf 87' lang='lat' dir='ltr'><strong>Creatore</strong></span> <span class='ocrx_word' id='word_1_392' title='bbox 3446 1920 3713 1987; x_wconf 82' lang='lat' dir='ltr'><strong>deceptos</strong></span> 
     </span>
    </p>
   </div>
   <div class='ocr_carea' id='block_1_49' title="bbox 2136 2008 3713 2082">
    <p class='ocr_par' dir='ltr' id='par_1_49' title="bbox 2136 2008 3713 2082">
     <span class='ocr_line' id='line_1_49' title="bbox 2136 2008 3713 2082; baseline -0.004 -14"><span class='ocrx_word' id='word_1_393' title='bbox 2136 2014 2481 2082; x_wconf 85' lang='lat' dir='ltr'><strong>captivosque</strong></span> <span class='ocrx_word' id='word_1_394' title='bbox 2506 2012 2765 2066; x_wconf 86' lang='lat' dir='ltr'><strong>trahebat.</strong></span> <span class='ocrx_word' id='word_1_395' title='bbox 2802 2010 2901 2064; x_wconf 86' lang='lat' dir='ltr'><strong>Per</strong></span> <span class='ocrx_word' id='word_1_396' title='bbox 2929 2011 3124 2064; x_wconf 86' lang='lat' dir='ltr'><strong>Christi</strong></span> <span class='ocrx_word' id='word_1_397' title='bbox 3164 2020 3338 2063; x_wconf 88' lang='lat' dir='ltr'><strong>autem</strong></span> <span class='ocrx_word' id='word_1_398' title='bbox 3370 2008 3552 2072; x_wconf 88' lang='lat' dir='ltr'><strong>ﬁdem,</strong></span> <span class='ocrx_word' id='word_1_399' title='bbox 3585 2025 3713 2077; x_wconf 63' lang='lat' dir='ltr'><strong>qua:</strong></span> 
     </span>
    </p>
   </div>
   <div class='ocr_carea' id='block_1_50' title="bbox 2136 2100 3715 2173">
    <p class='ocr_par' dir='ltr' id='par_1_50' title="bbox 2136 2100 3715 2173">
     <span class='ocr_line' id='line_1_50' title="bbox 2136 2100 3715 2173; baseline -0.006 -13"><span class='ocrx_word' id='word_1_400' title='bbox 2136 2117 2309 2160; x_wconf 89' lang='lat' dir='ltr'><strong>morte</strong></span> <span class='ocrx_word' id='word_1_401' title='bbox 2338 2112 2455 2173; x_wconf 79' lang='lat' dir='ltr'><strong>ejus</strong></span> <span class='ocrx_word' id='word_1_402' title='bbox 2507 2114 2560 2158; x_wconf 91' lang='lat' dir='ltr'><strong>et</strong></span> <span class='ocrx_word' id='word_1_403' title='bbox 2604 2102 2990 2157; x_wconf 87' lang='lat' dir='ltr'><strong>resurrectione</strong></span> <span class='ocrx_word' id='word_1_404' title='bbox 3038 2102 3239 2154; x_wconf 87' lang='lat' dir='ltr'><strong>ﬁrmata</strong></span> <span class='ocrx_word' id='word_1_405' title='bbox 3295 2110 3397 2163; x_wconf 90' lang='lat' dir='ltr'><strong>est,</strong></span> <span class='ocrx_word' id='word_1_406' title='bbox 3442 2116 3533 2168; x_wconf 84' lang='lat' dir='ltr'><strong>per</strong></span> <span class='ocrx_word' id='word_1_407' title='bbox 3592 2100 3715 2167; x_wconf 82' lang='lat' dir='ltr'><strong>ejus</strong></span> 
     </span>
    </p>
   </div>
   <div class='ocr_carea' id='block_1_51' title="bbox 2134 2194 3716 2266">
    <p class='ocr_par' dir='ltr' id='par_1_51' title="bbox 2134 2194 3716 2266">
     <span class='ocr_line' id='line_1_51' title="bbox 2134 2194 3716 2266; baseline -0.006 -15"><span class='ocrx_word' id='word_1_408' title='bbox 2134 2198 2468 2266; x_wconf 85' lang='lat' dir='ltr'><strong>sanguinem,</strong></span> <span class='ocrx_word' id='word_1_409' title='bbox 2500 2196 2587 2264; x_wconf 92' lang='lat' dir='ltr'><strong>qui</strong></span> <span class='ocrx_word' id='word_1_410' title='bbox 2618 2195 2670 2248; x_wconf 91' lang='lat' dir='ltr'><strong>in</strong></span> <span class='ocrx_word' id='word_1_411' title='bbox 2725 2195 3091 2248; x_wconf 87' lang='lat' dir='ltr'><strong>remissionem</strong></span> <span class='ocrx_word' id='word_1_412' title='bbox 3136 2194 3281 2245; x_wconf 81' lang='lat' dir='ltr'><strong>lusus</strong></span> <span class='ocrx_word' id='word_1_413' title='bbox 3329 2202 3407 2245; x_wconf 88' lang='lat' dir='ltr'><strong>est</strong></span> <span class='ocrx_word' id='word_1_414' title='bbox 3461 2202 3716 2256; x_wconf 88' lang='lat' dir='ltr'><strong>peccato-</strong></span> 
     </span>
    </p>
   </div>
   <div class='ocr_carea' id='block_1_52' title="bbox 2136 2281 3709 2349">
    <p class='ocr_par' dir='ltr' id='par_1_52' title="bbox 2136 2281 3709 2349">
     <span class='ocr_line' id='line_1_52' title="bbox 2136 2281 3709 2349; baseline -0.008 -11"><span class='ocrx_word' id='word_1_415' title='bbox 2136 2301 2273 2349; x_wconf 86' lang='lat' dir='ltr'><strong>rum,</strong></span> <span class='ocrx_word' id='word_1_416' title='bbox 2295 2285 2458 2337; x_wconf 90' lang='lat' dir='ltr'><strong>millia</strong></span> <span class='ocrx_word' id='word_1_417' title='bbox 2477 2283 2804 2337; x_wconf 90' lang='lat' dir='ltr'><strong>credentium</strong></span> <span class='ocrx_word' id='word_1_418' title='bbox 2826 2297 2857 2334; x_wconf 91' lang='lat' dir='ltr'><strong>a</strong></span> <span class='ocrx_word' id='word_1_419' title='bbox 2878 2282 3147 2335; x_wconf 91' lang='lat' dir='ltr'><strong>dominatu</strong></span> <span class='ocrx_word' id='word_1_420' title='bbox 3172 2281 3367 2334; x_wconf 87' lang='lat' dir='ltr'><strong>diaboli</strong></span> <span class='ocrx_word' id='word_1_421' title='bbox 3389 2281 3709 2341; x_wconf 83' lang='lat' dir='ltr'><strong>liberantur,</strong></span> 
     </span>
    </p>
   </div>
   <div class='ocr_carea' id='block_1_53' title="bbox 2136 2370 3709 2442">
    <p class='ocr_par' dir='ltr' id='par_1_53' title="bbox 2136 2370 3709 2442">
     <span class='ocr_line' id='line_1_53' title="bbox 2136 2370 3709 2442; baseline -0.006 -13"><span class='ocrx_word' id='word_1_422' title='bbox 2136 2374 2337 2429; x_wconf 87' lang='lat' dir='ltr'><strong>Christi</strong></span> <span class='ocrx_word' id='word_1_423' title='bbox 2364 2374 2573 2442; x_wconf 89' lang='lat' dir='ltr'><strong>corpori</strong></span> <span class='ocrx_word' id='word_1_424' title='bbox 2600 2372 2935 2439; x_wconf 86' lang='lat' dir='ltr'><strong>copulantur,</strong></span> <span class='ocrx_word' id='word_1_425' title='bbox 2967 2380 3019 2423; x_wconf 92' lang='lat' dir='ltr'><strong>et</strong></span> <span class='ocrx_word' id='word_1_426' title='bbox 3048 2370 3147 2423; x_wconf 87' lang='lat' dir='ltr'><strong>sub</strong></span> <span class='ocrx_word' id='word_1_427' title='bbox 3178 2382 3321 2424; x_wconf 88' lang='lat' dir='ltr'><strong>tanto</strong></span> <span class='ocrx_word' id='word_1_428' title='bbox 3368 2371 3537 2437; x_wconf 86' lang='lat' dir='ltr'><strong>capite</strong></span> <span class='ocrx_word' id='word_1_429' title='bbox 3597 2387 3709 2423; x_wconf 86' lang='lat' dir='ltr'><strong>uno</strong></span> 
     </span>
    </p>
   </div>
   <div class='ocr_carea' id='block_1_54' title="bbox 2132 2460 3715 2533">
    <p class='ocr_par' dir='ltr' id='par_1_54' title="bbox 2132 2460 3715 2533">
     <span class='ocr_line' id='line_1_54' title="bbox 2132 2460 3715 2533; baseline -0.003 -16"><span class='ocrx_word' id='word_1_430' title='bbox 2132 2465 2245 2533; x_wconf 87' lang='lat' dir='ltr'><strong>ejus</strong></span> <span class='ocrx_word' id='word_1_431' title='bbox 2269 2465 2454 2532; x_wconf 91' lang='lat' dir='ltr'><strong>spiritu</strong></span> <span class='ocrx_word' id='word_1_432' title='bbox 2483 2463 2655 2515; x_wconf 88' lang='lat' dir='ltr'><strong>lidelia</strong></span> <span class='ocrx_word' id='word_1_433' title='bbox 2689 2462 2924 2515; x_wconf 85' lang='lat' dir='ltr'><strong>membra</strong></span> <span class='ocrx_word' id='word_1_434' title='bbox 2956 2469 3285 2529; x_wconf 84' lang='lat' dir='ltr'><strong>vegetamur.</strong></span> <span class='ocrx_word' id='word_1_435' title='bbox 3344 2460 3452 2513; x_wconf 83' lang='lat' dir='ltr'><strong>Hoc</strong></span> <span class='ocrx_word' id='word_1_436' title='bbox 3482 2460 3715 2514; x_wconf 78' lang='lat' dir='ltr'><strong>vocabat</strong></span> 
     </span>
    </p>
   </div>
   <div class='ocr_carea' id='block_1_55' title="bbox 2130 2552 3718 2631">
    <p class='ocr_par' dir='ltr' id='par_1_55' title="bbox 2130 2552 3718 2631">
     <span class='ocr_line' id='line_1_55' title="bbox 2130 2552 3718 2631; baseline -0.002 -24"><span class='ocrx_word' id='word_1_437' title='bbox 2130 2555 2405 2623; x_wconf 86' lang='lat' dir='ltr'><strong>judicium,</strong></span> <span class='ocrx_word' id='word_1_438' title='bbox 2442 2553 2575 2607; x_wconf 90' lang='lat' dir='ltr'><strong>hanc</strong></span> <span class='ocrx_word' id='word_1_439' title='bbox 2596 2552 2988 2615; x_wconf 85' lang='lat' dir='ltr'><strong>discretionem,</strong></span> <span class='ocrx_word' id='word_1_440' title='bbox 3016 2552 3151 2605; x_wconf 90' lang='lat' dir='ltr'><strong>banc</strong></span> <span class='ocrx_word' id='word_1_441' title='bbox 3174 2567 3201 2604; x_wconf 89' lang='lat' dir='ltr'><strong>a</strong></span> <span class='ocrx_word' id='word_1_442' title='bbox 3253 2552 3363 2605; x_wconf 88' lang='lat' dir='ltr'><strong>suis</strong></span> <span class='ocrx_word' id='word_1_443' title='bbox 3410 2552 3718 2631; x_wconf 81' lang='lat' dir='ltr'><strong>redemptis</strong></span> 
     </span>
    </p>
   </div>
   <div class='ocr_carea' id='block_1_56' title="bbox 2133 2636 3709 2712">
    <p class='ocr_par' dir='ltr' id='par_1_56' title="bbox 2133 2636 3709 2712">
     <span class='ocr_line' id='line_1_56' title="bbox 2133 2636 3709 2712; baseline -0.004 -13"><span class='ocrx_word' id='word_1_444' title='bbox 2133 2646 2327 2699; x_wconf 86' lang='lat' dir='ltr'><strong>diaboli</strong></span> <span class='ocrx_word' id='word_1_445' title='bbox 2354 2644 2742 2712; x_wconf 83' lang='lat' dir='ltr'><strong>expulsionem.</strong></span> <span class='ocrx_word' id='word_1_446' title='bbox 2797 2642 3064 2711; x_wconf 89' lang='lat' dir='ltr'><strong>Denique,</strong></span> <span class='ocrx_word' id='word_1_447' title='bbox 3094 2641 3304 2695; x_wconf 91' lang='lat' dir='ltr'><strong>attende</strong></span> <span class='ocrx_word' id='word_1_448' title='bbox 3352 2642 3474 2709; x_wconf 81' lang='lat' dir='ltr'><strong>quid</strong></span> <span class='ocrx_word' id='word_1_449' title='bbox 3531 2636 3709 2701; x_wconf 75' lang='lat' dir='ltr'><strong>dicat,</strong></span> 
     </span>
    </p>
   </div>
   <div class='ocr_carea' id='block_1_57' title="bbox 2134 2731 3717 2804">
    <p class='ocr_par' dir='ltr' id='par_1_57' title="bbox 2134 2731 3717 2804">
     <span class='ocr_line' id='line_1_57' title="bbox 2134 2731 3717 2804; baseline -0.002 -16"><span class='ocrx_word' id='word_1_450' title='bbox 2134 2737 2281 2802; x_wconf 91' lang='lat' dir='ltr'><strong>quasi</strong></span> <span class='ocrx_word' id='word_1_451' title='bbox 2302 2749 2663 2804; x_wconf 58' lang='lat' dir='ltr'><strong>quaereremus</strong></span> <span class='ocrx_word' id='word_1_452' title='bbox 2688 2734 2813 2801; x_wconf 92' lang='lat' dir='ltr'><strong>quid</strong></span> <span class='ocrx_word' id='word_1_453' title='bbox 2829 2742 2972 2787; x_wconf 91' lang='lat' dir='ltr'><strong>esset</strong></span> <span class='ocrx_word' id='word_1_454' title='bbox 2996 2732 3135 2802; x_wconf 92' lang='lat' dir='ltr'><strong>quod</strong></span> <span class='ocrx_word' id='word_1_455' title='bbox 3163 2732 3263 2786; x_wconf 89' lang='lat' dir='ltr'><strong>ait:</strong></span> <span class='ocrx_word' id='word_1_456' title='bbox 3283 2731 3717 2803; x_wconf 71' lang='lat' dir='ltr'><strong>Nuncjudicium</strong></span> 
     </span>
    </p>
   </div>
   <div class='ocr_carea' id='block_1_58' title="bbox 2134 2824 3279 2891">
    <p class='ocr_par' dir='ltr' id='par_1_58' title="bbox 2134 2824 3279 2891">
     <span class='ocr_line' id='line_1_58' title="bbox 2134 2824 3279 2891; baseline -0.003 -13"><span class='ocrx_word' id='word_1_457' title='bbox 2134 2838 2205 2878; x_wconf 85' lang='lat' dir='ltr'><strong>est</strong></span> <span class='ocrx_word' id='word_1_458' title='bbox 2228 2826 2423 2889; x_wconf 87' lang='lat' dir='ltr'><strong>mundi,</strong></span> <span class='ocrx_word' id='word_1_459' title='bbox 2455 2834 2668 2879; x_wconf 84' lang='lat' dir='ltr'><strong>secutus</strong></span> <span class='ocrx_word' id='word_1_460' title='bbox 2692 2824 2955 2891; x_wconf 81' lang='lat' dir='ltr'><strong>exposuit,</strong></span> <span class='ocrx_word' id='word_1_461' title='bbox 2987 2824 3062 2875; x_wconf 90' lang='lat' dir='ltr'><strong>ait</strong></span> <span class='ocrx_word' id='word_1_462' title='bbox 3090 2825 3233 2877; x_wconf 91' lang='lat' dir='ltr'><strong>enim</strong></span> <span class='ocrx_word' id='word_1_463' title='bbox 3265 2839 3279 2875; x_wconf 89' lang='lat'><strong>:</strong></span> 
     </span>
    </p>
   </div>
   <div class='ocr_carea' id='block_1_59' title="bbox 2210 2916 3718 2987">
    <p class='ocr_par' dir='ltr' id='par_1_59' title="bbox 2210 2916 3718 2987">
     <span class='ocr_line' id='line_1_59' title="bbox 2210 2916 3718 2987; baseline -0.002 -18"><span class='ocrx_word' id='word_1_464' title='bbox 2210 2916 2367 2971; x_wconf 88' lang='lat' dir='ltr'><strong>Nunc</strong></span> <span class='ocrx_word' id='word_1_465' title='bbox 2396 2918 2627 2987; x_wconf 80' lang='lat' dir='ltr'><strong>princeps</strong></span> <span class='ocrx_word' id='word_1_466' title='bbox 2648 2916 2801 2986; x_wconf 82' lang='lat' dir='ltr'><strong>hujus</strong></span> <span class='ocrx_word' id='word_1_467' title='bbox 2827 2916 3005 2969; x_wconf 86' lang='lat' dir='ltr'><strong>mundi</strong></span> <span class='ocrx_word' id='word_1_468' title='bbox 3045 2917 3276 2986; x_wconf 81' lang='lat' dir='ltr'><strong>ejicietur</strong></span> <span class='ocrx_word' id='word_1_469' title='bbox 3323 2920 3479 2984; x_wconf 79' lang='lat' dir='ltr'><strong>foras.</strong></span> <span class='ocrx_word' id='word_1_470' title='bbox 3534 2916 3718 2971; x_wconf 80' lang='lat' dir='ltr'><strong>Audi-</strong></span> 
     </span>
    </p>
   </div>
   <div class='ocr_carea' id='block_1_60' title="bbox 2136 3007 3719 3079">
    <p class='ocr_par' dir='ltr' id='par_1_60' title="bbox 2136 3007 3719 3079">
     <span class='ocr_line' id='line_1_60' title="bbox 2136 3007 3719 3079; baseline -0.001 -16"><span class='ocrx_word' id='word_1_471' title='bbox 2136 3010 2310 3064; x_wconf 90' lang='lat' dir='ltr'><strong>vimus</strong></span> <span class='ocrx_word' id='word_1_472' title='bbox 2340 3010 2497 3078; x_wconf 84' lang='lat' dir='ltr'><strong>quale</strong></span> <span class='ocrx_word' id='word_1_473' title='bbox 2520 3009 2714 3062; x_wconf 83' lang='lat' dir='ltr'><strong>dixerit</strong></span> <span class='ocrx_word' id='word_1_474' title='bbox 2753 3023 2872 3062; x_wconf 87' lang='lat' dir='ltr'><strong>esse</strong></span> <span class='ocrx_word' id='word_1_475' title='bbox 2910 3008 3189 3076; x_wconf 85' lang='lat' dir='ltr'><strong>judicium.</strong></span> <span class='ocrx_word' id='word_1_476' title='bbox 3238 3007 3349 3061; x_wconf 81' lang='lat' dir='ltr'><strong>Non</strong></span> <span class='ocrx_word' id='word_1_477' title='bbox 3400 3024 3525 3079; x_wconf 85' lang='lat' dir='ltr'><strong>ergo</strong></span> <span class='ocrx_word' id='word_1_478' title='bbox 3579 3010 3719 3061; x_wconf 86' lang='lat' dir='ltr'><strong>illud</strong></span> 
     </span>
    </p>
   </div>
   <div class='ocr_carea' id='block_1_61' title="bbox 2139 3096 3723 3171">
    <p class='ocr_par' dir='ltr' id='par_1_61' title="bbox 2139 3096 3723 3171">
     <span class='ocr_line' id='line_1_61' title="bbox 2139 3096 3723 3171; baseline -0.001 -18"><span class='ocrx_word' id='word_1_479' title='bbox 2139 3102 2275 3171; x_wconf 92' lang='lat' dir='ltr'><strong>quod</strong></span> <span class='ocrx_word' id='word_1_480' title='bbox 2302 3102 2352 3153; x_wconf 94' lang='lat' dir='ltr'><strong>in</strong></span> <span class='ocrx_word' id='word_1_481' title='bbox 2385 3101 2486 3154; x_wconf 88' lang='lat' dir='ltr'><strong>ﬁne</strong></span> <span class='ocrx_word' id='word_1_482' title='bbox 2511 3108 2790 3153; x_wconf 89' lang='lat' dir='ltr'><strong>venturum</strong></span> <span class='ocrx_word' id='word_1_483' title='bbox 2820 3106 2921 3164; x_wconf 88' lang='lat' dir='ltr'><strong>est,</strong></span> <span class='ocrx_word' id='word_1_484' title='bbox 2970 3100 3055 3153; x_wconf 90' lang='lat' dir='ltr'><strong>ubi</strong></span> <span class='ocrx_word' id='word_1_485' title='bbox 3088 3096 3189 3151; x_wconf 92' lang='lat' dir='ltr'><strong>vivi</strong></span> <span class='ocrx_word' id='word_1_486' title='bbox 3240 3108 3293 3152; x_wconf 90' lang='lat' dir='ltr'><strong>et</strong></span> <span class='ocrx_word' id='word_1_487' title='bbox 3338 3097 3527 3151; x_wconf 92' lang='lat' dir='ltr'><strong>mortui</strong></span> <span class='ocrx_word' id='word_1_488' title='bbox 3567 3098 3723 3167; x_wconf 81' lang='lat' dir='ltr'><strong>judi-</strong></span> 
     </span>
    </p>
   </div>
   <div class='ocr_carea' id='block_1_62' title="bbox 472 3171 3720 3257">
    <p class='ocr_par' dir='ltr' id='par_1_62' title="bbox 472 3171 3720 3257">
     <span class='ocr_line' id='line_1_62' title="bbox 472 3171 3720 3257; baseline -0.001 -15"><span class='ocrx_word' id='word_1_489' title='bbox 472 3192 554 3244; x_wconf 81' lang='lat' dir='ltr'><strong>IllC</strong></span> <span class='ocrx_word' id='word_1_490' title='bbox 577 3191 747 3244; x_wconf 79' lang='lat' dir='ltr'><strong>dixit:</strong></span> <span class='ocrx_word' id='word_1_491' title='bbox 779 3189 935 3244; x_wconf 86' lang='lat' dir='ltr'><strong>Nunc</strong></span> <span class='ocrx_word' id='word_1_492' title='bbox 960 3189 1127 3243; x_wconf 81' lang='lat' dir='ltr'><strong>animo</strong></span> <span class='ocrx_word' id='word_1_493' title='bbox 1153 3205 1263 3240; x_wconf 81' lang='lat' dir='ltr'><strong>mea</strong></span> <span class='ocrx_word' id='word_1_494' title='bbox 1292 3188 1494 3241; x_wconf 84' lang='lat' dir='ltr'><strong>turbata</strong></span> <span class='ocrx_word' id='word_1_495' title='bbox 1522 3198 1617 3251; x_wconf 86' lang='lat' dir='ltr'><strong>est,</strong></span> <span class='ocrx_word' id='word_1_496' title='bbox 1653 3190 1723 3243; x_wconf 89' lang='lat' dir='ltr'><strong>ita</strong></span> <span class='ocrx_word' id='word_1_497' title='bbox 1755 3189 1914 3243; x_wconf 90' lang='lat' dir='ltr'><strong>etiam</strong></span> <span class='ocrx_word' id='word_1_498' title='bbox 1967 3190 2034 3245; x_wconf 88' lang='lat' dir='ltr'><strong>ibi</strong></span> <span class='ocrx_word' id='word_1_499' title='bbox 2062 3171 2110 3235; x_wconf 66' lang='grc' dir='ltr'><strong>(ἶ</strong></span> <span class='ocrx_word' id='word_1_500' title='bbox 2141 3192 2296 3245; x_wconf 88' lang='lat' dir='ltr'><strong>candi</strong></span> <span class='ocrx_word' id='word_1_501' title='bbox 2342 3199 2485 3257; x_wconf 90' lang='lat' dir='ltr'><strong>sunt,</strong></span> <span class='ocrx_word' id='word_1_502' title='bbox 2538 3191 2657 3244; x_wconf 88' lang='lat' dir='ltr'><strong>aliis</strong></span> <span class='ocrx_word' id='word_1_503' title='bbox 2708 3189 2775 3243; x_wconf 90' lang='lat' dir='ltr'><strong>ad</strong></span> <span class='ocrx_word' id='word_1_504' title='bbox 2819 3189 3113 3256; x_wconf 85' lang='lat' dir='ltr'><strong>sinistram,</strong></span> <span class='ocrx_word' id='word_1_505' title='bbox 3146 3188 3263 3243; x_wconf 90' lang='lat' dir='ltr'><strong>aliis</strong></span> <span class='ocrx_word' id='word_1_506' title='bbox 3316 3190 3380 3241; x_wconf 88' lang='lat' dir='ltr'><strong>ad</strong></span> <span class='ocrx_word' id='word_1_507' title='bbox 3435 3190 3720 3241; x_wconf 76' lang='lat' dir='ltr'><strong>dexteram</strong></span> 
     </span>
    </p>
   </div>
   <div class='ocr_carea' id='block_1_63' title="bbox 466 3278 2036 3346">
    <p class='ocr_par' dir='ltr' id='par_1_63' title="bbox 466 3278 2036 3346">
     <span class='ocr_line' id='line_1_63' title="bbox 466 3278 2036 3346; baseline 0 -15"><span class='ocrx_word' id='word_1_508' title='bbox 466 3281 592 3333; x_wconf 79' lang='lat' dir='ltr'><strong>dicit</strong></span> <span class='ocrx_word' id='word_1_509' title='bbox 618 3296 629 3331; x_wconf 93' lang='lat'>:</span> <span class='ocrx_word' id='word_1_510' title='bbox 661 3278 842 3331; x_wconf 84' lang='lat' dir='ltr'><strong>Tristis</strong></span> <span class='ocrx_word' id='word_1_511' title='bbox 852 3288 921 3333; x_wconf 86' lang='lat' dir='ltr'><strong>est</strong></span> <span class='ocrx_word' id='word_1_512' title='bbox 932 3279 1227 3332; x_wconf 83' lang='lat' dir='ltr'><strong>animumea</strong></span> <span class='ocrx_word' id='word_1_513' title='bbox 1245 3294 1400 3345; x_wconf 86' lang='lat' dir='ltr'><strong>usque</strong></span> <span class='ocrx_word' id='word_1_514' title='bbox 1423 3279 1490 3330; x_wconf 91' lang='lat' dir='ltr'><strong>ad</strong></span> <span class='ocrx_word' id='word_1_515' title='bbox 1504 3289 1730 3331; x_wconf 84' lang='lat' dir='ltr'><strong>mortem.</strong></span> <span class='ocrx_word' id='word_1_516' title='bbox 1751 3278 1842 3332; x_wconf 85' lang='lat' dir='ltr'><strong>Et:</strong></span> <span class='ocrx_word' id='word_1_517' title='bbox 1864 3278 2036 3346; x_wconf 86' lang='lat' dir='ltr'><strong>Pater,</strong></span> 
     </span>
    </p>
   </div>
   <div class='ocr_carea' id='block_1_64' title="bbox 466 3367 2036 3439">
    <p class='ocr_par' dir='ltr' id='par_1_64' title="bbox 466 3367 2036 3439">
     <span class='ocr_line' id='line_1_64' title="bbox 466 3367 2036 3439; baseline 0.001 -19"><span class='ocrx_word' id='word_1_518' title='bbox 466 3370 509 3420; x_wconf 87' lang='lat' dir='ltr'><strong>si</strong></span> <span class='ocrx_word' id='word_1_519' title='bbox 539 3368 651 3435; x_wconf 80' lang='lat' dir='ltr'><strong>ﬁeri</strong></span> <span class='ocrx_word' id='word_1_520' title='bbox 681 3378 864 3433; x_wconf 81' lang='lat' dir='ltr'><strong>potest,</strong></span> <span class='ocrx_word' id='word_1_521' title='bbox 897 3374 1121 3420; x_wconf 83' lang='lat' dir='ltr'><strong>transeat</strong></span> <span class='ocrx_word' id='word_1_522' title='bbox 1151 3382 1181 3417; x_wconf 79' lang='grc' dir='ltr'><strong>α</strong></span> <span class='ocrx_word' id='word_1_523' title='bbox 1211 3383 1288 3417; x_wconf 89' lang='lat' dir='ltr'><strong>me</strong></span> <span class='ocrx_word' id='word_1_524' title='bbox 1314 3368 1449 3419; x_wconf 68' lang='lat' dir='ltr'><strong>calix.</strong></span> <span class='ocrx_word' id='word_1_525' title='bbox 1486 3367 1578 3420; x_wconf 83' lang='lat' dir='ltr'><strong>iste</strong></span> <span class='ocrx_word' id='word_1_526' title='bbox 1627 3367 1840 3439; x_wconf 79' lang='lat' dir='ltr'><strong>(Matth.</strong></span> <span class='ocrx_word' id='word_1_527' title='bbox 1871 3370 2036 3435; x_wconf 75' lang='lat' dir='ltr'><strong>xxVI).</strong></span> 
     </span>
    </p>
   </div>
   <div class='ocr_carea' id='block_1_65' title="bbox 468 3458 2037 3527">
    <p class='ocr_par' dir='ltr' id='par_1_65' title="bbox 468 3458 2037 3527">
     <span class='ocr_line' id='line_1_65' title="bbox 468 3458 2037 3527; baseline 0.002 -15"><span class='ocrx_word' id='word_1_528' title='bbox 468 3458 705 3513; x_wconf 90' lang='lat' dir='ltr'><strong>llominis</strong></span> <span class='ocrx_word' id='word_1_529' title='bbox 734 3458 966 3527; x_wconf 88' lang='lat' dir='ltr'><strong>suscepit</strong></span> <span class='ocrx_word' id='word_1_530' title='bbox 990 3460 1370 3525; x_wconf 88' lang='lat' dir='ltr'><strong>inlirmitatem,</strong></span> <span class='ocrx_word' id='word_1_531' title='bbox 1401 3469 1457 3513; x_wconf 90' lang='lat' dir='ltr'><strong>ut</strong></span> <span class='ocrx_word' id='word_1_532' title='bbox 1481 3460 1668 3515; x_wconf 89' lang='lat' dir='ltr'><strong>doceat</strong></span> <span class='ocrx_word' id='word_1_533' title='bbox 1714 3463 1789 3516; x_wconf 87' lang='lat' dir='ltr'><strong>sic</strong></span> <span class='ocrx_word' id='word_1_534' title='bbox 1835 3462 2037 3515; x_wconf 91' lang='lat' dir='ltr'><strong>contri-</strong></span> 
     </span>
    </p>
   </div>
   <div class='ocr_carea' id='block_1_66' title="bbox 469 3552 2039 3623">
    <p class='ocr_par' dir='ltr' id='par_1_66' title="bbox 469 3552 2039 3623">
     <span class='ocr_line' id='line_1_66' title="bbox 469 3552 2039 3623; baseline 0.003 -18"><span class='ocrx_word' id='word_1_535' title='bbox 469 3561 663 3605; x_wconf 84' lang='lat' dir='ltr'><strong>statum</strong></span> <span class='ocrx_word' id='word_1_536' title='bbox 692 3563 743 3606; x_wconf 91' lang='lat' dir='ltr'><strong>et</strong></span> <span class='ocrx_word' id='word_1_537' title='bbox 771 3552 1142 3607; x_wconf 86' lang='lat' dir='ltr'><strong>conturbatum</strong></span> <span class='ocrx_word' id='word_1_538' title='bbox 1173 3554 1315 3621; x_wconf 87' lang='lat' dir='ltr'><strong>quod</strong></span> <span class='ocrx_word' id='word_1_539' title='bbox 1342 3556 1582 3623; x_wconf 89' lang='lat' dir='ltr'><strong>sequitur</strong></span> <span class='ocrx_word' id='word_1_540' title='bbox 1631 3556 1809 3609; x_wconf 88' lang='lat' dir='ltr'><strong>dicere</strong></span> <span class='ocrx_word' id='word_1_541' title='bbox 1864 3572 1878 3608; x_wconf 89' lang='lat'><strong><em>:</em></strong></span> <span class='ocrx_word' id='word_1_542' title='bbox 1938 3555 2039 3610; x_wconf 84' lang='lat' dir='ltr'><strong>Ve—</strong></span> 
     </span>
    </p>
   </div>
   <div class='ocr_carea' id='block_1_67' title="bbox 469 3642 2040 3712">
    <p class='ocr_par' dir='ltr' id='par_1_67' title="bbox 469 3642 2040 3712">
     <span class='ocr_line' id='line_1_67' title="bbox 469 3642 2040 3712; baseline 0.004 -19"><span class='ocrx_word' id='word_1_543' title='bbox 469 3658 583 3694; x_wconf 80' lang='lat' dir='ltr'><strong>rum</strong></span> <span class='ocrx_word' id='word_1_544' title='bbox 628 3657 727 3694; x_wconf 88' lang='lat' dir='ltr'><strong>non</strong></span> <span class='ocrx_word' id='word_1_545' title='bbox 755 3642 888 3710; x_wconf 86' lang='lat' dir='ltr'><strong>quod</strong></span> <span class='ocrx_word' id='word_1_546' title='bbox 917 3657 1006 3711; x_wconf 90' lang='lat' dir='ltr'><strong>ego</strong></span> <span class='ocrx_word' id='word_1_547' title='bbox 1049 3643 1161 3695; x_wconf 83' lang='lat' dir='ltr'><strong>volo</strong></span> <span class='ocrx_word' id='word_1_548' title='bbox 1182 3682 1197 3706; x_wconf 95' lang='lat'><strong>,</strong></span> <span class='ocrx_word' id='word_1_549' title='bbox 1220 3645 1305 3695; x_wconf 87' lang='lat' dir='ltr'><strong>sed</strong></span> <span class='ocrx_word' id='word_1_550' title='bbox 1331 3645 1463 3711; x_wconf 82' lang='lat' dir='ltr'><strong>quod</strong></span> <span class='ocrx_word' id='word_1_551' title='bbox 1505 3654 1559 3695; x_wconf 91' lang='lat' dir='ltr'><strong>tu</strong></span> <span class='ocrx_word' id='word_1_552' title='bbox 1604 3645 1697 3712; x_wconf 82' lang='lat' dir='ltr'><strong>vis,</strong></span> <span class='ocrx_word' id='word_1_553' title='bbox 1728 3643 1903 3699; x_wconf 84' lang='lat' dir='ltr'><strong>Pater.</strong></span> <span class='ocrx_word' id='word_1_554' title='bbox 1952 3645 2040 3699; x_wconf 91' lang='lat' dir='ltr'><strong>Sic</strong></span> 
     </span>
    </p>
   </div>
   <div class='ocr_carea' id='block_1_68' title="bbox 472 3732 2043 3804">
    <p class='ocr_par' dir='ltr' id='par_1_68' title="bbox 472 3732 2043 3804">
     <span class='ocr_line' id='line_1_68' title="bbox 472 3732 2043 3804; baseline 0.002 -18"><span class='ocrx_word' id='word_1_555' title='bbox 472 3736 613 3786; x_wconf 86' lang='lat' dir='ltr'><strong>enim</strong></span> <span class='ocrx_word' id='word_1_556' title='bbox 642 3733 800 3787; x_wconf 85' lang='lat' dir='ltr'><strong>homo</strong></span> <span class='ocrx_word' id='word_1_557' title='bbox 830 3732 897 3785; x_wconf 90' lang='lat' dir='ltr'><strong>ab</strong></span> <span class='ocrx_word' id='word_1_558' title='bbox 928 3732 1173 3787; x_wconf 85' lang='lat' dir='ltr'><strong>humanis</strong></span> <span class='ocrx_word' id='word_1_559' title='bbox 1204 3733 1253 3787; x_wconf 93' lang='lat' dir='ltr'><strong>in</strong></span> <span class='ocrx_word' id='word_1_560' title='bbox 1282 3734 1455 3788; x_wconf 88' lang='lat' dir='ltr'><strong>divina</strong></span> <span class='ocrx_word' id='word_1_561' title='bbox 1481 3735 1742 3804; x_wconf 77' lang='lat' dir='ltr'><strong>dirigitur,</strong></span> <span class='ocrx_word' id='word_1_562' title='bbox 1776 3751 1895 3789; x_wconf 90' lang='lat' dir='ltr'><strong>cum</strong></span> <span class='ocrx_word' id='word_1_563' title='bbox 1946 3751 2043 3789; x_wconf 84' lang='lat' dir='ltr'><strong>vo-</strong></span> 
     </span>
    </p>
   </div>
   <div class='ocr_carea' id='block_1_69' title="bbox 476 3821 2043 3890">
    <p class='ocr_par' dir='ltr' id='par_1_69' title="bbox 476 3821 2043 3890">
     <span class='ocr_line' id='line_1_69' title="bbox 476 3821 2043 3890; baseline 0.001 -15"><span class='ocrx_word' id='word_1_564' title='bbox 476 3824 660 3876; x_wconf 91' lang='lat' dir='ltr'><strong>luntati</strong></span> <span class='ocrx_word' id='word_1_565' title='bbox 688 3822 930 3875; x_wconf 66' lang='lat' dir='ltr'><strong>humanae</strong></span> <span class='ocrx_word' id='word_1_566' title='bbox 958 3821 1201 3876; x_wconf 84' lang='lat' dir='ltr'><strong>voluntas</strong></span> <span class='ocrx_word' id='word_1_567' title='bbox 1228 3822 1403 3876; x_wconf 89' lang='lat' dir='ltr'><strong>divina</strong></span> <span class='ocrx_word' id='word_1_568' title='bbox 1433 3826 1775 3890; x_wconf 63' lang='lat' dir='ltr'><strong>praeponitur.</strong></span> <span class='ocrx_word' id='word_1_569' title='bbox 1806 3824 1938 3889; x_wconf 89' lang='lat' dir='ltr'><strong>Quid</strong></span> <span class='ocrx_word' id='word_1_570' title='bbox 1961 3833 2043 3878; x_wconf 92' lang='lat' dir='ltr'><strong>est</strong></span> 
     </span>
    </p>
   </div>
   <div class='ocr_carea' id='block_1_70' title="bbox 474 3912 2042 3983">
    <p class='ocr_par' dir='ltr' id='par_1_70' title="bbox 474 3912 2042 3983">
     <span class='ocr_line' id='line_1_70' title="bbox 474 3912 2042 3983; baseline 0.003 -18"><span class='ocrx_word' id='word_1_571' title='bbox 474 3924 648 3967; x_wconf 88' lang='lat' dir='ltr'><strong>autem</strong></span> <span class='ocrx_word' id='word_1_572' title='bbox 684 3932 695 3965; x_wconf 90' lang='lat'>:</span> <span class='ocrx_word' id='word_1_573' title='bbox 729 3912 971 3967; x_wconf 85' lang='lat' dir='ltr'><strong>Clariﬁca</strong></span> <span class='ocrx_word' id='word_1_574' title='bbox 1003 3922 1150 3967; x_wconf 90' lang='lat' dir='ltr'><strong>tuum</strong></span> <span class='ocrx_word' id='word_1_575' title='bbox 1184 3927 1399 3975; x_wconf 88' lang='lat' dir='ltr'><strong>nomen.</strong></span> <span class='ocrx_word' id='word_1_576' title='bbox 1431 3915 1526 3967; x_wconf 84' lang='lat' dir='ltr'><strong>nisi</strong></span> <span class='ocrx_word' id='word_1_577' title='bbox 1557 3916 1607 3967; x_wconf 92' lang='lat' dir='ltr'><strong>in</strong></span> <span class='ocrx_word' id='word_1_578' title='bbox 1656 3930 1747 3968; x_wconf 85' lang='lat' dir='ltr'><strong>sua</strong></span> <span class='ocrx_word' id='word_1_579' title='bbox 1800 3914 2042 3983; x_wconf 87' lang='lat' dir='ltr'><strong>passione</strong></span> 
     </span>
    </p>
   </div>
   <div class='ocr_carea' id='block_1_71' title="bbox 476 4003 2043 4073">
    <p class='ocr_par' dir='ltr' id='par_1_71' title="bbox 476 4003 2043 4073">
     <span class='ocr_line' id='line_1_71' title="bbox 476 4003 2043 4073; baseline 0.003 -18"><span class='ocrx_word' id='word_1_580' title='bbox 476 4013 531 4055; x_wconf 85' lang='lat' dir='ltr'><strong>et</strong></span> <span class='ocrx_word' id='word_1_581' title='bbox 562 4005 1017 4059; x_wconf 83' lang='lat' dir='ltr'><strong>resurrrectione?</strong></span> <span class='ocrx_word' id='word_1_582' title='bbox 1047 4003 1181 4071; x_wconf 84' lang='lat' dir='ltr'><strong>Quid</strong></span> <span class='ocrx_word' id='word_1_583' title='bbox 1209 4015 1290 4057; x_wconf 91' lang='lat' dir='ltr'><strong>est</strong></span> <span class='ocrx_word' id='word_1_584' title='bbox 1316 4020 1441 4073; x_wconf 86' lang='lat' dir='ltr'><strong>ergo</strong></span> <span class='ocrx_word' id='word_1_585' title='bbox 1464 4005 1626 4069; x_wconf 91' lang='lat' dir='ltr'><strong>aliud,</strong></span> <span class='ocrx_word' id='word_1_586' title='bbox 1660 4005 1759 4058; x_wconf 83' lang='lat' dir='ltr'><strong>nisi</strong></span> <span class='ocrx_word' id='word_1_587' title='bbox 1791 4014 1848 4059; x_wconf 84' lang='grc' dir='ltr'><strong>ιιι</strong></span> <span class='ocrx_word' id='word_1_588' title='bbox 1891 4006 2043 4060; x_wconf 82' lang='lat' dir='ltr'><strong>Pater</strong></span> 
     </span>
    </p>
   </div>
   <div class='ocr_carea' id='block_1_72' title="bbox 478 4094 2043 4163">
    <p class='ocr_par' dir='ltr' id='par_1_72' title="bbox 478 4094 2043 4163">
     <span class='ocr_line' id='line_1_72' title="bbox 478 4094 2043 4163; baseline 0.001 -14"><span class='ocrx_word' id='word_1_589' title='bbox 478 4097 732 4151; x_wconf 87' lang='lat' dir='ltr'><strong>clarilicet</strong></span> <span class='ocrx_word' id='word_1_590' title='bbox 758 4095 971 4159; x_wconf 88' lang='lat' dir='ltr'><strong>Filium,</strong></span> <span class='ocrx_word' id='word_1_591' title='bbox 1004 4094 1092 4163; x_wconf 91' lang='lat' dir='ltr'><strong>qui</strong></span> <span class='ocrx_word' id='word_1_592' title='bbox 1142 4095 1398 4148; x_wconf 89' lang='lat' dir='ltr'><strong>clarilicat</strong></span> <span class='ocrx_word' id='word_1_593' title='bbox 1443 4111 1633 4149; x_wconf 90' lang='lat' dir='ltr'><strong>nomen</strong></span> <span class='ocrx_word' id='word_1_594' title='bbox 1682 4111 1857 4162; x_wconf 87' lang='lat' dir='ltr'><strong>suum,</strong></span> <span class='ocrx_word' id='word_1_595' title='bbox 1886 4099 2043 4151; x_wconf 91' lang='lat' dir='ltr'><strong>etiam</strong></span> 
     </span>
    </p>
   </div>
   <div class='ocr_carea' id='block_1_73' title="bbox 478 4186 1771 4255">
    <p class='ocr_par' dir='ltr' id='par_1_73' title="bbox 478 4186 1771 4255">
     <span class='ocr_line' id='line_1_73' title="bbox 478 4186 1771 4255; baseline -0.002 -13"><span class='ocrx_word' id='word_1_596' title='bbox 478 4190 527 4243; x_wconf 86' lang='lat' dir='ltr'><strong>in</strong></span> <span class='ocrx_word' id='word_1_597' title='bbox 553 4187 813 4241; x_wconf 86' lang='lat' dir='ltr'><strong>similibus</strong></span> <span class='ocrx_word' id='word_1_598' title='bbox 845 4186 1175 4255; x_wconf 85' lang='lat' dir='ltr'><strong>passionibus</strong></span> <span class='ocrx_word' id='word_1_599' title='bbox 1201 4201 1473 4240; x_wconf 87' lang='lat' dir='ltr'><strong>servorum</strong></span> <span class='ocrx_word' id='word_1_600' title='bbox 1514 4186 1771 4239; x_wconf 85' lang='lat' dir='ltr'><strong>suorum?</strong></span> 
     </span>
    </p>
   </div>
   <div class='ocr_carea' id='block_1_74' title="bbox 562 4274 2047 4346">
    <p class='ocr_par' dir='ltr' id='par_1_74' title="bbox 562 4274 2047 4346">
     <span class='ocr_line' id='line_1_74' title="bbox 562 4274 2047 4346; baseline -0.003 -14"><span class='ocrx_word' id='word_1_601' title='bbox 562 4278 702 4333; x_wconf 84' lang='lat' dir='ltr'><strong>Venit</strong></span> <span class='ocrx_word' id='word_1_602' title='bbox 730 4294 847 4346; x_wconf 83' lang='lat' dir='ltr'><strong>ergo</strong></span> <span class='ocrx_word' id='word_1_603' title='bbox 877 4294 972 4330; x_wconf 69' lang='lat' dir='ltr'><strong>vos:</strong></span> <span class='ocrx_word' id='word_1_604' title='bbox 1001 4279 1060 4330; x_wconf 86' lang='lat' dir='ltr'><strong>de</strong></span> <span class='ocrx_word' id='word_1_605' title='bbox 1088 4277 1210 4330; x_wconf 67' lang='lat' dir='ltr'><strong>caelo</strong></span> <span class='ocrx_word' id='word_1_606' title='bbox 1256 4291 1275 4330; x_wconf 89' lang='lat'><strong><em>:</em></strong></span> <span class='ocrx_word' id='word_1_607' title='bbox 1322 4274 1389 4329; x_wconf 85' lang='lat' dir='ltr'><strong>Et</strong></span> <span class='ocrx_word' id='word_1_608' title='bbox 1441 4276 1737 4343; x_wconf 79' lang='lat' dir='ltr'><strong>rlariﬁcavi,</strong></span> <span class='ocrx_word' id='word_1_609' title='bbox 1768 4284 1813 4330; x_wconf 91' lang='lat' dir='ltr'><strong>et</strong></span> <span class='ocrx_word' id='word_1_610' title='bbox 1864 4278 2047 4329; x_wconf 80' lang='lat' dir='ltr'><strong>iterum</strong></span> 
     </span>
    </p>
   </div>
   <div class='ocr_carea' id='block_1_75' title="bbox 480 4367 2042 4438">
    <p class='ocr_par' dir='ltr' id='par_1_75' title="bbox 480 4367 2042 4438">
     <span class='ocr_line' id='line_1_75' title="bbox 480 4367 2042 4438; baseline -0.005 -12"><span class='ocrx_word' id='word_1_611' title='bbox 480 4372 792 4438; x_wconf 78' lang='lat' dir='ltr'><strong>rlariﬁcabo.</strong></span> <span class='ocrx_word' id='word_1_612' title='bbox 846 4367 912 4421; x_wconf 88' lang='lat' dir='ltr'><strong>Et</strong></span> <span class='ocrx_word' id='word_1_613' title='bbox 938 4369 1234 4432; x_wconf 82' lang='lat' dir='ltr'><strong>clariﬁcavi,</strong></span> <span class='ocrx_word' id='word_1_614' title='bbox 1264 4375 1547 4433; x_wconf 88' lang='lat' dir='ltr'><strong>antequam</strong></span> <span class='ocrx_word' id='word_1_615' title='bbox 1600 4367 1829 4420; x_wconf 81' lang='lat' dir='ltr'><strong>facerem</strong></span> <span class='ocrx_word' id='word_1_616' title='bbox 1884 4381 2042 4419; x_wconf 86' lang='lat' dir='ltr'><strong>mun-</strong></span> 
     </span>
    </p>
   </div>
   <div class='ocr_carea' id='block_1_76' title="bbox 482 4457 2047 4525">
    <p class='ocr_par' dir='ltr' id='par_1_76' title="bbox 482 4457 2047 4525">
     <span class='ocr_line' id='line_1_76' title="bbox 482 4457 2047 4525; baseline -0.003 -12"><span class='ocrx_word' id='word_1_617' title='bbox 482 4469 638 4524; x_wconf 84' lang='lat' dir='ltr'><strong>dum;</strong></span> <span class='ocrx_word' id='word_1_618' title='bbox 670 4472 716 4515; x_wconf 87' lang='lat' dir='ltr'><strong>et</strong></span> <span class='ocrx_word' id='word_1_619' title='bbox 742 4464 922 4514; x_wconf 86' lang='lat' dir='ltr'><strong>iterum</strong></span> <span class='ocrx_word' id='word_1_620' title='bbox 950 4460 1238 4524; x_wconf 85' lang='lat' dir='ltr'><strong>clariﬁcabo</strong></span> <span class='ocrx_word' id='word_1_621' title='bbox 1267 4467 1625 4525; x_wconf 76' lang='lat' dir='ltr'><strong>resurgentem</strong></span> <span class='ocrx_word' id='word_1_622' title='bbox 1670 4472 1697 4509; x_wconf 88' lang='lat' dir='ltr'><strong>a</strong></span> <span class='ocrx_word' id='word_1_623' title='bbox 1724 4457 1965 4518; x_wconf 91' lang='lat' dir='ltr'><strong>mortuis,</strong></span> <span class='ocrx_word' id='word_1_624' title='bbox 1996 4466 2047 4509; x_wconf 90' lang='lat' dir='ltr'><strong>et</strong></span> 
     </span>
    </p>
   </div>
   <div class='ocr_carea' id='block_1_77' title="bbox 2141 3278 3725 3353">
    <p class='ocr_par' dir='ltr' id='par_1_77' title="bbox 2141 3278 3725 3353">
     <span class='ocr_line' id='line_1_77' title="bbox 2141 3278 3725 3353; baseline -0.004 -15"><span class='ocrx_word' id='word_1_625' title='bbox 2141 3282 2548 3353; x_wconf 86' lang='lat' dir='ltr'><strong>separatis;sed</strong></span> <span class='ocrx_word' id='word_1_626' title='bbox 2572 3281 2829 3349; x_wconf 88' lang='lat' dir='ltr'><strong>judicium</strong></span> <span class='ocrx_word' id='word_1_627' title='bbox 2871 3296 2976 3349; x_wconf 92' lang='lat' dir='ltr'><strong>quo</strong></span> <span class='ocrx_word' id='word_1_628' title='bbox 3026 3281 3272 3348; x_wconf 87' lang='lat' dir='ltr'><strong>princeps</strong></span> <span class='ocrx_word' id='word_1_629' title='bbox 3321 3278 3475 3347; x_wconf 86' lang='lat' dir='ltr'><strong>hujus</strong></span> <span class='ocrx_word' id='word_1_630' title='bbox 3525 3280 3725 3332; x_wconf 86' lang='lat' dir='ltr'><strong>mundi</strong></span> 
     </span>
    </p>
   </div>
   <div class='ocr_carea' id='block_1_78' title="bbox 2140 3370 3716 3445">
    <p class='ocr_par' dir='ltr' id='par_1_78' title="bbox 2140 3370 3716 3445">
     <span class='ocr_line' id='line_1_78' title="bbox 2140 3370 3716 3445; baseline -0.005 -17"><span class='ocrx_word' id='word_1_631' title='bbox 2140 3375 2379 3442; x_wconf 88' lang='lat' dir='ltr'><strong>ejicietur</strong></span> <span class='ocrx_word' id='word_1_632' title='bbox 2406 3376 2566 3426; x_wconf 78' lang='lat' dir='ltr'><strong>foras.</strong></span> <span class='ocrx_word' id='word_1_633' title='bbox 2600 3372 2876 3437; x_wconf 89' lang='lat' dir='ltr'><strong>Quomodo</strong></span> <span class='ocrx_word' id='word_1_634' title='bbox 2904 3386 3033 3439; x_wconf 82' lang='lat' dir='ltr'><strong>ergo</strong></span> <span class='ocrx_word' id='word_1_635' title='bbox 3066 3370 3207 3423; x_wconf 89' lang='lat' dir='ltr'><strong>intus</strong></span> <span class='ocrx_word' id='word_1_636' title='bbox 3234 3370 3399 3445; x_wconf 45' lang='lat' dir='ltr'><strong>erat!</strong></span> <span class='ocrx_word' id='word_1_637' title='bbox 3435 3384 3539 3438; x_wconf 92' lang='lat' dir='ltr'><strong>quo</strong></span> <span class='ocrx_word' id='word_1_638' title='bbox 3582 3384 3716 3422; x_wconf 88' lang='lat' dir='ltr'><strong>eum</strong></span> 
     </span>
    </p>
   </div>
   <div class='ocr_carea' id='block_1_79' title="bbox 2142 3459 3725 3533">
    <p class='ocr_par' dir='ltr' id='par_1_79' title="bbox 2142 3459 3725 3533">
     <span class='ocr_line' id='line_1_79' title="bbox 2142 3459 3725 3533; baseline -0.005 -14"><span class='ocrx_word' id='word_1_639' title='bbox 2142 3467 2277 3519; x_wconf 81' lang='lat' dir='ltr'><strong>dixit</strong></span> <span class='ocrx_word' id='word_1_640' title='bbox 2305 3464 2624 3533; x_wconf 84' lang='lat' dir='ltr'><strong>ejiciendum</strong></span> <span class='ocrx_word' id='word_1_641' title='bbox 2653 3462 2835 3515; x_wconf 72' lang='lat' dir='ltr'><strong>foras?</strong></span> <span class='ocrx_word' id='word_1_642' title='bbox 2883 3460 3057 3523; x_wconf 84' lang='lat' dir='ltr'><strong>Nunc,</strong></span> <span class='ocrx_word' id='word_1_643' title='bbox 3092 3460 3277 3528; x_wconf 92' lang='lat' dir='ltr'><strong>inquit,</strong></span> <span class='ocrx_word' id='word_1_644' title='bbox 3306 3464 3533 3527; x_wconf 78' lang='lat' dir='ltr'><strong>princeps</strong></span> <span class='ocrx_word' id='word_1_645' title='bbox 3556 3459 3725 3525; x_wconf 76' lang='lat' dir='ltr'><strong>hujus</strong></span> 
     </span>
    </p>
   </div>
   <div class='ocr_carea' id='block_1_80' title="bbox 2141 3550 3721 3623">
    <p class='ocr_par' dir='ltr' id='par_1_80' title="bbox 2141 3550 3721 3623">
     <span class='ocr_line' id='line_1_80' title="bbox 2141 3550 3721 3623; baseline -0.004 -16"><span class='ocrx_word' id='word_1_646' title='bbox 2141 3557 2318 3609; x_wconf 88' lang='lat' dir='ltr'><strong>mundi</strong></span> <span class='ocrx_word' id='word_1_647' title='bbox 2360 3556 2593 3623; x_wconf 82' lang='lat' dir='ltr'><strong>ejicietur</strong></span> <span class='ocrx_word' id='word_1_648' title='bbox 2650 3557 2808 3620; x_wconf 78' lang='lat' dir='ltr'><strong>foras,</strong></span> <span class='ocrx_word' id='word_1_649' title='bbox 2839 3553 2938 3605; x_wconf 91' lang='lat' dir='ltr'><strong>hoc</strong></span> <span class='ocrx_word' id='word_1_650' title='bbox 2985 3550 3381 3619; x_wconf 81' lang='lat' dir='ltr'><strong>intelligendum</strong></span> <span class='ocrx_word' id='word_1_651' title='bbox 3439 3559 3521 3602; x_wconf 86' lang='lat' dir='ltr'><strong>est</strong></span> <span class='ocrx_word' id='word_1_652' title='bbox 3566 3552 3721 3617; x_wconf 79' lang='lat' dir='ltr'><strong>quod</strong></span> 
     </span>
    </p>
   </div>
   <div class='ocr_carea' id='block_1_81' title="bbox 2143 3635 3728 3710">
    <p class='ocr_par' dir='ltr' id='par_1_81' title="bbox 2143 3635 3728 3710">
     <span class='ocr_line' id='line_1_81' title="bbox 2143 3635 3728 3710; baseline -0.006 -13"><span class='ocrx_word' id='word_1_653' title='bbox 2143 3659 2282 3698; x_wconf 89' lang='lat' dir='ltr'><strong>nunc</strong></span> <span class='ocrx_word' id='word_1_654' title='bbox 2304 3645 2382 3709; x_wconf 89' lang='lat' dir='ltr'><strong>ﬁt,</strong></span> <span class='ocrx_word' id='word_1_655' title='bbox 2408 3659 2510 3695; x_wconf 88' lang='lat' dir='ltr'><strong>non</strong></span> <span class='ocrx_word' id='word_1_656' title='bbox 2542 3642 2683 3710; x_wconf 91' lang='lat' dir='ltr'><strong>quod</strong></span> <span class='ocrx_word' id='word_1_657' title='bbox 2714 3635 2915 3693; x_wconf 83' lang='lat' dir='ltr'><strong>tantum</strong></span> <span class='ocrx_word' id='word_1_658' title='bbox 2948 3647 3067 3707; x_wconf 86' lang='lat' dir='ltr'><strong>post</strong></span> <span class='ocrx_word' id='word_1_659' title='bbox 3090 3638 3320 3691; x_wconf 89' lang='lat' dir='ltr'><strong>l‘uturum</strong></span> <span class='ocrx_word' id='word_1_660' title='bbox 3356 3651 3473 3691; x_wconf 89' lang='lat' dir='ltr'><strong>esse</strong></span> <span class='ocrx_word' id='word_1_661' title='bbox 3520 3638 3570 3689; x_wconf 88' lang='lat' dir='ltr'><strong>in</strong></span> <span class='ocrx_word' id='word_1_662' title='bbox 3623 3652 3728 3689; x_wconf 91' lang='lat' dir='ltr'><strong>no-</strong></span> 
     </span>
    </p>
   </div>
   <div class='ocr_carea' id='block_1_82' title="bbox 2147 3728 3728 3800">
    <p class='ocr_par' dir='ltr' id='par_1_82' title="bbox 2147 3728 3728 3800">
     <span class='ocr_line' id='line_1_82' title="bbox 2147 3728 3728 3800; baseline -0.005 -14"><span class='ocrx_word' id='word_1_663' title='bbox 2147 3734 2366 3787; x_wconf 85' lang='lat' dir='ltr'><strong>vissimo</strong></span> <span class='ocrx_word' id='word_1_664' title='bbox 2393 3733 2478 3787; x_wconf 91' lang='lat' dir='ltr'><strong>die</strong></span> <span class='ocrx_word' id='word_1_665' title='bbox 2503 3731 2842 3800; x_wconf 74' lang='lat' dir='ltr'><strong>prtevidebat.</strong></span> <span class='ocrx_word' id='word_1_666' title='bbox 2876 3730 3015 3797; x_wconf 86' lang='lat' dir='ltr'><strong>Ergo</strong></span> <span class='ocrx_word' id='word_1_667' title='bbox 3045 3728 3319 3793; x_wconf 78' lang='lat' dir='ltr'><strong>Dominus,</strong></span> <span class='ocrx_word' id='word_1_668' title='bbox 3343 3728 3482 3797; x_wconf 91' lang='lat' dir='ltr'><strong>quod</strong></span> <span class='ocrx_word' id='word_1_669' title='bbox 3512 3728 3728 3781; x_wconf 79' lang='lat' dir='ltr'><strong>sciebat</strong></span> 
     </span>
    </p>
   </div>
   <div class='ocr_carea' id='block_1_83' title="bbox 2145 3820 3721 3894">
    <p class='ocr_par' dir='ltr' id='par_1_83' title="bbox 2145 3820 3721 3894">
     <span class='ocr_line' id='line_1_83' title="bbox 2145 3820 3721 3894; baseline -0.004 -14"><span class='ocrx_word' id='word_1_670' title='bbox 2145 3834 2261 3894; x_wconf 90' lang='lat' dir='ltr'><strong>post</strong></span> <span class='ocrx_word' id='word_1_671' title='bbox 2292 3826 2589 3891; x_wconf 86' lang='lat' dir='ltr'><strong>passionem</strong></span> <span class='ocrx_word' id='word_1_672' title='bbox 2620 3834 2671 3877; x_wconf 87' lang='lat' dir='ltr'><strong>et</strong></span> <span class='ocrx_word' id='word_1_673' title='bbox 2701 3821 3135 3892; x_wconf 78' lang='lat' dir='ltr'><strong>gloriﬁcationem</strong></span> <span class='ocrx_word' id='word_1_674' title='bbox 3167 3834 3317 3874; x_wconf 85' lang='lat' dir='ltr'><strong>suam</strong></span> <span class='ocrx_word' id='word_1_675' title='bbox 3350 3835 3443 3887; x_wconf 87' lang='lat' dir='ltr'><strong>per</strong></span> <span class='ocrx_word' id='word_1_676' title='bbox 3495 3820 3721 3873; x_wconf 85' lang='lat' dir='ltr'><strong>univer-</strong></span> 
     </span>
    </p>
   </div>
   <div class='ocr_carea' id='block_1_84' title="bbox 2143 3910 3721 3982">
    <p class='ocr_par' dir='ltr' id='par_1_84' title="bbox 2143 3910 3721 3982">
     <span class='ocr_line' id='line_1_84' title="bbox 2143 3910 3721 3982; baseline -0.005 -13"><span class='ocrx_word' id='word_1_677' title='bbox 2143 3930 2259 3969; x_wconf 88' lang='lat' dir='ltr'><strong>sum</strong></span> <span class='ocrx_word' id='word_1_678' title='bbox 2287 3914 2536 3967; x_wconf 87' lang='lat' dir='ltr'><strong>mundum</strong></span> <span class='ocrx_word' id='word_1_679' title='bbox 2571 3913 2767 3966; x_wconf 88' lang='lat' dir='ltr'><strong>multos</strong></span> <span class='ocrx_word' id='word_1_680' title='bbox 2799 3912 3023 3982; x_wconf 88' lang='lat' dir='ltr'><strong>populos</strong></span> <span class='ocrx_word' id='word_1_681' title='bbox 3064 3910 3381 3974; x_wconf 88' lang='lat' dir='ltr'><strong>credituros,</strong></span> <span class='ocrx_word' id='word_1_682' title='bbox 3410 3912 3460 3962; x_wconf 90' lang='lat' dir='ltr'><strong>in</strong></span> <span class='ocrx_word' id='word_1_683' title='bbox 3487 3924 3721 3976; x_wconf 90' lang='lat' dir='ltr'><strong>quorum</strong></span> 
     </span>
    </p>
   </div>
   <div class='ocr_carea' id='block_1_85' title="bbox 2145 3997 3721 4065">
    <p class='ocr_par' dir='ltr' id='par_1_85' title="bbox 2145 3997 3721 4065">
     <span class='ocr_line' id='line_1_85' title="bbox 2145 3997 3721 4065; baseline -0.004 -7"><span class='ocrx_word' id='word_1_684' title='bbox 2145 4005 2395 4059; x_wconf 86' lang='lat' dir='ltr'><strong>cordibus</strong></span> <span class='ocrx_word' id='word_1_685' title='bbox 2416 4002 2658 4057; x_wconf 83' lang='lat' dir='ltr'><strong>diabolus</strong></span> <span class='ocrx_word' id='word_1_686' title='bbox 2689 4003 2828 4055; x_wconf 88' lang='lat' dir='ltr'><strong>intus</strong></span> <span class='ocrx_word' id='word_1_687' title='bbox 2848 4009 2983 4064; x_wconf 87' lang='lat' dir='ltr'><strong>erat,</strong></span> <span class='ocrx_word' id='word_1_688' title='bbox 3011 4000 3095 4053; x_wconf 92' lang='lat' dir='ltr'><strong>cui</strong></span> <span class='ocrx_word' id='word_1_689' title='bbox 3121 3998 3330 4065; x_wconf 83' lang='lat' dir='ltr'><strong>quando</strong></span> <span class='ocrx_word' id='word_1_690' title='bbox 3359 4014 3421 4053; x_wconf 79' lang='lat' dir='ltr'><strong>ex</strong></span> <span class='ocrx_word' id='word_1_691' title='bbox 3476 3997 3576 4052; x_wconf 88' lang='lat' dir='ltr'><strong>ﬁde</strong></span> <span class='ocrx_word' id='word_1_692' title='bbox 3633 4015 3721 4052; x_wconf 49' lang='lat' dir='ltr'><strong>re-</strong></span> 
     </span>
    </p>
   </div>
   <div class='ocr_carea' id='block_1_86' title="bbox 2148 4090 3721 4162">
    <p class='ocr_par' dir='ltr' id='par_1_86' title="bbox 2148 4090 3721 4162">
     <span class='ocr_line' id='line_1_86' title="bbox 2148 4090 3721 4162; baseline -0.005 -13"><span class='ocrx_word' id='word_1_693' title='bbox 2148 4098 2439 4158; x_wconf 87' lang='lat' dir='ltr'><strong>nuntiatur,</strong></span> <span class='ocrx_word' id='word_1_694' title='bbox 2465 4094 2678 4162; x_wconf 88' lang='lat' dir='ltr'><strong>ejicitur</strong></span> <span class='ocrx_word' id='word_1_695' title='bbox 2703 4094 2864 4158; x_wconf 77' lang='lat' dir='ltr'><strong>foras,</strong></span> <span class='ocrx_word' id='word_1_696' title='bbox 2886 4092 3014 4146; x_wconf 93' lang='lat' dir='ltr'><strong>dicit</strong></span> <span class='ocrx_word' id='word_1_697' title='bbox 3044 4110 3055 4143; x_wconf 88' lang='lat'><strong>:</strong></span> <span class='ocrx_word' id='word_1_698' title='bbox 3090 4090 3242 4143; x_wconf 85' lang='lat' dir='ltr'><strong>Nunc</strong></span> <span class='ocrx_word' id='word_1_699' title='bbox 3274 4095 3505 4161; x_wconf 84' lang='lat' dir='ltr'><strong>princeps</strong></span> <span class='ocrx_word' id='word_1_700' title='bbox 3537 4094 3721 4143; x_wconf 83' lang='lat' dir='ltr'><strong>mundi</strong></span> 
     </span>
    </p>
   </div>
   <div class='ocr_carea' id='block_1_87' title="bbox 2149 4184 3722 4257">
    <p class='ocr_par' dir='ltr' id='par_1_87' title="bbox 2149 4184 3722 4257">
     <span class='ocr_line' id='line_1_87' title="bbox 2149 4184 3722 4257; baseline -0.002 -18"><span class='ocrx_word' id='word_1_701' title='bbox 2149 4188 2305 4257; x_wconf 79' lang='lat' dir='ltr'><strong>hujus</strong></span> <span class='ocrx_word' id='word_1_702' title='bbox 2346 4187 2572 4254; x_wconf 86' lang='lat' dir='ltr'><strong>ejicietur</strong></span> <span class='ocrx_word' id='word_1_703' title='bbox 2602 4187 2762 4253; x_wconf 77' lang='lat' dir='ltr'><strong>foras.</strong></span> <span class='ocrx_word' id='word_1_704' title='bbox 2800 4184 2904 4239; x_wconf 89' lang='lat' dir='ltr'><strong>Sed</strong></span> <span class='ocrx_word' id='word_1_705' title='bbox 2934 4184 3065 4238; x_wconf 84' lang='lat' dir='ltr'><strong>dicit</strong></span> <span class='ocrx_word' id='word_1_706' title='bbox 3091 4185 3277 4251; x_wconf 89' lang='lat' dir='ltr'><strong>aliquis</strong></span> <span class='ocrx_word' id='word_1_707' title='bbox 3311 4202 3325 4236; x_wconf 89' lang='lat'>:</span> <span class='ocrx_word' id='word_1_708' title='bbox 3359 4184 3623 4252; x_wconf 76' lang='lat' dir='ltr'><strong>Numquid</strong></span> <span class='ocrx_word' id='word_1_709' title='bbox 3655 4184 3722 4236; x_wconf 89' lang='lat' dir='ltr'><strong>de</strong></span> 
     </span>
    </p>
   </div>
   <div class='ocr_carea' id='block_1_88' title="bbox 2155 4275 3721 4345">
    <p class='ocr_par' dir='ltr' id='par_1_88' title="bbox 2155 4275 3721 4345">
     <span class='ocr_line' id='line_1_88' title="bbox 2155 4275 3721 4345; baseline -0.003 -14"><span class='ocrx_word' id='word_1_710' title='bbox 2155 4278 2403 4331; x_wconf 87' lang='lat' dir='ltr'><strong>cordibus</strong></span> <span class='ocrx_word' id='word_1_711' title='bbox 2436 4276 2855 4345; x_wconf 82' lang='lat' dir='ltr'><strong>patriarcharum</strong></span> <span class='ocrx_word' id='word_1_712' title='bbox 2885 4283 2939 4329; x_wconf 92' lang='lat' dir='ltr'><strong>et</strong></span> <span class='ocrx_word' id='word_1_713' title='bbox 2967 4275 3343 4343; x_wconf 85' lang='lat' dir='ltr'><strong>prophetarum</strong></span> <span class='ocrx_word' id='word_1_714' title='bbox 3370 4286 3721 4343; x_wconf 78' lang='lat' dir='ltr'><strong>veterumque</strong></span> 
     </span>
    </p>
   </div>
   <div class='ocr_carea' id='block_1_89' title="bbox 2156 4362 3716 4437">
    <p class='ocr_par' dir='ltr' id='par_1_89' title="bbox 2156 4362 3716 4437">
     <span class='ocr_line' id='line_1_89' title="bbox 2156 4362 3716 4437; baseline -0.005 -16"><span class='ocrx_word' id='word_1_715' title='bbox 2156 4368 2423 4437; x_wconf 88' lang='lat' dir='ltr'><strong>justorum</strong></span> <span class='ocrx_word' id='word_1_716' title='bbox 2472 4381 2575 4419; x_wconf 90' lang='lat' dir='ltr'><strong>non</strong></span> <span class='ocrx_word' id='word_1_717' title='bbox 2620 4375 2700 4419; x_wconf 88' lang='lat' dir='ltr'><strong>est</strong></span> <span class='ocrx_word' id='word_1_718' title='bbox 2746 4365 2945 4433; x_wconf 83' lang='lat' dir='ltr'><strong>ejectus</strong></span> <span class='ocrx_word' id='word_1_719' title='bbox 2984 4365 3159 4418; x_wconf 73' lang='lat' dir='ltr'><strong>foras?</strong></span> <span class='ocrx_word' id='word_1_720' title='bbox 3191 4362 3402 4432; x_wconf 85' lang='lat' dir='ltr'><strong>Ejectus</strong></span> <span class='ocrx_word' id='word_1_721' title='bbox 3435 4366 3716 4431; x_wconf 82' lang='lat' dir='ltr'><strong>estplatte.</strong></span> 
     </span>
    </p>
   </div>
   <div class='ocr_carea' id='block_1_90' title="bbox 2151 4453 3720 4524">
    <p class='ocr_par' dir='ltr' id='par_1_90' title="bbox 2151 4453 3720 4524">
     <span class='ocr_line' id='line_1_90' title="bbox 2151 4453 3720 4524; baseline -0.003 -15"><span class='ocrx_word' id='word_1_722' title='bbox 2151 4458 2427 4524; x_wconf 87' lang='lat' dir='ltr'><strong>Quomodo</strong></span> <span class='ocrx_word' id='word_1_723' title='bbox 2455 4471 2579 4524; x_wconf 87' lang='lat' dir='ltr'><strong>ergo</strong></span> <span class='ocrx_word' id='word_1_724' title='bbox 2612 4456 2807 4508; x_wconf 90' lang='lat' dir='ltr'><strong>dictum</strong></span> <span class='ocrx_word' id='word_1_725' title='bbox 2836 4464 2917 4508; x_wconf 90' lang='lat' dir='ltr'><strong>est</strong></span> <span class='ocrx_word' id='word_1_726' title='bbox 2973 4472 2984 4506; x_wconf 92' lang='lat'>:</span> <span class='ocrx_word' id='word_1_727' title='bbox 3044 4453 3198 4507; x_wconf 87' lang='lat' dir='ltr'><strong>Nunc</strong></span> <span class='ocrx_word' id='word_1_728' title='bbox 3251 4456 3483 4524; x_wconf 86' lang='lat' dir='ltr'><strong>ejicietur</strong></span> <span class='ocrx_word' id='word_1_729' title='bbox 3534 4456 3720 4523; x_wconf 75' lang='lat' dir='ltr'><strong>foras?</strong></span> 
     </span>
    </p>
   </div>
   <div class='ocr_carea' id='block_1_91' title="bbox 482 4515 3719 4615">
    <p class='ocr_par' dir='ltr' id='par_1_91' title="bbox 482 4515 3719 4615">
     <span class='ocr_line' id='line_1_91' title="bbox 482 4515 3719 4615; baseline -0.002 -12"><span class='ocrx_word' id='word_1_730' title='bbox 482 4552 852 4605; x_wconf 61' lang='lat' dir='ltr'><strong>ascendentem</strong></span> <span class='ocrx_word' id='word_1_731' title='bbox 886 4549 936 4601; x_wconf 93' lang='lat' dir='ltr'><strong>in</strong></span> <span class='ocrx_word' id='word_1_732' title='bbox 967 4549 1179 4603; x_wconf 64' lang='lat' dir='ltr'><strong>caelum.</strong></span> <span class='ocrx_word' id='word_1_733' title='bbox 1237 4548 1300 4600; x_wconf 85' lang='lat' dir='ltr'><strong>Et</strong></span> <span class='ocrx_word' id='word_1_734' title='bbox 1347 4549 1497 4599; x_wconf 79' lang='lat' dir='ltr'><strong>aliter</strong></span> <span class='ocrx_word' id='word_1_735' title='bbox 1543 4547 1759 4613; x_wconf 80' lang='lat' dir='ltr'><strong>intelligi</strong></span> <span class='ocrx_word' id='word_1_736' title='bbox 1806 4556 1981 4615; x_wconf 89' lang='lat' dir='ltr'><strong>potest</strong></span> <span class='ocrx_word' id='word_1_737' title='bbox 2032 4563 2043 4596; x_wconf 88' lang='lat'><strong>:</strong></span> <span class='ocrx_word' id='word_1_738' title='bbox 2078 4515 2126 4572; x_wconf 66' lang='grc' dir='ltr'><strong>Β</strong></span> <span class='ocrx_word' id='word_1_739' title='bbox 2152 4547 2429 4613; x_wconf 88' lang='lat' dir='ltr'><strong>Quomodo</strong></span> <span class='ocrx_word' id='word_1_740' title='bbox 2454 4556 2719 4612; x_wconf 89' lang='lat' dir='ltr'><strong>putamus,</strong></span> <span class='ocrx_word' id='word_1_741' title='bbox 2744 4544 2841 4598; x_wconf 81' lang='lat' dir='ltr'><strong>nisi</strong></span> <span class='ocrx_word' id='word_1_742' title='bbox 2864 4546 2983 4610; x_wconf 87' lang='lat' dir='ltr'><strong>quia</strong></span> <span class='ocrx_word' id='word_1_743' title='bbox 3008 4552 3133 4596; x_wconf 91' lang='lat' dir='ltr'><strong>tunc</strong></span> <span class='ocrx_word' id='word_1_744' title='bbox 3163 4543 3302 4609; x_wconf 92' lang='lat' dir='ltr'><strong>quod</strong></span> <span class='ocrx_word' id='word_1_745' title='bbox 3333 4543 3381 4595; x_wconf 94' lang='lat' dir='ltr'><strong>in</strong></span> <span class='ocrx_word' id='word_1_746' title='bbox 3418 4545 3719 4599; x_wconf 82' lang='lat' dir='ltr'><strong>hominibus</strong></span> 
     </span>
    </p>
   </div>
   <div class='ocr_carea' id='block_1_92' title="bbox 488 4636 2047 4707">
    <p class='ocr_par' dir='ltr' id='par_1_92' title="bbox 488 4636 2047 4707">
     <span class='ocr_line' id='line_1_92' title="bbox 488 4636 2047 4707; baseline -0.004 -12"><span class='ocrx_word' id='word_1_747' title='bbox 488 4641 864 4707; x_wconf 69' lang='lat' dir='ltr'><strong>lthlari/icavi,</strong></span> <span class='ocrx_word' id='word_1_748' title='bbox 898 4655 1015 4693; x_wconf 88' lang='lat' dir='ltr'><strong>cum</strong></span> <span class='ocrx_word' id='word_1_749' title='bbox 1045 4640 1109 4690; x_wconf 90' lang='lat' dir='ltr'><strong>de</strong></span> <span class='ocrx_word' id='word_1_750' title='bbox 1139 4639 1339 4705; x_wconf 83' lang='lat' dir='ltr'><strong>virgine</strong></span> <span class='ocrx_word' id='word_1_751' title='bbox 1383 4649 1536 4691; x_wconf 90' lang='lat' dir='ltr'><strong>natus</strong></span> <span class='ocrx_word' id='word_1_752' title='bbox 1580 4648 1661 4691; x_wconf 93' lang='lat' dir='ltr'><strong>est</strong></span> <span class='ocrx_word' id='word_1_753' title='bbox 1706 4636 1934 4705; x_wconf 83' lang='lat' dir='ltr'><strong>(Matth.</strong></span> <span class='ocrx_word' id='word_1_754' title='bbox 1970 4646 2047 4699; x_wconf 77' lang='grc' dir='ltr'><strong>ι),</strong></span> 
     </span>
    </p>
   </div>
   <div class='ocr_carea' id='block_1_93' title="bbox 484 4728 2049 4797">
    <p class='ocr_par' dir='ltr' id='par_1_93' title="bbox 484 4728 2049 4797">
     <span class='ocr_line' id='line_1_93' title="bbox 484 4728 2049 4797; baseline -0.003 -15"><span class='ocrx_word' id='word_1_755' title='bbox 484 4749 599 4784; x_wconf 74' lang='lat' dir='ltr'><strong>cum</strong></span> <span class='ocrx_word' id='word_1_756' title='bbox 628 4732 691 4783; x_wconf 91' lang='lat' dir='ltr'><strong>de</strong></span> <span class='ocrx_word' id='word_1_757' title='bbox 714 4730 849 4784; x_wconf 75' lang='lat' dir='ltr'><strong>C(BIO</strong></span> <span class='ocrx_word' id='word_1_758' title='bbox 872 4745 963 4797; x_wconf 89' lang='lat' dir='ltr'><strong>per</strong></span> <span class='ocrx_word' id='word_1_759' title='bbox 981 4729 1203 4782; x_wconf 91' lang='lat' dir='ltr'><strong>indicem</strong></span> <span class='ocrx_word' id='word_1_760' title='bbox 1226 4729 1431 4781; x_wconf 89' lang='lat' dir='ltr'><strong>stellam</strong></span> <span class='ocrx_word' id='word_1_761' title='bbox 1452 4743 1479 4779; x_wconf 89' lang='lat' dir='ltr'><strong>a</strong></span> <span class='ocrx_word' id='word_1_762' title='bbox 1502 4728 1657 4793; x_wconf 79' lang='lat' dir='ltr'><strong>Magis</strong></span> <span class='ocrx_word' id='word_1_763' title='bbox 1679 4728 1929 4781; x_wconf 89' lang='lat' dir='ltr'><strong>adoratus</strong></span> <span class='ocrx_word' id='word_1_764' title='bbox 1952 4738 2049 4789; x_wconf 87' lang='lat' dir='ltr'><strong>est,</strong></span> 
     </span>
    </p>
   </div>
   <div class='ocr_carea' id='block_1_94' title="bbox 484 4818 2054 4886">
    <p class='ocr_par' dir='ltr' id='par_1_94' title="bbox 484 4818 2054 4886">
     <span class='ocr_line' id='line_1_94' title="bbox 484 4818 2054 4886; baseline -0.003 -14"><span class='ocrx_word' id='word_1_765' title='bbox 484 4837 605 4875; x_wconf 80' lang='lat' dir='ltr'><strong>t-um</strong></span> <span class='ocrx_word' id='word_1_766' title='bbox 656 4836 683 4872; x_wconf 93' lang='lat' dir='ltr'><strong>a</strong></span> <span class='ocrx_word' id='word_1_767' title='bbox 734 4820 931 4873; x_wconf 87' lang='lat' dir='ltr'><strong>sanctis</strong></span> <span class='ocrx_word' id='word_1_768' title='bbox 988 4830 1171 4871; x_wconf 88' lang='lat' dir='ltr'><strong>sancto</strong></span> <span class='ocrx_word' id='word_1_769' title='bbox 1220 4818 1417 4886; x_wconf 88' lang='lat' dir='ltr'><strong>Spiritu</strong></span> <span class='ocrx_word' id='word_1_770' title='bbox 1485 4818 1653 4885; x_wconf 90' lang='lat' dir='ltr'><strong>plenis</strong></span> <span class='ocrx_word' id='word_1_771' title='bbox 1714 4818 1917 4885; x_wconf 85' lang='lat' dir='ltr'><strong>agnitus</strong></span> <span class='ocrx_word' id='word_1_772' title='bbox 1972 4826 2054 4869; x_wconf 90' lang='lat' dir='ltr'><strong>est</strong></span> 
     </span>
    </p>
   </div>
   <div class='ocr_carea' id='block_1_95' title="bbox 484 4907 2049 4980">
    <p class='ocr_par' dir='ltr' id='par_1_95' title="bbox 484 4907 2049 4980">
     <span class='ocr_line' id='line_1_95' title="bbox 484 4907 2049 4980; baseline -0.004 -18"><span class='ocrx_word' id='word_1_773' title='bbox 484 4912 694 4980; x_wconf 78' lang='lat' dir='ltr'><strong>(Matth.</strong></span> <span class='ocrx_word' id='word_1_774' title='bbox 725 4912 802 4977; x_wconf 86' lang='lat' dir='ltr'><strong>ll),</strong></span> <span class='ocrx_word' id='word_1_775' title='bbox 833 4926 951 4962; x_wconf 87' lang='lat' dir='ltr'><strong>cmn</strong></span> <span class='ocrx_word' id='word_1_776' title='bbox 994 4909 1345 4962; x_wconf 90' lang='lat' dir='ltr'><strong>descendente</strong></span> <span class='ocrx_word' id='word_1_777' title='bbox 1385 4909 1581 4975; x_wconf 84' lang='lat' dir='ltr'><strong>Spiritu</strong></span> <span class='ocrx_word' id='word_1_778' title='bbox 1633 4907 1684 4960; x_wconf 91' lang='lat' dir='ltr'><strong>in</strong></span> <span class='ocrx_word' id='word_1_779' title='bbox 1729 4909 1905 4975; x_wconf 82' lang='lat' dir='ltr'><strong>specie</strong></span> <span class='ocrx_word' id='word_1_780' title='bbox 1962 4923 2049 4960; x_wconf 86' lang='lat' dir='ltr'><strong>cu-</strong></span> 
     </span>
    </p>
   </div>
   <div class='ocr_carea' id='block_1_96' title="bbox 486 4998 2048 5064">
    <p class='ocr_par' dir='ltr' id='par_1_96' title="bbox 486 4998 2048 5064">
     <span class='ocr_line' id='line_1_96' title="bbox 486 4998 2048 5064; baseline -0.006 -7"><span class='ocrx_word' id='word_1_781' title='bbox 486 5002 677 5057; x_wconf 73' lang='lat' dir='ltr'><strong>luniba:</strong></span> <span class='ocrx_word' id='word_1_782' title='bbox 702 5001 1018 5064; x_wconf 89' lang='lat' dir='ltr'><strong>declaratus,</strong></span> <span class='ocrx_word' id='word_1_783' title='bbox 1046 5013 1165 5052; x_wconf 90' lang='lat' dir='ltr'><strong>cum</strong></span> <span class='ocrx_word' id='word_1_784' title='bbox 1198 5014 1327 5051; x_wconf 89' lang='lat' dir='ltr'><strong>voce</strong></span> <span class='ocrx_word' id='word_1_785' title='bbox 1359 4998 1424 5051; x_wconf 88' lang='lat' dir='ltr'><strong>de</strong></span> <span class='ocrx_word' id='word_1_786' title='bbox 1450 4999 1587 5051; x_wconf 84' lang='lat' dir='ltr'><strong>coelo</strong></span> <span class='ocrx_word' id='word_1_787' title='bbox 1618 5006 1843 5051; x_wconf 90' lang='lat' dir='ltr'><strong>sonante</strong></span> <span class='ocrx_word' id='word_1_788' title='bbox 1899 5013 2048 5049; x_wconf 88' lang='lat' dir='ltr'><strong>mon-</strong></span> 
     </span>
    </p>
   </div>
   <div class='ocr_carea' id='block_1_97' title="bbox 486 5088 2048 5161">
    <p class='ocr_par' dir='ltr' id='par_1_97' title="bbox 486 5088 2048 5161">
     <span class='ocr_line' id='line_1_97' title="bbox 486 5088 2048 5161; baseline -0.004 -16"><span class='ocrx_word' id='word_1_789' title='bbox 486 5106 681 5146; x_wconf 69' lang='lat' dir='ltr'><strong>stratus</strong></span> <span class='ocrx_word' id='word_1_790' title='bbox 729 5090 1091 5161; x_wconf 85' lang='lat' dir='ltr'><strong>(Matth.ltt),</strong></span> <span class='ocrx_word' id='word_1_791' title='bbox 1149 5104 1265 5141; x_wconf 89' lang='lat' dir='ltr'><strong>cum</strong></span> <span class='ocrx_word' id='word_1_792' title='bbox 1318 5088 1368 5140; x_wconf 91' lang='lat' dir='ltr'><strong>in</strong></span> <span class='ocrx_word' id='word_1_793' title='bbox 1422 5096 1600 5141; x_wconf 88' lang='lat' dir='ltr'><strong>monte</strong></span> <span class='ocrx_word' id='word_1_794' title='bbox 1651 5090 2048 5155; x_wconf 81' lang='lat' dir='ltr'><strong>transﬁguratus</strong></span> 
     </span>
    </p>
   </div>
   <div class='ocr_carea' id='block_1_98' title="bbox 488 5180 2041 5255">
    <p class='ocr_par' dir='ltr' id='par_1_98' title="bbox 488 5180 2041 5255">
     <span class='ocr_line' id='line_1_98' title="bbox 488 5180 2041 5255; baseline -0.005 -16"><span class='ocrx_word' id='word_1_795' title='bbox 488 5185 698 5255; x_wconf 81' lang='lat' dir='ltr'><strong>(Matth.</strong></span> <span class='ocrx_word' id='word_1_796' title='bbox 730 5183 881 5250; x_wconf 83' lang='lat' dir='ltr'><strong>xvn),</strong></span> <span class='ocrx_word' id='word_1_797' title='bbox 906 5197 1022 5235; x_wconf 91' lang='lat' dir='ltr'><strong>cum</strong></span> <span class='ocrx_word' id='word_1_798' title='bbox 1055 5181 1305 5234; x_wconf 81' lang='lat' dir='ltr'><strong>miracula</strong></span> <span class='ocrx_word' id='word_1_799' title='bbox 1334 5182 1493 5233; x_wconf 88' lang='lat' dir='ltr'><strong>multa</strong></span> <span class='ocrx_word' id='word_1_800' title='bbox 1528 5180 1669 5245; x_wconf 78' lang='lat' dir='ltr'><strong>fecit,</strong></span> <span class='ocrx_word' id='word_1_801' title='bbox 1695 5195 1813 5233; x_wconf 89' lang='lat' dir='ltr'><strong>cum</strong></span> <span class='ocrx_word' id='word_1_802' title='bbox 1848 5180 2041 5231; x_wconf 89' lang='lat' dir='ltr'><strong>multos</strong></span> 
     </span>
    </p>
   </div>
   <div class='ocr_carea' id='block_1_99' title="bbox 485 5269 2050 5342">
    <p class='ocr_par' dir='ltr' id='par_1_99' title="bbox 485 5269 2050 5342">
     <span class='ocr_line' id='line_1_99' title="bbox 485 5269 2050 5342; baseline -0.007 -12"><span class='ocrx_word' id='word_1_803' title='bbox 485 5278 690 5331; x_wconf 76' lang='lat' dir='ltr'><strong>sanavit</strong></span> <span class='ocrx_word' id='word_1_804' title='bbox 710 5284 867 5342; x_wconf 90' lang='lat' dir='ltr'><strong>atque</strong></span> <span class='ocrx_word' id='word_1_805' title='bbox 894 5272 1183 5335; x_wconf 87' lang='lat' dir='ltr'><strong>mundavit,</strong></span> <span class='ocrx_word' id='word_1_806' title='bbox 1218 5286 1335 5324; x_wconf 92' lang='lat' dir='ltr'><strong>cum</strong></span> <span class='ocrx_word' id='word_1_807' title='bbox 1365 5272 1430 5323; x_wconf 87' lang='lat' dir='ltr'><strong>de</strong></span> <span class='ocrx_word' id='word_1_808' title='bbox 1457 5270 1787 5337; x_wconf 73' lang='lat' dir='ltr'><strong>paucissimis</strong></span> <span class='ocrx_word' id='word_1_809' title='bbox 1834 5269 2050 5335; x_wconf 85' lang='lat' dir='ltr'><strong>panibus</strong></span> 
     </span>
    </p>
   </div>
   <div class='ocr_carea' id='block_1_100' title="bbox 489 5361 2051 5430">
    <p class='ocr_par' dir='ltr' id='par_1_100' title="bbox 489 5361 2051 5430">
     <span class='ocr_line' id='line_1_100' title="bbox 489 5361 2051 5430; baseline -0.009 -9"><span class='ocrx_word' id='word_1_810' title='bbox 489 5379 685 5421; x_wconf 77' lang='lat' dir='ltr'><strong>tantum</strong></span> <span class='ocrx_word' id='word_1_811' title='bbox 742 5364 1129 5419; x_wconf 83' lang='lat' dir='ltr'><strong>multitudinem</strong></span> <span class='ocrx_word' id='word_1_812' title='bbox 1155 5364 1292 5428; x_wconf 85' lang='lat' dir='ltr'><strong>pavit</strong></span> <span class='ocrx_word' id='word_1_813' title='bbox 1324 5362 1533 5430; x_wconf 80' lang='lat' dir='ltr'><strong>(Matth.</strong></span> <span class='ocrx_word' id='word_1_814' title='bbox 1570 5361 1704 5426; x_wconf 80' lang='lat' dir='ltr'><strong>xw),</strong></span> <span class='ocrx_word' id='word_1_815' title='bbox 1730 5374 1849 5412; x_wconf 90' lang='lat' dir='ltr'><strong>cum</strong></span> <span class='ocrx_word' id='word_1_816' title='bbox 1881 5361 2051 5409; x_wconf 76' lang='lat' dir='ltr'><strong>ventis</strong></span> 
     </span>
    </p>
   </div>
   <div class='ocr_carea' id='block_1_101' title="bbox 490 5450 2053 5521">
    <p class='ocr_par' dir='ltr' id='par_1_101' title="bbox 490 5450 2053 5521">
     <span class='ocr_line' id='line_1_101' title="bbox 490 5450 2053 5521; baseline -0.005 -14"><span class='ocrx_word' id='word_1_817' title='bbox 490 5471 538 5509; x_wconf 78' lang='lat' dir='ltr'><strong>cl</strong></span> <span class='ocrx_word' id='word_1_818' title='bbox 588 5458 831 5511; x_wconf 86' lang='lat' dir='ltr'><strong>ﬂuctibus</strong></span> <span class='ocrx_word' id='word_1_819' title='bbox 900 5456 1223 5521; x_wconf 85' lang='lat' dir='ltr'><strong>imperavit,</strong></span> <span class='ocrx_word' id='word_1_820' title='bbox 1284 5468 1401 5503; x_wconf 88' lang='lat' dir='ltr'><strong>cum</strong></span> <span class='ocrx_word' id='word_1_821' title='bbox 1474 5462 1705 5503; x_wconf 90' lang='lat' dir='ltr'><strong>mortuos</strong></span> <span class='ocrx_word' id='word_1_822' title='bbox 1783 5450 2053 5501; x_wconf 82' lang='lat' dir='ltr'><strong>suscitavit</strong></span> 
     </span>
    </p>
   </div>
   <div class='ocr_carea' id='block_1_102' title="bbox 490 5547 2048 5617">
    <p class='ocr_par' dir='ltr' id='par_1_102' title="bbox 490 5547 2048 5617">
     <span class='ocr_line' id='line_1_102' title="bbox 490 5547 2048 5617; baseline -0.006 -15"><span class='ocrx_word' id='word_1_823' title='bbox 490 5552 649 5617; x_wconf 88' lang='lat' dir='ltr'><strong>(Luc.</strong></span> <span class='ocrx_word' id='word_1_824' title='bbox 680 5552 822 5617; x_wconf 81' lang='lat' dir='ltr'><strong>vni).</strong></span> <span class='ocrx_word' id='word_1_825' title='bbox 868 5549 934 5602; x_wconf 86' lang='lat' dir='ltr'><strong>Et</strong></span> <span class='ocrx_word' id='word_1_826' title='bbox 988 5550 1162 5601; x_wconf 85' lang='lat' dir='ltr'><strong>iterum</strong></span> <span class='ocrx_word' id='word_1_827' title='bbox 1212 5547 1527 5612; x_wconf 77' lang='lat' dir='ltr'><strong>clariﬁcabo,</strong></span> <span class='ocrx_word' id='word_1_828' title='bbox 1563 5561 1679 5597; x_wconf 91' lang='lat' dir='ltr'><strong>cum</strong></span> <span class='ocrx_word' id='word_1_829' title='bbox 1738 5553 1975 5609; x_wconf 81' lang='lat' dir='ltr'><strong>resurget</strong></span> <span class='ocrx_word' id='word_1_830' title='bbox 2022 5558 2048 5592; x_wconf 87' lang='lat' dir='ltr'><strong>a</strong></span> 
     </span>
    </p>
   </div>
   <div class='ocr_carea' id='block_1_103' title="bbox 493 5638 2048 5708">
    <p class='ocr_par' dir='ltr' id='par_1_103' title="bbox 493 5638 2048 5708">
     <span class='ocr_line' id='line_1_103' title="bbox 493 5638 2048 5708; baseline -0.004 -15"><span class='ocrx_word' id='word_1_831' title='bbox 493 5645 711 5695; x_wconf 81' lang='lat' dir='ltr'><strong>mortuis</strong></span> <span class='ocrx_word' id='word_1_832' title='bbox 735 5642 907 5708; x_wconf 83' lang='lat' dir='ltr'><strong>(Joan.</strong></span> <span class='ocrx_word' id='word_1_833' title='bbox 940 5642 1037 5705; x_wconf 78' lang='lat' dir='ltr'><strong>XI),</strong></span> <span class='ocrx_word' id='word_1_834' title='bbox 1078 5656 1195 5693; x_wconf 90' lang='lat' dir='ltr'><strong>cum</strong></span> <span class='ocrx_word' id='word_1_835' title='bbox 1222 5654 1357 5690; x_wconf 89' lang='lat' dir='ltr'><strong>mors</strong></span> <span class='ocrx_word' id='word_1_836' title='bbox 1382 5640 1423 5689; x_wconf 83' lang='lat' dir='ltr'><strong>ci</strong></span> <span class='ocrx_word' id='word_1_837' title='bbox 1457 5639 1591 5689; x_wconf 83' lang='lat' dir='ltr'><strong>ultra</strong></span> <span class='ocrx_word' id='word_1_838' title='bbox 1637 5654 1731 5689; x_wconf 86' lang='lat' dir='ltr'><strong>nou</strong></span> <span class='ocrx_word' id='word_1_839' title='bbox 1763 5638 2048 5689; x_wconf 81' lang='lat' dir='ltr'><strong>dominabi-</strong></span> 
     </span>
    </p>
   </div>
   <div class='ocr_carea' id='block_1_104' title="bbox 494 5729 2045 5804">
    <p class='ocr_par' dir='ltr' id='par_1_104' title="bbox 494 5729 2045 5804">
     <span class='ocr_line' id='line_1_104' title="bbox 494 5729 2045 5804; baseline -0.003 -19"><span class='ocrx_word' id='word_1_840' title='bbox 494 5746 572 5787; x_wconf 82' lang='lat' dir='ltr'><strong>tur</strong></span> <span class='ocrx_word' id='word_1_841' title='bbox 606 5734 777 5804; x_wconf 77' lang='lat' dir='ltr'><strong>(Rom.</strong></span> <span class='ocrx_word' id='word_1_842' title='bbox 809 5738 907 5802; x_wconf 83' lang='lat' dir='ltr'><strong>Vl),</strong></span> <span class='ocrx_word' id='word_1_843' title='bbox 958 5748 1073 5787; x_wconf 86' lang='lat' dir='ltr'><strong>cum</strong></span> <span class='ocrx_word' id='word_1_844' title='bbox 1126 5733 1440 5787; x_wconf 73' lang='lat' dir='ltr'><strong>exaltabitur</strong></span> <span class='ocrx_word' id='word_1_845' title='bbox 1497 5748 1652 5799; x_wconf 66' lang='lat' dir='ltr'><strong>stupor</strong></span> <span class='ocrx_word' id='word_1_846' title='bbox 1684 5731 1843 5785; x_wconf 82' lang='lat' dir='ltr'><strong>caelos</strong></span> <span class='ocrx_word' id='word_1_847' title='bbox 1892 5729 2045 5793; x_wconf 83' lang='lat' dir='ltr'><strong>Deus,</strong></span> 
     </span>
    </p>
   </div>
   <div class='ocr_carea' id='block_1_105' title="bbox 2154 4633 3722 4707">
    <p class='ocr_par' dir='ltr' id='par_1_105' title="bbox 2154 4633 3722 4707">
     <span class='ocr_line' id='line_1_105' title="bbox 2154 4633 3722 4707; baseline -0.004 -16"><span class='ocrx_word' id='word_1_848' title='bbox 2154 4638 2479 4707; x_wconf 68' lang='lat' dir='ltr'><strong>paucissimis</strong></span> <span class='ocrx_word' id='word_1_849' title='bbox 2496 4638 2684 4689; x_wconf 81' lang='lat' dir='ltr'><strong>factum</strong></span> <span class='ocrx_word' id='word_1_850' title='bbox 2706 4645 2805 4698; x_wconf 90' lang='lat' dir='ltr'><strong>est,</strong></span> <span class='ocrx_word' id='word_1_851' title='bbox 2825 4649 2960 4687; x_wconf 91' lang='lat' dir='ltr'><strong>nunc</strong></span> <span class='ocrx_word' id='word_1_852' title='bbox 2978 4635 3025 4686; x_wconf 91' lang='lat' dir='ltr'><strong>in</strong></span> <span class='ocrx_word' id='word_1_853' title='bbox 3049 4633 3226 4687; x_wconf 90' lang='lat' dir='ltr'><strong>multis</strong></span> <span class='ocrx_word' id='word_1_854' title='bbox 3242 4635 3548 4702; x_wconf 88' lang='lat' dir='ltr'><strong>magnisque</strong></span> <span class='ocrx_word' id='word_1_855' title='bbox 3563 4650 3722 4702; x_wconf 85' lang='lat' dir='ltr'><strong>popu-</strong></span> 
     </span>
    </p>
   </div>
   <div class='ocr_carea' id='block_1_106' title="bbox 2155 4726 3723 4797">
    <p class='ocr_par' dir='ltr' id='par_1_106' title="bbox 2155 4726 3723 4797">
     <span class='ocr_line' id='line_1_106' title="bbox 2155 4726 3723 4797; baseline -0.001 -15"><span class='ocrx_word' id='word_1_856' title='bbox 2155 4730 2339 4797; x_wconf 82' lang='lat' dir='ltr'><strong>lisjzim</strong></span> <span class='ocrx_word' id='word_1_857' title='bbox 2356 4730 2583 4780; x_wconf 79' lang='lat' dir='ltr'><strong>futurum</strong></span> <span class='ocrx_word' id='word_1_858' title='bbox 2603 4742 2721 4782; x_wconf 75' lang='lat' dir='ltr'><strong>esse</strong></span> <span class='ocrx_word' id='word_1_859' title='bbox 2740 4728 3044 4794; x_wconf 77' lang='lat' dir='ltr'><strong>prtcdictum</strong></span> <span class='ocrx_word' id='word_1_860' title='bbox 3064 4726 3180 4778; x_wconf 75' lang='lat' dir='ltr'><strong>est?</strong></span> <span class='ocrx_word' id='word_1_861' title='bbox 3200 4727 3333 4779; x_wconf 92' lang='lat' dir='ltr'><strong>sicut</strong></span> <span class='ocrx_word' id='word_1_862' title='bbox 3352 4728 3479 4779; x_wconf 86' lang='lat' dir='ltr'><strong>illud</strong></span> <span class='ocrx_word' id='word_1_863' title='bbox 3494 4732 3631 4795; x_wconf 87' lang='lat' dir='ltr'><strong>quod</strong></span> <span class='ocrx_word' id='word_1_864' title='bbox 3647 4728 3723 4781; x_wconf 79' lang='lat' dir='ltr'><strong>di-</strong></span> 
     </span>
    </p>
   </div>
   <div class='ocr_carea' id='block_1_107' title="bbox 2155 4820 3717 4889">
    <p class='ocr_par' dir='ltr' id='par_1_107' title="bbox 2155 4820 3717 4889">
     <span class='ocr_line' id='line_1_107' title="bbox 2155 4820 3717 4889; baseline 0.001 -16"><span class='ocrx_word' id='word_1_865' title='bbox 2155 4834 2293 4873; x_wconf 82' lang='lat' dir='ltr'><strong>etum</strong></span> <span class='ocrx_word' id='word_1_866' title='bbox 2312 4830 2393 4873; x_wconf 89' lang='lat' dir='ltr'><strong>est</strong></span> <span class='ocrx_word' id='word_1_867' title='bbox 2418 4840 2427 4871; x_wconf 92' lang='lat'>:</span> <span class='ocrx_word' id='word_1_868' title='bbox 2452 4820 2673 4885; x_wconf 75' lang='lat' dir='ltr'><strong>Spiritus</strong></span> <span class='ocrx_word' id='word_1_869' title='bbox 2692 4830 2863 4871; x_wconf 84' lang='lat' dir='ltr'><strong>autem</strong></span> <span class='ocrx_word' id='word_1_870' title='bbox 2879 4823 3097 4870; x_wconf 85' lang='lat' dir='ltr'><strong>nondum</strong></span> <span class='ocrx_word' id='word_1_871' title='bbox 3116 4830 3220 4871; x_wconf 89' lang='lat' dir='ltr'><strong>erat</strong></span> <span class='ocrx_word' id='word_1_872' title='bbox 3238 4821 3406 4883; x_wconf 84' lang='lat' dir='ltr'><strong>datus,</strong></span> <span class='ocrx_word' id='word_1_873' title='bbox 3424 4823 3548 4889; x_wconf 87' lang='lat' dir='ltr'><strong>quia</strong></span> <span class='ocrx_word' id='word_1_874' title='bbox 3568 4820 3717 4875; x_wconf 74' lang='lat' dir='ltr'><strong>Jesus</strong></span> 
     </span>
    </p>
   </div>
   <div class='ocr_carea' id='block_1_108' title="bbox 2152 4908 3717 4978">
    <p class='ocr_par' dir='ltr' id='par_1_108' title="bbox 2152 4908 3717 4978">
     <span class='ocr_line' id='line_1_108' title="bbox 2152 4908 3717 4978; baseline 0.001 -15"><span class='ocrx_word' id='word_1_875' title='bbox 2152 4914 2371 4963; x_wconf 86' lang='lat' dir='ltr'><strong>nondum</strong></span> <span class='ocrx_word' id='word_1_876' title='bbox 2386 4922 2491 4963; x_wconf 87' lang='lat' dir='ltr'><strong>erat</strong></span> <span class='ocrx_word' id='word_1_877' title='bbox 2514 4911 2823 4976; x_wconf 71' lang='lat' dir='ltr'><strong>gloriﬁcatus</strong></span> <span class='ocrx_word' id='word_1_878' title='bbox 2841 4908 3014 4978; x_wconf 83' lang='lat' dir='ltr'><strong>(Joan.</strong></span> <span class='ocrx_word' id='word_1_879' title='bbox 3033 4910 3153 4977; x_wconf 81' lang='lat' dir='ltr'><strong>vti);</strong></span> <span class='ocrx_word' id='word_1_880' title='bbox 3183 4919 3352 4975; x_wconf 90' lang='lat' dir='ltr'><strong>potest</strong></span> <span class='ocrx_word' id='word_1_881' title='bbox 3376 4913 3599 4964; x_wconf 75' lang='lat' dir='ltr'><strong>similem</strong></span> <span class='ocrx_word' id='word_1_882' title='bbox 3626 4913 3717 4965; x_wconf 81' lang='lat' dir='ltr'><strong>lia-</strong></span> 
     </span>
    </p>
   </div>
   <div class='ocr_carea' id='block_1_109' title="bbox 2152 5001 3715 5068">
    <p class='ocr_par' dir='ltr' id='par_1_109' title="bbox 2152 5001 3715 5068">
     <span class='ocr_line' id='line_1_109' title="bbox 2152 5001 3715 5068; baseline 0.001 -14"><span class='ocrx_word' id='word_1_883' title='bbox 2152 5003 2278 5055; x_wconf 89' lang='lat' dir='ltr'><strong>bere</strong></span> <span class='ocrx_word' id='word_1_884' title='bbox 2314 5004 2681 5068; x_wconf 64' lang='lat' dir='ltr'><strong>qumSlionem,</strong></span> <span class='ocrx_word' id='word_1_885' title='bbox 2713 5012 2765 5053; x_wconf 91' lang='lat' dir='ltr'><strong>et</strong></span> <span class='ocrx_word' id='word_1_886' title='bbox 2797 5001 3023 5053; x_wconf 90' lang='lat' dir='ltr'><strong>similem</strong></span> <span class='ocrx_word' id='word_1_887' title='bbox 3054 5003 3387 5053; x_wconf 82' lang='lat' dir='ltr'><strong>solutionem.</strong></span> <span class='ocrx_word' id='word_1_888' title='bbox 3428 5001 3542 5053; x_wconf 85' lang='lat' dir='ltr'><strong>Non</strong></span> <span class='ocrx_word' id='word_1_889' title='bbox 3576 5005 3715 5055; x_wconf 88' lang='lat' dir='ltr'><strong>enim</strong></span> 
     </span>
    </p>
   </div>
   <div class='ocr_carea' id='block_1_110' title="bbox 2155 5092 3717 5159">
    <p class='ocr_par' dir='ltr' id='par_1_110' title="bbox 2155 5092 3717 5159">
     <span class='ocr_line' id='line_1_110' title="bbox 2155 5092 3717 5159; baseline -0.001 -14"><span class='ocrx_word' id='word_1_890' title='bbox 2155 5094 2267 5145; x_wconf 74' lang='lat' dir='ltr'><strong>sino</strong></span> <span class='ocrx_word' id='word_1_891' title='bbox 2292 5093 2485 5159; x_wconf 85' lang='lat' dir='ltr'><strong>Spiritu</strong></span> <span class='ocrx_word' id='word_1_892' title='bbox 2517 5102 2700 5144; x_wconf 77' lang='lat' dir='ltr'><strong>sant-to</strong></span> <span class='ocrx_word' id='word_1_893' title='bbox 2735 5092 2903 5142; x_wconf 80' lang='lat' dir='ltr'><strong>futura</strong></span> <span class='ocrx_word' id='word_1_894' title='bbox 2936 5093 3419 5157; x_wconf 76' lang='lat' dir='ltr'><strong>prtenuntiavetunt</strong></span> <span class='ocrx_word' id='word_1_895' title='bbox 3448 5093 3717 5157; x_wconf 61' lang='lat' dir='ltr'><strong>propheta</strong></span> 
     </span>
    </p>
   </div>
   <div class='ocr_carea' id='block_1_111' title="bbox 2155 5180 3718 5253">
    <p class='ocr_par' dir='ltr' id='par_1_111' title="bbox 2155 5180 3718 5253">
     <span class='ocr_line' id='line_1_111' title="bbox 2155 5180 3718 5253; baseline -0.002 -20"><span class='ocrx_word' id='word_1_896' title='bbox 2155 5182 2206 5253; x_wconf 92' lang='lat' dir='ltr'><strong>(I</strong></span> <span class='ocrx_word' id='word_1_897' title='bbox 2242 5183 2354 5234; x_wconf 82' lang='lat' dir='ltr'><strong>Pet.</strong></span> <span class='ocrx_word' id='word_1_898' title='bbox 2386 5183 2444 5249; x_wconf 83' lang='grc' dir='ltr'><strong>ι),</strong></span> <span class='ocrx_word' id='word_1_899' title='bbox 2466 5191 2553 5233; x_wconf 90' lang='lat' dir='ltr'><strong>aut</strong></span> <span class='ocrx_word' id='word_1_900' title='bbox 2578 5197 2677 5233; x_wconf 92' lang='lat' dir='ltr'><strong>non</strong></span> <span class='ocrx_word' id='word_1_901' title='bbox 2705 5182 2862 5233; x_wconf 88' lang='lat' dir='ltr'><strong>etiam</strong></span> <span class='ocrx_word' id='word_1_902' title='bbox 2890 5180 3165 5232; x_wconf 87' lang='lat' dir='ltr'><strong>Dominum</strong></span> <span class='ocrx_word' id='word_1_903' title='bbox 3191 5180 3442 5232; x_wconf 79' lang='lat' dir='ltr'><strong>infantem</strong></span> <span class='ocrx_word' id='word_1_904' title='bbox 3472 5181 3522 5232; x_wconf 91' lang='lat' dir='ltr'><strong>in</strong></span> <span class='ocrx_word' id='word_1_905' title='bbox 3550 5181 3718 5247; x_wconf 77' lang='lat' dir='ltr'><strong>Spiri-</strong></span> 
     </span>
    </p>
   </div>
   <div class='ocr_carea' id='block_1_112' title="bbox 2158 5269 3718 5336">
    <p class='ocr_par' dir='ltr' id='par_1_112' title="bbox 2158 5269 3718 5336">
     <span class='ocr_line' id='line_1_112' title="bbox 2158 5269 3718 5336; baseline -0.001 -11"><span class='ocrx_word' id='word_1_906' title='bbox 2158 5285 2208 5325; x_wconf 91' lang='lat' dir='ltr'><strong>tu</strong></span> <span class='ocrx_word' id='word_1_907' title='bbox 2239 5282 2420 5325; x_wconf 81' lang='lat' dir='ltr'><strong>sancto</strong></span> <span class='ocrx_word' id='word_1_908' title='bbox 2442 5272 2656 5324; x_wconf 77' lang='lat' dir='ltr'><strong>Simco&#39;n</strong></span> <span class='ocrx_word' id='word_1_909' title='bbox 2684 5285 2849 5322; x_wconf 89' lang='lat' dir='ltr'><strong>senex</strong></span> <span class='ocrx_word' id='word_1_910' title='bbox 2880 5280 2930 5321; x_wconf 90' lang='lat' dir='ltr'><strong>cl</strong></span> <span class='ocrx_word' id='word_1_911' title='bbox 2955 5273 3103 5321; x_wconf 76' lang='lat' dir='ltr'><strong>Anna</strong></span> <span class='ocrx_word' id='word_1_912' title='bbox 3148 5269 3299 5321; x_wconf 86' lang='lat' dir='ltr'><strong>vidua</strong></span> <span class='ocrx_word' id='word_1_913' title='bbox 3350 5281 3718 5336; x_wconf 86' lang='lat' dir='ltr'><strong>cognoverunt</strong></span> 
     </span>
    </p>
   </div>
   <div class='ocr_carea' id='block_1_113' title="bbox 2158 5356 3719 5430">
    <p class='ocr_par' dir='ltr' id='par_1_113' title="bbox 2158 5356 3719 5430">
     <span class='ocr_line' id='line_1_113' title="bbox 2158 5356 3719 5430; baseline -0.003 -16"><span class='ocrx_word' id='word_1_914' title='bbox 2158 5363 2301 5430; x_wconf 82' lang='lat' dir='ltr'><strong>(Luc.</strong></span> <span class='ocrx_word' id='word_1_915' title='bbox 2335 5363 2414 5427; x_wconf 87' lang='lat' dir='ltr'><strong>tt).</strong></span> <span class='ocrx_word' id='word_1_916' title='bbox 2440 5371 2489 5413; x_wconf 89' lang='lat' dir='ltr'><strong>et</strong></span> <span class='ocrx_word' id='word_1_917' title='bbox 2518 5360 2799 5411; x_wconf 85' lang='lat' dir='ltr'><strong>Zacharias</strong></span> <span class='ocrx_word' id='word_1_918' title='bbox 2831 5369 2882 5411; x_wconf 90' lang='lat' dir='ltr'><strong>et</strong></span> <span class='ocrx_word' id='word_1_919' title='bbox 2912 5358 3204 5420; x_wconf 70' lang='lat' dir='ltr'><strong>El.zabetb,</strong></span> <span class='ocrx_word' id='word_1_920' title='bbox 3231 5356 3320 5423; x_wconf 92' lang='lat' dir='ltr'><strong>qui</strong></span> <span class='ocrx_word' id='word_1_921' title='bbox 3352 5356 3417 5409; x_wconf 85' lang='lat' dir='ltr'><strong>de</strong></span> <span class='ocrx_word' id='word_1_922' title='bbox 3446 5358 3535 5409; x_wconf 92' lang='lat' dir='ltr'><strong>illo</strong></span> <span class='ocrx_word' id='word_1_923' title='bbox 3587 5374 3719 5410; x_wconf 86' lang='lat' dir='ltr'><strong>nun-</strong></span> 
     </span>
    </p>
   </div>
   <div class='ocr_carea' id='block_1_114' title="bbox 2159 5448 3717 5515">
    <p class='ocr_par' dir='ltr' id='par_1_114' title="bbox 2159 5448 3717 5515">
     <span class='ocr_line' id='line_1_114' title="bbox 2159 5448 3717 5515; baseline -0.006 -10"><span class='ocrx_word' id='word_1_924' title='bbox 2159 5456 2282 5505; x_wconf 83' lang='lat' dir='ltr'><strong>dnni</strong></span> <span class='ocrx_word' id='word_1_925' title='bbox 2341 5465 2482 5511; x_wconf 89' lang='lat' dir='ltr'><strong>nato,</strong></span> <span class='ocrx_word' id='word_1_926' title='bbox 2515 5449 2603 5501; x_wconf 84' lang='lat' dir='ltr'><strong>sed</strong></span> <span class='ocrx_word' id='word_1_927' title='bbox 2647 5450 2751 5513; x_wconf 90' lang='lat' dir='ltr'><strong>jam</strong></span> <span class='ocrx_word' id='word_1_928' title='bbox 2809 5460 3067 5515; x_wconf 87' lang='lat' dir='ltr'><strong>concepto</strong></span> <span class='ocrx_word' id='word_1_929' title='bbox 3126 5457 3264 5499; x_wconf 85' lang='lat' dir='ltr'><strong>tanta</strong></span> <span class='ocrx_word' id='word_1_930' title='bbox 3314 5462 3406 5511; x_wconf 88' lang='lat' dir='ltr'><strong>per</strong></span> <span class='ocrx_word' id='word_1_931' title='bbox 3466 5448 3717 5515; x_wconf 84' lang='lat' dir='ltr'><strong>Spiritum</strong></span> 
     </span>
    </p>
   </div>
   <div class='ocr_carea' id='block_1_115' title="bbox 2160 5537 3720 5608">
    <p class='ocr_par' dir='ltr' id='par_1_115' title="bbox 2160 5537 3720 5608">
     <span class='ocr_line' id='line_1_115' title="bbox 2160 5537 3720 5608; baseline -0.004 -13"><span class='ocrx_word' id='word_1_932' title='bbox 2160 5553 2395 5595; x_wconf 87' lang='lat' dir='ltr'><strong>sanctum</strong></span> <span class='ocrx_word' id='word_1_933' title='bbox 2430 5542 2785 5607; x_wconf 71' lang='lat' dir='ltr'><strong>prmdixcrnnt</strong></span> <span class='ocrx_word' id='word_1_934' title='bbox 2816 5540 2963 5608; x_wconf 84' lang='lat' dir='ltr'><strong>(an.</strong></span> <span class='ocrx_word' id='word_1_935' title='bbox 2997 5541 3066 5604; x_wconf 91' lang='grc' dir='ltr'><strong>ι);</strong></span> <span class='ocrx_word' id='word_1_936' title='bbox 3117 5538 3206 5590; x_wconf 80' lang='lat' dir='ltr'><strong>sed</strong></span> <span class='ocrx_word' id='word_1_937' title='bbox 3233 5537 3455 5606; x_wconf 86' lang='lat' dir='ltr'><strong>Spiritus</strong></span> <span class='ocrx_word' id='word_1_938' title='bbox 3493 5540 3720 5590; x_wconf 83' lang='lat' dir='ltr'><strong>nondum</strong></span> 
     </span>
    </p>
   </div>
   <div class='ocr_carea' id='block_1_116' title="bbox 2161 5626 3715 5695">
    <p class='ocr_par' dir='ltr' id='par_1_116' title="bbox 2161 5626 3715 5695">
     <span class='ocr_line' id='line_1_116' title="bbox 2161 5626 3715 5695; baseline -0.004 -10"><span class='ocrx_word' id='word_1_939' title='bbox 2161 5646 2263 5686; x_wconf 76' lang='lat' dir='ltr'><strong>erat</strong></span> <span class='ocrx_word' id='word_1_940' title='bbox 2296 5634 2465 5693; x_wconf 84' lang='lat' dir='ltr'><strong>datus,</strong></span> <span class='ocrx_word' id='word_1_941' title='bbox 2492 5630 2540 5681; x_wconf 91' lang='lat' dir='ltr'><strong>id</strong></span> <span class='ocrx_word' id='word_1_942' title='bbox 2576 5640 2676 5691; x_wconf 82' lang='lat' dir='ltr'><strong>est,</strong></span> <span class='ocrx_word' id='word_1_943' title='bbox 2709 5630 2793 5681; x_wconf 90' lang='lat' dir='ltr'><strong>illa</strong></span> <span class='ocrx_word' id='word_1_944' title='bbox 2822 5626 3139 5680; x_wconf 86' lang='lat' dir='ltr'><strong>abundantia</strong></span> <span class='ocrx_word' id='word_1_945' title='bbox 3174 5627 3353 5695; x_wconf 67' lang='lat' dir='ltr'><strong>gratiae</strong></span> <span class='ocrx_word' id='word_1_946' title='bbox 3407 5626 3715 5693; x_wconf 80' lang='lat' dir='ltr'><strong>Spiritnalis.</strong></span> 
     </span>
    </p>
   </div>
   <div class='ocr_carea' id='block_1_117' title="bbox 2162 5717 3722 5793">
    <p class='ocr_par' dir='ltr' id='par_1_117' title="bbox 2162 5717 3722 5793">
     <span class='ocr_line' id='line_1_117' title="bbox 2162 5717 3722 5793; baseline -0.003 -20"><span class='ocrx_word' id='word_1_947' title='bbox 2162 5740 2259 5793; x_wconf 84' lang='lat' dir='ltr'><strong>qua</strong></span> <span class='ocrx_word' id='word_1_948' title='bbox 2292 5721 2589 5791; x_wconf 67' lang='lat' dir='ltr'><strong>congregati</strong></span> <span class='ocrx_word' id='word_1_949' title='bbox 2625 5719 2812 5787; x_wconf 81' lang='lat' dir='ltr'><strong>linguis</strong></span> <span class='ocrx_word' id='word_1_950' title='bbox 2844 5719 3075 5772; x_wconf 85' lang='lat' dir='ltr'><strong>omnium</strong></span> <span class='ocrx_word' id='word_1_951' title='bbox 3123 5718 3487 5784; x_wconf 83' lang='lat' dir='ltr'><strong>loquerentur,</strong></span> <span class='ocrx_word' id='word_1_952' title='bbox 3537 5730 3598 5770; x_wconf 81' lang='lat' dir='ltr'><strong>ac</strong></span> <span class='ocrx_word' id='word_1_953' title='bbox 3646 5717 3722 5773; x_wconf 80' lang='lat' dir='ltr'><strong>sic</strong></span> 
     </span>
    </p>
   </div>
  </div>
