3884 6232
140 405 236 462 795

1042 405 1106 460 IN
1145 403 1201 461 S.
1241 399 1523 460 JOANNIS
1563 400 2008 459 EVANGELIUM
2055 400 2437 458 EXPOSI'I‘IO.

3254 402 3362 457 ’ωι

141 527 188 578 in
239 521 428 592 linguis
486 521 720 575 omnium
747 512 984 590 gentium
1024 520 1196 574 futura
1246 517 1692 588 prtenuntiaretur
1723 519 1771 579 Α
1799 524 1898 570 test
1929 517 2218 572 secundum
2249 514 2660 572 innumerabiles
2686 515 3011 572 diﬂerentias
3053 517 3242 587 quibus
3269 533 3349 571 mn

142 613 360 670 Ecclesia
384 631 396 665 :
428 627 534 681 qua
556 612 720 680 gratia
739 609 1000 680 spirituali
1027 610 1202 687 populi
1224 616 1688 679 congregarentur,

140 721 232 776 qua
274 706 433 774 longe
481 704 692 773 lateque
738 712 953 773 peccata
994 701 1405 768 dimitterentur,
1450 709 1503 754 et
1530 699 1692 753 millia

141 798 347 850 millium
399 795 511 849 Deo
557 794 1042 848 reconciliarentur.
1088 791 1223 859 Quid
1267 806 1411 861 ergo,
1437 793 1509 844 ait
1552 791 1694 859 quis-

141 891 270 957 piam
294 903 310 952 ;
355 887 482 955 quia
538 886 779 941 diabolus
801 899 830 939 e
857 883 1181 940 credentium
1209 882 1458 936 cordibus
1485 880 1695 950 ejicitur

141 983 306 1044 foras,
355 978 471 1048 jam
529 978 762 1032 ﬁdelium
819 977 1085 1031 neminem
1136 973 1344 1030 tentati
1415 974 1522 1028 imo
1570 987 1694 1027 vero

140 1083 330 1126 tentare
378 1086 485 1123 non
543 1056 744 1132 eessati
793 1069 886 1122 sed
925 1067 1064 1121 aliud
1117 1076 1198 1121 est
1239 1067 1559 1120 intrinsecus
1604 1079 1692 1118 re-

135 1178 309 1232 gnare,
338 1161 484 1214 aliud
516 1161 811 1214 lorinsecus
839 1173 1167 1229 Oppugnare.
1216 1157 1370 1211 Aliud
1401 1166 1480 1211 est
1509 1155 1696 1210 vulne-

139 1267 265 1315 rare,
290 1251 428 1304 aliud
457 1250 726 1304 occidere.
757 1249 861 1303 Sed
895 1249 942 1302 si
971 1249 1231 1312 vulnerat,
1273 1247 1422 1301 adest
1471 1245 1557 1312 qui
1607 1260 1690 1300 sa-

140 1351 240 1408 nat,
269 1345 388 1410 quia
411 1341 556 1395 sicut
583 1340 941 1410 pugnantibus
963 1339 1160 1393 dictum
1184 1350 1265 1393 est
1293 1355 1306 1392 :
1361 1337 1487 1391 Htec
1531 1337 1695 1390 scribo

140 1436 284 1498 vobis,
306 1444 360 1486 ut
389 1449 490 1486 non
522 1434 732 1504 peccetis
760 1430 815 1499 (I
844 1430 1000 1485 Joan.
1033 1434 1114 1500 tt),
1139 1433 1207 1486 ita
1235 1431 1321 1500 qui
1351 1431 1696 1486 vulnerantur

137 1523 268 1591 quod
296 1523 541 1591 sequitur
570 1523 790 1576 audiunt
821 1538 835 1574 :
869 1519 935 1574 Et
959 1521 1004 1575 si
1027 1522 1370 1591 peccaveritis,
1397 1521 1692 1573 advocatum

137 1616 366 1669 habemus
385 1614 454 1666 ad
486 1613 717 1678 Patrem,
747 1611 926 1666 Iesum
973 1611 1228 1666 Christum
1242 1616 1466 1682 justum,
1499 1621 1542 1664 et
1589 1611 1696 1681 ipse

136 1717 204 1761 est
248 1708 545 1777 prapitiatio
599 1717 914 1778 peccatorum
965 1717 1250 1761 nostrorum
1302 1704 1511 1777 (Ibid).
1558 1705 1692 1770 Quid

140 1799 271 1853 enim
303 1814 524 1853 oramus
551 1813 670 1852 cum
702 1797 924 1852 dicimus
957 1814 971 1850 :
999 1796 1208 1851 Dimitte
1234 1798 1374 1851 nobis
1399 1797 1564 1849 debita
1594 1811 1690 1849 no-

1801 612 1883 659 ter
1908 619 1965 658 se
1998 619 2090 674 per
2114 607 2224 660 sola
2275 613 2489 674 peccata
2535 605 2776 661 homines
2822 606 3040 672 distant,
3087 607 3154 660 ab
3177 607 3354 661 excel-

1795 696 2018 752 sissimis
2045 712 2212 765 usque
2239 699 2302 752 ad
2333 699 2679 764 humillimas,
2719 714 2747 751 a
2783 711 2908 769 rege
2935 711 3098 768 usque
3118 699 3181 753 ad
3206 713 3357 752 men-

1794 786 2002 841 dicum:
2032 787 2236 853 Omnia,
2270 789 2468 858 inquit,
2499 791 2695 842 traham
2722 799 2833 859 post
2862 806 2938 842 me
2962 829 2978 855 ,
3010 791 3176 862 utqsit
3199 797 3359 857 caput

1795 891 1998 944 eorum,
2024 886 2079 931 et
2108 879 2194 932 illa
2225 881 2458 933 membra
2488 881 2622 950 ejus.
2674 881 2777 935 Sed
2825 883 2868 934 si
2892 881 3145 934 exaltatus
3187 881 3354 949 (uno,

1797 967 1980 1034 inquit,
2010 985 2040 1019 a
2070 978 2204 1022 terra
2227 1009 2243 1034 ,
2274 968 2374 1022 hoc
2404 981 2483 1023 est
2504 1011 2519 1036 ,
2567 985 2687 1025 cum
2718 970 2979 1025 exaltatus
3019 969 3185 1025 fuero.
3244 971 3357 1024 Non

1796 1059 1935 1112 enim
1963 1060 2164 1113 dubitat
2196 1060 2428 1114 futurum
2474 1076 2591 1116 esse
2623 1062 2760 1130 quod
2794 1063 2936 1116 venit
2975 1062 3215 1129 implere.
3248 1060 3360 1117 Hoc

1795 1150 2053 1204 referatur
2090 1151 2154 1203 ad
2187 1151 2313 1205 illud
2366 1152 2505 1221 quod
2547 1155 2794 1221 superius
2831 1154 2939 1206 ait:
2995 1152 3113 1206 Nisi
3143 1164 3362 1224 granum

1795 1241 2034 1308 frumenti
2083 1241 2264 1293 cadens
2308 1243 2361 1294 in
2411 1251 2594 1296 terram
2654 1254 2911 1296 mortuum
2960 1245 3150 1313 fuerit,
3195 1246 3364 1312 ipsum

1794 1330 1958 1383 solum
2013 1341 2198 1385 manet.
2276 1331 2336 1387 Si
2385 1341 2553 1386 autem
2592 1343 2845 1387 mortuum
2896 1336 3049 1404 fuerit
3100 1351 3358 1405 granum,

1795 1419 2009 1472 multum
2039 1424 2258 1489 fructum
2288 1421 2455 1489 aﬂ'ert.
2503 1423 2629 1478 Nam
2654 1425 3024 1480 exultationem
3057 1440 3205 1479 suam
3235 1427 3360 1495 quid

1794 1510 1935 1564 aliud
1966 1511 2120 1573 dixit,
2153 1527 2308 1580 quam
2342 1514 2392 1566 in
2424 1528 2580 1568 cruce
2621 1516 2963 1582 passionem?
2991 1516 3130 1586 quod
3173 1525 3225 1571 et
3253 1518 3364 1585 ipse

1796 1602 2115 1671 evangelista
2143 1619 2244 1656 non
2273 1607 2458 1657 tacuit.
2509 1605 2790 1674 Subjunxit
2819 1606 2959 1660 enim
2983 1645 2997 1670 ,
3027 1615 3080 1660 et
3107 1606 3211 1660 ait:
3253 1607 3363 1661 Hoc

1796 1702 1964 1745 autem
1993 1694 2184 1747 dicebat
2212 1696 2509 1764 significans
2535 1711 2633 1764 qua
2664 1705 2824 1750 morte
2851 1704 2977 1749 esset
2999 1698 3289 1752 moriturus.

1870 1785 2147 1852 Respondit
2194 1788 2240 1839 ei
2269 1787 2426 1840 turba'
2453 1803 2471 1840 :
2503 1787 2612 1840 Nos
2640 1789 2926 1843 audivimus
2967 1804 3027 1842 ea:
3062 1790 3198 1860 lege,
3243 1791 3364 1859 quia

137 1900 236 1941 stra
263 1888 478 1960 (Matth.
513 1889 614 1956 vi),
647 1891 826 1943 nisiut
855 1889 1071 1943 vulnera
1103 1897 1284 1943 nostra
1313 1886 1600 1942 sanentur?
1630 1887 1692 1940 Et
1726 1860 1769 1919 Β
1796 1877 2025 1932 Christus
2066 1888 2230 1932 manet
2282 1880 2336 1932 in
2379 1889 2659 1943 cateruam;
2712 1890 2759 1933 et
2806 1881 3055 1949 quomodo
3093 1890 3148 1934 tu
3193 1881 3319 1934 dicis
3347 1896 3367 1936 :

137 1981 249 2048 quid
279 1980 418 2034 aliud
453 1980 682 2048 petimus
713 1993 833 2033 cunt
858 1979 1099 2042 dicimus,
1128 1978 1195 2031 Et
1223 1994 1286 2031 ne
1309 1994 1399 2031 nos
1422 1978 1611 2046 inferas
1643 1977 1695 2030 in

138 2072 500 2124 tentationem?
557 2072 679 2136 nisi,
711 2086 776 2124 ne
827 2070 914 2125 ille
961 2071 1048 2140 qui
1101 2070 1410 2137 insidiatur,
1444 2071 1523 2122 vel
1555 2080 1697 2123 certe

137 2162 466 2216 extrinsecus
494 2161 678 2216 nullus
698 2151 956 2230 irrumpat
986 2177 1048 2216 es
1078 2173 1247 2230 parte,
1273 2163 1354 2215 vel
1407 2161 1548 2215 nulla
1601 2175 1699 2216 nos

141 2236 314 2305 fraude
335 2251 592 2321 decipiat,
618 2253 774 2307 nullis
796 2267 893 2306 nos
919 2253 1191 2306 subvertat
1221 2252 1502 2307 machinis.
1531 2253 1701 2319 Quan-

141 2345 202 2396 do
231 2358 331 2397 non
359 2353 509 2398 tenet
539 2344 709 2397 locum
733 2343 928 2405 cordis,
962 2343 1046 2396 ubi
1075 2343 1205 2397 ﬁdes
1254 2343 1473 2410 habitat,
1500 2345 1700 2412 ejectus

141 2443 217 2486 est
244 2431 404 2486 foras.
440 2432 553 2487 Sed
608 2433 706 2485 nisi
754 2431 999 2485 Dominus
1031 2435 1321 2486 custodierit
1352 2433 1620 2498 civitatem,
1647 2433 1701 2486 in

138 2533 308 2575 canum
338 2521 516 2591 vigilat
548 2522 635 2590 qui
685 2522 900 2575 custodit
941 2537 1052 2574 eam
1079 2520 1254 2592 (Psal.
1298 2523 1496 2590 cssvx).
1529 2521 1702 2576 Nolite

139 2628 258 2681 ergo
287 2612 355 2666 de
383 2611 540 2666 vobis
586 2611 714 2680 ipsis
762 2625 1104 2680 praesumere,
1160 2611 1206 2665 si
1234 2626 1340 2666 non
1372 2612 1528 2667 vultis
1559 2611 1703 2667 foras

141 2700 357 2772 ejectum
389 2702 666 2756 diabolum
708 2703 846 2755 intro
888 2703 1076 2755 iterum
1105 2715 1374 2757 revocare.
1421 2703 1573 2757 Absit
1602 2718 1701 2757 au-

143 2807 238 2850 tem
263 2805 319 2850 ut
343 2794 615 2851 diabolum
647 2793 826 2847 mundi
855 2794 1144 2863 principem
1185 2795 1254 2848 ita
1287 2795 1484 2848 dictum
1518 2796 1700 2848 existi-

143 2899 368 2951 memus,
403 2895 460 2939 ut
490 2900 617 2940 eum
645 2883 779 2939 caelo
823 2893 875 2938 et
900 2894 1052 2937 terra:
1100 2883 1357 2938 dominari
1406 2899 1560 2953 posse
1588 2898 1704 2938 cre-

140 2979 349 3040 damus;
377 2975 472 3030 sed
507 2975 736 3028 mundus
763 2973 1056 3051 appellatur
1086 2975 1138 3028 in
1166 2975 1324 3027 malis
1376 2973 1700 3039 hominibus,

141 3069 222 3138 qui
252 3077 359 3121 toto
390 3078 651 3122 terrarum
681 3065 811 3119 orbe
852 3063 1026 3117 diffusi
1057 3073 1199 3129 sunt,
1244 3065 1382 3118 sicut
1406 3063 1703 3131 appellatur

1798 1970 2006 2039 Oportet
2030 1973 2240 2025 exaltari
2268 1972 2457 2026 Filium
2480 1975 2693 2027 hominis
2711 1975 2734 2026 2’
2755 1973 2881 2040 Quis
2907 1975 3038 2044 istst?
3070 1973 3367 2030 Memoriter

1798 2071 2078 2117 tenuerunt
2103 2064 2241 2132 quod
2274 2065 2530 2120 Dominus
2557 2067 2765 2120 dicebat
2790 2066 3004 2120 assidue
3034 2065 3222 2120 Filium
3271 2069 3366 2118 ho-

1799 2154 1953 2209 minis
1996 2170 2054 2209 se
2093 2169 2230 2210 esse.
2261 2155 2389 2209 Nam
2423 2157 2522 2210 hoc
2553 2157 2669 2210 loco
2713 2172 2816 2211 non
2859 2157 2968 2210 ait:
3000 2156 3056 2212 Si
3103 2158 3368 2212 exaltatus

1801 2248 1954 2302 fuerit
1983 2263 2009 2300 a
2043 2259 2178 2303 terra
2210 2249 2377 2303 Filius
2405 2250 2668 2314 hominis,
2699 2250 2814 2314 sed,
2847 2252 2985 2305 sicut
3009 2253 3255 2319 superius
3285 2251 3366 2304 di-

1799 2350 1968 2405 xerat,
2010 2341 2224 2409 quando
2255 2343 2479 2395 nuntiati
2511 2349 2633 2395 sunt
2659 2342 2882 2410 gentiles
2914 2342 2984 2395 illi
3019 2344 3103 2410 qui
3133 2357 3252 2396 eum
3286 2344 3367 2394 vi-

1799 2430 1924 2485 dere
1969 2431 2287 2500 cupiebant:
2346 2413 2496 2485 Venit
2542 2433 2703 2496 hora,
2751 2439 2807 2484 ut
2842 2431 3153 2502 gloriﬁcetur
3200 2429 3370 2486 Filius

1800 2521 2036 2574 hominis.
2085 2522 2196 2575 Hoc
2244 2522 2418 2590 itaque
2449 2521 2534 2575 isti
2564 2522 2744 2575 animo
2787 2525 3111 2588 retinentes,
3146 2530 3199 2575 et
3227 2523 3364 2590 quod

1805 2627 1941 2665 nunc
1969 2611 2039 2664 ait
2067 2629 2078 2663 :
2111 2611 2235 2664 Cum
2263 2613 2511 2665 exaltatus
2538 2611 2679 2680 fuero
2709 2629 2740 2665 a
2760 2622 2918 2676 terra,
2948 2623 3172 2667 mortem
3195 2615 3368 2667 crucis

1802 2701 2173 2771 intelligentes,
2206 2703 2527 2770 quaesierunt
2558 2705 2623 2756 ab
2653 2703 2743 2756 illo
2773 2713 2827 2757 et
2852 2705 3140 2758 dixerunt:

1874 2794 1986 2848 Nos
2012 2795 2294 2848 audivimus
2324 2812 2385 2848 ex.
2407 2797 2511 2865 lege
2551 2796 2670 2864 quia
2694 2793 2923 2849 Christus
2955 2807 3122 2850 manet
3149 2798 3203 2850 in
3229 2807 3371 2851 a'ter-

1803 2898 1964 2946 num;
1997 2894 2041 2936 et
2068 2886 2318 2953 quomodo
2362 2894 2412 2937 tu
2443 2885 2568 2938 dicis
2588 2902 2607 2937 :
2659 2885 2869 2949 Oportet
2917 2887 3134 2939 exaltari
3180 2885 3227 2938 F
3229 2888 3371 2939 ilium

1805 2975 2061 3028 hominis?
2106 2975 2162 3030 Si
2193 2976 2331 3029 enim
2374 2976 2616 3030 Christus
2646 2983 2748 3041 est,
2801 2975 3074 3045 inquiunt,
3104 2989 3279 3032 manet
3318 2977 3369 3031 in

1805 3077 2059 3120 mternum
2085 3084 2098 3132 ;
2131 3068 2174 3121 si
2199 3077 2374 3121 manet
2391 3068 2441 3121 in
2465 3077 2741 3133 aeternum,
2768 3071 3032 3135 quomodo
3054 3071 3371 3124 exaltabitur

142 3160 321 3211 domus
350 3158 402 3210 in
435 3157 519 3209 his
567 3169 593 3205 a
625 3155 815 3224 quibus
841 3153 1190 3218 inhabitatur,
1233 3153 1521 3207 secundum
1563 3153 1700 3222 quod
1733 3193 1778 3251 C
1806 3170 1833 3208 a
1864 3159 2044 3210 terra?
2083 3158 2132 3211 id
2157 3166 2256 3223 est,
2288 3159 2550 3224 quomodo
2578 3161 2753 3213 crucis
2795 3160 3039 3228 passione
3084 3161 3372 3213 morietur?

143 3249 379 3316 dicimus,
414 3248 556 3303 bona
582 3248 767 3301 domus
797 3255 896 3315 est,
929 3247 1010 3300 vel
1053 3247 1189 3300 mala
1229 3246 1418 3300 domus
1446 3256 1563 3313 est,
1597 3262 1699 3302 non

144 3343 343 3410 quando
367 3340 813 3410 reprehendimus
843 3340 954 3393 sive
990 3340 1263 3393 laudamus
1292 3339 1571 3394 aedilicium
1605 3355 1701 3409 pa-

143 3437 321 3487 rietum
359 3441 520 3502 atque
553 3439 830 3494 tectorum,
873 3429 968 3484 sed
1000 3429 1144 3499 ipsos
1191 3445 1369 3485 mores
1419 3432 1499 3485 vel
1532 3433 1702 3485 hono-

146 3541 250 3578 rum
284 3526 558 3578 hominum
603 3523 684 3576 vel
719 3521 995 3575 malorum.
1052 3521 1141 3576 Sic
1186 3535 1312 3592 ergo
1357 3521 1553 3575 dictum
1582 3533 1698 3576 est:

147 3613 381 3683 Princeps
412 3613 570 3677 huius
594 3612 790 3679 mundi,
825 3611 875 3665 ld
909 3620 1011 3676 est,
1042 3611 1287 3680 princeps
1319 3613 1574 3666 malorum
1608 3613 1701 3666 ho-

147 3707 360 3769 minum,
409 3704 502 3773 qui
534 3702 773 3759 habitant
823 3703 1124 3764 inmundo.
1183 3702 1491 3770 Appellatur
1544 3703 1700 3756 etiam

147 3799 363 3852 mundus
389 3797 444 3850 in
476 3796 654 3860 bouis,
701 3794 788 3865 qui
817 3795 1058 3848 similiter
1107 3804 1220 3849 toto
1267 3802 1525 3848 terrarum
1573 3795 1704 3847 orbe

148 3886 310 3941 dill'usi
350 3895 496 3951 sunt,
528 3885 651 3940 inde
673 3885 802 3938 dicit
828 3883 1139 3950 Apostolus:
1170 3881 1311 3935 Deus
1338 3893 1447 3934 erat
1473 3883 1524 3934 in
1554 3881 1702 3936 Chri-

147 3990 217 4031 sto
244 3978 482 4031 ntunduns
512 3975 842 4030 reconcilians
863 3973 958 4027 sibi
986 3972 1071 4043 (ΙΙ
1100 3971 1216 4029 Cor.
1252 3976 1354 4043 In).
1393 3975 1457 4028 Ili
1488 3984 1611 4028 sunt
1639 3991 1703 4030 ex

148 4085 358 4140 quorum
405 4067 659 4122 cordibus
705 4067 946 4135 princeps
1004 4066 1184 4120 mundi
1241 4067 1485 4132 ejicietur
1539 4067 1701 4121 foras.

149 4163 272 4216 Cum
297 4176 423 4230 ergo
451 4159 682 4213 dixisset
707 4177 719 4212 :
768 4156 923 4212 Nunc
952 4158 1188 4225 princeps
1217 4157 1370 4227 hujus
1409 4159 1585 4212 mundi
1612 4160 1704 4230 eji-

148 4252 298 4306 ciatur
323 4251 484 4319 foras,

217 4341 279 4394 Et
297 4358 408 4410 ego,
441 4338 637 4407 inquit,
658 4339 699 4390 si
726 4337 973 4393 excitatus
1001 4338 1144 4406 [uero
1172 4353 1203 4390 a
1225 4346 1376 4402 terra,
1410 4338 1579 4391 omnia
1601 4347 1702 4391 tra-

155 4437 261 4487 tum;
279 4443 388 4504 post
412 4449 514 4488 me.
549 4432 680 4496 Quae
706 4431 922 4484 omnia?
952 4430 1048 4484 nisi
1076 4446 1142 4484 ex
1164 4432 1354 4500 quibus
1384 4433 1470 4486 ille
1501 4434 1707 4500 ejicitur

1809 3246 1918 3299 Hoc
1944 3247 2088 3299 enim
2111 3262 2233 3301 eum
2247 3248 2452 3302 dixisse
2485 3249 2867 3317 intelligebant,
2887 3249 3024 3317 quod
3047 3250 3220 3304 facere
3240 3251 3382 3318 cogi—

1810 3335 2009 3389 tabaut.
2041 3335 2152 3390 Non
2182 3353 2306 3404 ergo
2325 3339 2401 3390 eis
2430 3340 2710 3392 verborum
2742 3338 2963 3393 istorum
2992 3339 3366 3393 obscuritatem

1806 3425 2013 3493 aperuit
2043 3427 2208 3480 inlusa
2241 3430 2518 3494 sapientia,
2547 3429 2639 3482 sed
2682 3430 2949 3483 stimulata
2977 3429 3330 3484 conscientia.

1875 3517 2016 3569 Dixit
2046 3533 2163 3585 ergo
2191 3519 2263 3570 eis
2289 3517 2474 3570 Iesus:
2503 3517 2679 3570 Adhuc
2707 3518 2961 3571 modicum
3004 3519 3169 3572 lumen
3210 3521 3262 3572 in
3286 3536 3369 3573 oo-

1806 3606 1878 3660 bis
1909 3616 2002 3660 est.
2035 3607 2166 3660 Hine
2195 3617 2277 3662 est
2304 3609 2443 3675 quod
2475 3608 2798 3679 intelligetis,
2831 3608 2969 3678 quod
2989 3607 3230 3663 Christus
3261 3625 3372 3664 ma-

1808 3706 1895 3751 net
1926 3701 1975 3749 in
2000 3708 2280 3752 aeternum.

1879 3785 2018 3858 Ergo
2046 3786 2298 3840 ambulate
2318 3788 2438 3839 dum
2468 3788 2628 3840 lucem
2669 3788 2880 3854 habetis,
2923 3798 2977 3841 ut
3003 3804 3100 3841 non
3123 3805 3209 3841 vos
3232 3797 3372 3841 tene-

1808 3878 1910 3930 brae
1936 3878 2381 3944 comprehendant.
2408 3876 2707 3940 Ambulate,
2732 3879 2987 3942 accedite,
3017 3887 3182 3932 totum
3216 3880 3372 3932 intel-

1809 3966 1971 4036 ligite,
1996 3977 2050 4020 et
2079 3967 2388 4020 mmiturum
2418 3965 2708 4033 Christum,
2753 3977 2805 4020 et
2833 3967 3090 4020 victurum
3123 3969 3172 4019 in
3206 3979 3373 4021 aeter-

1809 4073 1929 4112 num
1949 4099 1962 4123 ,
1995 4067 2048 4111 et
2075 4059 2380 4128 sanguinem
2411 4059 2646 4111 [usurum
2703 4073 2807 4126 quo
2836 4058 3076 4123 redimat,
3109 4067 3162 4111 et
3187 4072 3373 4112 ascen-

1808 4163 1988 4202 snrum
2032 4150 2082 4201 in
2109 4150 2350 4202 sublimia
2373 4164 2477 4217 quo
2502 4149 2769 4218 perducat.
2796 4147 3052 4203 Tenebrae
3079 4159 3251 4204 autem
3279 4164 3372 4203 vos

1809 4243 2278 4310 comprehendent,
2305 4243 2346 4296 si
2369 4257 2432 4296 eo
2459 4245 2615 4296 modo
2637 4242 2965 4296 credideritis
2987 4241 3184 4295 Christi
3216 4251 3369 4297 teter-

1811 4339 2047 4396 nitatetn,
2077 4344 2136 4388 ut
2165 4334 2370 4402 negetis
2402 4334 2452 4386 in
2483 4349 2546 4386 eo
2575 4334 2756 4386 mortis
2786 4333 3154 4385 humilitatem.

1883 4425 1947 4478 Et
1986 4428 2070 4494 qui
2109 4427 2327 4476 ambulat
2367 4424 2418 4475 in
2446 4423 2691 4486 tenebris,
2733 4423 2886 4474 nescit
2924 4438 3024 4490 quo
3059 4423 3228 4473 vadat.
3281 4420 3372 4476 Sic

156 4528 306 4578 l'oras.
337 4523 451 4577 Non
493 4531 672 4575 autem
700 4521 828 4574 dixit
860 4535 1061 4584 omnes,
1097 4521 1188 4574 sed
1211 4524 1400 4574 omnia.
1433 4523 1544 4574 Non
1566 4522 1706 4576 enim
1740 4531 1785 4588 ι)
1818 4526 1990 4584 potest
2033 4513 2300 4567 olleudere
2347 4514 2398 4565 in
2444 4511 2671 4579 lapidem
2717 4510 3055 4578 oll‘ensiouis,
3089 4523 3137 4562 et
3173 4520 3372 4576 petram

156 4613 378 4665 omnium
404 4621 490 4665 est
519 4610 668 4663 ﬁdes.
720 4608 832 4661 Non
864 4610 1040 4678 itaque
1070 4610 1168 4663 hoc
1218 4610 1281 4663 ad
1311 4611 1708 4663 universitatem

161 4703 418 4755 hominum
466 4699 669 4763 retulit,
719 4698 810 4751 sed
861 4700 926 4752 ad
949 4708 1205 4752 creaturae
1237 4700 1610 4767 integritatem.
1660 4701 1710 4754 id

157 4803 249 4855 est,
273 4789 513 4857 spiritum
545 4797 600 4843 et
624 4790 851 4842 animam
879 4799 930 4842 et
961 4803 1171 4856 corpus,
1216 4799 1267 4842 et
1296 4789 1423 4842 illud
1457 4790 1593 4856 quod
1621 4791 1714 4844 in-

161 4881 452 4949 telligimus,
485 4887 538 4932 et
570 4879 691 4932 illud
723 4877 863 4946 quod
896 4877 1155 4940 videmus,
1184 4889 1235 4929 et
1264 4877 1390 4930 illud
1422 4880 1558 4947 quod
1592 4881 1713 4932 visi-

162 4970 283 5024 biles
305 4981 357 5023 ει
384 4967 789 5022 contrectabiles
835 4983 1038 5020 sumus.
1089 4968 1186 5033 Qui
1226 4969 1365 5023 enim
1414 4970 1579 5022 dixit:
1614 4970 1712 5022 Ca-

160 5061 301 5128 pillus
324 5062 506 5129 capitis
524 5060 673 5112 uestri
698 5074 797 5111 non
824 5059 998 5125 peribit
1019 5057 1167 5127 (Luc.
1201 5059 1310 5127 ut)
1331 5097 1346 5123 ,
1381 5059 1554 5113 omnia
1604 5071 1710 5114 tra-

164 5157 236 5207 hit
263 5163 376 5222 post
402 5169 479 5208 se.
512 5155 614 5206 Aut
643 5152 686 5205 si
726 5151 900 5206 omnia
948 5153 1048 5221 ipsi
1097 5152 1338 5207 homines
1384 5152 1711 5223 intelligendi

164 5255 297 5312 sunt,
349 5247 525 5299 omnia
575 5243 941 5311 praedestinata
973 5244 1037 5296 ad
1066 5244 1290 5297 salutem
1321 5258 1597 5311 possumus
1627 5246 1710 5299 di-

164 5353 300 5402 cere,
328 5352 392 5392 ex
425 5337 618 5406 quibus
645 5334 887 5388 omnibus
933 5335 1004 5387 ait
1055 5334 1184 5388 nihil
1232 5351 1350 5389 esse
1398 5338 1708 5403 periturum,

165 5441 274 5479 cum
324 5441 480 5493 supra
521 5426 588 5478 de
634 5426 742 5478 suis
795 5425 981 5477 ovibus
1033 5425 1358 5490 loqueretur.
1415 5430 1518 5478 Aut
1568 5437 1713 5480 certe

166 5518 331 5570 omnia
359 5519 629 5571 hominum
653 5531 864 5584 genera,
896 5517 1009 5569 sive
1035 5515 1084 5568 in
1119 5516 1326 5583 linguis,
1375 5519 1485 5571 sive
1514 5519 1562 5570 in
1595 5532 1713 5585 gru-

168 5607 309 5663 dibus
335 5608 592 5661 honorum
616 5609 871 5673 omnium,
902 5608 1013 5660 sive
1053 5607 1103 5659 in
1133 5606 1522 5661 diversitatihus
1565 5609 1710 5678 inge-

169 5702 360 5752 niorum
389 5697 632 5752 omnibus
652 5737 669 5763 ,
699 5699 808 5751 sive
839 5699 890 5751 in
920 5699 1108 5750 artium
1140 5697 1396 5749 liciturum
1424 5709 1475 5751 ct
1506 5698 1708 5752 utilium

168 5789 572 5854 professionibus
620 5789 877 5854 omnibus,
923 5799 974 5844 et
1003 5788 1250 5858 quidquid
1299 5789 1434 5844 aliud
1484 5790 1584 5845 dici
1618 5806 1708 5859 po-

1813 4605 2040 4659 scandali
2073 4605 2090 4672 (
2118 4605 2262 4656 Itoni.
2290 4603 2409 4668 ιχ),
2463 4601 2601 4669 quod
2648 4600 2742 4654 fuit
2785 4600 3040 4653 Dominus
3082 4601 3236 4652 emcis
3279 4599 3372 4651 Διι-

1813 4696 1972 4758 dwis,
2029 4696 2168 4748 sicut
2218 4691 2556 4746 credentibus
2607 4691 2736 4758 lapis
2785 4704 2932 4759 quem
2980 4689 3372 4754 reprobaverunt

1814 4787 2126 4851 tcdi/icantes
2147 4829 2159 4850 ,
2195 4785 2359 4853 fartus
2388 4791 2461 4835 est
2489 4781 2542 4833 in
2571 4789 2721 4848 caput
2752 4777 2926 4843 anguli
2957 4777 3182 4845 (Matth.
3216 4793 3309 4830 ut
3333 4780 3372 4843 ).

1819 4878 1948 4930 Iliuc
1975 4873 2240 4941 dedignati
2269 4881 2391 4925 sunt
2419 4871 2635 4924 credere
2661 4870 2710 4921 in
2735 4869 3019 4930 Christum,
3042 4867 3162 4934 quia
3186 4880 3370 4943 eorum

1817 4970 2055 5037 impietas
2080 4964 2395 5031 contempsit
2422 4971 2681 5015 mortuum
2703 5001 2718 5024 ,
2743 4960 3110 5013 risit-occisum
3136 4975 3148 5021 ;
3177 4967 3229 5011 et
3258 4958 3366 5022 ipsa

1815 5068 1927 5112 erat
1955 5070 2096 5110 mors
2125 5054 2271 5124 graui
2301 5050 2683 5119 multiplicandi
2706 5093 2720 5117 ,
2752 5057 2806 5102 et
2835 5046 3082 5102 exaltatio
3115 5045 3370 5099 trahentis

1817 5159 1938 5217 post
1969 5163 2025 5201 se
2055 5147 2250 5200 omnia.

1888 5240 2018 5292 Dum
2057 5240 2216 5291 lucem
2259 5236 2478 5299 habetis,
2520 5233 2706 5286 credite
2736 5233 2785 5284 in
2818 5232 3005 5295 lucem,
3039 5241 3092 5282 ut
3121 5229 3213 5297 ﬁlii
3243 5228 3371 5281 lucis

1813 5335 1938 5387 sitis.
1982 5331 2110 5385 Cum
2161 5328 2357 5396 aliquid
2388 5328 2497 5380 veri
2531 5327 2760 5379 auditum
2797 5323 2998 5376 habetis
3022 5363 3038 5389 ,
3076 5321 3274 5373 credite
3319 5321 3370 5371 in

1812 5426 2051 5478 veritate.
2106 5421 2168 5472 Et
2213 5418 2651 5472 considerandum
2698 5414 2834 5484 quod
2886 5429 2987 5465 non
3033 5413 3147 5462 ait:
3186 5407 3370 5462 Videte

1815 5518 2003 5577 lucem,
2037 5515 2150 5578 sed,
2189 5513 2384 5565 Credite
2416 5511 2467 5562 in
2500 5510 2692 5570 lucent,
2730 5505 3002 5558 videndam
3053 5512 3169 5571 post
3216 5499 3368 5566 hujus

1813 5608 1930 5660 vita:
1960 5607 2116 5657 viam.
2149 5605 2388 5671 Seipsum
2419 5601 2557 5654 enim
2587 5600 2604 5667 (
2629 5608 2683 5654 ut
2712 5599 2904 5652 dictum
2953 5596 3070 5662 est)
3116 5592 3242 5644 dicit
3290 5592 3366 5641 lu-

1815 5714 1923 5753 cem
1946 5739 1959 5760 ,
1993 5700 2042 5750 in
2076 5710 2230 5763 quam
2262 5702 2472 5762 oportet
2503 5692 2750 5752 credere,
2771 5704 2932 5744 suam
2964 5703 3054 5756 per
3103 5685 3199 5737 IHC
3246 5683 3358 5735 (lci.

1819 5801 1967 5846 tatem
2002 5786 2320 5857 signiﬁcans.
