3884 6232
476 371 582 426 795

818 369 1021 427 DEDAE
1060 369 1511 432 VENERABILIS
1561 374 1844 431 OPEl’tUM
1887 376 2064 434 PARS
2103 378 2166 437 ll.
2206 381 2404 440 SECT.
2447 380 2487 436 l.
2516 411 2586 424 —
2625 380 3014 436 EXECE'l‘lCA
3054 381 3374 440 GENUINA.

3631 385 3736 442 796

549 483 676 538 lia'e
706 485 904 538 locutus
933 493 1008 539 est
1032 485 1213 548 Jesus,
1244 494 1292 539 et
1321 487 1443 540 abiit
1463 528 1476 550 ,
1508 499 1554 541 et
1583 489 1851 544 abscondit
1893 507 1946 544 se
1988 493 2052 545 ab
2081 491 2130 550 Δ
2157 506 2286 561 ιιι-ευ
2315 505 2590 567 peceatum
2641 494 2841 561 Judzci,
2873 497 3013 564 quod
3045 513 3137 552 eos
3169 498 3346 555 facere
3376 515 3479 554 non
3511 517 3736 570 compu-

470 579 566 628 ets.
602 574 735 646 Non
783 576 852 627 ab
900 574 981 629 eis
1025 576 1113 644 qui
1142 575 1368 630 credere
1397 587 1452 632 et
1480 577 1708 644 diligere
1737 589 2052 648 cmperant,

478 683 582 720 non
609 667 676 719 ab
704 667 784 721 eis
811 666 898 732 qui
928 681 1048 720 cum
1084 669 1247 720 rantis
1277 669 1571 736 palmarum
1603 681 1655 724 et
1689 670 1932 724 laudibus
1961 672 2056 724 ob-

474 757 613 811 viam
646 768 940 821 venerant,
973 758 1064 813 sed
1096 757 1164 811 ab
1193 760 1271 813 eis
1314 761 1401 828 qui
1451 760 1694 815 videbant
1743 771 1796 815 ct
1845 762 2052 816 invide-

475 853 636 918 bant,
669 854 789 920 quia
826 868 922 908 nec
954 854 1239 915 videbant,
1273 855 1365 908 sed
1401 855 1449 908 in
1485 853 1710 923 lapidem
1758 857 1905 910 illum
1951 871 2056 911 ca:-

469 945 572 1000 cnti
605 945 969 1000 ollendebant.
1000 947 1130 1000 Cum
1161 957 1339 999 autem
1387 961 1445 1001 se
1494 948 1870 1002 abscondisset
1897 947 2053 1003 Jesus

467 1043 535 1094 ah
579 1041 690 1105 eis,
735 1042 820 1109 qui
872 1041 1019 1093 illum
1070 1038 1316 1094 cecidere
1361 1041 1645 1109 cupiebant
1693 1042 1862 1112 (quod
1908 1057 2054 1110 sarpe

470 1145 685 1202 propter
711 1131 1035 1187 oblivionem
1067 1133 1443 1186 commonendi
1479 1132 1652 1202 estis),
1679 1142 1873 1187 nostra:
1906 1134 2054 1187 inﬁro

469 1227 636 1281 unitati
667 1227 971 1292 consuluit,
1005 1241 1108 1278 non
1141 1242 1251 1280 suae
1285 1226 1533 1294 potestati
1576 1227 1869 1295 derogavit.
1908 1227 2050 1280 Pras-

468 1316 708 1371 Itttntiata
741 1317 1000 1370 Dominus
1030 1316 1276 1369 Christus
1306 1318 1554 1382 passione
1599 1333 1691 1371 sua
1746 1319 1795 1370 in
1847 1318 2052 1372 exalta-

470 1409 618 1462 tione
648 1411 854 1468 crucis,
887 1409 1026 1474 quod
1074 1407 1245 1462 Judaei
1293 1407 1649 1474 intelligentes
1692 1408 2044 1474 qua-sticnem

473 1511 865 1568 proposuerunt
895 1502 1171 1570 quomodo
1200 1500 1406 1554 diceret
1435 1515 1495 1553 se
1525 1513 1644 1554 esse
1692 1499 2011 1552 moriturum
2034 1540 2048 1563 ,

467 1608 591 1645 cum
647 1608 713 1647 ex
763 1592 878 1662 lege
938 1592 1204 1646 audierint
1274 1592 1414 1661 quod
1468 1590 1716 1645 Christus
1763 1599 1945 1645 manet
1998 1593 2049 1644 in

465 1694 725 1738 artcrnum
750 1730 764 1751 ,
797 1685 992 1738 deinde
1025 1685 1204 1738 intulit
1234 1685 1560 1752 evangelista
1586 1722 1600 1746 ,
1637 1693 1687 1738 et
1718 1683 1790 1737 ait
1821 1705 1833 1739 :

532 1773 662 1828 Cum
689 1786 858 1830 autem
889 1786 1033 1829 tanta
1061 1778 1211 1845 signa
1242 1777 1439 1844 fecisset
1469 1792 1638 1828 coram
1671 1777 1740 1827 eis
1766 1816 1780 1841 ,
1815 1792 1915 1828 non
1943 1792 2052 1828 cre-

461 1867 644 1919 debant
668 1869 715 1920 iu
743 1884 895 1935 eum,
928 1878 980 1920 ut
1005 1884 1168 1922 sermo
1195 1867 1348 1920 lsaiw
1377 1871 1636 1937 prophrtw
1661 1869 2044 1936 adimpleretur,

460 1977 605 2026 quem
638 1962 765 2013 dixit
785 2004 799 2023 ,
833 1960 1086 2025 Domine,
1117 1962 1229 2029 quis
1260 1962 1475 2013 credidit
1503 1961 1709 2013 αυάὶιαὶ
1751 1970 1923 2012 nostro
1954 1961 1976 2013 ?
2004 1969 2048 2013 et

458 2053 721 2105 brachium
755 2051 961 2106 Domini
990 2055 1074 2106 eui
1101 2054 1380 2106 revelatum
1408 2053 1515 2106 est?
1543 2051 1690 2118 Quis,
1715 2067 1810 2121 pro
1834 2052 2051 2103 raritate

460 2145 667 2212 posuit,
719 2145 840 2212 quia
891 2143 1032 2212 quod
1083 2144 1251 2198 sancti
1302 2143 1577 2211 prephetzn
1629 2157 1657 2195 a
1711 2142 1818 2195 Deo
1862 2141 2047 2196 audie-

459 2244 622 2299 runt,
654 2245 708 2290 et
739 2236 792 2288 in
826 2237 1021 2304 pOpulO
1066 2235 1531 2304 praedicaverunt,
1574 2232 1876 2301 paucissimi
1925 2247 2046 2286 cre-

457 2326 731 2382 diderunt.
765 2325 864 2381 Ubi
897 2327 950 2382 in
981 2342 1046 2380 eo
1077 2328 1214 2397 quod
1249 2329 1317 2379 ait
1353 2344 1364 2379 :
1399 2325 1672 2378 Brachium
1711 2323 1920 2376 Domini
1966 2323 2048 2375 cui

463 2420 740 2471 revelatum
767 2420 880 2471 est?
907 2419 1038 2473 satis
1069 2419 1302 2472 ostendit
1335 2418 1606 2470 brachium
1635 2415 1842 2469 Domini
1873 2417 2047 2483 ipsum

459 2509 556 2565 Dei
607 2509 799 2564 Filium
851 2519 1251 2579 nuncupatum,
1297 2526 1401 2563 non
1447 2511 1586 2578 quod
1619 2508 1758 2562 Deus
1795 2509 1949 2561 Pater
1983 2508 2044 2559 li-

462 2615 591 2670 gura
626 2603 1009 2655 ileteruiinetur
1037 2603 1216 2655 carnis
1247 2603 1512 2664 humana),
1542 2600 1702 2668 eique
1729 2598 1897 2652 Filius
1930 2607 2045 2652 tan-

460 2707 622 2764 quam
680 2694 979 2748 membrum
1013 2696 1254 2760 corporis
1304 2693 1544 2754 haereat;
1575 2691 1668 2745 sed
1701 2690 1822 2755 quia
1866 2691 2044 2742 omnia

459 2798 555 2853 per
586 2785 756 2853 ipsum
794 2784 928 2838 facta
961 2795 1122 2850 sunt,
1157 2785 1278 2838 ideo
1309 2784 1585 2845 brachium
1619 2782 1835 2836 Domini
1869 2781 2043 2835 dictus

467 2888 570 2932 est.
602 2876 752 2932 Sicut
785 2878 928 2930 enim
965 2886 1108 2930 tuum
1139 2886 1220 2930 est
1252 2875 1524 2929 brachium
1557 2889 1650 2942 per
1681 2874 1820 2942 quod
1851 2889 2041 2942 opera-

463 2971 568 3037 ris,
599 2972 678 3025 sic
713 2969 806 3025 Dei
841 2970 1113 3024 brachium
1146 2970 1343 3024 dictum
1375 2978 1457 3022 est
1479 2970 1596 3038 ejus
1629 2969 1884 3033 verbum,
1919 2967 2040 3036 quia

465 3077 562 3129 per
592 3064 809 3115 verbum
843 3071 1093 3129 operatus
1126 3069 1207 3114 est
1235 3061 1516 3114 mundum.
1567 3059 1674 3113 Cur
1703 3061 1843 3113 enim
1879 3059 2040 3113 homo

455 3155 736 3208 brachium
767 3164 824 3207 ut
849 3155 1045 3222 aliquid
1075 3165 1326 3222 operetur
1351 3154 1623 3222 extendit,
1651 3154 1750 3208 nisi
1778 3154 1899 3223 quia
1929 3169 2032 3208 neu

461 3245 720 3299 continuo
753 3243 808 3298 ﬁt
838 3249 978 3313 quuil
1008 3246 1247 3299 dixerit?
1280 3246 1322 3299 si
1367 3257 1542 3299 autem
1584 3254 1730 3300 tanta
1775 3255 2039 3314 potesmte

467 3343 819 3411 praivaleret,
851 3352 907 3395 ut
936 3343 1054 3397 sine
1085 3343 1176 3395 illo
1207 3343 1447 3410 corporis
1497 3353 1640 3397 motu
1695 3343 1850 3396 ﬂeret
1897 3342 2038 3410 quod

457 3435 699 3500 diceret,
733 3436 1011 3492 brat-bium
1047 3436 1163 3504 ejus
1189 3444 1332 3490 esset
1365 3435 1584 3490 verbum
1618 3435 1754 3504 ejus.
1792 3436 1894 3490 Sed
1941 3436 2042 3489 Do-

458 3529 636 3584 minus
669 3529 822 3584 .lesus
859 3529 950 3582 Dei
985 3529 1158 3584 Patris
1189 3529 1488 3597 unigenitus
1521 3528 1717 3592 Filius,
1749 3529 1891 3583 sicut
1938 3545 2040 3582 non

463 3633 547 3678 est
581 3624 788 3693 paterni
821 3625 1066 3692 corporis
1098 3625 1433 3689 membrum,
1469 3622 1539 3676 ita
1569 3637 1674 3675 non
1719 3630 1799 3675 est
1842 3621 2046 3688 (θείω-

457 3714 565 3769 bile
592 3715 674 3769 vel
707 3717 948 3768 sonabile
977 3729 1038 3768 ac
1071 3715 1440 3769 transitorium
1475 3713 1698 3767 verbum
1723 3754 1735 3776 ,
1767 3711 1887 3776 quia
1924 3727 2042 3764 cum

453 3803 628 3867 omnia
656 3824 744 3876 per
771 3808 939 3878 ipsum
967 3810 1109 3872 facta
1138 3815 1277 3872 sunt,
1307 3806 1439 3861 Deus
1467 3815 1574 3859 erat
1613 3804 1833 3858 Verbum
1862 3803 2042 3874 (Joan.

460 3900 529 3969 t).
564 3903 735 3966 Quem
766 3902 1107 3971 evangelista
1145 3902 1377 3956 \‘erbum
1411 3899 1708 3954 nominavit
1744 3913 1864 3952 esse
1905 3897 2043 3967 apud

461 3993 666 4059 Deum,
699 3994 843 4047 hunc
876 3993 1138 4061 propheta
1173 3993 1452 4045 brachium
1489 3991 1698 4054 Domini
1731 3987 2040 4043 nominavit.

463 4085 599 4139 Dum
637 4086 916 4145 brachium
971 4084 1176 4138 Domini
1209 4084 1543 4144 audivimus,
1597 4082 1687 4135 Dei
1720 4081 1964 4135 virtutem
1996 4087 2048 4132 et

457 4178 554 4232 Dei
602 4179 916 4246 sapientiam
949 4179 1222 4231 Christum
1251 4190 1628 4245 agnoscamus,
1657 4191 1756 4245 per
1778 4189 1940 4242 quem
1967 4173 2046 4228 ta-

456 4285 540 4327 cta
571 4285 695 4329 sunt
724 4275 922 4326 omnia.
954 4272 1143 4326 Omnia
1172 4273 1307 4325 enim
1331 4275 1384 4326 in
1408 4273 1656 4342 sapientia
1684 4272 1846 4342 fecisti
1868 4271 2042 4341 (Psal.

459 4366 774 4434 cm),-dicit
820 4363 1119 4419 Psalmista.
1150 4364 1265 4419 Non
1321 4375 1401 4419 est
1452 4365 1595 4420 enim
1644 4366 1758 4432 ipse
1805 4362 1894 4432 qui
1948 4362 2046 4415 l‘a-

461 4470 563 4523 ter,
596 4458 687 4513 sed
745 4474 906 4510 untuu
940 4467 1062 4510 sunt
1094 4455 1209 4522 ipse
1237 4465 1291 4510 et
1321 4455 1498 4521 Pater,
1530 4465 1582 4509 et
1620 4454 1839 4522 aequalis
1870 4453 2040 4517 Patri,

2160 586 2238 649 lit,
2267 602 2350 640 cui
2382 599 2656 654 peccatum
2687 605 2790 642 non
2822 590 2996 657 placet
3019 633 3033 653 ,
3064 591 3156 644 sed
3191 593 3428 647 facturos
3451 609 3570 648 esse
3601 612 3735 662 prie-

2158 674 2324 743 dixit,
2381 691 2538 745 quem
2593 679 2720 732 nihil
2783 679 2932 735 latet.
2987 680 3090 735 Sed
3145 697 3205 734 ea
3259 699 3379 750 qua:
3434 700 3733 753 sequuntur

2165 765 2438 834 Evangelii
2476 771 2634 823 verba
2672 783 2863 840 urgent
2895 813 2908 836 ,
2939 787 2988 826 et
3035 774 3432 841 prclundiorem
3486 781 3736 846 quastio-

2159 873 2276 910 nem
2311 859 2529 914 faciunt.
2569 863 2771 916 Dicitur
2813 864 2954 917 enim
3005 865 3090 918 hic
3135 869 3285 933 quasi
3333 883 3489 920 causa
3538 869 3610 920 sit
3661 870 3733 920 in-

2155 949 2487 1004 credulitatis
2524 951 2732 1006 illorum
2758 995 2772 1017 ,
2809 956 2897 1023 qui
2948 957 3160 1009 illorum
3193 959 3378 1010 oculos
3410 961 3730 1019 excaecat-it,

2155 1049 2207 1090 et
2238 1053 2329 1092 cor
2362 1041 2645 1096 induravit.
2681 1043 2791 1098 Hoc
2837 1047 3057 1098 omnino
3105 1047 3172 1099 de
3216 1047 3324 1100 Deo
3367 1047 3583 1112 dicitur,
3632 1066 3731 1100 non

2155 1130 2220 1182 de
2262 1131 2497 1187 diabolo.
2532 1134 2637 1189 Sed
2686 1151 2845 1190 causa
2892 1140 3180 1205 quzcrentla
3228 1150 3308 1193 est
3352 1156 3447 1193 cur
3479 1142 3730 1208 propheta

2154 1219 2376 1274 dixisset
2428 1221 2526 1278 hoc
2579 1225 2742 1278 Deum
2800 1226 3030 1292 fecisse,
3083 1243 3286 1296 quam,
3339 1245 3405 1283 eo
3455 1231 3730 1292 donante.

2155 1323 2414 1378 quantum
2453 1319 2766 1384 poterimus,
2802 1334 3155 1388 exponamus.
3193 1321 3308 1375 Non
3342 1332 3585 1390 poterant
3620 1339 3732 1376 cre-

2153 1407 2304 1468 dere,
2335 1405 2454 1474 quia
2489 1407 2589 1462 hoc
2621 1414 2878 1476 pr0pheta
2911 1413 3177 1481 praedixit,
3206 1415 3328 1481 quia
3360 1415 3493 1468 Deus
3527 1416 3628 1469 hoc
3658 1417 3731 1465 ln-

2155 1505 2332 1551 turum
2363 1513 2486 1554 esse
2522 1503 2811 1569 prmscivit.
2840 1504 3015 1569 Quare
3047 1515 3225 1558 autem
3257 1521 3360 1558 non
3394 1516 3652 1573 poterant,
3688 1509 3728 1560 si

2153 1605 2180 1642 a
2237 1606 2321 1645 me
2368 1603 2659 1660 quaeratur,
2716 1597 3018 1663 respondeo
3060 1598 3181 1665 quia
3227 1598 3495 1651 nolebant.
3543 1599 3724 1650 .‘llulmi

2153 1684 2351 1751 quippe
2380 1699 2565 1739 eorum
2595 1686 2924 1743 voluntatem
2956 1688 3195 1756 praevidit
3230 1688 3460 1756 Deus,et
3491 1706 3581 1756 per
3612 1705 3725 1755 pro-

2157 1774 2371 1841 phetam
2420 1777 2794 1844 praenuntiavit
2852 1778 2937 1829 ille
2988 1777 3072 1830 cui
3120 1779 3373 1831 abscondi
3418 1779 3587 1832 futura
3625 1796 3723 1833 non

2085 1845 2132 1906 Β
2163 1873 2401 1933 possunt,
2446 1878 2505 1923 .et
2563 1869 2697 1921 lianc
2739 1868 3153 1922 excmcationem
3214 1869 3295 1922 vel
3341 1869 3724 1923 ἱιιιιιιτςιιὶοιιοιιιι

2157 1957 2294 2009 mala
2326 1971 2508 2010 eorum
2542 1961 2800 2011 meruisse
2832 1958 3124 2012 voluntate.
3171 1958 3258 2014 Sic
3291 1961 3432 2012 enim
3473 1970 3722 2022 excmcat,

2155 2049 2232 2100 sic
2259 2049 2488 2110 obdurat
2507 2049 2667 2113 Deus,
2694 2049 3018 2114 deserendo,
3044 2059 3221 2104 etnon
3245 2050 3564 2117 adjuvandu,
3589 2053 3720 2118 (νισι

2155 2142 2361 2193 oceulto
2403 2141 2558 2193 nobis
2600 2141 2800 2208 judicio
2852 2142 3000 2206 facit,
3051 2143 3143 2195 sed
3192 2159 3462 2209 nunquam
3512 2142 3720 2210 injuste.

2151 2229 2282 2282 Cum
2313 2243 2443 2298 ergo
2475 2231 2671 2284 l‘aulus
2699 2233 2972 2298 apostolus
3003 2231 3142 2286 hanc
3170 2234 3336 2301 ipSam
3361 2233 3719 2286 difficillimum

2151 2324 2498 2388 qua‘stionetn
2554 2332 2835 2388 tractaret,
2887 2324 2962 2377 ait
3012 2341 3024 2377 :
3073 2322 3324 2392 Nunquid
3371 2326 3611 2394 iniquitas
3659 2337 3723 2377 est

2149 2416 2289 2482 apud
2320 2411 2522 2468 Deum?
2551 2414 2690 2467 Absit
2720 2414 2900 2482 (Rom.
2929 2416 3030 2482 ιιι).
3062 2416 3117 2469 Si
3149 2429 3276 2485 ergo
3299 2417 3436 2471 absit
3467 2429 3518 2469 ut
3550 2419 3615 2470 sit
3636 2419 3723 2468 iui-

2149 2505 2322 2573 quitas
2351 2504 2487 2573 apud
2521 2504 2711 2568 Deum,
2737 2507 2851 2560 sive
2874 2506 3089 2573 quando
3116 2508 3356 2575 adjuvat,
3389 2510 3498 2563 sive
3524 2509 3721 2576 quando

2149 2613 2255 2651 non
2287 2597 2521 2667 adjuvat,
2553 2599 2694 2665 juste
2726 2600 2872 2666 facit,
2901 2601 3025 2670 quia
3053 2601 3234 2654 omnia
3264 2619 3368 2656 non
3405 2606 3717 2672 temeritate,

2147 2688 2238 2743 sed
2252 2687 2456 2758 judicio
2472 2689 2615 2744 facit.
2636 2691 2800 2744 Porro
2816 2690 2860 2745 si
2875 2690 3077 2759 judicia
3095 2702 3403 2748 sanctorum
3422 2695 3557 2763 justa
3573 2706 3714 2760 sunt,

2146 2776 2344 2850 quanto
2364 2781 2530 2851 magis
2551 2782 2933 2835 sanctilicautis
2961 2793 3013 2836 et
3039 2783 3386 2852 justiﬁeantis
3413 2786 3537 2840 Dei?
3579 2787 3724 2862 Jusr:

2145 2888 2272 2943 ergo
2286 2884 2430 2941 sunt,
2448 2875 2539 2928 sed
2556 2874 2779 2929 occulta.
2806 2872 2930 2929 Ideo
2944 2891 3062 2930 eum
3085 2879 3408 2946 quazstiones
3427 2878 3512 2947 huj
3524 2880 3717 2934 usmodi

2146 2965 2198 3020 in
2231 2966 2464 3019 medium
2498 2965 2758 3025 venerint.
2787 2982 2952 3035 quare
2991 2967 3126 3020 alius
3149 2968 3258 3032 sic,
3301 2981 3355 3024 et
3382 2971 3517 3023 alius
3548 2970 3717 3040 sicju-

2144 3058 2381 3123 dicetur,
2414 3074 2579 3127 quare
2636 3060 2724 3113 ille
2773 3059 2882 3113 Deo
2933 3060 3216 3115 ili-serente
3266 3074 3583 3128 excarcatur,
3638 3064 3719 3118 ille

2147 3156 2254 3210 Deo
2290 3155 2575 3225 adiuvante
2620 3156 2976 3224 illuminatur,
3025 3172 3129 3212 non
3165 3157 3319 3212 nobis
3366 3159 3618 3226 judicium
3660 3160 3719 3220 de

2144 3250 2346 3319 judicio
2376 3250 2506 3304 tanti
2535 3249 2730 3319 judicis
2758 3266 3098 3316 usurpemus,
3129 3251 3221 3306 sed
3252 3253 3714 3307 contremiscentes

2146 3347 2508 3400 exclamemus
2553 3360 2673 3399 cum
2734 3347 2983 3414 Apostolo
3016 3345 3105 3400 :0
3153 3346 3376 3400 altitudo
3435 3348 3718 3400 divitiarum

2144 3421 2409 3504 sapientia:
2449 3448 2494 3491 et
2532 3439 2755 3492 scientiw
2786 3436 2902 3501 Dei,
2935 3455 3088 3506 quam
3119 3438 3478 3492 inscrutabilia
3505 3449 3616 3492 sunt
3634 3442 3719 3510 ju-

2147 3529 2295 3580 dicio.
2311 3529 2424 3599 ejus
2451 3537 2496 3580 et
2529 3528 2906 3598 iiiveitigabiles
2933 3530 3024 3582 vite
3051 3533 3164 3601 ejus
3188 3529 3365 3598 (Rom.
3397 3531 3504 3597 XI)!
3541 3529 3612 3583 De
3644 3541 3716 3581 ta-

2146 3620 2286 3676 libus
2313 3637 2441 3676 vero
2470 3621 2854 3687 questionibus
2885 3621 2966 3675 vel
2995 3621 3211 3689 judiciis
3235 3620 3326 3675 Dei
3352 3624 3714 3676 admonentem

2147 3712 2430 3767 audiamus
2461 3713 2812 3781 Scripturatn,
2840 3722 2999 3781 atque
3021 3713 3290 3766 dicentem
3329 3731 3340 3764 :
3378 3714 3568 3764 Altiora
3597 3725 3640 3765 te
3664 3728 3716 3763 ne

2147 3803 2435 3872 quwsieris,
2473 3813 2517 3855 et
2549 3804 2766 3871 fortiora
2807 3814 2852 3856 te
2897 3819 2957 3856 ne
2987 3812 3329 3869 perscrutatus
3358 3803 3514 3873 fueris
3539 3802 3713 3876 (ἔξει-βε.

2149 3897 2248 3962 ιιι).
2277 3896 2655 3949 Perveniatnus
2678 3910 2805 3965 ergo
2825 3897 2876 3948 in
2896 3895 3032 3948 viam
3061 3894 3201 3958 ﬁdei,
3225 3894 3358 3947 hanc
3379 3909 3713 3964 perseveran-

2153 3991 2358 4045 tissime
2387 3999 2687 4044 teneamus.
2719 3989 2836 4060 lpsa
2869 3989 3112 4056 perducit
3139 3989 3204 4042 ad
3231 3988 3531 4042 cubiculum
3564 3989 3711 4050 regis,

2152 4082 2343 4150 inquo
2390 4093 2516 4136 sunt
2564 4096 2752 4136 omnes
2811 4084 3046 4136 thesauri
3097 4081 3380 4150 sapientia:
3429 4081 3710 4135 absconditi

2149 4175 2370 4243 (Coloss.
2402 4177 2484 4246 ιι).
2517 4175 2628 4229 Non
2661 4173 2803 4228 enim
2838 4175 3091 4228 Dominus
3119 4175 3230 4242 ipse
3273 4173 3434 4227 .lesus
3481 4173 3711 4226 Chrisms

2148 4267 2260 4322 suis
2291 4266 2394 4323 illis
2426 4269 2628 4337 ninguis
2671 4278 2724 4320 et
2759 4269 3024 4335 prmclptte
3052 4265 3234 4320 electis
3281 4265 3559 4335 discipulis
3588 4264 3708 4319 invi-

2147 4360 2327 4425 debat,
2358 4362 2569 4430 quando
2599 4360 2806 4414 dicebat
2840 4380 2851 4413 :
2889 4360 3054 4413 Multa
3079 4361 3237 4414 habeo
3261 4361 3399 4413 vobis
3429 4362 3610 4421 dicere,
3633 4359 3710 4412 sed

2149 4469 2250 4506 non
2278 4453 2482 4519 potestis
2510 4454 2603 4506 illa
2641 4463 2846 4522 portare
2869 4454 3022 4506 modo
3051 4451 3226 4523 (Joan.
3260 4453 3396 4520 xvi).
3435 4452 3709 4507 Ambulan-

457 4554 655 4618 nbique
682 4563 845 4607 totus.
868 4552 962 4606 llic
985 4551 1211 4620 quaestio
1240 4551 1472 4605 difﬁcilis
1500 4551 1670 4605 oritur
1693 4550 1851 4620 :quid
1880 4550 2036 4605 lecis-
2066 4556 2119 4616 ι)
2152 4545 2277 4598 dum
2310 4555 2391 4597 i-st
2411 4587 2425 4605 ,
2459 4544 2840 4612 prrJieieudum
2870 4554 2988 4609 est,
3018 4544 3370 4599 crescendum
3404 4553 3506 4609 est,
3535 4554 3591 4596 ut
3615 4543 3708 4597 sint

457 4655 579 4699 sent
598 4643 767 4700 λασιαιί
801 4645 950 4712 mali,
979 4647 1056 4700 vel
1089 4660 1208 4715 quae
1230 4646 1385 4714 culpa
1421 4646 1628 4700 illorum
1657 4654 1822 4710 esset,
1848 4655 1908 4699 ιιι
1930 4661 2033 4698 non

457 4739 762 4803 crederent,
789 4740 832 4792 si
868 4753 1087 4793 necesse
1135 4749 1248 4793 erat
1281 4748 1336 4792 ut
1366 4754 1542 4792 sermo
1576 4739 1723 4791 Isaiae
1755 4739 2032 4805 propheta».

458 4830 776 4900 impleretur
807 4846 964 4898 quem
997 4830 1130 4883 dixit
1158 4848 1171 4882 :
1199 4829 1432 4891 Domine,
1459 4831 1572 4899 quis
1599 4831 1814 4883 credidit
1838 4828 2040 4884 auditui

458 4930 632 4974 nostra
649 4921 673 4974 ?
693 4930 740 4975 et
761 4921 1024 4973 brachium
1043 4918 1244 4973 Domini
1266 4924 1348 4972 cui
1365 4923 1638 4975 revelatum
1655 4933 1722 4975 est
1739 4920 1870 4990 (Isa.
1894 4921 2038 4986 Lm)?

459 5014 557 5068 Cui
605 5013 884 5079 quaetioni
930 5013 1317 5080 respondemus
1350 5012 1513 5067 Deum
1537 5055 1551 5076 ,
1582 5015 1864 5078 praescium
1898 5015 2040 5066 lutu-

458 5119 679 5169 rorum,
715 5118 804 5170 per
838 5105 1154 5172 prophetam
1191 5104 1543 5171 prasdixisse,
1582 5114 1759 5159 tamen
1808 5121 1915 5158 non
1963 5106 2042 5158 te-

461 5196 624 5250 cisse.
659 5195 771 5248 Non
805 5197 946 5250 enittt
977 5207 1257 5266 propterea
1291 5213 1610 5265 quemquam
1645 5198 1783 5252 Deus
1815 5197 1878 5251 ad
1913 5213 2042 5266 pec-

458 5287 692 5340 candum
737 5288 918 5353 cogit,
963 5288 1089 5353 quia
1142 5289 1313 5339 futura
1362 5287 1634 5342 ltOminum
1682 5298 1894 5356 peccata
1924 5287 2034 5355 jam

460 5382 628 5436 novit.
686 5381 930 5450 Ipsorum
983 5384 1125 5435 enim
1173 5381 1439 5447 prazscivit
1492 5393 1738 5448 peccata,
1772 5398 1874 5435 non
1909 5397 2037 5444 sua,

460 5493 565 5529 non
599 5474 910 5544 cujusquam
946 5476 1167 5527 alterius
1195 5516 1206 5536 ,
1242 5477 1335 5528 sed
1374 5475 1628 5540 ipsiirum.
1679 5475 2038 5542 Quapropter,

457 5566 504 5619 si
556 5583 616 5619 ea
667 5582 784 5634 qua:
836 5569 924 5620 ilic
968 5565 1231 5633 prmscitit
1279 5565 1546 5631 ipsorum,
1592 5582 1692 5617 non
1733 5577 1855 5618 sunt
1895 5566 2040 5632 ipso-

463 5674 619 5720 rum,
651 5676 753 5712 non
785 5675 906 5713 vero
939 5660 1220 5726 prmscivit.
1254 5659 1357 5712 Sed
1389 5660 1507 5722 quia
1539 5660 1678 5711 llllllS
1708 5660 2039 5727 praescientia

464 5746 571 5797 falli
614 5763 715 5801 non
750 5761 919 5816 poti-sl.
944 5793 955 5812 ,
991 5751 1103 5803 sine
1140 5751 1301 5803 duilio
1340 5767 1442 5802 non
1476 5753 1560 5802 :th
1587 5791 1599 5810 ,
1632 5752 1722 5802 sed
1769 5750 1866 5816 ipsi
1915 5766 2040 5819 ροσε

468 5848 612 5907 cant,
645 5854 772 5909 quos
803 5839 938 5894 Deus
971 5857 1280 5910 j‘=:.c..t..;-..s
1318 5857 1432 5895 csse
1464 5841 1748 5907 [lf.lf:l.l\'ll.
1780 5840 2040 5897 Fecerunt

2148 4637 2309 4689 corda
2353 4648 2530 4690 nostra
2561 4638 2770 4705 capacia
2803 4653 2987 4692 earum
3018 4651 3196 4692 rerum
3229 4651 3362 4705 quas
3394 4653 3583 4705 capere
3612 4652 3710 4688 mo.

2142 4729 2214 4782 tlo
2243 4743 2345 4782 non
2378 4743 2678 4797 possumus.
2712 4730 2860 4793 Quod
2900 4728 2943 4783 si
2996 4744 3093 4784 nos
3140 4728 3362 4782 ultimus
3411 4729 3525 4782 dies
3557 4730 3705 4796 proli-

2143 4819 2346 4873 cientes
2399 4821 2683 4882 invenerit,
2716 4820 2784 4873 ibi
2815 4821 3082 4874 discemus
3109 4819 3248 4887 quod
3282 4819 3368 4872 hic
3399 4835 3505 4873 non
3552 4818 3709 4887 pomi-

2145 4925 2284 4964 mus.
2318 4910 2432 4964 Non
2479 4911 2654 4976 itaque
2685 4909 2878 4962 mirum
2904 4921 2989 4963 est
3016 4909 3142 4978 quia
3173 4923 3277 4962 non
3327 4919 3576 4979 poterant
3604 4923 3703 4962 cre-

2146 5003 2297 5065 dere,
2325 5017 2548 5069 quorum
2580 5003 2822 5055 voluntas
2855 5003 2931 5053 sic
2956 5002 3185 5067 superba
3215 5011 3351 5064 erat,
3387 5011 3443 5054 ut
3485 5001 3707 5070 ignoran-

2144 5105 2214 5148 tes
2249 5094 2342 5147 Dei
2382 5093 2654 5159 iustitiam,
2687 5103 2732 5145 et
2777 5108 2923 5145 suam
2968 5097 3184 5147 volentes
3211 5094 3518 5146 constituere
3544 5091 3705 5162 (Rom.

2145 5187 2225 5257 χ),
2257 5188 2392 5242 sicut
2419 5185 2486 5240 tle
2515 5186 2619 5238 illis
2649 5185 2775 5239 dicit
2817 5186 3125 5254 Aposmlus,
3166 5183 3389 5253 justatiae
3419 5184 3512 5238 Dei
3541 5191 3705 5239 notue-

2151 5280 2256 5334 rint
2283 5293 2404 5334 esse
2443 5280 2688 5346 subjecti.
2723 5278 2853 5343 Quia
2897 5278 3038 5331 enim
3069 5292 3170 5330 non
3212 5292 3279 5331 ex
3313 5277 3436 5341 title,
3467 5276 3559 5330 sed
3607 5289 3703 5328 tau-

2145 5389 2300 5440 quam
2324 5388 2386 5426 ex
2412 5371 2663 5438 operibus
2691 5379 3022 5427 tumuerunt.
3058 5371 3170 5436 ipso
3192 5383 3294 5422 suo
3316 5370 3507 5422 timore
3535 5371 3699 5421 (τεθειιὶ

2146 5465 2482 5519 olIeuderunt
2507 5464 2556 5516 in
2585 5462 2808 5524 lapidem
2835 5461 3166 5514 oll‘ensionis.
3201 5462 3292 5515 Sic
3312 5470 3491 5513 autem
3521 5464 3700 5511 dictum

2148 5567 2251 5621 est,
2285 5572 2387 5610 non
2417 5563 2684 5624 poterant,
2719 5554 2804 5608 ubi
2842 5555 3249 5622 intelligendum
3284 5565 3365 5606 est
3404 5555 3542 5618 quod
3577 5553 3702 5604 nole~

2149 5651 2290 5712 bant,
2341 5649 2784 5719 quemadmodum
2835 5649 3035 5700 dictum
3087 5657 3172 5699 est
3224 5645 3290 5702 de
3343 5645 3564 5699 Datntno
3614 5644 3703 5694 Ι)εο

2150 5755 2331 5801 nostro
2361 5765 2368 5796 ;
2403 5744 2461 5797 Si
2507 5744 2788 5804 credimus,
2838 5741 2924 5791 ille
2987 5739 3153 5805 ﬁdelis
3203 5749 3484 5807 permanet,
3542 5747 3703 5802 negari:

2148 5840 2366 5904 δεδρευυι
2397 5853 2493 5889 non
2518 5843 2673 5903 potest.
2706 5830 2800 5901 (ll
2832 5831 2966 5886 Tim.
2995 5830 3074 5900 ιι).
3108 5829 3253 5887 Sicut
3285 5831 3394 5884 laus
3427 5837 3510 5884 est
3531 5825 3700 5878 volun-
