3884 6232
84 377 178 425 ’ΤΣΠ

994 375 1055 429 IN
1097 376 1152 429 S.
1194 374 1472 432 JUANNIS
1511 372 1951 430 EVANGELIUM
1995 371 2372 427 EXPOSITIO.

3194 373 3296 426 758

89 488 198 539 tatis
230 488 437 550 divinat,
475 486 610 554 quod
646 487 762 540 illos
792 486 963 540 salvtts
997 489 1107 541 (ἱειί
1156 489 1346 553 voluit,
1394 490 1460 542 ita
1491 487 1630 557 quod
1661 485 1707 544 A
1742 483 1980 536 Doctrina
2010 499 2118 536 mea
2142 499 2239 536 non
2263 492 2336 535 est
2359 497 2486 544 mea,
2509 482 2598 534 sed
2622 482 2733 549 ejus
2754 481 2842 550 qui
2862 497 2936 534 me
2957 481 3090 534 misit
3116 479 3296 550 (Joan.

88 579 152 629 illi
186 592 284 629 ltOtI
318 587 558 646 poterant
587 578 828 641 credere,
860 580 1008 646 culpa
1039 589 1119 632 est
1141 579 1423 632 voluntatis
1453 578 1638 631 buma-

88 684 180 724 nre.
228 668 334 722 Hoc
361 669 427 721 de
475 668 670 722 Judteis
713 670 801 737 qui
845 672 1096 723 esca-cati
1132 680 1182 723 et
1211 670 1436 722 indurati
1482 679 1632 732 sunt,

91 758 217 810 Deus
251 758 525 824 prmscivit,
558 770 715 824 atque
753 759 802 810 in
835 758 946 823 ejus
975 759 1161 824 Spiritu
1206 759 1457 827 prapheta
1503 773 1636 824 prte—

88 845 230 898 dixit.
262 847 403 909 Quod
440 861 569 898 vero
599 848 800 899 addidit
831 865 843 899 :
880 847 942 900 Et
967 860 1354 912 convertantur,
1386 860 1433 902 et
1463 865 1635 900 sanem

90 953 184 997 ros,
219 945 382 986 utrum
427 937 847 990 subaudiendum
899 941 990 1002 sit,
1021 941 1069 992 id
1102 952 1214 1004 est,
1261 957 1364 992 non
1414 955 1635 993 coover-

92 1036 290 1087 tantur,
319 1041 552 1080 connexa
585 1028 813 1092 desuper
842 1033 1097 1083 sententia
1139 1019 1364 1084 ostendit
1390 1071 1402 1091 ,
1436 1033 1523 1084 ubi
1552 1030 1636 1084 di-

97 1127 227 1167 ctum
261 1126 334 1168 est
363 1133 374 1167 :
411 1116 476 1170 Ut
510 1135 608 1169 non
646 1121 840 1170 rideant
871 1121 1046 1180 oculis,
1076 1129 1121 1172 et
1149 1120 1429 1185 intelligant
1460 1123 1634 1182 corde,

90 1208 199 1271 quia
220 1216 272 1258 et
294 1207 374 1259 hic
396 1210 574 1272 utique
599 1209 794 1263 dictum
821 1221 922 1274 est,
950 1227 1050 1264 non
1082 1212 1394 1276 intelligant.
1432 1213 1494 1264 Et
1525 1213 1634 1272 ipsa

91 1296 218 1347 enim
248 1300 518 1350 conversio
549 1299 613 1352 de
645 1300 783 1352 illius
817 1303 982 1367 gratia
1006 1313 1106 1365 est,
1139 1302 1221 1352 cui
1243 1301 1468 1354 dicitur:
1501 1301 1636 1355 Deus

91 1389 330 1452 t't'rtutttm,
363 1399 591 1442 conuerte
619 1406 708 1442 nos
738 1390 908 1458 (l’sal.
941 1391 1143 1458 Lutx).
1177 1392 1252 1442 An
1287 1391 1421 1442 forte
1451 1400 1503 1444 et
1535 1390 1635 1444 hoc

91 1478 150 1529 de
177 1493 407 1544 superna:
436 1481 714 1533 medicinae
737 1483 1092 1534 misericordia
1121 1482 1315 1534 factum
1342 1482 1636 1547 intelligen-

89 1569 199 1619 dum
229 1580 336 1632 est,
367 1570 615 1637 quoniam
649 1585 911 1637 perversae
962 1581 1015 1623 et
1053 1586 1296 1638 superna:
1348 1572 1634 1626 voluntatis

88 1668 244 1720 erant,
274 1667 322 1708 et
349 1658 605 1720 jusdtiam
643 1674 789 1712 suam
821 1659 1146 1713 constituere
1179 1660 1446 1721 volebant,
1479 1670 1533 1714 ut
1568 1662 1632 1714 ad

89 1747 176 1797 hoc
206 1746 590 1812 desererentur,
627 1760 680 1802 et
723 1759 1090 1810 caecarentur;
1139 1751 1200 1801 ad
1248 1751 1362 1804 hoc.
1399 1752 1631 1817 inquam,

1737 575 1849 643 vtt).
1885 576 1977 629 Ubi
2001 575 2356 628 intelleximus
2385 589 2502 626 eum
2547 573 2841 626 doctrinam
2892 589 3043 627 suam
3095 574 3296 627 dixisse

1735 666 1950 716 verbum
1987 665 2173 725 Patris,
2203 663 2340 733 quod
2371 673 2447 716 est
2481 664 2623 729 ipse;
2654 673 2704 716 et
2737 663 2835 717 hoc
2863 664 3188 730 signiﬁcasse
3214 664 3296 715 dt-

1735 755 1944 808 cettdn:
1980 755 2219 808 Doctrina
2248 770 2356 806 mea
2399 770 2497 805 non
2541 763 2615 806 est
2657 769 2785 817 mea,
2818 759 2904 804 sed
2935 758 3044 822 ejus
3092 755 3180 822 qui
3221 769 3297 806 me

1736 848 1889 908 misit,
1938 848 2073 913 quod
2123 860 2152 895 a
2199 849 2377 912 seipso
2405 846 2516 912 ipse
2547 860 2649 896 non
2693 853 2853 906 esset,
2883 846 2972 897 sed
3021 847 3239 898 haberet
3265 861 3294 896 a

1737 952 1839 1003 quo
1869 945 2026 989 esset.
2067 935 2206 988 Deus
2228 936 2366 988 enim
2396 936 2461 988 de
2491 934 2598 987 Deo
2627 935 2762 985 illius
2787 933 2987 994 Patris;
3023 934 3174 986 Pater
3201 949 3295 985 au-

1737 1035 1840 1077 tem
1885 1041 1988 1078 non
2031 1026 2169 1077 Deus
2211 1029 2279 1079 de
2326 1025 2454 1088 Deo,
2489 1025 2579 1077 sed
2612 1025 2750 1078 Deus
2797 1025 2952 1077 Pater
2986 1023 3096 1077 lilii.
3149 1023 3299 1077 Nunc

1736 1129 1910 1169 autem
1940 1116 2079 1183 quod
2109 1116 2218 1170 ait:
2255 1117 2354 1181 Qui
2387 1117 2547 1167 credit
2576 1118 2627 1168 in
2665 1133 2762 1184 me,
2793 1134 2891 1168 non
2929 1117 3087 1168 credit
3118 1117 3171 1168 in
3199 1133 3296 1176 me,

1735 1205 1822 1256 sed
1850 1205 1901 1256 in
1926 1221 2037 1256 eum
2066 1206 2152 1273 qui
2181 1204 2314 1256 misit
2339 1220 2452 1268 me;
2480 1204 2745 1271 quomodo
2775 1206 3088 1258 intellecturi
3117 1221 3296 1258 sumus

1739 1297 1837 1348 nisi
1882 1296 2003 1362 quia
2056 1296 2214 1349 homo
2258 1295 2544 1362 apparebat
2572 1292 2893 1359 hominibus,
2949 1309 3069 1347 cum
3115 1296 3300 1346 lateret

1739 1387 1909 1440 Dens?
1939 1396 1989 1438 et
2035 1401 2099 1438 ne
2150 1393 2392 1452 putarent
2437 1384 2538 1438 hoc
2589 1400 2707 1437 eum
2761 1399 2880 1438 esse
2935 1386 3300 1436 tantummodo

1736 1477 1874 1546 quod
1907 1475 2175 1537 videbant,
2208 1473 2364 1528 talem
2413 1489 2474 1527 ac
2525 1484 2727 1526 tantum
2780 1472 2871 1526 sed
2923 1475 3104 1529 volens
3151 1473 3294 1525 credi

1736 1564 1906 1633 qualis
1927 1573 1981 1618 et
2009 1573 2233 1632 quantus
2262 1571 2346 1618 est
2384 1563 2575 1619 Pater:
2602 1565 2700 1628 Qui
2727 1565 2882 1616 credit
2911 1564 2959 1614 in
2986 1580 3082 1626 me,
3109 1562 3295 1628 inquit,

1739 1671 1836 1706 non
1881 1656 2039 1707 credit
2080 1656 2133 1707 in
2159 1671 2256 1717 me,
2301 1655 2350 1706 id
2382 1663 2481 1718 est,
2506 1655 2642 1722 quod
2675 1655 2846 1718 videt,
2876 1655 2964 1706 sed
2990 1654 3039 1706 in
3069 1669 3181 1705 eum
3211 1655 3300 1720 qui

1738 1747 1868 1798 misit
1899 1763 1994 1810 me,
2023 1747 2069 1799 id
2096 1757 2174 1798 est
2205 1747 2253 1798 itt
2287 1746 2526 1808 Patrem;
2561 1744 2697 1798 unde
2729 1761 2946 1798 necesse
2976 1754 3051 1797 est
3087 1757 3139 1797 ιιι
3171 1761 3291 1796 cum

86 1847 489 1900 exctecarentur,
521 1849 574 1888 ιιι
605 1839 939 1892 offenderent
971 1841 1018 1890 in
1049 1839 1270 1905 lapidem
1301 1837 1629 1904 olfensionis,
1669 1808 1708 1864 Β
1738 1837 1920 1889 credat
1946 1836 2106 1888 tilium
2134 1837 2354 1898 habere;
2376 1846 2426 1888 et
2449 1835 2571 1887 dum
2597 1835 2805 1888 Patrem
2829 1836 2993 1888 credit
3017 1845 3290 1898 aeternum,

86 1933 130 1974 et
156 1925 491 1990 implerentur
521 1927 683 1980 iacies
715 1945 897 1982 eorum
931 1931 1243 1997 ignominia,
1276 1940 1327 1983 et
1359 1932 1428 1981 ita
1461 1930 1630 1983 humi-

86 2015 182 2066 liati
212 2027 506 2081 qua-rorem
537 2032 726 2071 nomen
761 2018 988 2081 Domini,
1022 2027 1075 2070 et
1106 2034 1207 2071 non
1240 2033 1385 2070 suam
1418 2035 1516 2086 qua
1551 2020 1630 2072 in-

85 2105 228 2157 flatur
255 2108 529 2172 superbus,
578 2107 669 2160 sed
716 2108 973 2174 justitiam
1011 2108 1136 2171 Dei,
1183 2124 1281 2176 qua
1309 2107 1634 2176 justilicatur

85 2195 297 2258 impius?
328 2197 434 2250 lloc
476 2199 616 2250 enim
651 2198 831 2250 multis
862 2213 1042 2250 eorum
1077 2199 1294 2263 profecit
1332 2199 1382 2251 in
1411 2200 1630 2267 bonum,

85 2284 181 2349 qui,
213 2285 276 2336 de
303 2298 398 2336 suo
430 2286 632 2338 scelere
678 2287 1012 2350 compunCIi,
1047 2286 1096 2338 in
1129 2287 1396 2339 Christum
1449 2298 1630 2355 postea

87 2375 404 2426 crediderunt
436 2395 446 2427 :
481 2391 575 2442 pro
627 2377 814 2441 quibus
846 2386 897 2429 et
941 2378 1050 2439 ipse
1080 2389 1363 2440 oraverat,
1395 2379 1577 2431 dicens
1617 2397 1628 2430 :

87 2461 250 2525 Pater,
280 2467 474 2526 ignosce
505 2467 626 2530 illis,
652 2469 768 2534 quia
818 2469 1040 2520 nesciunt
1077 2470 1199 2536 quid
1241 2469 1441 2537 faciunt
1471 2471 1627 2540 (Luc.

87 2555 244 2618 nul).
277 2553 527 2621 Sequitur
560 2574 571 2607 :

155 2641 497 2698 Verumtamen
531 2655 574 2697 et
603 2662 665 2698 ea:
691 2646 997 2713 principibus
1025 2647 1172 2699 multi
1222 2647 1542 2701 crediderunt
1575 2651 1631 2702 in

87 2748 204 2796 eum,
223 2735 306 2786 sed
327 2746 526 2801 propter
555 2734 840 2789 Pharistros
863 2754 960 2789 non
989 2737 1378 2804 conﬁtebantur,
1403 2749 1455 2791 ut
1473 2741 1534 2793 de
1554 2758 1635 2808 sy.

88 2839 266 2890 nagoga
291 2841 389 2876 non
408 2826 724 2892 ejicerentur.
755 2826 1049 2880 Dilexerunt
1080 2831 1208 2879 enim
1240 2829 1456 2895 gloriam
1474 2831 1627 2882 homi-

87 2928 190 2961 num
218 2915 376 2982 magis
403 2931 555 2981 quam
580 2916 789 2980 gloriam
823 2914 935 2968 Dei.
971 2917 1154 2970 Videte
1181 2918 1625 2986 quemadmodum

87 3002 336 3053 notaverit
363 3003 677 3069 evangelista
702 3014 754 3057 ct
782 3004 1157 3072 improbaverit
1187 3007 1469 3072 quosdam,
1491 3023 1626 3076 quos

85 3100 246 3142 tamen
280 3092 330 3142 in
376 3107 493 3144 eum
527 3093 657 3145 dixit
684 3096 992 3160 credidisse,
1022 3099 1109 3164 qui
1145 3097 1194 3149 in
1242 3097 1341 3151 hoc
1387 3097 1626 3167 ingressu
1655 3129 1702 3191 ε

85 3178 211 3241 ﬁdei,
242 3181 281 3232 si
314 3182 651 3247 proﬁcerent,
683 3200 913 3238 amorem
941 3203 1149 3256 quoque
1179 3190 1422 3242 humana:
1444 3191 1627 3257 glorite

87 3273 390 3335 prolicieudo
437 3286 769 3340 superarent,
802 3292 956 3343 quem
1005 3291 1348 3344 superaverat
1395 3280 1627 3348 Aposto-

84 3363 173 3423 lus,
201 3363 379 3416 dicens
408 3379 423 3416 :
453 3363 585 3416 Mihi
624 3375 790 3417 autent
820 3365 947 3418 absit
990 3370 1219 3437 gloriari,
1254 3369 1353 3421 nisi
1394 3371 1448 3423 in
1477 3387 1626 3424 cruce

87 3454 272 3506 Domini
303 3457 462 3508 nostri
489 3455 615 3509 Iesu
663 3457 866 3523 Christi,
916 3476 1002 3525 per
1047 3476 1192 3526 quem
1237 3462 1360 3512 mihi
1407 3464 1624 3516 mundus

85 3545 335 3609 cruciﬁxus
366 3556 455 3608 est,
483 3557 529 3597 et
557 3561 645 3614 ego
669 3548 857 3598 mundo
890 3545 1082 3615 (Galat.
1118 3549 1214 3612 vs).
1246 3550 1326 3603 Ad
1361 3551 1461 3603 ltoc
1486 3551 1625 3602 enim

82 3646 125 3686 et
155 3637 258 3700 ipse
293 3635 547 3688 Dominus
597 3651 804 3688 crucem
852 3652 1030 3701 suant,
1064 3639 1150 3692 ubi
1198 3653 1316 3690 eum
1366 3641 1627 3694 dementia

82 3727 304 3788 superba:
336 3725 620 3792 impietatis
648 3725 832 3789 irrisit,
865 3726 917 3778 itt
949 3742 1132 3780 eorum
1166 3731 1252 3797 qui
1275 3728 1420 3781 illum
1443 3730 1625 3782 crede-

87 3824 189 3864 rent
219 3815 479 3867 frontibus
508 3815 641 3877 titit,
674 3816 756 3869 ubi
783 3826 864 3869 est
889 3819 1278 3886 quodammodo
1305 3819 1458 3872 sedes
1487 3834 1630 3874 vere-

83 3904 289 3966 t-nudite,
323 3915 377 3956 ut
406 3921 462 3958 se
517 3907 729 3959 nomine
759 3907 876 3971 ejus
907 3907 1040 3959 ﬁdes
1089 3925 1192 3959 non
1241 3911 1542 3973 erubescat,
1575 3920 1630 3963 et

82 3997 233 4062 magis
256 3997 344 4049 Dei
367 3998 589 4066 gloriam
613 4014 766 4060 quam
791 3999 1061 4052 hominum
1088 4001 1328 4068 diligant.
1355 4001 1630 4068 Loquente

84 4084 290 4139 Domino
314 4086 435 4140 Jesn
468 4087 684 4140 Christo
712 4090 853 4153 apud
883 4089 1116 4155 Iudaeos,
1149 4103 1200 4143 et
1233 4099 1378 4144 tanta
1406 4092 1632 4144 miracu-

85 4179 233 4230 lorum
254 4180 395 4246 signa
417 4179 661 4245 faciente,
681 4182 893 4248 quidam
911 4183 1252 4236 crediderunt
1269 4185 1630 4252 prmdestinati

84 4268 127 4318 in
151 4268 299 4321 vitam
323 4281 598 4332 aeternam,
617 4286 748 4336 quos
767 4273 836 4324 eti
857 4290 922 4324 un
949 4276 1152 4324 vocavit
1171 4288 1296 4327 oves
1326 4289 1466 4326 suas.
1501 4276 1632 4339 Qui-

83 4358 190 4410 data
219 4375 342 4413 vero
373 4376 475 4413 non
506 4361 869 4427 crediderunt,
896 4378 991 4415 nec
1031 4371 1279 4430 poterant
1305 4366 1546 4428 credere,
1571 4381 1634 4418 eo

1735 1926 1914 1977 credat
1942 1934 1995 1977 et
2025 1926 2184 1976 lilium
2218 1924 2411 1977 habere
2437 1933 2761 1976 coneternum
2804 1924 2929 1983 sibi,
2978 1933 3028 1975 et
3072 1925 3299 1975 COllSttit-

1734 2014 2032 2066 stautialent
2068 2015 2189 2066 sibi.
2225 2015 2503 2079 Propterea
2559 2012 2692 2065 dixit
2725 2030 2735 2063 :
2773 2012 2873 2077 Qui
2913 2013 3069 2064 credit
3119 2015 3167 2064 in
3203 2029 3297 2070 me.

1737 2119 1834 2155 non
1858 2104 2014 2156 credit
2041 2104 2092 2154 in
2125 2119 2219 2165 me,
2245 2103 2426 2155 nolens
2458 2111 2512 2154 ttt
2555 2110 2723 2156 totum
2779 2100 2916 2168 quod
2973 2101 3038 2153 de
3081 2100 3295 2154 Christo

1735 2195 1969 2246 creditur
1996 2193 2284 2247 secundum
2332 2192 2600 2246 hominem
2649 2191 2975 2246 crederetur.
3030 2191 3120 2244 llle
3167 2192 3300 2244 bene

1737 2285 1902 2339 credit
1927 2287 1976 2337 in
2010 2302 2118 2349 me,
2167 2286 2255 2354 qui
2287 2285 2578 2338 secundum
2613 2285 2660 2337 id
2694 2285 2831 2352 quod
2880 2284 3021 2337 videt
3062 2298 3165 2348 me,
3199 2299 3301 2337 non

1740 2386 1936 2428 tantum
1971 2375 2136 2428 credit
2187 2374 2238 2428 itt
2271 2391 2387 2440 me,
2432 2377 2525 2429 sed
2552 2376 2846 2429 secundum
2881 2375 2931 2426 id
2962 2375 3099 2441 quod
3133 2377 3300 2429 credit

1739 2467 1789 2518 in
1821 2481 1904 2518 tne
1953 2465 2122 2517 credit
2148 2467 2401 2532 a-qualetn
2433 2481 2554 2519 esse
2603 2466 2767 2519 Patri.
2810 2469 2879 2519 Ac
2911 2481 2978 2520 ne
3028 2475 3303 2535 putaretur

1737 2556 1812 2607 sic
1845 2552 2072 2607 Voluisse
2105 2554 2320 2620 intelligi
2352 2555 2562 2607 Patrem
2587 2596 2602 2620 ,
2633 2564 2877 2623 tanquam
2923 2555 3132 2608 Patrem
3165 2559 3299 2609 mul-

1738 2654 1909 2702 torum
1938 2645 2163 2697 liliorum
2191 2659 2282 2711 per
2306 2645 2527 2713 gratiam
2553 2654 3000 2713 regeneratorutu,
3029 2660 3134 2699 non
3159 2646 3301 2699 unici

1743 2735 1893 2789 Verbi
1926 2736 2144 2802 aequalis
2172 2736 2289 2799 sibi,
2323 2735 2574 2788 continuo
2604 2734 2830 2801 subjecit
2865 2753 2875 2785 :

1809 2823 1872 2876 Et
1899 2827 1981 2891 qui
2011 2825 2141 2876 videt
2169 2840 2266 2889 me,
2289 2827 2419 2876 videt
2441 2840 2553 2877 eum
2578 2826 2662 2893 qui
2686 2825 2818 2877 misit
2848 2841 2944 2877 me.
2963 2824 3141 2892 Usque
3169 2825 3302 2877 adeo

1738 2932 1841 2969 non
1882 2918 2042 2969 distat.
2088 2918 2223 2969 inter
2271 2931 2387 2969 eum
2434 2925 2486 2968 et
2517 2930 2624 2981 me,
2656 2924 2712 2968 ut
2741 2918 2826 2983 qui
2855 2931 2934 2967 me
2962 2917 3094 2968 videt
3136 2917 3299 2967 uideat

1737 3023 1849 3059 eum
1879 3009 1965 3075 qui
1993 3009 2128 3058 misit
2157 3024 2254 3061 me.
2290 3007 2410 3060 Haec
2451 3007 2585 3060 visio
2624 3008 3016 3071 intellectualis,
3050 3023 3151 3060 non
3185 3022 3304 3060 car-

1739 3099 1891 3164 Italis,
1923 3098 2078 3150 debet
2112 3097 2352 3166 intelligi,
2377 3113 2494 3166 quae
2536 3097 2694 3151 modo
2726 3100 2772 3149 iu
2803 3097 2955 3151 laude
2981 3107 3299 3151 est-sancto-

1740 3205 1854 3242 rum
1875 3231 1888 3251 ,
1925 3198 2039 3254 post
2067 3188 2467 3243 resurrectionis
2497 3189 2690 3240 ultimze
2719 3188 2857 3240 diem
2905 3189 2954 3240 in
3000 3201 3056 3240 re
3087 3199 3300 3241 mortue

1734 3280 2078 3332 beatitudinis
2102 3282 2224 3347 erit,
2249 3280 2315 3332 de
2337 3295 2435 3346 qua
2460 3278 2582 3332 alibi
2610 3278 2681 3330 ait
2709 3295 2720 3329 :
2749 3278 2890 3331 Beati
2912 3282 3100 3332 mundo
3127 3281 3299 3342 corde,

1730 3371 1967 3435 quoniam
2007 3371 2101 3435 ipsi
2134 3368 2294 3421 Deum
2327 3368 2558 3420 videbunt
2589 3365 2805 3432 (Matth.
2840 3375 2914 3434 ν).
2945 3367 3298 3421 Attendamus

1730 3469 1940 3511 caetera.
1982 3457 2091 3528 Ego
2125 3461 2213 3511 tua:
2237 3460 2288 3511 in
2321 3459 2564 3511 mundum
2593 3459 2725 3524 ueni,
2760 3469 2813 3509 ut
2843 3461 3004 3509 omnis
3030 3461 3113 3525 qui
3141 3459 3301 3510 credit

1731 3550 1781 3600 in
1807 3565 1905 3612 mc,
1940 3550 1990 3600 in
2032 3549 2245 3601 tenebris
2274 3565 2372 3602 non
2415 3558 2630 3601 maneat.
2664 3549 2802 3602 Dixit
2828 3551 3056 3616 quodam
3083 3550 3198 3601 loco
3220 3550 3299 3600 di-

1731 3641 1946 3706 scipulis
1975 3641 2083 3692 suis
2118 3657 2129 3691 :
2166 3640 2266 3692 Vos
2293 3642 2410 3692 estis
2441 3641 2608 3692 lumen
2639 3641 2834 3690 mundi.
2861 3639 2980 3691 Non
3002 3648 3159 3706 potest
3187 3640 3302 3689 abs-

1731 3731 1882 3780 condi
1913 3730 2085 3781 cit'itas
2115 3746 2264 3796 super
2306 3738 2522 3781 montem
2559 3731 2864 3791 constituta;
2919 3743 3079 3795 neque
3124 3743 3303 3780 accen-

1731 3825 1857 3874 dunt
1887 3823 2164 3884 lucernam,
2209 3831 2256 3872 et
2302 3829 2492 3885 ponunt
2531 3836 2642 3871 eam
2684 3821 2776 3872 sub
2803 3821 3003 3884 modio,
3036 3820 3123 3872 sed
3151 3837 3300 3888 super

1731 3916 2111 3977 candelabrum,
2147 3923 2198 3964 ut
2230 3916 2392 3964 luceat
2415 3913 2648 3965 omnibus
2677 3912 2763 3980 qui
2790 3914 2839 3965 in
2862 3915 3014 3964 domo
3037 3923 3175 3964 sunt.
3212 3914 3300 3965 Sic

1733 4006 1897 4058 luceat
1945 4004 2116 4056 lumen
2160 4013 2380 4056 uestrum
2427 4018 2598 4055 coram
2647 4003 2950 4066 hominibus,
3003 4013 3056 4054 ut
3098 4005 3301 4055 videant

1734 4112 1885 4164 apem
1913 4104 2072 4146 vestra
2105 4095 2252 4158 bona,
2281 4103 2327 4146 et
2359 4093 2642 4164 gloriﬁcent
2671 4092 2878 4144 Patrem
2924 4101 3166 4155 vestrum,
3213 4094 3300 4160 qui

1733 4189 1786 4239 in
1832 4185 1968 4239 caelis
2019 4198 2094 4240 est
2126 4185 2340 4254 (Matth.
2373 4190 2443 4254 ν).
2477 4185 2592 4238 Non
2638 4194 2812 4238 tamen
2858 4185 2988 4238 dixit
3020 4203 3029 4235 :
3067 4185 3168 4237 Vos
3212 4187 3296 4237 lus

1736 4281 1956 4334 venistis
2000 4280 2052 4333 in
2084 4281 2336 4332 tnundutn
2363 4318 2378 4342 ,
2405 4289 2462 4332 ut
2491 4279 2665 4332 omnis
2695 4277 2783 4344 qui
2811 4278 2980 4332 credit
3010 4279 3059 4330 in
3093 4291 3206 4341 vos,
3243 4279 3294 4329 in

1741 4369 1973 4423 tenebris
2014 4385 2116 4422 non
2169 4378 2395 4422 maneat.
2431 4369 2695 4438 Nusquam
2729 4369 2828 4421 hoc
2851 4367 2949 4436 legi
2986 4383 3141 4435 posse
3170 4383 3303 4419 euu-

84 4447 203 4513 quod
218 4450 438 4512 occulto,
457 4464 554 4502 nec
573 4453 954 4520 Lantettinjnsto
971 4453 1174 4522 judicio
1198 4455 1287 4509 Dei
1313 4455 1519 4509 fuerant
1540 4473 1630 4511 ex-
1666 4469 1713 4525 ο
1740 4463 1910 4516 (irmo.
1938 4463 2156 4515 Lumina
2181 4477 2308 4529 ergo
2331 4472 2448 4512 sunt
2475 4476 2659 4512 omnes
2684 4461 2848 4511 sancti
2871 4478 2884 4523 ;
2916 4461 3006 4513 sed
3030 4463 3300 4511 credendo

83 4539 265 4591 necati.
282 4539 382 4592 Alii
403 4554 526 4592 vero
543 4542 711 4607 palam
729 4544 1029 4608 credentes,
1045 4555 1096 4596 et
1113 4558 1230 4596 cum
1252 4549 1408 4600 ramis
1435 4549 1633 4615 palma-

87 4639 554 4687 tumoccurrentes.
581 4630 668 4681 alii
697 4645 819 4682 vero
837 4635 1038 4686 occulte
1059 4636 1357 4700 credentes,
1388 4639 1479 4691 sed
1512 4654 1631 4705 pro-

87 4718 484 4779 ptchharisreos
509 4733 610 4771 non
635 4721 971 4788 confitentes,
994 4738 1125 4792 quos
1149 4728 1469 4796 evangelista
1485 4738 1633 4783 nota-

84 4805 143 4857 vit
163 4821 271 4860 cum
291 4808 446 4862 dixit:
465 4807 762 4863 Dileurunt
784 4813 1000 4881 gloriam
1021 4815 1284 4868 hominum
1306 4822 1465 4886 magis
1483 4837 1632 4885 quam

83 4897 276 4961 gloriam
303 4898 410 4950 Dei.
437 4898 612 4952 Gloria
637 4901 724 4953 Dei
754 4912 834 4953 eat
856 4903 1061 4968 publice
1086 4907 1322 4960 conﬁteri
1340 4906 1628 4979 Christum,

83 4987 202 5042 sicut
240 5001 494 5060 martyres
524 4991 692 5046 sancti
736 4990 978 5047 fecerunt
1008 5013 1019 5045 :
1051 4997 1115 5049 de
1143 4998 1332 5064 quibus
1369 5000 1475 5053 alio
1520 5004 1635 5058 loco

86 5081 185 5142 ipse
211 5082 460 5137 Dominus
490 5083 564 5136 ait
593 5101 604 5136 :
637 5084 735 5150 Qui
765 5102 838 5138 nte
860 5091 1121 5150 confessus
1151 5090 1302 5156 fuerit
1341 5107 1512 5144 coram
1541 5096 1636 5146 ho-

86 5172 301 5235 minibus,
333 5173 608 5239 confitebor
636 5182 684 5227 et
710 5190 802 5244 ego
829 5192 946 5228 eum
967 5193 1136 5230 coram
1167 5177 1323 5233 Patre
1370 5197 1497 5234 meo.
1532 5184 1634 5248 Qui

85 5262 345 5315 conﬁtetur
391 5264 660 5317 Christum
711 5267 1045 5322 confessione
1100 5270 1298 5332 laudis,
1357 5274 1634 5327 conﬁtebi-

86 5360 177 5409 tur,
209 5354 256 5406 id
304 5363 404 5416 est,
450 5355 749 5409 laudabitur
778 5372 805 5408 a
855 5359 1064 5414 Christo
1093 5375 1271 5414 coram
1322 5363 1431 5416 Deo
1459 5367 1632 5422 l‘atre.

87 5442 164 5494 llis
187 5446 249 5495 ita
281 5460 335 5497 se
370 5446 711 5508 habentibus,
752 5460 804 5502 et
833 5464 926 5501 sua
949 5449 1058 5517 jam
1097 5453 1482 5521 propinquante
1519 5473 1638 5524 pas-

83 5547 234 5585 Sit-tte.

147 5602 284 5654 Jews
309 5605 542 5658 clamauit
559 5617 607 5659 et
633 5608 790 5662 dixit:
813 5608 910 5674 Qui
931 5614 1084 5664 credit
1102 5613 1148 5664 in
1173 5631 1267 5674 nte.
1287 5631 1386 5667 non
1410 5620 1564 5670 credit
1582 5620 1635 5672 in.

93 5709 113 5724 η
137 5735 140 5738 .
164 5733 173 5752 ,
199 5697 335 5746 tedin
359 5698 720 5765 eumquimisit
744 5718 834 5755 me.
864 5701 973 5756 iam
1002 5706 1200 5759 dixerat
1226 5710 1488 5776 «ξυσιάιςυξξ
1534 5732 1630 5768 tu;

1742 4540 2104 4606 illuminantur
2125 4555 2191 4606 ab
2213 4568 2296 4616 eo,
2326 4568 2351 4604 a
2375 4565 2481 4631 quo
2507 4551 2552 4604 si
2581 4550 2696 4619 quis
2729 4551 3022 4613 recessetit,
3049 4554 3299 4603 tenebra-

1740 4645 1898 4699 bitur.
1929 4644 2130 4699 Lumen
2163 4654 2335 4698 autem
2368 4646 2490 4698 illud
2522 4644 2660 4712 quod
2692 4643 2973 4707 illuminat,
3005 4656 3033 4694 a
3065 4657 3124 4694 se
3147 4655 3296 4694 rece-

1736 4739 1866 4792 dere
1896 4753 1998 4792 nou
2048 4749 2242 4807 potest,
2274 4739 2391 4807 quia
2442 4737 2872 4790 incommutabile
2924 4735 3144 4788 omnino
3193 4744 3299 4788 est.

1735 4833 1864 4885 Cum
1897 4841 2072 4884 autem
2098 4830 2229 4886 dicit
2260 4849 2274 4883 :
2308 4830 2485 4884 Omnis
2513 4833 2598 4897 qui
2623 4830 2777 4882 credit
2809 4830 2858 4880 in
2884 4844 2981 4892 me,
3008 4829 3060 4881 in
3085 4829 3297 4883 tenebris

1737 4937 1836 4974 non
1862 4931 2045 4985 manet,
2074 4923 2202 4975 satis
2231 4921 2532 4974 manifestat
2556 4934 2741 4972 omnes
2770 4934 2828 4972 se
2857 4919 2908 4972 in
2954 4919 3188 4972 tenebris
3220 4921 3301 4969 in-

1739 5012 1977 5072 venisse;
2013 5011 2104 5064 sed
2138 5025 2202 5064 ne
2227 5011 2278 5063 in
2308 5012 2386 5062 eis
2410 5011 2640 5063 tenebris
2668 5016 3000 5070 remaneant,
3027 5008 3076 5059 in
3109 5008 3307 5073 quibus

1738 5105 1936 5158 inventi
1969 5115 2111 5170 sunt,
2145 5105 2343 5157 debent
2371 5103 2593 5158 credere
2634 5104 2685 5155 in
2728 5103 2896 5156 lucem
2927 5119 3044 5168 quae
3077 5104 3217 5156 venit
3247 5103 3302 5156 in

1738 5196 1878 5248 hunc
1903 5194 2180 5255 mundum.
2205 5195 2324 5260 quia
2356 5209 2449 5261 per
2476 5195 2614 5246 illam
2647 5194 2813 5247 iactus
2835 5204 2917 5248 est
2944 5195 3189 5248 mundus.

1810 5286 1876 5338 Et
1900 5287 1945 5338 si
1971 5287 2083 5352 quis
2111 5286 2352 5344 audierit.
2385 5285 2571 5352 inquit,
2595 5287 2740 5338 verba
2773 5301 2903 5349 mea,
2932 5296 2976 5338 et
3004 5303 3102 5338 non
3129 5295 3298 5339 custo-

1737 5377 1904 5442 dierit,
1933 5395 2024 5447 ego
2067 5395 2166 5431 non
2202 5379 2382 5447 judico
2429 5394 2562 5429 eum.
2596 5378 2804 5442 Audite,
2859 5378 3124 5445 quomodo
3171 5379 3300 5429 dicit

1738 5466 1898 5520 Filius
1932 5484 1947 5518 :
1983 5465 2094 5534 Ego
2138 5484 2236 5518 non
2267 5467 2448 5537 judico
2493 5482 2624 5528 eum,
2658 5482 2776 5519 cum
2817 5469 2942 5520 dicit
2991 5466 3092 5518 alio
3134 5467 3250 5519 loco
3285 5484 3297 5518 :

1740 5554 1895 5608 Pater
1915 5573 2016 5608 non
2033 5560 2236 5626 judicut
2260 5572 2578 5622 quemquam,
2608 5560 2696 5611 sed
2720 5558 3129 5626 omnejudicium
3162 5558 3302 5608 dedit

1741 5639 2085 5710 Fitiolloan.
2117 5648 2217 5708 vi:
2264 5646 2362 5700 nisi
2409 5648 2530 5715 q-ia
2578 5649 2980 5718 intelligendum
3030 5661 3105 5703 est
3161 5649 3299 5712 quod

1741 5749 1973 5802 chttt‘tttt‘
2006 5756 2012 5787 :
