3884 6232
578 371 678 425 793

919 370 1118 425 BEDAE
1162 370 1604 428 VENERADILIS
1641 369 1919 427 OPERUM
1957 366 2134 422 PARS
2174 366 2239 421 II.
2274 367 2466 425 SECT.
2512 370 2552 424 I.
2596 402 2667 414 —
2707 370 3093 447 EXEGETICA
3133 371 3453 427 GENUINA.

3694 374 3794 429 800

649 481 768 535 Non
797 482 928 535 enim
957 482 1100 545 ueni,
1130 479 1330 550 inquit,
1361 490 1412 533 ut
1443 481 1669 549 judicent
1710 480 1954 533 mundum
1978 521 1991 546 ,
2038 478 2126 531 sed
2151 460 2203 533 Α
2229 484 2362 531 erat.
2415 477 2551 543 Quid
2597 487 2681 532 est
2720 487 2892 533 autem
2933 479 3080 533 Sicut
3115 480 3242 546 dixit
3281 480 3440 545 mihi,
3481 480 3553 531 sic
3592 482 3789 551 loquar,

574 582 629 623 ut
671 572 861 625 salvum
906 573 1091 641 faciam
1136 574 1403 626 mundum.
1445 573 1592 625 Nunc
1636 585 1764 639 ergo
1801 580 1882 624 est
1922 577 2133 637 tempus

581 660 989 734 misericordia,
1024 671 1142 728 post
1170 662 1272 715 erit
1295 660 1478 729 judicii
1502 702 1515 724 ,
1548 661 1669 729 quia
1700 660 2096 713 misericordiam
2115 700 2130 723 ,

579 748 778 813 inquit,
811 757 860 801 et
885 749 1132 815 iudicium
1178 751 1389 802 cantabo
1421 750 1508 801 tibi
1526 788 1551 825 ,Δ
1579 749 1794 801 Domine
1819 748 1837 817 (
1864 746 2010 802 Psal.
2039 764 2067 801 c
2093 748 2132 815 ).

583 837 688 891 Sed
716 838 784 893 de
813 839 928 905 ipso
957 840 1118 893 etiam
1163 840 1340 894 futuro
1384 840 1672 893 novissimo
1714 839 1911 909 judicio
1959 839 2137 894 videte

574 929 706 997 quid
731 930 870 982 dicat
902 946 915 982 :

645 1015 745 1081 Qui
770 1018 961 1083 spernit
1000 1033 1109 1081 me,
1142 1027 1191 1071 et
1230 1033 1331 1071 non
1372 1018 1554 1087 accipit
1602 1019 1748 1071 verba
1797 1034 1935 1081 mea,
1986 1020 2133 1070 habet

573 1108 659 1174 qui
679 1107 879 1173 judice:
904 1123 1035 1159 eum.
1079 1106 1258 1161 Sermo
1297 1122 1443 1175 quem
1481 1107 1676 1160 locutus
1705 1122 1847 1171 sum,
1881 1107 1967 1159 il’e
1998 1108 2131 1170 iudi-

572 1201 706 1253 cabit
731 1216 845 1253 eum
865 1202 917 1253 in
946 1201 1212 1254 nouissimo
1238 1201 1339 1253 die.
1374 1195 1485 1254 Non
1517 1201 1629 1253 ait:
1657 1200 1756 1264 Qui
1785 1202 1986 1267 spernit
2020 1211 2126 1261 me,

570 1301 625 1345 et
654 1307 757 1345 nou
788 1292 979 1360 accipit
1026 1290 1183 1345 verba
1222 1306 1375 1353 mea,
1415 1305 1515 1358 ego
1561 1305 1681 1343 eum
1736 1304 1837 1341 non
1864 1288 2045 1357 judico
2078 1287 2129 1339 in

568 1382 859 1435 novissimo
885 1380 994 1434 die.
1024 1379 1179 1433 Venit
1206 1382 1347 1435 enim
1376 1380 1543 1434 Filius
1571 1380 1661 1433 Dei
1689 1379 1752 1433 ad
1780 1379 2088 1432 salvandum
2112 1418 2126 1440 ,

575 1484 679 1523 non
707 1469 771 1522 ad
796 1468 1164 1537 iudicandum.
1196 1469 1319 1524 Ideo
1348 1470 1511 1525 dixit:
1546 1468 1666 1523 Non
1684 1470 1863 1539 judice
1886 1484 2000 1521 eum
2024 1507 2042 1531 ,
2078 1466 2127 1519 id

568 1570 649 1615 est
678 1561 837 1613 modo
865 1562 916 1613 in
948 1562 1194 1629 praesenti
1216 1602 1231 1628 ,
1262 1562 1349 1615 sed
1370 1561 1546 1630 judico
1594 1576 1711 1614 eum
1753 1562 1807 1614 in
1850 1560 2124 1614 novissimo

569 1649 668 1702 die.
702 1640 831 1703 Cum
888 1651 1028 1705 enim
1057 1651 1277 1705 dixisset
1308 1668 1321 1703 :
1356 1651 1456 1717 Qui
1480 1653 1669 1716 spernit
1695 1668 1795 1713 me,
1827 1658 1873 1702 et
1904 1666 2004 1702 non
2035 1663 2123 1701 ac-

566 1741 689 1809 cipit
731 1741 878 1792 verba
919 1756 1062 1808 mea,
1090 1740 1237 1793 habet
1265 1743 1350 1810 qui
1372 1742 1565 1810 judicet
1594 1758 1736 1804 eum,
1769 1741 2121 1808 exspectanti-

571 1830 673 1884 bus
716 1832 959 1900 quisnam
1008 1832 1099 1887 Ille
1147 1844 1322 1896 esset,
1370 1843 1557 1887 cautus
1603 1834 1881 1901 adjunxit:
1936 1832 2123 1887 Sermo

570 1936 726 1988 quem
760 1922 963 1975 locutus
995 1937 1110 1975 sum
1142 1964 1155 1986 ,
1190 1924 1279 1977 ille
1305 1923 1557 1988 judicabit
1586 1938 1706 1975 eum
1747 1924 1797 1976 in
1841 1921 2125 1975 novissimo

568 2008 673 2063 die.
714 2010 853 2063 Satis
896 2011 1253 2065 manilestavit
1286 2014 1514 2081 seipsum
1542 2012 1901 2080 judicaturum
1940 2012 1993 2063 in
2028 2026 2124 2063 no-

568 2098 788 2152 vissimo
833 2100 939 2153 die.
990 2099 1237 2166 Seipsum
1282 2102 1477 2169 quippe
1508 2102 1713 2155 locutus
1744 2110 1861 2165 est,
1893 2100 2124 2168 seipsnm

570 2182 938 2253 annuntiavit,
971 2189 1205 2258 seipsum
1232 2190 1453 2257 januam
1485 2192 1699 2257 posuit,
1750 2206 1850 2258 qua
1900 2190 2011 2255 ipse
2060 2191 2124 2244 ad

573 2294 702 2333 oves
752 2289 931 2348 pastor
960 2279 1199 2334 intraret.
1238 2282 1405 2334 Aliter
1434 2283 1610 2348 itaque
1636 2282 2010 2346 jndicabuntur
2036 2280 2123 2347 qui

571 2386 673 2423 non
707 2370 1021 2434 audierunt,
1051 2380 1106 2423 et
1135 2370 1222 2438 qui
1254 2371 1533 2425 audierunt
1565 2382 1619 2424 et
1663 2380 2121 2435 contempserunt.

576 2459 677 2523 Qui
704 2462 835 2511 enim
866 2460 973 2513 sine
1000 2460 1110 2527 lege
1141 2468 1467 2527 peccaverunt
1491 2501 1503 2524 ,
1549 2460 1622 2511 ait
1662 2460 1980 2525 Apostolus.
2020 2460 2125 2510 sine

575 2551 680 2618 lege
708 2550 981 2617 peribunt;
1009 2559 1059 2602 et
1086 2550 1172 2617 qui
1208 2551 1261 2602 in
1299 2550 1403 2619 lege
1442 2552 1771 2617 peccaverunt
1792 2588 1806 2613 ,
1852 2565 1939 2617 per
1968 2550 2125 2617 legem

568 2640 927 2697 iudicabuntur
955 2639 1131 2707 (Rom.
1162 2641 1243 2708 It).

639 2739 774 2805 Quia
801 2755 921 2809 ego,
955 2739 1123 2807 inquit
1148 2778 1163 2801 ,
1191 2756 1253 2793 ea:
1284 2756 1361 2792 me
1391 2756 1488 2795 non
1519 2756 1629 2792 sum
1661 2742 1881 2794 locutus.
1913 2739 2035 2793 Ideo
2065 2754 2124 2794 se

574 2827 701 2881 dicit
732 2842 833 2879 non
862 2828 1091 2882 locutum
1121 2846 1184 2883 ex
1216 2831 1409 2897 seipse.
1440 2831 1553 2885 Jam
1585 2832 1681 2884 hoc
1706 2846 1847 2898 stepe
1873 2832 2120 2895 diximus,

572 2917 715 2984 quod
742 2916 905 2970 Filius
928 2932 954 2969 a
978 2933 1035 2971 se
1058 2932 1160 2971 non
1184 2929 1295 2981 est,
1320 2920 1409 2972 sed
1438 2934 1465 2971 a
1495 2920 1668 2983 Pat'e,
1698 2920 1817 2973 ideo
1841 2920 2081 2986 adjunxit
2107 2936 2117 2969 :

639 3014 743 3068 Sed
772 3016 856 3081 qui
896 3016 1029 3067 misit
1060 3032 1135 3068 me
1164 3016 1335 3077 Pater,
1368 3019 1477 3081 ipse
1505 3018 1626 3067 mihi
1658 3020 1955 3070 mandatum
1985 3017 2123 3069 dedit

2238 561 2337 621 nisi
2372 568 2591 622 verbum
2624 568 2858 636 loquor?
2891 570 2962 623 Ita
2996 569 3085 623 ille
3111 570 3329 645 dixitnt
3359 584 3515 623 verax
3539 608 3554 637 ,
3586 573 3653 625 ita
3696 574 3792 628 iste

2238 656 2467 723 loquitur
2499 666 2555 709 ut
2584 658 2797 711 veritas.
2831 657 3007 713 Verax
3046 668 3219 712 autem
3260 658 3441 726 genuit
3484 658 3787 715 Veritatem.

2235 745 2369 811 Quid
2401 760 2527 813 ergo
2554 746 2661 814 jam
2690 746 2894 801 diceret
2926 748 3147 803 Veritati
3168 749 3197 800 ι
3232 749 3345 803 Non
3375 749 3520 804 enim
3547 736 3789 820 imperfe-

2235 843 2315 886 cta
2347 843 2460 887 erat
2492 834 2726 901 Veritas,
2754 836 2836 887 cui
2872 850 3053 890 verum
3087 834 3283 906 aliquid
3318 836 3623 891 adderetur.
3660 839 3791 892 Dixit

2234 938 2359 989 ergo
2393 924 2614 977 Veritati
2646 914 2732 992 qui
2764 926 2947 992 genuit
2981 925 3288 981 Veritatem.
3342 927 3505 981 Porro
3550 929 3657 994 ipsa
3693 929 3789 983 Ve-

2234 1013 2360 1066 ritas
2387 1016 2463 1067 sic
2494 1015 2720 1079 loquitur
2766 1024 2820 1067 ut
2862 1016 2911 1069 ei
2958 1016 3153 1069 dietum
3202 1025 3313 1082 est,
3362 1017 3455 1071 sed
3504 1018 3788 1087 intelligen-

2235 1106 2371 1158 tibus
2400 1122 2534 1173 quos
2568 1108 2724 1159 docet
2770 1117 2824 1159 ut
2866 1116 2985 1164 nata
3034 1117 3133 1161 est.
3184 1108 3250 1162 Ut
3294 1112 3468 1163 autem
3514 1110 3788 1165 crederent

2232 1192 2469 1248 homines
2516 1194 2654 1262 quod
2700 1195 2993 1263 intelligere
3045 1197 3279 1252 nondum
3322 1200 3533 1264 valent,
3583 1214 3645 1253 ex
3691 1214 3784 1253 ere

2230 1282 2407 1334 carnis
2448 1282 2605 1356 verba
2636 1294 2959 1348 sonuerunt,
2990 1293 3045 1340 et
3086 1286 3348 1349 abierunt.
3382 1288 3786 1344 Transvolantes

2232 1372 2349 1425 soni
2404 1382 2749 1440 strepuerunt
2799 1377 3027 1442 peractis
3075 1378 3293 1429 merulis
3336 1388 3629 1446 temporum
3670 1394 3782 1433 suo-

2232 1480 2347 1517 rum
2378 1482 2393 1528 ;
2429 1466 2522 1519 sed
2557 1480 2641 1518 res
2672 1468 2798 1533 ipsa:
2831 1482 3055 1535 quarum
3086 1469 3231 1538 signa
3262 1479 3388 1523 sunt
3431 1474 3579 1533 soni,
3616 1482 3783 1527 tractze

2235 1553 2627 1621 quodammodo
2677 1556 2725 1607 in
2774 1571 2957 1609 eorum
3006 1558 3314 1612 memoriam
3346 1559 3434 1627 qui
3477 1562 3780 1625 audierunt,

2234 1648 2391 1698 etiam
2425 1646 2489 1699 ad
2523 1662 2620 1700 nos
2654 1663 2745 1717 per
2776 1648 3011 1712 litteras,
3044 1664 3161 1717 quae
3192 1651 3412 1705 visibilia
3444 1655 3593 1718 signa
3633 1664 3781 1717 sunt,

2233 1743 2614 1800 pervenerunt.
2650 1735 2760 1788 Non
2790 1735 2868 1789 sic
2899 1736 3130 1804 loquitur
3166 1738 3370 1793 Veritas
3403 1759 3416 1793 :
3451 1742 3781 1811 intelligenti-

2232 1823 2325 1875 bus
2358 1823 2623 1876 mentibus
2658 1822 2795 1877 intus
2826 1823 3090 1891 loquitur;
3122 1826 3234 1880 sine
3263 1843 3396 1883 sono
3428 1830 3676 1893 instruit;
3707 1831 3779 1884 in-

2230 1910 2499 1979 telligibili
2534 1927 2669 1966 voce
2702 1911 2991 1981 perfundit.
3024 1917 3119 1981 Qui
3151 1932 3277 1987 ergo
3323 1918 3497 1988 potest
3540 1920 3586 1972 in
3619 1938 3676 1975 ea
3708 1924 3776 1975 vi-

2229 2004 2354 2058 dere
2402 2004 2692 2059 nativitatis
2746 2006 2861 2073 ejus
2909 2012 3291 2073 azternitatetn,
3345 2012 3457 2078 ipse
3507 2012 3645 2065 illam
3710 2016 3779 2066 sic

2229 2097 2376 2150 audit
2408 2096 2711 2163 loquentem
2732 2138 2745 2162 ,
2779 2098 2915 2149 sicut
2942 2098 2989 2151 ei
3020 2099 3147 2152 dixit
3177 2100 3334 2153 Pater
3374 2102 3513 2167 quod
3544 2104 3776 2170 loquere-

2230 2197 2334 2239 tur.
2371 2187 2633 2239 Excitavit
2665 2202 2760 2241 nos
2791 2189 2855 2240 ad
2890 2205 3135 2259 magnum
3167 2190 3495 2245 desiderium
3523 2194 3777 2248 interioris

2224 2275 2528 2327 dulcedinis
2577 2291 2724 2341 suae;
2777 2278 2868 2331 sed
2919 2279 3208 2332 erescendo
3256 2282 3556 2346 capiamus,
3606 2284 3778 2336 ambu-

2228 2362 2387 2415 lando
2416 2378 2756 2425 crescamus.
2792 2365 3115 2432 proliciendo
3160 2368 3525 2432 ambulemus,
3572 2380 3624 2423 ut
3669 2386 3777 2438 per-

2231 2452 2413 2505 venire
2462 2452 2727 2517 possimus
2778 2469 2872 2521 per
2917 2458 3181 2521 seipsum,
3229 2445 3304 2509 ad
3344 2460 3568 2525 seipsum
3612 2460 3775 2525 seipse

2226 2542 2457 2596 ducente
2489 2559 2617 2607 nos,
2646 2556 2695 2597 et
2733 2547 3077 2610 promittente
3120 2548 3274 2603 nobis
3305 2566 3318 2601 :
3365 2548 3479 2619 Ego
3516 2568 3624 2605 sum
3663 2554 3737 2604 ria
3760 2594 3772 2616 ,

2225 2635 2407 2687 veritas
2456 2645 2502 2686 et
2552 2635 2652 2687 vita
2698 2635 2893 2705 (Joan.
2925 2639 3095 2704 xtv):
3132 2638 3222 2691 Via
3264 2641 3648 2707 quaerentibus,
3691 2658 3773 2697 ve-

2225 2722 2356 2775 ritas
2385 2721 2808 2789 invenientibus,
2845 2725 2946 2777 vita
2981 2728 3431 2793 permanentibus.

2804 2834 3027 2891 CAPUT
3072 2837 3205 2890 XIII.

2292 2922 2592 2991 Scripturns
2624 2928 2941 2992 evangelista
2992 2926 3223 2982 Joannes
3265 2932 3607 2985 memorabile
3655 2934 3765 2987 illud

2226 3014 2432 3067 Domini
2470 3015 2845 3081 ministerium,
2870 3030 2974 3085 quo
3001 3017 3273 3087 discipulis
3295 3021 3345 3072 in
3382 3021 3574 3074 Pascha
3606 3024 3769 3089 prius-

570 3104 692 3169 quid
720 3104 887 3156 dicant
907 3145 922 3168 ,
952 3114 999 3157 et
1028 3106 1151 3173 quid
1182 3110 1381 3173 loquar.
1414 3107 1528 3161 Non
1558 3110 1697 3163 enim
1734 3108 1965 3159 locorum
1998 3122 2119 3175 spa-
2148 3116 2193 3177 ρ
2224 3119 2380 3171 quam
2412 3104 2477 3157 ad
2510 3106 2804 3171 passionem
2853 3108 2973 3169 iret,
3006 3108 3167 3173 pedes
3192 3109 3369 3163 lavare
3413 3111 3649 3178 dignatus
3677 3123 3769 3177 est,

574 3192 685 3255 tio,
720 3207 824 3245 non
856 3193 1173 3261 syllabarum
1214 3194 1587 3262 expressione,
1636 3210 1739 3249 non
1784 3195 1947 3249 vocali
1990 3210 2120 3249 sono

580 3280 733 3334 Pater
779 3281 888 3334 ﬁlio
933 3282 1183 3351 loquitur,
1231 3292 1289 3337 ut
1331 3285 1466 3339 ﬁlius
1494 3287 1796 3339 mandatum
1831 3287 1997 3340 Patris
2026 3301 2117 3338 au-

568 3368 713 3431 diat,
748 3370 883 3424 sicut
914 3371 1081 3424 Filius
1111 3372 1336 3426 hominis
1381 3373 1446 3427 ab
1493 3375 1706 3429 homine
1752 3374 1937 3429 audire
1982 3378 2120 3429 solet

569 3458 693 3524 quid
720 3458 873 3527 Pater
902 3461 1115 3515 mandet
1141 3462 1247 3526 illi;
1272 3462 1365 3516 sed
1388 3466 1571 3516 unicus
1596 3464 1760 3527 Filius
1783 3475 1864 3519 est
1890 3466 2115 3520 Verbum

572 3548 771 3611 Patris,
806 3559 861 3609 et
889 3551 1158 3617 Sapientia
1188 3552 1380 3617 Patris,
1416 3555 1465 3607 in
1500 3554 1590 3606 illo
1619 3565 1740 3607 sunt
1768 3555 1941 3609 omnia
1972 3571 2120 3609 man-

568 3639 691 3692 data
720 3640 910 3694 Patris.
937 3640 1117 3711 Neque
1144 3643 1281 3697 enim
1311 3644 1611 3698 mandatum
1639 3644 1810 3697 Patris
1840 3646 2119 3713 aliquando

573 3726 733 3780 Filius
761 3729 1003 3795 nescivit,
1025 3741 1080 3783 ut
1108 3746 1227 3783 eum
1260 3747 1475 3785 necesse
1505 3741 1645 3787 esset
1670 3750 1733 3786 ex
1760 3744 1997 3801 tempore
2030 3735 2120 3787 ha-

569 3820 691 3871 bere
717 3817 854 3884 quod
886 3821 1107 3886 accepit,
1138 3829 1195 3872 ut
1223 3822 1487 3875 nascendo
1513 3816 1776 3890 accipere,
1805 3823 2120 3890 dederitque

567 3907 643 3958 illi
675 3908 937 3973 gignendo
970 3910 1123 3963 Pater
1153 3912 1291 3979 quod
1326 3927 1426 3964 non
1464 3912 1713 3977 haberet,
1748 3914 1837 3966 sed
1870 3928 1991 3965 eum
2035 3928 2117 3979 ge-

571 3998 678 4049 nuit
703 4000 860 4049 vitam
894 3999 1171 4053 habentem
1190 4044 1203 4067 ,
1230 4004 1364 4053 sicut
1388 4004 1627 4067 superius
1657 4004 1725 4055 ait
1752 4021 1763 4053 :
1790 4003 1936 4057 Sicut
1966 4002 2117 4054 l’atcr

566 4088 711 4139 habet
739 4089 888 4139 vitam
908 4130 922 4153 ,
954 4090 1025 4141 sic
1055 4090 1189 4141 dedit
1216 4101 1261 4142 et
1292 4090 1427 4143 Filio
1472 4094 1620 4143 vitam
1660 4092 1838 4144 habere
1866 4094 1913 4143 in
1944 4101 2118 4145 semct-

565 4178 674 4243 ipso
718 4176 897 4243 (Joan.
928 4177 984 4244 v)
1006 4220 1019 4241 ,
1053 4178 1102 4231 id
1134 4187 1246 4239 est,
1281 4181 1457 4248 genuit
1488 4180 1678 4233 Filium
1712 4182 1871 4232 vitam
1922 4181 2119 4233 baben-

567 4276 671 4317 tem
727 4265 777 4318 in
827 4268 1135 4333 sentet‘pso.
1190 4268 1278 4322 Sic
1325 4268 1444 4320 dicit
1498 4271 1579 4321 hic
1611 4286 1623 4319 :
1656 4269 1797 4322 Sicut
1826 4269 2115 4320 mandatum

568 4358 706 4409 dedit
737 4356 879 4407 mihi.
920 4358 979 4408 Et
1012 4358 1128 4423 quia
1174 4366 1366 4408 acterna
1414 4360 1524 4425 ipsa
1569 4359 1809 4411 nativitas
1852 4373 2115 4424 nunquam

2226 3195 2395 3260 primo
2424 3194 2600 3259 ipsum
2642 3208 2831 3245 nomen
2864 3194 3079 3247 Pascha:
3107 3196 3230 3264 quid
3266 3200 3489 3267 mystice
3528 3202 3767 3269 signaret,

2222 3280 2427 3346 aperire
2459 3284 2682 3341 curavit,
2709 3282 2779 3333 ita
2810 3282 3069 3348 incipiens
3097 3301 3108 3333 :

2294 3368 2421 3419 Ante
2465 3369 2596 3421 diem
2628 3380 2794 3421 autem
2832 3371 3013 3438 festum
3044 3370 3261 3426 Pascha
3296 3376 3461 3430 sciens
3494 3377 3639 3431 Jesus
3667 3385 3768 3446 quia

2220 3458 2349 3509 venit
2393 3457 2515 3508 hora
2545 3461 2652 3526 ejus
2682 3468 2736 3510 ut
2766 3468 2987 3512 transeat
3016 3477 3079 3513 ea:
3102 3461 3196 3514 h‘oc
3224 3465 3413 3517 mundo
3446 3468 3513 3517 ad
3557 3466 3765 3529 Patrem,

2221 3562 2333 3598 cum
2381 3549 2636 3600 dilexisset
2660 3564 2776 3600 suos
2816 3550 2901 3616 qui
2942 3562 3081 3602 erant
3126 3552 3177 3604 in
3209 3558 3420 3617 mundo,
3452 3557 3500 3607 in
3531 3558 3673 3622 ﬁnem
3702 3560 3765 3609 di-

2223 3638 2341 3690 lexit
2373 3652 2476 3690 eos.
2512 3637 2707 3690 Pascha
2742 3640 2934 3705 quippe
2962 3642 3205 3693 transitus
3258 3643 3648 3710 interpretatur,
3683 3662 3764 3699 uo-

2223 3742 2342 3781 men
2373 3744 2436 3780 ex
2483 3742 2546 3780 eo
2576 3739 2724 3782 vetus
2768 3730 2987 3795 habens,
3017 3735 3155 3800 quod
3189 3736 3460 3789 transierit
3489 3738 3541 3790 in
3584 3752 3645 3791 eo
3684 3740 3767 3792 Do-

2223 3819 2394 3868 minus
2417 3832 2509 3882 per
2528 3817 2811 3885 Egyplum
2841 3820 3138 3885 percutiens
3164 3824 3513 3891 primogenita
3543 3826 3761 3895 Egypti,

2224 3918 2275 3959 ot
2306 3906 2440 3959 lilios
2471 3907 2629 3959 Israel
2660 3907 2911 3972 liberans,
2932 3919 2981 3961 et
3004 3911 3140 3976 quod
3167 3911 3265 3976 ipsi
3298 3914 3391 3965 lilii
3425 3915 3579 3968 Israel
3611 3926 3760 3969 trans-

2223 3997 2377 4048 ierint
2408 3996 2491 4046 illa
2525 4007 2680 4049 nocte
2722 3996 2785 4050 de
2835 3996 3081 4065 Egyptia
3127 4002 3385 4056 servitute
3409 4044 3422 4065 ,
3455 4015 3511 4057 ut
3542 4007 3760 4058 venirent

2221 4084 2284 4135 ad
2315 4093 2507 4136 terram
2533 4086 2808 4149 promissa:
2834 4086 2958 4137 olim
2988 4087 3309 4142 hmreditatis
3331 4100 3385 4143 et
3412 4092 3553 4158 pacis
3582 4093 3755 4161 (Exod.

2223 4174 2337 4240 χιι).
2375 4174 2597 4242 Mystitze
2623 4185 2797 4228 autem
2847 4175 3149 4244 signiﬁcans
3180 4180 3316 4246 quod
3355 4183 3403 4233 in
3434 4198 3499 4235 eo
3528 4183 3759 4236 Dominus

2224 4266 2534 4315 transiturus
2563 4274 2703 4316 esset
2731 4280 2793 4317 ex
2826 4265 2929 4317 hoc
2959 4268 3153 4321 mundo
3180 4271 3243 4323 ad
3278 4270 3489 4325 Patrem
3510 4312 3523 4334 ,
3552 4284 3603 4325 et
3632 4274 3753 4338 quod

2224 4356 2335 4421 t-jns
2358 4355 2597 4420 exemplo
2624 4356 2825 4420 ﬁdeles,
2842 4355 3063 4422 abjectis
3083 4361 3460 4426 temporalibus
3483 4361 3757 4420 desideriis,

572 4460 676 4496 non
709 4444 833 4507 luit,
871 4444 1035 4497 Filius
1064 4446 1149 4512 qui
1181 4455 1263 4498 est
1307 4447 1441 4510 vita,
1474 4458 1525 4499 et
1555 4447 1691 4500 sicut
1721 4460 1801 4499 est
1832 4449 1935 4500 vita
1966 4458 2119 4500 aeter—
2152 4443 2199 4501 ι)
2225 4442 2423 4507 abjecln
2459 4445 2705 4494 v;tiornm
2728 4443 2999 4505 servitute,
3020 4445 3283 4499 continuis
3314 4447 3567 4501 virtutum
3595 4449 3759 4501 studiis

569 4550 665 4598 na,
698 4535 774 4588 sic
803 4546 880 4588 est
911 4537 994 4602 qui
1030 4545 1180 4586 natus
1210 4545 1291 4588 est
1319 4536 1423 4588 vita
1456 4548 1651 4589 :eterna
1671 4575 1685 4601 ,
1719 4538 1785 4589 ita
1815 4547 1868 4589 et
1910 4538 2123 4588 manda-

570 4635 722 4687 tum,
776 4640 881 4677 non
930 4626 1064 4693 quod
1116 4624 1279 4677 Filius
1328 4641 1429 4677 non
1478 4626 1701 4688 habeat,
1746 4626 1899 4679 Pater
1944 4625 2119 4687 dedit,

570 4716 664 4768 sed
686 4755 703 4779 ,
737 4717 869 4767 sicut
898 4715 1039 4779 dixi,
1072 4717 1119 4767 in
1152 4717 1405 4781 sapientia
1455 4716 1659 4781 Patris,
1710 4717 1845 4783 quod
1878 4726 1957 4769 est
1990 4715 2122 4767 Ver-

570 4807 689 4859 hnm
721 4806 926 4870 Patris,
961 4806 1133 4858 omnia
1166 4809 1411 4858 mandata
1457 4816 1578 4859 sunt
1626 4807 1818 4859 Patris.
1867 4805 2119 4874 Sequitur

566 4902 704 4955 enim
739 4920 749 4953 :

642 4990 705 5043 Et
737 4990 841 5042 scio
866 4990 980 5057 quia
1009 4990 1300 5042 mandatum
1324 4992 1435 5057 ejus
1460 4989 1559 5040 vita
1583 4998 1766 5040 (eterna
1792 4997 1881 5039 est.
1914 4986 1967 5041 Si
2000 5000 2123 5051 ergo

570 5082 675 5134 vita
701 5090 901 5132 aeterna
930 5091 1011 5133 est
1037 5080 1337 5132 mandatum
1367 5080 1537 5130 Patris
1558 5117 1573 5140 ,
1601 5078 1719 5145 quid
1751 5078 1890 5129 aliud
1924 5078 2119 5127 dictum

569 5180 671 5235 est,
703 5185 858 5237 quam
890 5185 904 5222 :
940 5170 1049 5237 Ego
1082 5185 1195 5221 sum
1227 5169 1533 5221 mandatum
1568 5169 1782 5221 Patris?
1816 5167 2042 5220 Proinde
2071 5174 2123 5217 ct

567 5261 615 5313 id
648 5261 787 5328 quod
820 5260 1057 5327 adiungit
1084 5271 1135 5313 et
1166 5260 1291 5312 dicit
1322 5277 1332 5310 :

640 5353 763 5413 Qua:
791 5368 881 5420 ego
912 5351 1107 5419 loquor,
1139 5353 1265 5403 sicut
1296 5350 1424 5405 dixit
1453 5350 1575 5402 mihi
1614 5350 1784 5413 Pater,
1819 5352 1889 5403 sic
1922 5351 2117 5415 loquor.

576 5440 687 5491 Non
720 5442 1047 5506 accipiamus
1080 5442 1210 5492 dixit
1241 5440 1398 5504 mihi,
1434 5442 1581 5507 quasi
1617 5441 1778 5493 verbo
1811 5442 2016 5493 locutus
2047 5443 2121 5493 sit

578 5535 730 5584 unico
763 5532 967 5593 Verbo,
1002 5542 1089 5584 aut
1116 5534 1309 5599 egebat
1339 5532 1476 5584 Deus
1518 5533 1693 5583 verbis
1741 5532 1850 5585 Dei.
1889 5532 2117 5585 Verbum

572 5623 704 5675 dixit
733 5638 857 5689 ergo
889 5623 1039 5675 Pater
1074 5622 1237 5686 Filio,
1275 5624 1409 5673 sicut
1438 5623 1580 5673 dedit
1612 5625 1768 5673 vitam
1813 5621 1944 5675 Filio
1968 5666 1979 5685 ,
2017 5637 2117 5673 non

567 5715 708 5784 quod
758 5714 1057 5782 nesciebat,
1108 5714 1186 5767 vel
1236 5728 1341 5768 nou
1377 5712 1636 5781 habebat,
1689 5713 1776 5767 sed
1809 5712 1923 5781 ipse
1955 5712 2116 5766 Filius

2227 4531 2447 4583 transite
2496 4533 2688 4584 debent
2732 4534 2794 4583 ad
2844 4534 3245 4599 promissionem
3296 4540 3481 4603 patrize
3525 4540 3753 4593 caelestis.

2224 4620 2500 4684 Quomodo
2540 4635 2713 4675 au'etn
2772 4625 3041 4676 transierit
3065 4624 3217 4678 .Iesus
3246 4641 3310 4681 ex
3346 4629 3447 4681 hoe
3479 4631 3662 4683 mundo
3703 4630 3755 4682 ad

2226 4709 2452 4771 Patrem,
2490 4710 2709 4776 pulchro
2755 4725 3001 4765 sermone
3030 4712 3265 4781 designat
3312 4720 3628 4784 evangelista
3651 4735 3751 4772 cum

2224 4799 2345 4852 dicit
2366 4798 2516 4851 :Cum
2539 4802 2791 4853 dilexisset
2810 4818 2946 4864 suos,
2970 4806 3059 4871 qui
3081 4814 3224 4857 erant
3243 4807 3294 4857 in
3322 4808 3532 4871 mundo,
3551 4810 3599 4860 in
3626 4812 3756 4875 [iacnt

2223 4891 2397 4942 dilexit
2420 4906 2501 4942 eos
2528 4889 2580 4955 (Ι
2595 4892 2710 4943 Cor.
2736 4892 2813 4959 ν),
2840 4891 2890 4943 id
2920 4902 3019 4955 est,
3047 4895 3096 4947 in
3126 4904 3325 4949 tantum
3362 4897 3570 4962 dilexit,
3594 4909 3645 4951 ut
3664 4901 3752 4966 ipsa

2223 4981 2506 5033 dilectione
2536 4982 2693 5033 vitam
2727 4982 2789 5033 ad
2825 4991 3033 5049 tempus
3066 4982 3243 5038 ﬁniret
3270 4989 3622 5051 corporalem,
3653 5003 3754 5041 mox

2223 5072 2288 5123 de
2316 5081 2482 5125 morte
2529 5072 2591 5124 ad
2635 5072 2830 5133 vitam,
2862 5073 2925 5126 de
2977 5074 3076 5127 hoc
3125 5076 3319 5127 mundo
3374 5080 3678 5131 transiturus
3703 5076 3754 5128 ad

2224 5164 2452 5216 Patrem.
2496 5162 2743 5230 Majorem
2786 5165 2916 5215 enim
2943 5164 3041 5215 hac
3068 5166 3381 5219 dilectionem
3424 5184 3566 5221 nemo
3606 5169 3755 5225 habet,

2222 5269 2373 5321 quam
2413 5262 2466 5303 ut
2513 5253 2732 5303 animam
2780 5267 2923 5303 suam
2966 5254 3078 5319 quis
3123 5265 3276 5322 ponat
3326 5271 3419 5323 pro
3463 5258 3629 5307 amicis
3670 5254 3756 5304 suis

2224 5342 2397 5411 (Joan.
2435 5342 2557 5410 xv);
2602 5343 2747 5395 Unde
2777 5352 2919 5394 recte
2952 5352 3171 5411 uterque
3204 5344 3488 5406 transitus,
3521 5352 3573 5397 et
3602 5343 3753 5408 legalis

2223 5433 2486 5495 \idelicet,
2515 5442 2567 5484 et
2617 5434 2949 5499 evangelicus
2977 5476 2991 5497 ,
3023 5434 3277 5499 sanguine
3306 5444 3643 5488 consecratus
3669 5440 3750 5486 est.

2223 5524 2311 5576 ille
2342 5524 2460 5591 agni
2497 5524 2777 5590 paschalis,
2812 5525 2909 5576 iste
2945 5523 3059 5590 ejus
3082 5523 3147 5577 de
3180 5539 3284 5591 quo
3306 5524 3434 5579 dicit
3460 5523 3748 5589 Apostolus:

2226 5616 2421 5668 Ftcnim
2456 5617 2638 5679 pascha
2670 5626 2893 5667 nostrum
2939 5615 3223 5668 immolatus
3267 5628 3337 5669 cst
3391 5617 3629 5671 Christus.
3674 5612 3753 5663 ls'tc

2230 5706 2484 5777 sanguine
2519 5706 2634 5760 fuso
2667 5708 2715 5758 in
2746 5720 2921 5772 cruce,
2956 5705 3044 5760 ille
3077 5706 3126 5761 in
3159 5707 3330 5761 crucis
3364 5707 3575 5761 modum
3604 5700 3753 5757 medio
