3884 6232
120 380 214 438 801

1029 383 1096 439 ΙΝ
1137 384 1195 440 S.
1234 381 1510 440 JOANNIS
1554 378 2003 438 EVANGELIUM
2045 377 2428 438 EXPOSITIO.

3241 383 3349 440 80!

116 502 292 556 limine
319 509 371 556 et
399 502 790 570 superliminari
838 501 1040 557 medius
1068 517 1290 571 asperso
1335 504 1386 557 in
1418 502 1674 572 postibus.
1712 507 1755 562 Α
1783 500 2124 554 surrectionis
2146 501 2209 553 ad
2247 499 2408 552 Deum
2439 508 2552 553 erat
2577 498 2862 566 rediturus,
2904 516 3000 556 nec
3032 501 3194 558 Deum
3223 519 3349 558 cum

120 589 316 643 Pascha
361 604 468 644 non
511 593 668 657 (sicut
695 590 922 660 ‘quidam
951 583 1276 658 existimant)
1308 591 1552 644 Grtrcum
1582 605 1678 642 no-

110 697 237 757 men
284 691 386 745 est,
417 682 508 736 sed
558 682 837 736 Hebraeum
866 700 878 735 :
904 682 1355 752 Opportunissime
1385 692 1558 736 tamen
1587 695 1678 734 oc-

121 777 282 826 currlt
297 773 347 825 in
365 772 466 826 hoc
484 773 698 826 nomine
713 774 952 841 quaedam
970 775 1315 842 congruentia
1334 785 1676 839 utrarumque

125 864 432 931 linguarum.
461 862 591 927 Quia
619 865 760 924 enim
792 863 1006 930 patitur,
1034 865 1216 918 Graece
1239 866 1432 933 πάσχη
1456 862 1672 924 dicitur,

120 952 233 1006 ideo
287 951 479 1020 pascha
532 952 706 1020 passio
761 959 935 1020 putata
987 962 1100 1018 est;
1133 955 1212 1007 vel
1271 953 1370 1006 hoc
1423 965 1614 1004 nomen
1646 965 1674 1002 a

119 1042 358 1109 passione
386 1040 467 1094 sic
495 1024 834 1108 appellatum.
867 1041 922 1094 ln
947 1055 1039 1094 sua
1076 1056 1204 1095 vero
1235 1041 1431 1108 lingua,
1466 1039 1567 1092 boc
1595 1047 1678 1092 est

116 1129 356 1194 Hebraea,
405 1131 600 1197 pascha
645 1126 888 1185 transitus
938 1131 1151 1197 dicitur,
1203 1144 1481 1199 propterea
1531 1128 1674 1198 quod

116 1229 234 1273 tunc
265 1220 714 1288 primumapascha
743 1222 1033 1276 celebravit
1065 1222 1289 1289 populus
1318 1221 1429 1285 Dei,
1463 1220 1693 1289 quando.

114 1324 173 1363 es
215 1308 448 1378 Egypto
491 1310 749 1379 fugientes
777 1353 793 1377 ,
848 1312 1081 1366 Rubrum
1129 1326 1277 1365 mare
1323 1311 1672 1364 transierunt.

113 1400 218 1454 Hoc
247 1403 425 1467 itaque
458 1418 671 1466 nomen,
703 1404 762 1470 id
801 1414 905 1467 est,
940 1404 1157 1469 pascha,
1187 1403 1326 1471 quod
1377 1402 1588 1462 Latine,
1621 1410 1678 1454 ut

110 1494 236 1554 dixi,
270 1497 516 1548 transitus
549 1507 900 1562 nuncupatur,
936 1495 1078 1548 v'elut
1123 1495 1478 1560 interpretans
1523 1492 1675 1545 nobis

113 1583 289 1636 beatus
313 1585 634 1653 evangelista
664 1601 676 1635 :
709 1586 837 1638 Ante
864 1585 1017 1648 diem,
1045 1583 1235 1650 inquit,
1258 1583 1445 1651 festum
1472 1581 1675 1651 paschae

109 1672 264 1725 sciens
293 1673 447 1727 Iesus
476 1675 596 1743 quia
642 1675 770 1728 venit
812 1676 920 1744 ejus
966 1675 1108 1738 hora,
1141 1683 1194 1726 ut
1241 1683 1464 1726 transeat
1487 1690 1550 1726 ex
1581 1675 1673 1726 hoc

110 1764 294 1815 munde
316 1765 385 1814 ad
406 1762 631 1817 Patrem.
655 1764 793 1818 Ecce
816 1767 1028 1832 pascha,
1053 1779 1177 1819 ecce
1202 1765 1473 1817 transitus.
1503 1763 1671 1829 Unde,

109 1859 158 1901 et
195 1851 341 1917 quo?
371 1851 446 1906 De
499 1852 600 1906 hoc
651 1852 851 1907 scilicet
897 1853 1095 1912 mundo
1139 1854 1206 1908 ad
1252 1853 1484 1907 Patrem.
1538 1854 1671 1921 Spes
1703 1839 1749 1898 Β

110 1943 357 1996 membris
385 1943 438 1996 in
485 1944 656 2010 capite
684 1954 765 1997 est
793 1945 912 1997 data
935 1984 948 2008 ,
975 1944 1114 2011 quod
1169 1953 1346 2008 essent
1390 1944 1479 1998 illo
1512 1954 1678 1997 trans-

108 2043 259 2084 euute
290 2031 408 2086 sine
435 2031 601 2087 dubio
622 2043 892 2101 secutura.
926 2034 1059 2100 Quid
1085 2049 1212 2103 ergo
1244 2034 1509 2103 infideles,
1531 2043 1585 2088 et
1610 2035 1677 2088 ab

110 2125 200 2176 hoc
229 2124 403 2191 capite
426 2131 585 2193 atque
611 2126 680 2176 ab
702 2124 820 2194 ejus
841 2139 1065 2194 corpore
1085 2126 1279 2194 alieni?
1303 2141 1481 2181 nonne
1508 2137 1559 2180 et
1579 2126 1679 2195 ipsi

113 2225 405 2282 transeunt,
428 2216 549 2286 quia
576 2232 677 2270 non
713 2219 1062 2285 permanent?
1103 2218 1406 2273 Transeunt
1441 2220 1596 2287 plane
1624 2225 1680 2273 et

111 2307 219 2372 ipsi.
251 2306 355 2361 Sed
389 2307 531 2360 aliud
554 2319 636 2362 est
661 2309 890 2363 transire
927 2309 994 2363 de
1024 2308 1409 2372 mundo,aliud
1443 2309 1672 2365 transire

110 2413 220 2450 Cum
242 2398 466 2463 mundo,
484 2397 624 2451 aliud
644 2391 708 2452 ad
728 2398 1116 2463 Patrem,aliud
1138 2398 1202 2452 ad
1229 2397 1456 2453 hostem.
1472 2399 1604 2453 Nam
1625 2407 1680 2451 et

112 2486 338 2557 {Egyptii
367 2490 696 2542 transierunt
716 2529 732 2553 ,
768 2502 872 2543 non
903 2489 1042 2561 enim
1073 2489 1445 2558 persequendo
1469 2503 1679 2544 manse-

110 2589 250 2643 runt;
268 2595 373 2632 non
403 2587 582 2632 tamen
607 2580 926 2633 transierunt
953 2588 1048 2647 per
1075 2594 1218 2634 mare
1240 2579 1304 2634 ad
1328 2577 1680 2648 regnum,sed

114 2669 156 2722 in
168 2670 294 2722 mari
317 2669 382 2721 ad
404 2668 676 2722 interitum
696 2667 890 2738 (Exod.
906 2673 1032 2737 xiv).
1051 2670 1229 2736 Sciens
1249 2686 1369 2741 ergo
1390 2669 1539 2724 Jesus
1560 2671 1680 2738 quia

111 2758 231 2810 tersit
261 2760 372 2822 eius
404 2759 553 2822 liora,
582 2772 634 2811 ut
665 2761 896 2814 transiret
920 2776 981 2813 ea;
1007 2760 1100 2812 hoc
1124 2763 1312 2813 mundo
1351 2761 1417 2812 ad
1445 2759 1676 2828 Patrem,

110 2864 213 2900 cum
237 2849 499 2902 dilexisset
523 2865 639 2902 suos
669 2851 754 2918 qui
776 2860 921 2903 erant
948 2851 1001 2902 in
1025 2853 1235 2913 mundo,
1252 2850 1304 2904 in
1324 2851 1478 2920 finem
1499 2852 1678 2905 dilexit

110 2958 203 2994 eos.
239 2940 468 3010 Utique,
496 2950 553 2995 ut
595 2952 648 2995 et
679 2942 774 3010 ipsi
806 2940 874 2994 de
919 2941 1020 2994 hoc
1048 2941 1245 2994 mundo
1279 2942 1368 2997 ubi
1407 2952 1579 3005 erant,
1611 2943 1676 2994 ad

109 3046 252 3084 suum
311 3040 473 3099 caput
524 3031 661 3099 quod
718 3032 840 3084 hinc
896 3034 1190 3096 transisset,
1234 3031 1349 3100 ejus
1396 3032 1679 3087 dilectione

112 3123 412 3177 transirent.
437 3122 574 3189 Quid
603 3131 685 3176 est
715 3122 854 3176 enim
888 3122 939 3176 in
969 3126 1147 3191 linem,
1173 3123 1274 3177 nisi
1297 3123 1350 3177 in
1376 3123 1676 3177 Christum?

116 3213 252 3264 l'tnis
278 3214 419 3266 enim
445 3214 569 3282 legis
601 3211 851 3278 Christus,
884 3215 955 3266 ait
985 3213 1290 3283 Apostolus,
1327 3216 1394 3266 ad
1412 3214 1674 3282 justitiam

112 3305 238 3356 omni
265 3306 493 3357 credenti
524 3305 696 3375 (liam.
733 3306 810 3376 χ).
854 3306 997 3361 Finis
1044 3306 1346 3375 perficiens,
1375 3323 1478 3361 non
1512 3310 1674 3361 inter-

111 3394 319 3460 ﬁciens;
354 3397 476 3450 linis
500 3411 628 3463 -quo
659 3410 824 3465 usque
853 3411 1034 3453 eamus
1055 3439 1068 3464 ,
1099 3412 1202 3451 non
1249 3397 1337 3451 ubi
1371 3412 1670 3464 pereamus.

110 3482 190 3536 Sic
234 3483 454 3538 omnino
487 3485 886 3552 intelligendum
935 3496 1040 3554 est,
1072 3485 1276 3539 Pasclta
1318 3496 1547 3538 nostrum
1578 3485 1680 3537 im-

111 3575 319 3626 molams
347 3584 424 3628 est
473 3574 701 3628 Christus
731 3575 779 3645 (Ι
804 3575 934 3646 βυτ.
969 3578 1048 3647 v).
1097 3577 1210 3644 ipse
1249 3585 1331 3630 est
1369 3575 1507 3629 enim
1553 3574 1678 3628 finis

113 3679 301 3732 noster,
323 3666 561 3732 ingillum
578 3675 655 3719 est
678 3668 928 3721 transitus
959 3677 1156 3721 noster.
1180 3665 1606 3732 Intelligendum,
1625 3664 1676 3715 in

115 3742 258 3826 ﬁnem
285 3759 466 3833 dileait
495 3774 580 3811 eos
604 3797 618 3819 ,
649 3770 815 3824 usque
843 3756 909 3818 ad
936 3766 1164 3812 mortem
1195 3755 1384 3809 dilexit
1412 3769 1528 3821 eos,
1558 3754 1676 3822 quia

114 3860 307 3902 tantum
339 3849 546 3912 dilexit,
577 3857 631 3900 ut
655 3847 766 3914 ipse
796 3855 1091 3900 moreretur
1137 3856 1356 3912 pr0pter
1387 3859 1501 3895 eos.

180 3940 242 3994 Et
284 3957 448 4004 cana,
483 3939 670 4007 inquit,
702 3937 859 4005 facta,
889 3952 1002 3988 cum
1042 3936 1269 3989 diabolus
1311 3937 1425 4004 jam
1461 3935 1678 3988 misisset

119 4035 164 4084 its
186 4047 269 4084 cor
289 4041 341 4083 ut
367 4032 586 4082 traderet
608 4042 720 4080 eum
742 4027 771 4078 J
782 4026 908 4079 udas
937 4026 1163 4080 Simonis
1190 4023 1486 4078 Iscariotes.
1515 4025 1678 4078 Ctena

115 4135 234 4189 ergo
256 4124 393 4173 facta
416 4119 611 4172 dictum
640 4127 717 4171 est
741 4118 848 4184 jam
884 4124 1084 4184 parata,
1110 4128 1158 4170 et
1189 4116 1252 4169 ad
1282 4117 1677 4169 coxivivantium

119 4235 342 4292 mensam
396 4231 654 4284 usumque
699 4216 971 4284 perducta.
1022 4215 1169 4281 Quod
1212 4227 1385 4268 autem
1416 4216 1486 4267 ait
1513 4224 1527 4266 :
1558 4213 1682 4270 Cum

117 4314 338 4366 diabolus
357 4317 474 4382 jam
501 4311 714 4363 misisset
739 4310 791 4361 in
818 4325 902 4361 cor
931 4319 986 4360 ut
1012 4311 1232 4360 traderet
1262 4324 1374 4360 eum
1401 4306 1568 4361 ludas
1599 4307 1687 4362 Si-

119 4419 272 4454 nianzs
311 4400 625 4463 lseariotes,
671 4400 715 4451 si
755 4399 950 4467 quaeris
995 4399 1117 4466 quid
1153 4399 1373 4471 missum
1402 4400 1470 4452 sit
1500 4399 1552 4451 iu
1594 4411 1686 4451 cor

1783 587 1902 641 inde
1933 591 2121 652 exiret,
2168 604 2262 642 uec
2292 603 2387 642 nos
2416 588 2668 642 deserens
2696 603 2816 643 cum
2865 591 3079 646 rediret.
3136 593 3348 648 Scieliat

1782 678 1992 745 quidem
2039 682 2211 733 omnia
2247 680 2381 742 haec,
2428 689 2482 735 et
2520 689 2700 735 tamen
2730 682 2780 734 in
2813 697 3017 752 magna:
3056 700 3168 739 sua:
3215 688 3350 740 iud.-

1780 769 1940 834 cium,
1973 771 2021 822 in
2048 787 2254 838 magna:
2287 783 2483 825 nostra:
2531 771 2827 841 exemplum
2862 773 3192 844 humilitatis,
3226 793 3345 830 sur-

1780 860 1854 926 git
1883 874 1910 912 a
1936 875 2109 924 caena,
2149 862 2296 927 ponit
2351 865 2659 914 vestimenta
2693 879 2808 929 sua,
2837 864 2975 916 lavat
3005 866 3162 934 pedes
3192 868 3349 922 ἀξίοι-

1783 947 2022 1012 puluruui
2049 966 2060 1000 :
2086 964 2188 1002 non
2215 950 2304 1003 Dei
2340 950 2564 1014 Domini,
2593 952 2687 1005 sed
2714 952 2941 1008 hominis
2961 956 3099 1008 scrvi
3123 956 3349 1024 impleas

1781 1035 2046 1100 officium;
2101 1047 2154 1091 et
2197 1038 2275 1091 eis
2325 1054 2534 1107 quoque
2578 1040 2738 1108 pedes
2785 1042 3057 1098 humiliter
3108 1046 3350 1110 abluens,

1780 1123 1929 1192 cujus
1978 1142 2164 1182 manus
2195 1129 2244 1181 iu
2288 1144 2380 1180 sua
2415 1130 2690 1184 traditione
2745 1145 3000 1201 noverat,
3051 1139 3347 1204 procaciter

1779 1230 1898 1270 esse
1920 1216 2251 1286 polluendas.
2299 1220 2447 1285 Quod
2476 1221 2520 1273 si
2549 1221 2724 1276 altiori
2754 1222 2998 1292 indagine
3038 1229 3350 1295 mysterium

1781 1308 1879 1363 hoc
1898 1308 2250 1371 humillimum
2266 1313 2428 1363 nostri
2449 1313 2734 1367 Salvatoris
2757 1325 3082 1382 pertractare
3101 1319 3350 1386 delectet,

1779 1414 1932 1454 cinna
1965 1401 2077 1455 haec
2117 1411 2473 1469 sacrosancta,
2508 1405 2557 1457 iu
2601 1421 2699 1473 qua
2729 1421 2847 1460 cum
2892 1392 3164 1478 discipulis
3193 1427 3349 1466 recu-

1780 1490 1896 1544 buit
1927 1492 2205 1557 Dominus,
2238 1504 2445 1562 tempus
2474 1497 2732 1562 significat
2758 1499 3060 1554 universum
3107 1517 3211 1570 quo
3234 1519 3352 1557 cor-

1781 1581 2038 1648 poraliter
2080 1582 2134 1635 in
2179 1580 2414 1636 Ecclesia
2459 1588 2782 1647 demoratus,
2830 1599 2883 1640 et
2932 1589 3156 1654 dapibus
3206 1594 3349 1646 verbi

1786 1674 2052 1743 salutaris,
2085 1676 2147 1731 ac
2173 1677 2548 1731 miraculorum
2594 1694 2807 1731 suorum
2832 1680 3107 1735 dulcedine
3136 1693 3352 1741 cunctos

1783 1765 1938 1833 longe
1967 1765 2175 1832 lateque
2220 1771 2382 1836 pavit,
2413 1778 2467 1821 et
2507 1768 2619 1836 ipse
2649 1769 2974 1823 audientium
3005 1773 3106 1825 lide
3128 1786 3190 1826 ac
3209 1773 3353 1828 dile-

1776 1857 1951 1910 ctione
1982 1866 2162 1923 pastus
2193 1867 2291 1920 est,
2326 1858 2446 1926 quia
2476 1869 2737 1926 quotquot
2770 1860 2832 1912 ad
2861 1863 3085 1929 gratiam
3114 1863 3349 1918 veritatis

1775 1946 2071 2010 convertit,
2129 1962 2221 2014 per
2275 1947 2565 2003 Ecclesiam
2618 1951 2768 2018 quasi
2823 1965 2970 2005 more
3023 1957 3348 2010 vescentium

1777 2032 1904 2088 fecit
1929 2049 2286 2103 augmentum.

1847 2125 2080 2180 Surrexit
2119 2137 2287 2180 autem
2315 2145 2346 2181 a
2385 2145 2547 2191 cana,
2593 2141 2639 2184 et
2670 2133 2840 2201 posuit
2884 2134 3178 2188 vestimenta
3205 2151 3210 2157 ’
3233 2151 3346 2192 sua.

1779 2214 2003 2281 Quando
2045 2219 2404 2285 temporaliter
2452 2234 2570 2272 cum
2605 2221 2903 2276 hominibus
2949 2225 3175 2291 amplius
3221 2241 3351 2280 con-

1783 2307 1983 2360 versari
2036 2307 2316 2373 desistens,
2359 2310 2593 2363 membra
2639 2314 2875 2379 corporis
2908 2316 3160 2383 assumpti
3197 2317 3356 2385 depo-

1779 2399 1884 2452 suit
1923 2399 1974 2451 in
2006 2415 2184 2455 cruce.

1853 2489 2071 2558 Accepto
2096 2491 2252 2544 linteo
2274 2495 2538 2559 precinzit
2563 2511 2636 2550 se.
2666 2496 2909 2565 Quando,
2961 2510 3177 2570 accepto
3197 2516 3227 2557 a
3256 2502 3353 2556 Pa-

1783 2587 1861 2635 tre
1903 2581 2157 2636 mandato
2212 2585 2443 2651 patiendi
2484 2601 2582 2656 pro
2631 2589 2807 2654 nobis,
2855 2591 2903 2644 in
2937 2591 3051 2657 ipso
3089 2594 3349 2660 passionis

1780 2671 2032 2725 exercitio
2076 2687 2169 2725 sua
2228 2675 2464 2728 membra
2509 2678 2876 2735 circumdedit.
2928 2682 3073 2736 Solet
3127 2698 3353 2752 namque

1782 2775 1877 2830 per
1921 2762 2161 2828 linteum,
2210 2765 2349 2832 quod
2394 2768 2683 2821 multifario
2741 2780 3123 2826 tormentorum
3171 2774 3354 2829 labore

1781 2853 2081 2919 coniicitur,
2140 2855 2355 2911 afﬂictio
2387 2860 2687 2926 passionum
2724 2862 2954 2930 figurari.
2994 2864 3060 2916 Et
3093 2864 3348 2920 Dominus

1783 2937 1984 3009 ponens
2033 2944 2369 3010 vestimenta,
2415 2948 2578 3002 linteo
2620 2953 2983 3022 prmcingitur,
3013 2963 3066 3006 ut
3091 2955 3351 3022 significet

1783 3045 1843 3086 se
1869 3030 2106 3085 habitum
2137 3034 2375 3102 corporis
2413 3049 2569 3104 quem
2602 3037 2794 3097 induit.
2829 3056 2930 3093 nou
2964 3044 3078 3096 sine
3105 3058 3349 3111 pressura

1781 3122 2044 3186 dolorum,
2077 3124 2168 3177 sed
2199 3125 2350 3193 longa
2382 3125 2555 3179 crucis
2587 3127 2928 3183 tribulatione
2951 3131 3238 3198 deponere.

1852 3211 1992 3265 Misit
2035 3229 2219 3280 aquam
2260 3216 2314 3266 in
2342 3215 2542 3282 pelvim,
2575 3225 2621 3270 et
2647 3221 2792 3284 carpit
2816 3220 2986 3273 lavare
3018 3223 3168 3288 pedes
3203 3225 3356 3278 disci-

1779 3303 2040 3372 pulorum,
2097 3313 2146 3355 et
2198 3312 2458 3372 extergere
2514 3306 2670 3360 linteo
2712 3323 2812 3377 quo
2856 3321 2965 3362 erat
3030 3313 3350 3380 pra'cinctsts.

1780 3395 2004 3461 Quando
2035 3394 2321 3449 defunctus
2349 3397 2398 3449 in
2424 3411 2580 3451 cruce
2611 3412 2800 3466 aquam
2829 3415 2927 3452 una
2947 3415 3065 3454 cum
3099 3404 3355 3470 sanguine

1778 3484 1846 3538 de
1884 3485 2060 3541 latere.
2080 3498 2176 3537 suo
2202 3485 2433 3552 profudit
2466 3488 2515 3537 in
2566 3499 2779 3554 terram,
2808 3488 3001 3554 quibus
3025 3489 3353 3546 credentium

1779 3591 1939 3645 Opera
1991 3577 2292 3640 mundaret,
2342 3577 2643 3645 eademque
2682 3593 2840 3647 Opera
2894 3595 2998 3633 non
3035 3584 3202 3636 solum
3232 3599 3353 3651 pas-

1779 3671 1944 3722 sionis
2001 3668 2353 3721 sacramentis
2411 3669 2764 3734 sanctilicare,
2822 3671 2916 3724 sed
2965 3673 3123 3727 etiam
3156 3675 3353 3730 eisdem

1781 3760 2038 3828 exemplis
2059 3760 2379 3813 confirmare
2406 3760 2652 3828 dignatus
2682 3770 2782 3816 est.

1863 3849 2002 3904 Venit
2041 3867 2160 3921 ergo
2199 3851 2268 3902 ad
2298 3851 2557 3905 Simonem
2593 3851 2828 3908 Petrum.
2863 3854 3023 3920 Quasi
3078 3855 3349 3927 aliquibus

1777 3941 1886 4010 jam
1933 3941 2168 4003 lavisset,
2202 3952 2254 3996 et
2284 3952 2400 4009 post
2430 3957 2527 3996 eos
2581 3945 2813 4000 venisset
2838 3947 2902 3997 ad
2934 3945 3181 4012 primum.
3225 3950 3356 4014 Quis

1783 4033 1922 4085 enim
1949 4032 2149 4084 nesciat
2191 4029 2417 4098 primum
2465 4035 2828 4101 apostolorum
2853 4050 2971 4090 esse
2999 4037 3357 4094 beatissimum

1787 4121 2038 4175 Petrum?
2068 4121 2172 4174 Sed
2204 4136 2307 4173 non
2342 4121 2412 4172 ita
2465 4121 2871 4189 intelligendum
2899 4136 3001 4192 est,
3048 4125 3187 4194 quod
3242 4138 3359 4196 post

1783 4215 1986 4280 aliquos
2033 4212 2101 4266 ad
2138 4213 2283 4265 illum
2315 4213 2538 4278 venerit,
2569 4214 2663 4268 sed
2705 4218 2843 4282 quod
2872 4217 2938 4270 ah
2969 4218 3058 4270 illo
3104 4221 3352 4287 cinperit.

1788 4310 2008 4372 Quando
2039 4322 2166 4376 ergo
2197 4309 2358 4375 pedes
2384 4309 2760 4376 discipulorum
2785 4311 2963 4365 lavare
2993 4317 3173 4381 carpit,
3204 4319 3347 4369 venit

1786 4403 1850 4455 ad
1896 4417 2014 4456 eum
2066 4417 2097 4454 a
2138 4417 2242 4469 quo
2295 4401 2473 4467 ('(Bpil,
2523 4403 2572 4456 id
2618 4413 2719 4467 est,
2752 4404 2816 4456 ad
2852 4405 3085 4474 Petrum,
3134 4418 3186 4460 et
3232 4417 3358 4463 tunc

120 4492 290 4546 iudx?
325 4498 426 4545 hoc
473 4491 675 4558 utique,
705 4501 760 4543 ut
791 4491 1024 4543 traderet
1051 4504 1189 4542 eum.
1234 4488 1414 4542 Missio
1445 4491 1540 4542 ista
1572 4489 1678 4556 spi-
1713 4513 1764 4571 ι)
1793 4495 1999 4557 Petrus,
2032 4493 2169 4561 quod
2203 4494 2365 4546 etiam
2393 4493 2612 4559 quilibet
2635 4497 2820 4547 eorum
2845 4495 3164 4563 expavisset,
3197 4511 3360 4565 expa-

124 4587 317 4640 ritualis
368 4586 639 4653 suggestio
686 4599 716 4638 e
750 4594 787 4650 t,
817 4599 934 4650 tina:
983 4598 1088 4636 non
1122 4586 1177 4635 lit
1210 4599 1301 4650 per
1345 4598 1551 4647 aurem,
1580 4584 1674 4635 sed

125 4694 208 4745 per
235 4678 644 4743 cogitationem;
688 4689 749 4727 ac
782 4689 872 4740 per
904 4675 1004 4726 hoc
1052 4689 1151 4726 non
1180 4675 1549 4740 corporaliter,
1582 4674 1676 4725 sed

125 4768 482 4836 spiritualiter.
529 4766 711 4834 Neque
757 4769 898 4818 enim
949 4765 1223 4832 spirituale
1269 4767 1409 4831 quod
1459 4764 1676 4832 dicitur,

127 4879 329 4933 semper
355 4864 406 4916 in
434 4863 645 4915 laudem
675 4860 1042 4926 accipiendum
1076 4869 1177 4911 est.
1209 4857 1366 4911 Novit
1397 4860 1681 4925 Aposmlus

126 4955 357 5023 quadam
387 4953 686 5024 spiritualia
714 4953 962 5018 nequitia:
989 4952 1041 5004 in
1070 4951 1402 5016 cmlestibus,
1428 4951 1682 5004 adversus

128 5061 236 5114 qua:
265 5045 417 5098 nobis
459 5042 885 5098 colluctationem
935 5042 1056 5096 esse
1087 5050 1308 5094 testatur
1341 5040 1559 5110 (Ep/tes.
1587 5041 1680 5108 vi).

129 5135 236 5188 Non
263 5143 438 5189 autem
478 5141 657 5187 essent
688 5135 845 5186 etiam
877 5132 1104 5201 maligna
1148 5130 1463 5198 spiritualia,
1505 5132 1548 5183 si
1580 5146 1685 5184 non

130 5205 299 5278 essent
324 5225 481 5278 etiam
513 5221 730 5290 maligni
758 5223 1010 5290 spiritus;
1044 5237 1073 5274 a
1119 5221 1310 5290 spiritu
1358 5220 1497 5274 enim
1531 5221 1686 5288 spiri-

138 5316 282 5369 taalia
315 5315 675 5368 nominantur.

201 5404 374 5460 Sciens
400 5409 518 5473 quia
545 5405 719 5458 omnia
746 5403 884 5456 dedit
929 5405 977 5456 ei
1017 5403 1175 5457 Pater
1201 5405 1252 5457 in
1278 5420 1476 5471 manus,
1507 5412 1551 5456 et
1575 5402 1693 5470 quia

135 5514 164 5550 α
205 5494 307 5551 Dea
339 5499 480 5564 exiit,
509 5507 556 5550 et
593 5499 660 5550 ad
704 5496 866 5550 Deum
894 5498 1048 5552 vadit.
1101 5497 1231 5551 Cum
1264 5513 1390 5566 ergo
1422 5497 1495 5551 illi
1541 5497 1694 5552 Pater

138 5591 308 5643 omnia
353 5588 584 5644 dedisset
605 5591 656 5642 in
685 5603 893 5654 manus,
925 5597 1021 5642 ουν
1045 5589 1136 5644 ille
1176 5588 1556 5658 discipulorum
1590 5604 1694 5643 non

142 5698 343 5748 manus,
373 5684 462 5740 sed
495 5683 654 5754 pedes
703 5684 861 5738 lavit?
890 5684 1103 5740 Sciebat
1141 5686 1260 5755 quia
1305 5702 1396 5754 per
1427 5687 1695 5740 humilita-

148 5784 246 5829 tem
279 5775 655 5835 Incaruationis
697 5791 726 5830 a
754 5777 858 5835 Deo
898 5778 1080 5836 exivit.
1110 5790 1162 5836 et
1190 5795 1279 5851 per
1312 5781 1581 5840 victoriam
1615 5794 1698 5838 re-

1782 4588 1870 4648 vit,
1903 4595 2060 4651 atque
2084 4586 2157 4638 ait
2190 4602 2201 4634 τ

1850 4676 2084 4739 Domine,
2113 4685 2164 4728 tu
2213 4677 2338 4729 mihi
2385 4677 2522 4728 lavas
2565 4676 2750 4743 pedes?
2800 4673 2876 4727 Tu
2905 4674 3066 4727 mihi?
3095 4675 3218 4743 quid
3254 4687 3361 4731 est.

1783 4771 1874 4824 tu?
1895 4770 2014 4838 quid
2032 4778 2132 4833 est,
2161 4770 2315 4823 mihi?
2333 4767 2618 4836 Cogitanda
2647 4777 2765 4822 sunt
2782 4769 2951 4833 potius
2981 4782 3135 4835 quam
3171 4768 3360 4823 dicen-

1784 4864 1870 4928 da,
1901 4878 1964 4913 ue
1994 4861 2128 4914 forte
2157 4861 2293 4928 quod
2345 4877 2406 4914 ex
2445 4861 2526 4913 his
2580 4859 2756 4915 verbis
2785 4861 3116 4928 aliquatenus
3141 4859 3360 4933 dignum

1784 4952 2006 5018 coacipit
2039 4953 2232 5014 anima,
2267 4967 2368 5004 non
2400 4951 2612 5019 explicit
2640 4939 2833 5019 lingua.

1858 5043 1965 5098 Sed
1986 5042 2242 5107 respondit
2265 5041 2436 5106 Iesus,
2463 5053 2507 5094 et
2537 5043 2661 5094 dixit
2696 5043 2740 5095 ei
2768 5056 2784 5094 :
2817 5041 2964 5106 Quod
2992 5059 3083 5112 ego
3111 5045 3264 5114 facio.
3297 5055 3353 5099 tu

1789 5135 1949 5187 nescis
1975 5134 2122 5185 modo
2148 5149 2164 5197 ;
2196 5132 2319 5185 scies
2347 5141 2515 5185 autem
2546 5141 2738 5202 postea.
2788 5133 2894 5186 Nec
2925 5145 3095 5188 tamen
3127 5137 3235 5199 ille,
3263 5137 3357 5191 do-

1791 5226 1968 5280 minici
2001 5223 2120 5277 iacti
2147 5223 2424 5278 altitudine
2449 5223 2759 5285 exterritus,
2796 5225 3051 5289 permittit
3079 5224 3190 5278 fieri
3214 5227 3353 5294 quod

1791 5335 1885 5373 cur
1932 5320 2076 5372 fleret
2127 5319 2417 5387 ignorabat,
2457 5317 2546 5370 sed
2601 5330 2766 5383 usque
2794 5315 2856 5367 ad
2890 5330 3013 5369 suos
3049 5317 3210 5383 pedes
3249 5319 3357 5371 hu-

1793 5411 1970 5464 milcm
2003 5410 2267 5463 Chrisutm
2297 5407 2469 5461 adhuc
2519 5422 2622 5459 non
2652 5405 2762 5459 vult
2793 5405 2993 5469 videre,
3045 5419 3149 5458 non
3179 5419 3354 5474 potest

1795 5501 2080 5558 sustinere.

1870 5592 1989 5646 Non
2039 5591 2250 5657 lavabfs,
2301 5592 2486 5659 inquit,
2519 5591 2642 5643 mihi
2671 5589 2821 5660 pedes
2844 5590 2896 5640 in
2919 5597 3182 5642 (sternam.
3225 5582 3363 5649 Quid

1800 5695 1902 5752 est,
1950 5685 2002 5740 in
2041 5685 2332 5738 mternum?
2383 5683 2660 5750 Nunquam
2722 5683 2820 5734 hoc
2865 5681 3047 5742 feram,
3100 5691 3365 5746 nunquam

1805 5793 1991 5851 patiar,
2024 5789 2286 5847 nunquam
2311 5775 2500 5833 sinam.
2537 5775 2644 5831 lloc
2676 5775 2868 5845 quippe
2899 5773 2951 5828 in
2979 5781 3233 5828 aeternum
3262 5783 3366 5823 non
