3884 6232
571 303 672 357 ευτ’

917 307 1116 363 81ῐῦΑὲ
1160 309 1602 368 VENERABILIS
1639 313 1920 370 OPl-LRUM
1964 314 2137 370 PARS
2177 312 2241 367 Il.
2282 312 2469 368 SECT.
2514 312 2553 365 l.
2598 340 2665 353 -
2708 311 3097 368 EXEGETICA
3136 312 3453 369 GENUINA.

3706 315 3802 368 8M

571 422 648 485 fit,
692 422 830 489 quod
866 438 1130 489 nunquam
1178 426 1253 477 lit,
1285 425 1416 477 Tum
1467 425 1709 481 Salvam;-
1764 443 1963 496 3grum
1997 429 2135 480 rem-
2164 430 2207 486 Α
2239 439 2525 492 eorumque
2550 425 2837 479 similibus.
2869 429 2938 479 ΔΙ.
2970 441 3084 489 nos,
3118 428 3227 496 qui,
3249 429 3410 483 divini
3436 444 3576 497 saepe
3603 430 3805 484 timoris

571 520 802 564 ctantem
832 511 900 566 de
928 514 1094 579 ipsius
1118 516 1303 569 salutis
1336 516 1564 582 periculo
1595 524 1870 569 exterrens
1906 533 1920 571 :

646 603 704 656 Si
726 621 823 657 non
846 606 1011 659 lavero
1036 616 1101 669 te,
1129 607 1315 674 inquit,
1341 625 1440 660 non
1464 609 1663 662 habebis
1688 617 1883 673 partem
1914 622 2130 660 mecum.

573 694 646 747 ita
689 695 887 748 dictum
917 706 996 750 est
1018 698 1178 749 sinon
1222 698 1393 749 lavero
1426 709 1491 761 te,
1522 713 1639 750 cum
1669 699 1735 751 de
1757 699 1883 750 solis
1916 698 2137 764 pedibus

573 799 834 853 ageretur,
864 787 1132 855 quomodo
1173 790 1277 841 dici
1308 790 1501 841 assolet
1536 806 1547 841 :
1578 790 1748 841 calcas
1783 804 1887 853 me,
1918 787 2136 857 quando

574 882 687 933 sola
722 882 894 949 planta
946 884 1195 935 calcatur.
1232 885 1297 935 At
1327 883 1415 935 ille
1454 896 1635 936 amore
1660 892 1711 935 et
1744 880 1933 935 timore
1963 880 2139 935 turba-

576 979 681 1034 tus,
711 979 764 1023 et
788 973 900 1036 plus
929 985 1283 1037 expavescens
1311 972 1576 1025 Christum
1603 971 1705 1025 sibi
1735 971 1938 1040 negari,
1982 986 2143 1041 quam

575 1076 738 1126 usque
760 1062 822 1112 ad
853 1062 1013 1128 pedes
1044 1077 1168 1115 suos
1202 1062 1468 1115 humiliari
1506 1079 1519 1114 :

649 1150 860 1203 Domine
888 1151 1005 1220 (ait)
1034 1153 1121 1211 mi,
1181 1168 1281 1204 non
1311 1161 1502 1202 tantum
1532 1152 1680 1219 pedes
1734 1154 1890 1213 meos,
1922 1150 2011 1202 sed
2035 1166 2145 1201 ma-

576 1256 691 1303 nus,
722 1251 767 1293 et
825 1252 995 1311 caput.
1042 1242 1475 1309 Quandoquidem
1531 1244 1605 1294 sic
1660 1242 1897 1304 minaris,
1949 1241 2138 1293 lavanti

579 1330 669 1381 tibi
723 1331 957 1384 membra
1009 1346 1150 1393 mea,
1201 1347 1304 1384 non
1357 1330 1527 1384 solum
1572 1330 1675 1381 ima
1709 1346 1811 1381 non
1860 1331 2141 1393 subtraho,

578 1435 756 1472 verum
809 1422 967 1474 etiam
1012 1422 1178 1488 prima
1232 1420 1528 1474 substerno.
1589 1421 1663 1474 Ne
1695 1421 1821 1473 mihi
1865 1436 2023 1489 neges
2054 1435 2147 1472 ca-

579 1511 819 1579 piendam
853 1520 1022 1565 tecum
1054 1523 1278 1579 partem,
1311 1513 1505 1565 nullam
1539 1513 1629 1565 tibi
1655 1526 1791 1581 nego
1819 1512 2142 1566 abluendam

578 1601 681 1654 mei
710 1605 946 1668 corporis
976 1612 1204 1671 partem.

647 1690 781 1744 Dicit
822 1692 869 1745 ei
893 1692 1040 1746 Iesus
1072 1709 1090 1745 :
1121 1694 1219 1759 Qui
1246 1694 1379 1746 latus
1404 1705 1472 1747 est
1501 1710 1599 1747 non
1639 1694 1832 1764 indiget
1871 1692 1973 1746 nisi
2000 1696 2148 1761 pedes

2234 513 2404 577 obliti,
2428 514 2527 566 iter
2548 514 2734 565 ltevum
2759 514 3070 578 incedimus,
3086 531 3187 570 non
3211 517 3294 569 illa
3317 518 3417 571 levi
3437 519 3803 585 etquotidiana

2236 604 2532 656 orationum
2552 605 2884 660 solemnitate
2914 623 3194 674 possumus
3212 610 3278 662 ab
3299 624 3567 666 erratuum
3597 625 3806 666 nostro-

2236 706 2351 744 rum
2384 694 2543 746 sorde
2573 694 2782 749 liberari
2806 737 2818 759 ,
2843 699 2935 752 sed
2970 699 3138 769 major
3164 715 3381 755 necesse
3408 712 3489 756 est
3518 704 3805 771 inquinatio

2240 784 2423 849 majori
2468 788 2786 848 orationum,
2811 789 3127 855 vigiliarum,
3161 791 3238 843 vel
3262 789 3602 859 jejuniorum,
3637 793 3807 862 lacry-

2240 890 2443 929 marum
2474 889 2629 947 atque
2653 881 3114 951 eleemosynarum
3147 887 3404 940 exercitio
3432 900 3710 954 purgetur.

2315 965 2589 1035 Postquam
2631 987 2743 1023 vero
2771 972 2890 1025 lavit
2938 976 3087 1040 pedes
3135 976 3502 1045 discipulorum
3534 977 3803 1041 Dominus,

2241 1059 2432 1123 accepit
2477 1061 2767 1114 vestitttenta
2820 1079 2931 1129 sua,
2990 1073 3037 1117 et
3084 1081 3196 1116 cum
3249 1068 3555 1122 recubuisset
3602 1077 3803 1124 iterum.

2244 1146 2464 1211 Aperuit
2494 1150 2656 1200 verbo
2694 1153 3005 1219 mysterium
3040 1152 3335 1219 lavationis,
3370 1157 3509 1225 quod
3545 1158 3621 1211 eis
3652 1166 3805 1226 paulo

2244 1248 2365 1290 ante
2396 1238 2534 1291 facto
2565 1243 2784 1293 necdum
2834 1245 3123 1298 scientibus
3150 1246 3485 1311 exhibuerat,
3518 1250 3630 1317 quia
3669 1262 3808 1320 prist-

2244 1343 2398 1392 quam
2430 1330 2675 1395 patiendo
2708 1330 2758 1382 in
2790 1345 2946 1385 cruce
2990 1334 3255 1387 lavacrum
3289 1336 3438 1390 nobis
3486 1340 3808 1393 remissionis

2244 1417 2595 1479 consecravit,
2648 1420 2852 1487 accepit
2906 1422 3141 1475 membra
3160 1423 3274 1490 jam
3326 1426 3664 1491 immortalia,
3696 1445 3806 1497 quas

2249 1507 2484 1558 mortalia
2512 1518 2789 1574 posuerat;
2816 1520 2868 1563 et
2890 1525 3009 1564 cum
3040 1522 3159 1579 post
3182 1519 3621 1575 resurrectionem
3649 1541 3807 1592 appa~

2248 1595 2441 1647 ruisset
2462 1595 2751 1663 discipulis,
2771 1612 2831 1651 ac
2849 1598 3176 1655 familiariter
3190 1617 3307 1658 cum
3328 1606 3403 1659 eis
3426 1618 3565 1663 esset
3582 1613 3739 1665 etiam
3759 1616 3804 1667 in

2254 1685 2618 1738 convescendo
2645 1701 2738 1754 per
2765 1688 2877 1742 dies
2905 1691 3247 1759 quadraginta
3278 1710 3634 1767 conversatus,
3653 1720 3807 1770 expo-

577 1785 765 1851 luvarc,
818 1787 906 1837 sed
953 1795 1024 1836 est
1073 1791 1294 1837 mundus
1324 1795 1473 1837 totus.
1512 1785 1675 1838 Totus
1724 1789 1903 1851 utique
1958 1795 2149 1852 prater

2257 1773 2443 1827 suiteis
2457 1775 2733 1830 utilitatem
2750 1791 2857 1831 suae
2875 1780 3155 1847 passionis,
3169 1786 3318 1849 cujus
3334 1796 3555 1843 eatenus
3571 1758 3693 1859 quia
3715 1758 3808 1847 vir-

579 1873 761 1941 pedes,
805 1875 884 1927 vel
916 1875 1015 1927 nisi
1050 1873 1229 1943 pedes,
1259 1890 1390 1943 quos
1438 1874 1595 1928 habet
1644 1889 1777 1941 Opus
1808 1876 2001 1927 lavare.
2045 1875 2152 1929 Sed

577 1966 699 2032 quid
750 1976 832 2018 est
864 1965 995 2019 hoc?
1034 1968 1158 2034 quid
1192 1966 1291 2019 sibi
1324 1966 1472 2019 vult?
1505 1966 1627 2034 quid
1684 1967 1766 2019 hic
1794 1966 2151 2021 necessarium

578 2067 662 2109 est
710 2068 764 2110 ut
793 2058 1135 2127 quaeramus?
1165 2057 1421 2113 Dominus
1441 2058 1586 2123 dicit,
1639 2058 1845 2112 Veritas
1898 2059 2149 2125 loquitur,

579 2147 716 2215 quod
758 2162 889 2215 opus
932 2148 1123 2201 habeat
1160 2148 1321 2216 pedes
1367 2148 1543 2203 lavare
1571 2149 1728 2202 etiam
1776 2149 1867 2204 ille
1893 2150 1980 2217 qui
2013 2150 2155 2202 lotus

580 2249 680 2293 est.
731 2239 885 2305 Quid,
922 2238 1110 2293 fratres
1136 2242 1261 2305 mei,
1304 2240 1430 2308 quid
1466 2240 1699 2309 putatis?
1725 2242 1825 2293 nisi
1849 2240 1967 2308 quia
1998 2243 2155 2295 homo

588 2326 639 2378 in
674 2337 858 2379 sancto
882 2325 1095 2393 quidem
1144 2326 1404 2393 baptismo
1434 2334 1575 2377 totus
1604 2325 1856 2389 abluitur,
1892 2341 1996 2379 non
2023 2342 2157 2394 pta!-

583 2428 663 2472 ter
710 2417 889 2484 pedes,
938 2417 1031 2473 sed
1080 2429 1219 2471 tutus
1250 2420 1885 2473 omninozveeumtamen
1932 2433 2052 2470 cum
2103 2420 2154 2471 in

583 2509 741 2563 rebus
769 2508 1013 2563 humanis
1043 2517 1222 2579 postea
1254 2507 1472 2572 vivitur,
1507 2509 1686 2577 utique
1718 2517 1854 2562 terra
1902 2509 2154 2562 calcatur.

583 2598 686 2666 Ipsi
719 2599 877 2667 igitur
909 2600 1127 2653 humani
1157 2598 1398 2662 allectus,
1428 2600 1542 2652 sine
1571 2598 1760 2665 quibus
1792 2600 1843 2651 in
1888 2601 1985 2651 hac
2016 2615 2158 2653 mor-

584 2690 729 2744 litate
754 2706 859 2746 non
903 2692 1117 2758 vivitur,
1147 2693 1296 2757 quasi
1337 2690 1496 2760 pedes
1523 2699 1667 2758 sunt,
1698 2691 1785 2744 ubi
1817 2704 1880 2745 ex
1913 2690 2156 2744 humanis

584 2783 739 2836 rebus
786 2782 1046 2836 afllcimur
1080 2800 1091 2835 :
1125 2793 1180 2837 et
1229 2785 1307 2837 sic
1359 2782 1639 2847 alftcimur,
1690 2793 1747 2835 ut
1800 2782 1843 2835 si
1880 2783 2157 2836 dixerimus

584 2874 703 2938 quia
753 2883 1013 2939 peccatum
1059 2890 1157 2926 non
1206 2873 1468 2936 habemus,
1523 2888 1614 2927 nos
1650 2875 1785 2944 ipsos
1823 2874 2154 2941 deripiamus,

584 2979 629 3019 et
672 2968 853 3018 veritas
899 2968 952 3019 in
1012 2949 1152 3019 nobis
1184 2982 1282 3019 non
1310 2967 1372 3019 sit
1398 2964 1578 3032 (Joan.
1608 2963 1668 3034 ι).
1727 2966 1974 3030 Quotidie
2002 2966 2159 3037 igitur

585 3056 749 3123 pedes
791 3057 927 3111 lavat
956 3056 1128 3120 nobis,
1158 3057 1245 3125 qui
1274 3056 1571 3124 interpellat
1599 3070 1696 3125 pro
1734 3056 1885 3109 nobis
1907 3073 1921 3121 ;
1943 3064 1997 3110 et
2024 3072 2156 3125 quo-

583 3145 711 3197 tidie
742 3159 835 3197 nos
866 3160 996 3213 opus
1025 3144 1216 3200 habere
1262 3155 1316 3199 ut
1343 3144 1502 3214 pedes
1531 3145 1783 3207 lavemus,
1811 3146 1863 3198 in
1888 3146 1994 3213 ipsa
2027 3161 2150 3198 ora-

585 3236 728 3289 tione
778 3235 1043 3288 Dominica
1098 3237 1424 3303 proﬁtemur,
1481 3250 1597 3288 cum
1647 3234 1871 3287 dicimus
1900 3249 1914 3289 :
1948 3234 2155 3287 Dimitte

588 3326 725 3377 nobis
750 3328 913 3378 debita
938 3334 1128 3391 nostra,
1180 3327 1307 3379 sicut
1332 3334 1379 3379 et
1404 3340 1491 3377 nos
1522 3325 1821 3377 dimittimus
1850 3323 2155 3377 debitoribus

594 3417 775 3467 nostris
800 3416 1010 3482 (Matth.
1064 3418 1156 3483 vi).
1192 3416 1250 3470 Si
1295 3416 1425 3468 enim
1477 3416 1826 3481 conﬁteantur,
1859 3414 2154 3467 sicutSCri-

592 3521 734 3576 ptum
766 3520 865 3571 est,
897 3518 1099 3577 peccata
1132 3520 1325 3573 nostra,
1361 3507 1593 3574 profecto
1624 3508 1711 3561 ille
1732 3509 1819 3575 qui
1848 3508 1971 3561 lavit
1997 3504 2157 3574 pedes

597 3601 972 3666 discipulorum
996 3614 1231 3664 suorum,
1263 3600 1427 3666 ﬁdelis
1456 3608 1527 3652 ett
1552 3601 1806 3668 etjtrstus,
1830 3600 1912 3664 qui
1936 3599 2155 3651 dimittat

591 3691 731 3742 nobis
761 3698 965 3759 peccata
989 3700 1175 3751 nostra,
1213 3701 1257 3741 et
1292 3690 1494 3742 ntuudet
1539 3700 1629 3742 nos
1653 3690 1713 3740 ab
1738 3690 1873 3741 omni
1896 3689 2159 3757 iniquitate

590 3779 765 3849 (Joan.
789 3782 847 3848 ι),
878 3780 927 3833 id
950 3789 1049 3840 est,
1072 3794 1233 3848 usque
1254 3781 1316 3832 ad
1335 3780 1493 3847 pedes
1510 3780 1695 3847 quibus
1716 3793 2091 3832 conversamur
2107 3780 2155 3831 in

588 3881 747 3925 terra.
766 3870 979 3924 Lavatio
998 3873 1182 3938 pedum
1209 3872 1289 3922 illa
1308 3870 1671 3925 remissionem
1686 3870 1897 3937 quidem
1922 3878 2154 3935 peccato-

590 3978 706 4016 rum
720 3963 985 4029 designat;
1008 3977 1109 4015 non
1132 3970 1302 4014 tamen
1327 3976 1439 4013 eam
1460 3976 1573 4028 qua:
1597 3962 1757 4014 semel
1780 3962 1828 4013 in
1848 3959 2160 4026 baptismate

594 4053 768 4116 datur,
799 4052 890 4105 sed
922 4053 1063 4105 illam
1107 4052 1280 4121 potius
1309 4067 1406 4119 qua
1440 4052 1725 4119 quotidiani
1774 4052 2005 4105 ﬁdelium
2036 4065 2150 4104 rea-

592 4153 698 4208 tus,
730 4142 847 4196 sine
878 4143 1070 4211 quibus
1112 4144 1163 4195 in
1207 4144 1303 4196 hac
1324 4146 1427 4198 vita
1458 4159 1560 4197 non
1603 4144 1815 4210 vivitur,
1847 4144 2152 4211 quotidiana

590 4232 707 4301 ejus
736 4234 905 4299 gratia
936 4232 1275 4287 inundantur.
1324 4235 1491 4287 Pedes
1520 4240 1763 4300 namque,
1799 4234 1991 4302 quibus
2016 4234 2159 4287 inre-

590 4326 774 4378 dentes
802 4335 991 4377 terram
1025 4329 1305 4393 tangimus,
1348 4326 1568 4394 ideoque
1597 4340 1687 4379 eos
1720 4341 1747 4379 a
1771 4327 2014 4393 contagio
2039 4326 2157 4393 pul-

2254 1871 2420 1917 tutem
2444 1866 2716 1933 mysticam
2743 1869 3077 1937 nesciebant,
3103 1882 3347 1928 eventum
3380 1878 3506 1931 satis
3536 1882 3804 1938 timebant.

2323 1954 2384 2009 Si
2406 1971 2540 2025 ergo,
2567 1958 2758 2027 inquit,
2781 1976 2870 2028 eqo
2892 1962 2990 2013 lavi
3012 1973 3200 2018 vestros
3214 1967 3363 2033 pedes
3379 1967 3622 2025 Dominus
3642 1984 3688 2027 et
3708 1992 3807 2028 nta-

2252 2046 2428 2115 gister,
2452 2057 2496 2098 et
2520 2062 2607 2100 eos
2645 2051 2831 2103 debetis
2860 2050 2991 2105 alter
3017 2056 3227 2107 alterius
3276 2058 3445 2111 lavare
3487 2064 3649 2128 pedes.
3685 2066 3806 2131 Qua:

2258 2138 2501 2191 videlicet
2551 2142 2811 2193 sententia
2843 2153 2897 2195 et
2943 2145 3008 2196 ad
3054 2146 3283 2200 litteram
3332 2158 3383 2201 et
3428 2151 3493 2201 ad
3540 2155 3804 2223 mysticum

2254 2243 2468 2282 sensum
2494 2241 2638 2283 recte
2665 2230 2852 2299 accipi,
2884 2241 2935 2286 et
2961 2234 3151 2289 devote
3179 2236 3334 2291 debet
3364 2240 3586 2307 impleri.
3622 2246 3700 2297 Ad
3733 2248 3807 2297 lit-

2257 2327 2421 2371 teram
2447 2318 2679 2387 quidem,
2712 2326 2771 2372 ut
2801 2336 2892 2389 per
2916 2324 3222 2378 charitatem
3246 2328 3537 2383 serviamus
3558 2331 3803 2397 invicem,

2257 2424 2362 2463 non
2389 2412 2558 2464 solum
2588 2411 2641 2465 in
2667 2412 2893 2467 lavando
2942 2415 3102 2483 pedes
3134 2415 3376 2486 fratrum,
3409 2420 3501 2473 sed
3528 2422 3574 2475 in
3602 2426 3807 2491 quibus-

2257 2499 2387 2554 libet
2415 2515 2603 2555 eorum
2633 2503 3038 2559 necessitatibus
3065 2504 3397 2574 adjuvandis.
3431 2510 3507 2563 Ad
3537 2515 3799 2581 mysticum

2257 2605 2384 2663 vero
2437 2592 2781 2653 intellectum,
2832 2603 2891 2648 ut
2936 2598 3072 2650 sicut
3104 2598 3354 2653 Dominus
3401 2602 3550 2657 nobis
3602 2617 3802 2670 peccata

2258 2673 2640 2752 pténitentibus
2686 2685 2953 2742 dimittere
3012 2693 3309 2755 consuevit,
3368 2694 3468 2746 vita
3517 2696 3669 2747 etiam
3721 2712 3804 2751 nos

2259 2772 2599 2841 peccantibus
2644 2774 2695 2827 in
2740 2789 2835 2829 nos
2888 2775 3138 2833 fratribus
3188 2780 3454 2835 dimittere
3487 2782 3801 2839 festinemus.

2258 2864 2407 2920 Sicut
2429 2865 2517 2919 ille
2540 2881 2635 2921 nos
2672 2882 2699 2920 a
2728 2871 2958 2936 peccatis
2983 2871 3176 2925 nostris
3204 2874 3580 2940 interpellando
3606 2876 3800 2931 Patrem

2260 2972 2354 3027 pro
2381 2959 2555 3021 nobis,
2592 2960 2659 3011 ita
2688 2970 2739 3013 et
2767 2974 2863 3013 nos
2892 2963 2936 3014 si
2958 2964 3154 3015 scimus
3183 2960 3393 3017 fratrem
3427 2978 3658 3020 nostrum
3690 2983 3799 3035 pec-

2258 3064 2381 3103 care
2408 3062 2678 3119 peccatum
2728 3067 2833 3105 non
2872 3053 2936 3105 ad
2964 3063 3212 3116 mortem,
3246 3065 3484 3122 petamus
3514 3068 3567 3112 ut
3592 3059 3742 3113 detur
3760 3062 3799 3113 ei

2258 3140 2364 3195 vita
2394 3145 2632 3211 peccanti
2665 3159 2770 3198 non
2822 3146 2887 3199 ad
2944 3154 3189 3200 mortem.
3252 3147 3337 3211 Et,
3390 3152 3523 3203 sicut
3550 3153 3802 3219 apostolus

2254 3233 2481 3288 Jacobus
2534 3235 2812 3300 admonet,
2869 3236 3213 3305 Con/iteamur
3264 3239 3563 3292 alterutrum
3615 3252 3801 3306 peccata

2254 3337 2449 3389 nostra,
2480 3335 2527 3378 et
2555 3343 2753 3379 oremus
2805 3342 2897 3395 pro
2924 3328 3131 3379 invicem
3154 3337 3204 3379 ut
3225 3329 3473 3381 solventur
3498 3328 3544 3398 (1
3567 3328 3717 3383 Joan.
3736 3334 3797 3395 vi.

2258 3419 2404 3473 Sicut
2453 3419 2542 3471 ille
2574 3420 2662 3485 qui
2694 3434 2789 3485 pro
2816 3419 2965 3471 nobis
3005 3420 3235 3471 animam
3266 3434 3413 3473 suam
3444 3421 3631 3487 posuit,
3662 3425 3733 3475 sic
3757 3431 3801 3474 et

2258 3526 2375 3576 nos,
2407 3512 2637 3564 instante
2690 3513 2943 3577 temporis
2997 3512 3239 3577 articulo,
3291 3527 3385 3579 pro
3435 3512 3681 3566 fratribus
3705 3516 3802 3566 ani-

2257 3615 2395 3653 mam
2428 3617 2703 3666 ponamus.
2734 3601 3015 3670 Sequitur:

2331 3693 2485 3747 Scitis
2514 3696 2633 3761 quid
2659 3694 2859 3761 fecerim
2888 3695 3042 3745 vobis.
3096 3693 3243 3746 Nunc
3273 3702 3355 3746 est
3399 3706 3454 3746 ut
3485 3695 3634 3747 beato
3664 3695 3798 3746 Petro

2261 3784 2511 3837 reddatur
2560 3783 2646 3836 illa
2686 3785 2993 3851 promissio;
3044 3784 3239 3837 dilatus
3275 3786 3411 3836 enim
3461 3787 3644 3847 fuerat,
3676 3787 3799 3853 quod

2259 3874 2633 3940 expavescenti
2665 3884 2717 3927 et
2743 3875 2939 3926 dicenti
2970 3892 2980 3924 :
3012 3873 3130 3927 Non
3172 3875 3360 3926 lavabis
3404 3874 3524 3926 mihi
3573 3878 3715 3940 pedes
3757 3878 3797 3925 in

2261 3976 2524 4029 teternunt,
2560 3980 2869 4031 responsum
2899 3974 2978 4015 est
3004 3965 3048 4017 ei
3075 3980 3087 4015 :
3116 3966 3263 4027 Quod
3286 3980 3375 4030 ego
3398 3968 3552 4032 facio,
3578 3974 3627 4016 tu
3657 3979 3799 4015 nescit

2258 4058 2427 4119 modo,
2452 4057 2576 4109 sciet
2600 4066 2765 4107 aufem
2798 4062 2989 4120 postea.
3026 4054 3157 4106 Ecce
3188 4066 3260 4105 eSl
3299 4057 3467 4119 ipsum
3500 4064 3678 4117 postea
3707 4054 3792 4117 iam

2262 4157 2499 4213 tempus,
2534 4156 2589 4197 ut
2638 4148 2842 4197 dicatur
2886 4150 3024 4210 quod
3076 4147 3228 4209 paulo
3274 4154 3398 4195 ante
3444 4144 3660 4196 dilatum
3711 4152 3791 4193 est.

2263 4240 2461 4292 Memor
2507 4239 2684 4305 itaque
2738 4237 2988 4288 Dominus
3043 4251 3099 4286 se
3156 4236 3463 4301 promisisse
3512 4236 3795 4302 jamdudum

2261 4334 2530 4385 scientiam
2577 4329 2698 4382 facti
2726 4329 2828 4391 sui,
2865 4342 2966 4379 tam
2998 4326 3246 4399 inopinati
3278 4368 3288 4389 ,
3324 4338 3428 4377 tant
3460 4326 3792 4383 admirabilis.

594 4416 753 4478 teri“.
812 4416 949 4468 sicut
1000 4417 1255 4483 rvliituum
1306 4431 1520 4481 corpus.
1578 4418 1836 4469 inminues
1889 4418 2154 4469 custodire
2185 4433 2366 4503 Dtatn
2414 4419 2916 4487 exp.ivescettdi,et
2949 4416 3047 4469 nisi
3078 4416 3425 4469 vehementer
3454 4417 3569 4482 ipse
3600 4417 3796 4467 terruis-

593 4509 887 4575 nequimus,
925 4512 1089 4574 ipsam
1119 4521 1341 4562 terrente
1364 4508 1757 4561 inhabitationis
1785 4510 2145 4561 necessitatem

591 4599 887 4667 designant.
924 4599 1021 4664 Qui
1041 4614 1166 4666 ergo
1194 4599 1321 4652 lotus
1354 4609 1443 4664 est,
1476 4615 1573 4651 non
1602 4599 1812 4665 indiget,
1858 4600 1954 4650 nisi
1986 4606 2038 4649 ut
2066 4614 2151 4664 pe-

595 4690 681 4741 des
716 4692 865 4751 lavet,
918 4691 1002 4740 sed
1030 4700 1098 4742 est
1139 4693 1347 4741 mundus
1379 4700 1528 4748 totus.
1566 4691 1683 4755 quia
1715 4689 1802 4755 qui
1835 4690 2043 4741 ablutus
2074 4696 2156 4740 est

593 4779 739 4832 fonte
798 4780 1123 4847 baptismatis
1151 4780 1201 4832 in
1244 4781 1607 4833 remissionem
1646 4780 1878 4831 omnium
1911 4789 2150 4841 peccato-

598 4884 735 4932 rum,
765 4884 865 4921 nou
896 4868 1091 4937 indiget
1122 4885 1318 4931 rursus,
1368 4871 1473 4921 imo
1502 4884 1602 4921 non
1631 4880 1798 4934 potest
1827 4870 2011 4923 eodem
2042 4887 2152 4923 nio-

595 4957 666 5010 du
691 4957 828 5010 ablui
858 4974 870 5021 ;
901 4957 993 5010 sed
1024 4960 1322 5024 quotidiana
1352 4967 1550 5011 tantum
1604 4962 1881 5013 mundana:
1924 4976 2147 5013 conver-

594 5049 813 5102 sationis
836 5050 1093 5115 contagia,
1144 5064 1359 5103 necesse
1386 5052 1540 5103 habet
1582 5054 1880 5119 quotidiana
1912 5057 1991 5106 sui
2053 5056 2150 5106 Ile-

594 5139 887 5207 demptoris
961 5139 1281 5207 indulgentia
1351 5150 1638 5208 tergantur.
1699 5144 1788 5194 Est
1843 5145 1981 5196 enim
2042 5153 2151 5195 toto

597 5233 867 5284 actionum
912 5246 1127 5286 suarum
1179 5246 1404 5301 corpore
1456 5234 1700 5299 mundus,
1756 5236 1993 5301 exceptis
2022 5237 2148 5287 duu-

595 5332 734 5374 tztxat
767 5324 828 5377 iis
849 5340 965 5392 qua:
1005 5324 1167 5379 menti
1214 5327 1527 5379 necessitate
1556 5341 1693 5378 curm
1727 5328 2029 5391 temporalis
2057 5328 2147 5379 ad-

597 5414 865 5467 ltmserunt
896 5433 907 5466 :
935 5418 1001 5469 ob
1048 5432 1269 5484 quorum
1320 5417 1676 5486 quotidianam
1743 5417 2151 5470 sordidationem

595 5511 748 5564 Simul
796 5521 850 5565 et
889 5514 1279 5568 mundationem
1337 5512 1567 5582 quotidie
1622 5512 1847 5564 dicimus
1894 5521 2149 5563 orantes:

603 5604 805 5657 Dimitte
853 5606 991 5657 nobis
1037 5606 1204 5657 debita
1248 5614 1442 5664 nostra,
1476 5606 1603 5656 sicut
1654 5614 1697 5655 et
1729 5620 1818 5655 nos
1862 5604 2155 5654 dimittimus

600 5692 902 5749 det'itoribnt
923 5698 1106 5747 nos'ris
1130 5694 1435 5763 (Matth.vt_).
1461 5695 1650 5748 Verum
1681 5694 1790 5748 hzec
1810 5695 1874 5747 de
1900 5693 2150 5760 apostolis

2259 4524 2359 4573 set,
2392 4510 2536 4562 nullo
2584 4509 2743 4560 modo
2789 4505 2992 4559 sinendi
3021 4546 3035 4568 ,
3066 4515 3121 4557 ut
3164 4506 3412 4570 magister
3460 4519 3565 4557 non
3618 4512 3793 4554 tantum

2258 4603 2508 4669 ipsorum,
2542 4600 2632 4652 sed
2663 4608 2714 4651 et
2741 4598 3045 4663 angelorum
3072 4635 3083 4654 ,
3117 4605 3167 4647 et
3197 4594 3449 4645 Dominus
3483 4606 3587 4645 non
3615 4601 3793 4644 tantum

2256 4693 2511 4757 ipsorum,
2544 4688 2635 4740 sed
2668 4702 2841 4739 rerum
2871 4686 3127 4750 omnium,
3158 4686 3357 4736 lavaret
3388 4683 3550 4749 pedes
3585 4683 3793 4747 discipu-

2258 4781 2429 4831 lorum
2459 4788 2511 4831 et
2541 4792 2817 4830 servorum
2863 4788 3101 4826 suorum.
3153 4772 3317 4838 Hujus
3361 4786 3490 4839 ergo
3537 4772 3662 4821 tanti
3695 4769 3793 4819 lacn

2256 4870 2503 4939 quoniam
2545 4870 2861 4935 promiserat
2899 4865 3170 4917 scientiam
3194 4901 3208 4925 ,
3239 4862 3419 4914 dicens
3451 4859 3593 4913 Scies
3626 4870 3789 4926 postea,

2254 4960 2377 5024 quid
2411 4960 2478 5009 sit
2504 4955 2642 5025 quod
2673 4956 2816 5019 fecit,
2846 4953 3039 5003 docere
3068 4965 3202 5001 nunc
3234 4948 3437 5012 incipit.
3478 4947 3603 5007 Vos,
3630 4947 3792 5013 inquit,

2254 5051 2439 5102 voratis
2467 5065 2545 5099 me
2586 5047 2829 5113 Magister
2856 5052 2899 5095 et
2933 5042 3165 5099 Domine,
3196 5048 3241 5091 et
3273 5041 3393 5091 bene
3415 5041 3602 5103 dicitis,
3636 5056 3735 5093 sum
3758 5048 3796 5087 et

2255 5141 2402 5192 enim.
2452 5140 2589 5191 Bene
2634 5136 2829 5197 dicitis,
2860 5135 2980 5199 quia
3014 5147 3197 5184 verum
3241 5132 3446 5191 dicitis,
3482 5146 3599 5184 sum
3628 5131 3793 5197 quippe

2254 5231 2391 5299 quod
2434 5230 2626 5281 dicitis.
2660 5226 2868 5278 lloniini
2919 5235 3239 5291 ptzeeeptum
3274 5232 3354 5275 est
3383 5241 3393 5273 :
3427 5220 3546 5273 Non
3575 5231 3619 5273 te
3648 5220 3795 5271 laudet

2256 5336 2309 5370 os
2338 5330 2475 5370 tuum
2500 5359 2512 5379 ,
2546 5320 2630 5370 sed
2676 5317 2847 5368 laudet
2877 5325 2921 5367 te
2947 5331 2999 5367 os
3049 5313 3268 5381 proximi
3307 5314 3376 5363 tui
3408 5310 3591 5378 (Prov.
3626 5318 3789 5369 lllll).

2256 5411 2614 5463 Periculosum
2666 5419 2746 5459 est
2792 5408 2931 5459 enim
2990 5406 3087 5457 sibi
3136 5403 3365 5471 placere,
3398 5402 3480 5453 cui
3523 5399 3791 5453 cavendum

2256 5513 2333 5556 est
2360 5503 2653 5569 superbire.
2689 5501 2778 5552 llie
2804 5508 2978 5551 autem
3010 5498 3098 5565 qui
3130 5509 3289 5562 super
3311 5494 3509 5555 omnia,
3534 5500 3789 5559 quantum-

2256 5608 2462 5661 cunque
2490 5607 2545 5646 se
2576 5593 2774 5655 laudet,
2811 5606 2911 5643 non
2944 5604 3001 5643 se
3031 5587 3238 5641 extollit
3270 5585 3536 5639 excelsus.
3581 5584 3688 5635 Nec
3721 5592 3793 5647 po-

2260 5701 2359 5745 test
2391 5698 2529 5743 recte
2560 5688 2660 5741 d'ci
2691 5700 2942 5754 arrogans
2976 5685 3131 5746 Deus,
3166 5683 3318 5735 nobis
3352 5691 3579 5745 namque
3608 5675 3791 5745 expedit
