3884 6232
190 332 299 383 805

1127 337 1188 392 IN
1229 337 1285 395 8.
1327 336 1607 395 JOANNlS
1645 335 2094 396 εγΑΝοΕιιυιι
2138 327 2520 388 εχιποδιτιυ.

3337 320 3439 376 806

187 455 314 494 eum
342 456 527 508 nosse,
558 460 658 498 non
685 443 778 498 illi.
811 443 918 499 Nec
945 461 1065 500 eum
1092 449 1370 515 quisquam
1396 454 1691 520 cognoscit,
1721 455 1765 504 sl
1796 454 1845 510 Α
1870 463 1969 503 nos
2001 455 2219 518 propter
2249 447 2512 499 humanos
2540 439 2734 509 quibus
2764 440 2814 492 in
2847 449 2983 494 terra
3008 453 3283 492 versamur
3311 439 3442 492 διτο-

191 546 300 584 non
331 547 393 586 se
423 533 626 588 indicet
670 535 782 602 ipse
809 536 896 603 qui
952 537 1114 590 novit.
1160 537 1217 591 Si
1247 553 1372 607 ergo
1417 555 1523 594 non
1550 555 1610 596 se
1655 543 1770 593 lau-

1874 548 2026 602 ctus,
2059 536 2452 608 quantumlibet
2486 530 2866 600 profecerimus
2911 532 2962 584 in
3007 530 3441 600 apprehensione

194 623 404 686 dando,
438 625 591 692 quasi
620 625 971 694 arrogantiam
1000 627 1167 682 vitare
1213 629 1469 694 voluerit,
1505 630 1657 682 nobis
1687 643 1774 682 θα-
1866 627 2110 697 iustitiae,
2143 642 2240 680 nos
2287 627 2403 680 sine
2453 635 2670 693 peccato
2720 638 2824 678 non
2871 638 3010 686 esse,
3043 640 3176 691 quos
3204 623 3439 680 subinde

191 714 455 781 pientiam
492 713 791 783 denegabit.
845 716 907 769 Et
943 718 1254 784 magistrum
1297 717 1508 786 quident
1542 717 1681 787 quod
1713 731 1772 770 se

188 818 316 857 esse
349 805 499 869 dicit,
530 819 687 858 nemo
713 807 1150 874 reprehenderet,
1177 809 1335 861 etiam
1364 809 1452 876 qui
1483 824 1601 862 eum
1636 808 1770 861 nihil

189 909 314 949 esse
344 895 488 948 aliud
514 910 671 960 quam
701 897 969 951 hominem
993 898 1258 962 crederet,
1289 900 1544 964 quoniam
1565 898 1615 951 id
1640 913 1770 965 pro-

191 986 616 1058 ﬁteretur,quod
642 999 694 1041 et
725 987 820 1057 ipsi
847 989 1090 1043 homines
1118 991 1168 1043 in
1196 989 1519 1058 quibuslibet
1545 989 1768 1052 artibus,

187 1095 365 1150 usque
392 1080 524 1134 adeo
551 1081 670 1135 sine
698 1082 1000 1150 arrogantia
1035 1084 1376 1151 prolltcntur,
1412 1090 1469 1134 ιιι
1500 1079 1771 1149 professo—

185 1186 280 1226 res
311 1162 588 1236 vpcent‘ur.
629 1173 780 1240 Quod
815 1189 940 1227 vero
970 1175 1253 1228 Dominum
1295 1183 1348 1226 et
1378 1173 1492 1239 ipse
1538 1188 1596 1226 se
1641 1169 1772 1224 dicit

183 1262 580 1330 discipulorum
609 1279 847 1328 suorum,
882 1280 1001 1318 cum
1038 1266 1142 1316 sint
1173 1264 1249 1316 illi
1280 1265 1440 1316 etiam
1474 1262 1768 1316 secundum

181 1355 449 1406 sacculum
498 1355 730 1422 ingenui,
765 1356 880 1424 quis
930 1355 1061 1407 ferat
1104 1356 1155 1407 in
1205 1353 1459 1407 homine?
1490 1354 1596 1406 Sed
1630 1351 1769 1405 Deus

184 1444 449 1514 loquitur,
476 1449 615 1500 nulla
641 1456 722 1500 est
752 1447 837 1500 hic
876 1447 1035 1499 elatio
1065 1455 1223 1500 tanta
1268 1444 1621 1522 celsitudinis,
1652 1444 1770 1496 nul-

184 1535 302 1589 lum
333 1536 668 1591 mendacium
700 1537 960 1590 veritatis.
1006 1536 1168 1589 Nobis
1209 1536 1486 1604 subjacere
1518 1534 1591 1588 illi
1639 1535 1769 1589 utile

183 1639 274 1682 est
301 1630 628 1683 celsitudini.
655 1629 1047 1684 Nobisservire
1091 1628 1216 1682 utile
1243 1637 1324 1682 est
1347 1628 1566 1683 Veritati
1616 1627 1768 1693 Quod

181 1731 248 1772 se
287 1720 578 1773 Dominum
609 1718 767 1788 dicit,
800 1735 902 1773 non
933 1720 1006 1774 illi
1036 1730 1116 1773 est
1149 1719 1353 1784 vitium,
1383 1719 1474 1773 sed
1508 1720 1660 1774 nobis
1686 1729 1767 1774 est

1871 727 2037 774 abluit
2067 716 2450 786 interpellando
2497 730 2592 784 pro
2623 715 2794 776 nobis,
2825 730 2944 768 cum
2971 729 3186 770 oramus
3218 713 3432 769 Patrem

1871 814 1957 879 qui
1992 812 2040 860 in
2071 810 2220 863 caelis
2259 816 2373 871 est,
2402 817 2459 860 ut
2501 808 2679 861 debita
2725 816 2904 860 nostra
2951 806 3185 859 dimittat
3235 806 3388 859 nobis
3421 846 3436 871 ,

1869 899 1996 951 sicut
2025 907 2072 952 et
2102 914 2194 951 nos
2224 898 2537 972 'dimittimus
2578 896 2886 950 debitoribus
2917 896 3124 949 nostris.
3158 893 3438 960 Quomodo

1869 1007 1999 1062 ergo
2027 974 2262 1046 adhunc
2293 991 2618 1045 intellectum
2653 990 2847 1058 poterit
2873 989 3139 1058 pertinere
3169 988 3268 1042 hoc
3294 986 3436 1058 quod

1871 1082 1986 1149 ipse
2012 1091 2192 1148 postea
2223 1081 2428 1143 docuit,
2459 1079 2545 1134 ubi
2592 1081 2671 1133 sui
2706 1078 2828 1133 facti
2857 1080 3106 1143 exposuit
3148 1078 3436 1143 rationein,

1870 1171 2053 1225 dicens
2080 1188 2091 1223 :
2122 1172 2183 1226 Si
2228 1188 2318 1239 ego
2348 1171 2448 1224 lavi
2477 1171 2626 1238 pedes
2670 1179 2860 1222 vestros
2909 1166 3159 1220 Dominus
3186 1175 3234 1220 et
3265 1166 3440 1235 Magi-

1869 1273 1990 1326 ster,
2016 1262 2203 1316 debetis
2239 1272 2282 1315 et
2313 1277 2399 1314 vos
2429 1262 2558 1316 alter
2582 1262 2788 1315 alterius
2835 1259 3006 1312 lauare
3048 1259 3219 1327 pedes.
3253 1255 3440 1312 Em-

1869 1357 2010 1422 ptum
2034 1353 2164 1404 enim
2187 1352 2302 1403 dedi
2325 1350 2481 1414 vobis,
2507 1361 2560 1403 ut
2578 1348 3005 1419 quemadmodum
3032 1363 3122 1416 ego
3156 1347 3436 1418 fecimobis,

1868 1442 1940 1494 ita
1983 1451 2030 1494 et
2067 1456 2153 1495 uos
2197 1443 2398 1511 faciatis
2422 1444 2447 1496 ?
2487 1440 2729 1510 Nunquid
2761 1442 2939 1495 dicere
2987 1454 3266 1507 possumus
3295 1439 3436 1506 quod

1869 1533 2028 1585 etiam
2086 1533 2248 1585 frater
2303 1531 2517 1585 fratrem
2563 1547 2593 1585 a
2639 1531 2816 1585 delicti
2873 1531 3066 1600 poterit
3112 1543 3434 1598 cognatione

1871 1622 2162 1676 mundare?
2194 1620 2302 1675 lino
2334 1636 2459 1675 vero
2491 1621 2541 1675 id
2573 1621 2736 1675 etiam
2779 1634 2876 1674 nos
2904 1635 3028 1674 esse
3053 1620 3354 1675 admonitos
3384 1620 3435 1672 in

1870 1714 1986 1782 ejus
2029 1713 2280 1787 dominici
2328 1713 2510 1780 Opt‘l'ls
2553 1713 2832 1768 altitudine
2879 1710 3205 1776 noverimus,
3229 1719 3290 1765 ut
3311 1726 3441 1764 con-

182 1810 531 1864 lieneticium.
583 1810 726 1864 Dicat
763 1824 940 1864 verum
970 1811 1056 1878 qtti
1090 1809 1294 1863 Veritas
1327 1819 1428 1873 est,
1463 1826 1529 1863 ne
1555 1826 1658 1863 non
1685 1810 1766 1862 di-
1796 1786 1842 1844 Β
1875 1807 1997 1862 fessi
2026 1809 2250 1862 invicem
2283 1807 2474 1860 delicta
2501 1816 2710 1872 nOstra,
2738 1819 2954 1860 oremus
2983 1819 3076 1873 pro
3106 1805 3278 1868 nobis,
3303 1804 3440 1857 sicut

179 1913 306 1953 eam
359 1916 458 1968 ego
508 1900 647 1968 quod
697 1901 823 1953 u'ile
866 1910 969 1963 est,
997 1900 1120 1952 dum
1169 1909 1307 1953 tacet
1357 1900 1443 1954 ilte
1473 1900 1614 1967 quod
1662 1910 1762 1953 est.

183 1991 540 2043 [testis-simus
563 1990 753 2043 Paulus
777 2006 879 2044 non
911 1991 1094 2055 utique
1125 1991 1430 2059 unigenitus
1457 1991 1546 2044 Dei
1579 1990 1763 2056 Filius,

181 2083 280 2133 sed
315 2082 571 2150 unigeniti
616 2081 734 2136 Filii
769 2081 859 2135 Dei
891 2096 1077 2135 servus
1106 2091 1155 2134 et
1188 2085 1494 2149 apostolus,
1529 2099 1632 2135 non
1670 2083 1766 2136 Ve-

180 2171 342 2236 ritas,
375 2173 468 2226 sed
514 2173 777 2239 particeps
809 2171 1080 2234 Veritatis,
1115 2173 1191 2225 ait
1239 2172 1406 2227 libere
1452 2183 1609 2241 atque
1652 2188 1770 2226 con-

178 2269 430 2314 stanter:
460 2259 524 2313 Et
569 2262 614 2314 si
659 2261 863 2316 voluero
907 2261 1166 2333 gloriari,
1219 2279 1321 2315 non
1367 2278 1454 2316 ero
1498 2264 1761 2330 insipiens,

178 2352 452 2404 ceritatem
499 2353 634 2404 enim
678 2353 794 2403 dico
835 2350 915 2423 (ll
964 2352 1087 2407 Cor.
1136 2352 1251 2423 ιιι).
1309 2353 1489 2420 Neque
1539 2358 1680 2407 enim
1714 2355 1764 2407 in

178 2443 388 2510 seipso,
424 2443 516 2496 sed
553 2443 603 2496 in
639 2445 751 2511 ipsa
786 2442 1043 2508 Veritate,
1077 2461 1195 2514 qua:
1227 2448 1473 2514 superior
1499 2458 1579 2500 est
1623 2449 1764 2517 ipso,

179 2545 234 2588 et
269 2533 547 2587 humiliter
574 2541 626 2588 et
650 2537 908 2591 veraciter
935 2535 1272 2604 gloriaretur,
1298 2538 1548 2605 quoniam
1573 2551 1626 2592 et
1653 2523 1765 2604 ipse

183 2625 606 2695 prmcipit’utqui
623 2625 880 2696 gloriatur
896 2628 947 2681 in
979 2627 1203 2682 Domino
1219 2629 1476 2698 glorietur
1492 2629 1542 2702 (Ι
1561 2630 1677 2684 Cor.
1701 2633 1762 2701 ι).

185 2715 263 2768 Ita
313 2732 384 2770 ne
426 2732 531 2771 non
585 2717 797 2772 timeret
850 2719 1228 2788 insipientiam,
1283 2723 1325 2774 si
1357 2722 1574 2790 gloriari
1604 2723 1762 2777 vellet

183 2821 399 2863 amator
446 2811 742 2880 sapientiae,
769 2823 824 2867 et
851 2814 902 2867 in
944 2815 1112 2881 gloria
1143 2831 1236 2870 sua
1270 2818 1481 2871 timeret
1510 2818 1765 2888 insipien-

178 2903 311 2956 tiam
358 2904 473 2973 ipsa
498 2906 816 2972 .sapientia?
842 2905 956 2960 Non
1000 2907 1178 2962 timuit
1226 2913 1628 2980 arrogantiam,
1673 2915 1760 2982 qui

178 2995 320 3049 dixit
345 3014 357 3047 :
388 2994 453 3049 In
479 2994 695 3050 Domino
715 3001 1007 3052 laudabitur
1027 3001 1200 3054 animo
1218 3019 1329 3055 mea
1351 3002 1523 3072 (Psal.
1544 3007 1758 3076 sum);

179 3100 236 3143 et
261 3088 313 3140 in
343 3089 499 3143 laude
524 3104 614 3143 sua
645 3093 858 3146 timeret
886 3094 1242 3161 armgantiam
1266 3105 1497 3158 potestas
1524 3097 1758 3163 Domini,

1866 1899 2106 1954 Christus
2133 1899 2433 1965 interpellat
2465 1913 2558 1966 pro
2583 1899 2756 1951 nobis.
2789 1897 3102 1961 Audivimus
3131 1896 3432 1964 apostolum

1865 1990 2120 2045 Jacohum
2155 1990 2254 2046 hoc
2285 1991 2454 2057 ipsum
2508 1989 2907 2042 evidentissime
2950 1989 3346 2054 praecipientem
3376 2003 3439 2042 ac

1865 2083 2129 2137 dicentem
2158 2101 2170 2134 :
2196 2079 2518 2150 Conﬁtemini
2557 2079 2768 2133 invicem
2795 2079 2979 2133 delicta
3009 2089 3192 2142 uestra,
3224 2089 3269 2130 ct
3298 2089 3442 2134 erute

1867 2189 1959 2240 pro
1986 2175 2120 2226 vobis
2151 2171 2286 2240 (Jac.
2322 2177 2401 2241 v),
2432 2171 2553 2240 quia
2596 2171 2660 2222 ad
2695 2170 2794 2223 hoc
2828 2170 3080 2224 Dominus
3113 2171 3267 2223 nobis
3292 2169 3441 2224 dedit

1866 2263 2190 2330 exemplain.
2240 2263 2294 2317 Si
2337 2261 2478 2314 enim
2523 2261 2613 2316 ille
2643 2264 2729 2329 qui
2771 2262 2972 2315 nullum
3017 2272 3289 2330 peccaturo
3337 2277 3436 2319 nec

1869 2355 2044 2416 habet,
2081 2369 2179 2407 nec
2232 2352 2452 2416 habuit,
2487 2368 2586 2406 nec
2637 2352 2866 2416 habebit,
2903 2363 3021 2407 orat
3075 2369 3168 2423 pro
3214 2356 3440 2423 peccatis

1868 2449 2087 2512 nostris,
2121 2457 2320 2516 quanto
2357 2451 2534 2517 magis
2558 2463 2654 2502 nos
2684 2449 2910 2503 invicem
2939 2464 3031 2516 pro
3061 2449 3255 2500 nostris
3280 2463 3437 2501 orare

1865 2538 2151 2593 debemus!
2186 2549 2238 2593 et
2266 2539 2309 2593 si
2341 2540 2559 2593 dimittit
2608 2539 2760 2593 nobis
2793 2540 2899 2602 ille,
2927 2539 3011 2592 cui
3045 2555 3150 2595 non
3183 2539 3438 2593 habemus

1865 2633 2003 2700 quod
2033 2633 2361 2685 dimittamus
2389 2673 2400 2695 ,
2431 2640 2630 2701 quanto
2663 2634 2828 2700 magis
2868 2631 3139 2686 dimittere
3183 2631 3440 2686 debemus

1866 2722 2094 2777 invicem
2145 2723 2320 2786 nobis,
2350 2725 2437 2791 qui
2469 2723 2585 2777 sine
2635 2732 2850 2789 peccato
2881 2722 2964 2776 hic
2995 2726 3179 2776 vivere
3210 2737 3313 2775 non
3348 2737 3438 2775 va-

1867 2814 2070 2868 lcmus?
2102 2815 2236 2880 Quid
2281 2815 2420 2868 enim
2469 2815 2675 2867 videtur
2710 2816 2757 2866 in
2791 2813 2890 2865 hac
2932 2812 3213 2866 altitudine
3259 2827 3441 2866 sacra-

1865 2910 2027 2963 menti
2089 2909 2341 2962 Dominus
2396 2907 2697 2976 signiﬁcare
2745 2922 2863 2971 cum
2912 2905 3086 2960 dicit:
3130 2905 3433 2976 Exemplum

1865 3003 1996 3055 enim
2034 3002 2150 3054 dedi
2175 3001 2328 3063 vobis,
2355 3009 2409 3053 ut
2449 2999 2881 3069 quemadmodum
2927 3016 3019 3068 ego
3048 3000 3144 3068 feci
3174 3000 3330 3065 vobis,
3366 3001 3438 3052 ita

1865 3101 1912 3146 ct
1943 3110 2028 3147 vos
2057 3092 2418 3161 faciatis7nisi
2449 3091 2587 3160 quod
2619 3093 2954 3159 apertissime
2979 3091 3100 3145 dicit
3127 3092 3439 3158 Apostolus:

181 3180 235 3233 in
267 3195 374 3248 quo
407 3181 704 3237 laudabitur
732 3184 908 3238 anima
943 3147 1119 3239 sei-lvi?
1163 3185 1279 3254 Vos,
1332 3189 1520 3258 inquit,
1568 3147 1763 3243 vocati;
1789 3147 1835 3208 ϐ
1873 3147 2130 3236 Donanies
2156 3184 2541 3252 nobismetipsis,
2571 3183 2612 3236 si
2633 3183 2744 3251 quis
2772 3182 3012 3236 adversus
3043 3181 3263 3251 aliquem
3291 3182 3438 3236 habet

181 3287 287 3335 me,
328 3269 574 3342 Magister
597 3283 641 3325 et
684 3273 899 3328 Domine
918 3314 936 3342 ι
956 3286 999 3328 et
1040 3276 1158 3329 bene
1198 3277 1389 3341 dicitis,
1414 3295 1529 3331 sunt
1558 3282 1760 3333 etenim.

181 3363 312 3416 ideo
343 3365 481 3417 bene
510 3364 688 3419 dicitis
711 3367 833 3434 quia
865 3383 1005 3420 sum.
1038 3366 1168 3419 Nam
1194 3368 1236 3421 si
1271 3365 1375 3421 'non
1418 3383 1591 3423 essem
1621 3371 1760 3438 quod

179 3455 384 3518 dicitis,
413 3457 555 3512 male
576 3457 847 3522 diceretis,
875 3460 1080 3513 etiamsi
1102 3476 1185 3512 me
1214 3459 1522 3514 laudaretis.
1552 3462 1610 3514 Si
1633 3476 1761 3530 ergo

179 3563 297 3618 ego,
351 3549 541 3616 inquit,
591 3550 689 3601 lavi
731 3549 884 3613 pedes
908 3559 1091 3603 vestros
1122 3548 1369 3604 Dominus
1415 3561 1464 3603 et
1493 3552 1754 3622 magis:er,

179 3637 374 3692 debetis
394 3648 442 3692 et
470 3653 556 3692 vos
585 3640 710 3692 alter
731 3640 942 3693 alterius
973 3641 1143 3692 lavare
1165 3641 1335 3707 pedes.

256 3731 570 3802 Exemplum
599 3733 730 3784 enim
757 3733 872 3784 dedi
902 3731 1041 3784 vobis
1064 3773 1078 3794 ,
1123 3742 1177 3784 ut
1213 3733 1640 3802 quemadmodum
1666 3749 1756 3802 ego

183 3823 284 3890 feci
313 3821 474 3884 vobis,
500 3823 573 3874 ita
619 3830 664 3874 et
708 3837 792 3874 vos
839 3823 1060 3889 faciatis.
1101 3822 1210 3874 Hoc
1249 3832 1350 3883 est,
1391 3821 1544 3873 beate
1580 3821 1755 3883 l’etre,

187 3913 334 3981 quod
387 3912 685 3976 nesciebas,
718 3914 929 3980 quando
963 3912 1078 3965 fieri
1126 3927 1228 3964 non
1262 3911 1493 3964 siuehas.
1533 3912 1639 3965 Hoc
1668 3914 1758 3966 tibi

183 4018 371 4075 postea
402 4007 674 4060 sciendum
708 4009 968 4074 promisit,
999 4005 1210 4073 quando
1242 4011 1299 4057 ut
1328 4005 1534 4058 sineres
1571 4005 1760 4058 terruit

183 4098 440 4168 magister
473 4107 593 4152 tuus
623 4109 676 4152 et
708 4098 961 4152 Dominus
1005 4100 1142 4153 Deus
1193 4107 1312 4151 tuus
1359 4098 1543 4151 lavans
1596 4100 1757 4166 pedes

185 4202 328 4246 tuos.
377 4195 469 4245 Est
514 4191 654 4245 enim
709 4192 845 4258 apud
898 4190 1177 4258 plerosque
1223 4191 1552 4246 consuetudo
1605 4193 1760 4258 hujus

186 4283 530 4345 humilitatis,
549 4298 715 4350 usque
737 4284 801 4335 ad
829 4285 1020 4335 factum
1049 4283 1186 4350 quod
1212 4292 1460 4336 cernatur
1482 4298 1755 4351 expressa.

185 4374 340 4429 Unde
368 4385 420 4426 et
447 4375 734 4441 Apostolus
758 4388 879 4426 cum
923 4374 1057 4426 bene
1081 4375 1318 4428 meritam
1351 4373 1560 4427 viduam
1609 4390 1759 4427 com-

185 4467 466 4519 mendaret
496 4484 508 4517 :
535 4465 593 4519 Si
623 4464 872 4532 hospitio,
917 4467 1106 4532 inquit,
1137 4469 1345 4535 recepit,
1375 4468 1420 4520 si
1469 4477 1760 4520 sanctorum
1793 4494 1837 4551 ι)

185 4556 338 4622 pedes
367 4557 490 4608 lavit
533 4552 584 4622 (I
618 4553 751 4607 Tim.
782 4555 860 4623 v).
908 4553 972 4607 Et
1019 4555 1155 4622 apud
1204 4564 1415 4608 sanctos
1459 4558 1758 4623 ubicunque

189 4649 300 4701 hac
351 4646 687 4701 consuetudo
734 4661 838 4697 non
887 4655 986 4707 est,
1017 4646 1153 4713 quod
1206 4661 1363 4698 manu
1404 4662 1505 4699 non
1541 4647 1758 4712 faciunt,

187 4742 350 4795 corde
406 4739 645 4802 faciunt,
676 4737 719 4788 si
764 4735 815 4788 in
863 4736 1072 4790 illorum
1127 4752 1348 4792 numero
1393 4746 1516 4791 sunt
1567 4741 1757 4806 quibus

190 4833 386 4886 dicitur
429 4831 480 4882 in
531 4828 727 4897 hymno
760 4827 1029 4881 beatorum
1062 4829 1218 4881 trium
1250 4829 1480 4881 virorum
1512 4847 1522 4880 :
1552 4828 1763 4881 Benedi-

188 4937 302 4989 cttc,
345 4921 513 4975 sancti
549 4928 598 4971 ct
642 4917 855 4970 humiles
900 4918 1050 4970 corde
1075 4960 1089 4982 ,
1128 4917 1394 4970 Dominum
1437 4916 1602 4984 (Dan.
1638 4919 1757 4988 ιιι).

190 5019 353 5073 Multo
383 5024 565 5068 autem
600 5013 805 5074 melius,
838 5021 893 5064 et
922 5013 1038 5063 sine
1064 5011 1427 5064 controversia
1469 5012 1668 5075 verius,
1703 5021 1761 5064 ut

188 5109 349 5164 etiam
398 5105 643 5158 manibus
692 5101 883 5164 iaciat;
937 5114 1036 5152 nec
1082 5099 1395 5167 dedignetur
1440 5099 1580 5167 quod
1638 5100 1760 5153 fecit

190 5201 456 5259 Christus,
494 5196 669 5249 facere
713 5191 1064 5245 Christianus.
1112 5189 1240 5244 Cum
1292 5190 1430 5242 enim
1483 5191 1546 5242 ad
1600 5192 1760 5258 pedes

191 5295 369 5345 fratris
414 5289 698 5342 inclinatur
746 5298 936 5348 corpus
963 5323 976 5347 ,
1010 5283 1165 5335 etiam
1217 5281 1267 5332 in
1315 5280 1474 5334 corde
1518 5281 1633 5346 ipso
1677 5281 1759 5335 vel

193 5385 480 5444 excitatur,
517 5379 598 5431 vel
629 5378 673 5430 si
713 5376 818 5443 jam
853 5377 1051 5437 inerat,
1086 5374 1428 5424 confirmatur
1476 5372 1640 5438 ipsius
1674 5373 1759 5424 hu-

197 5476 439 5533 militatis
464 5469 704 5525 affectus.
732 5468 836 5522 Sed
859 5477 1079 5535 excepto
1103 5465 1203 5517 isto
1233 5465 1438 5517 mortali
1466 5467 1753 5528 intellectu,

194 5576 260 5627 ita
294 5585 392 5623 nos
443 5565 604 5633 hujus
645 5561 896 5614 dom'nici
949 5561 1068 5612 facti
1116 5558 1447 5611 altitudinem
1499 5573 1760 5609 commcn-

193 5669 347 5718 tlasee
379 5657 723 5712 meminimus
745 5696 758 5714 ,
785 5654 921 5719 quod
958 5655 1178 5706 lavando
1208 5654 1370 5718 pedes
1397 5652 1503 5718 jam
1538 5653 1759 5703 loturnm

193 5767 346 5823 atque
378 5747 753 5804 mundatorum
779 5745 1149 5812 discipulorum
1181 5743 1548 5813 significaverit
1585 5743 1760 5796 Domi-

1869 3276 2144 3342 querelom,
2186 3277 2315 3328 sicut
2347 3288 2389 3327 et
2441 3275 2689 3328 Dominus
2731 3274 2935 3328 donarit
2979 3275 3114 3328 vobis
3137 3315 3149 3337 .
3179 3277 3246 3328 ita
3271 3285 3317 3327 et
3353 3292 3438 3329 vos

1872 3366 2088 3436 (Ep/tes.
2120 3369 2214 3436 ιι).
2252 3367 2479 3421 Invicem
2530 3367 2710 3434 itaque
2755 3368 2904 3421 nobis
2935 3367 3124 3422 delicta
3157 3368 3440 3435 donemus,

1867 3470 1922 3514 et
1970 3477 2063 3524 pro
2116 3463 2310 3512 no~tris
2361 3460 2569 3513 delictis
2621 3461 2846 3515 invicem
2894 3476 3139 3525 oremus,
3175 3472 3333 3531 atque
3365 3464 3435 3516 ita

1865 3551 2261 3620 quodammodo
2293 3551 2517 3603 invicem
2552 3552 2713 3618 pedes
2739 3565 2951 3605 nostros
2993 3553 3253 3606 lavemus.

1937 3640 2112 3701 Amen,
2137 3655 2280 3690 amen
2308 3640 2418 3689 dico
2443 3640 2599 3701 vobis,
2627 3656 2724 3692 non
2748 3651 2819 3692 est
2842 3657 3016 3694 servus
3038 3643 3204 3710 major
3230 3641 3438 3695 domino

1865 3745 1986 3789 suo,
2035 3745 2192 3795 mque
2224 3730 2486 3796 apostolus
2537 3731 2701 3798 major
2732 3746 2788 3782 eo
2829 3733 2915 3797 qui
2944 3733 3076 3784 misit
3107 3733 3274 3786 illum.
3329 3732 3438 3786 lloc

1865 3821 1984 3872 ideo
2013 3820 2164 3882 dixit,
2197 3821 2317 3886 quia
2351 3820 2551 3871 laverat
2583 3821 2742 3885 pedes
2772 3835 3044 3874 servorum
3081 3821 3352 3888 Dominus,
3383 3832 3438 3879 et

1867 3910 1976 3977 ipse
2008 3911 2092 3977 qui
2148 3910 2289 3961 misit
2319 3925 2505 3962 eorum
2538 3926 2672 3978 quos
2703 3912 2864 3965 misit.
2896 3912 3198 3972 ’Λπὸστολος
3226 3911 3434 3976 Οτιιιοθ.

1865 4000 2048 4052 Latine
2075 4000 2268 4051 dicitur
2299 4001 2503 4062 missus,
2533 4009 2588 4052 ut
2616 4001 2923 4054 ostenderet
2944 4017 3002 4055 ea
3036 4017 3153 4069 qum
3178 4002 3436 4057 Escelsus

1865 4093 1986 4145 fecit
2019 4093 2305 4155 humiliter,
2365 4094 2530 4145 multo
2582 4093 2748 4160 magis
2800 4093 3084 4148 humilibus
3128 4103 3182 4147 et
3211 4096 3435 4150 inlirntis

1865 4186 2138 4237 humiliter
2166 4199 2285 4238 esse
2311 4184 2570 4258 facienda.
2626 4186 2726 4239 Sed
2760 4197 2812 4238 ut
2841 4195 2895 4239 et
2922 4186 3022 4240 hoc
3056 4186 3108 4240 in
3139 4188 3255 4241 loco
3280 4189 3438 4258 spiri-

1864 4274 2020 4326 tualis
2055 4274 2358 4328 intellectus
2389 4285 2756 4328 commoneret
2776 4316 2789 4337 ,
2836 4279 2956 4343 quia
2987 4278 3031 4330 si
3065 4277 3178 4345 ipse
3202 4279 3288 4346 qui
3316 4296 3436 4350 pec-

1862 4377 2029 4418 catum
2077 4383 2176 4417 non
2209 4368 2358 4435 fecit,
2414 4383 2503 4418 nec
2533 4367 2759 4418 inventus
2786 4376 2861 4418 est
2894 4369 3042 4419 dolus
3073 4368 3124 4420 in
3155 4384 3240 4421 ere
3285 4372 3432 4436 ejus,

1864 4458 2146 4526 interpellat
2177 4475 2268 4528 pro
2291 4459 2431 4510 nobis
2459 4457 2738 4510 excessibus
2761 4455 2810 4526 (1
2841 4457 2980 4511 Pelr.
3015 4459 3094 4528 tt),
3125 4461 3292 4514 multo
3316 4478 3430 4515 nta-

1866 4556 1945 4620 gis
1974 4553 2068 4619 ipsi
2099 4553 2355 4604 debemus
2375 4566 2528 4603 orare
2564 4567 2657 4620 pro
2685 4552 2930 4604 invicem.
2965 4551 3070 4606 Sed
3099 4560 3152 4603 et
3178 4553 3220 4606 si
3252 4553 3434 4612 dimit-

1866 4643 1927 4697 tit
1970 4643 2120 4695 nobis
2167 4643 2254 4696 ille
2303 4643 2388 4695 cui
2441 4658 2540 4695 ιιοιι
2597 4643 2854 4698 habemus
2891 4644 3030 4711 quod
3082 4644 3430 4709 dimittamus,

1864 4738 2031 4788 multo
2064 4737 2231 4804 magis
2261 4744 2471 4802 oportet
2505 4749 2601 4787 nos
2627 4737 2939 4789 alterutrum
2965 4735 3235 4792 dimittere
3276 4737 3432 4790 nobis

1862 4829 2035 4880 debita
2069 4836 2248 4878 nostra
2281 4845 2293 4878 :
2321 4828 2456 4894 quod
2492 4827 2660 4894 ipsum
2683 4826 2968 4893 Apostolus
2996 4841 3206 4896 quoque
3238 4831 3427 4895 praeci-

1863 4919 2032 4985 piens,
2066 4918 2136 4969 ait
2173 4936 2184 4968 :
2225 4917 2396 4969 Estote
2425 4928 2592 4969 autem
2633 4919 2844 4971 invicem
2872 4918 3090 4988 benigni,
3140 4923 3426 4976 misericor-

1862 5011 1968 5072 des,
2005 5010 2247 5061 donumes
2267 5010 2495 5075 int'icem,
2527 5012 2656 5063 sicut
2683 5021 2728 5064 et
2753 5009 2886 5065 Deus
2913 5013 2963 5065 in
2987 5012 3191 5068 Christo
3220 5017 3430 5071 donavi.

1861 5101 1995 5153 vobis
2024 5098 2234 5168 (Ep/tes.
2268 5109 2360 5166 tv}.

1933 5193 1992 5247 Si
2037 5194 2164 5251 Iure,
2210 5193 2393 5260 inquit,
2442 5193 2595 5255 scitis,
2633 5193 2761 5245 beati
2799 5195 2956 5255 eritis,
2985 5195 3028 5246 si
3075 5195 3295 5260 feceritis
3341 5214 3425 5252 ea.

1862 5283 2120 5340 Saluiaris
2174 5284 2285 5335 ιιι-ο
2342 5285 2562 5337 multum
2637 5287 2800 5338 nostri
2869 5287 3157 5340 Salvatoris
3231 5299 3281 5341 et
3337 5305 3430 5343 se-

1862 5377 1986 5429 dulo
2031 5388 2108 5427 est
2159 5376 2433 5442 cogitanda
2489 5379 2786 5440 sententia,
2850 5381 2974 5448 quia
3028 5380 3166 5434 beati
3227 5385 3426 5436 erimus

1862 5471 2076 5522 sciendo
2121 5469 2355 5523 cmlesﬁa
2389 5482 2644 5536 pra'cepta
2668 5510 2682 5530 ,
2734 5473 2774 5523 si
2810 5481 2983 5525 tamen
3027 5489 3085 5524 ea
3113 5488 3230 5540 qua:
3278 5477 3432 5527 novi-

1864 5577 1998 5623 mus,
2065 5561 2339 5629 Operando
2394 5572 2680 5615 sectemur.
2733 5562 2990 5626 ρςιιευίιη
3046 5564 3249 5628 coquita
3309 5579 3426 5624 eius

1866 5652 2106 5704 mandata
2141 5666 2354 5702 scrvare
2384 5651 2614 5718 negligit,
2651 5648 2841 5704 beatus
2871 5666 2987 5702 esse
3018 5666 3118 5702 non
3145 5654 3304 5710 valet,
3335 5653 3423 5714 qni

1868 5745 1976 5799 haec
2008 5741 2088 5797 vel
2121 5757 2442 5810 cognoscere
2474 5743 2967 5806 contemnit,multo
3003 5745 3205 5811 longius
3238 5758 3264 5795 a
3299 5753 3422 5796 buu-
