3884 6232
551 388 649 439 8οῖ

896 382 1089 438 BEDxE
1133 378 1571 436 VENERABILIS
1608 376 1895 433 OPERUM
1934 374 2109 431 PARS
2150 374 2209 427 ΙΙ.
2252 370 2438 427 SECT.
2479 373 2518 426 Ι.
2560 400 2629 411 —
2667 366 3052 425 EXEGETIC‘A
3091 363 3411 421 GENUINA.

3655 360 3754 421 803

552 509 722 550 lorum
762 507 904 550 sorte
950 493 1260 547 secluditur.
1316 490 1446 545 Cum
1491 503 1615 558 ergo
1675 488 1788 542 htec
1847 486 2098 541 Dominus
2129 488 2171 543 Α
2203 485 2346 538 venit
2378 483 2429 535 in
2461 487 2687 536 m’entem
2718 522 2733 547 ,
2784 482 2867 537 vel
2898 490 3019 535 tunc
3052 480 3275 548 primum
3315 478 3363 532 ei
3394 475 3565 531 subito
3596 491 3758 530 reve-
3846 475 3847 503 ‘

553 584 912 651 prtemisisset,
944 582 1179 647 adjunxit
1209 595 1223 631 :

625 672 740 724 Non
770 672 830 722 de
857 669 1081 721 omnibus
1109 669 1244 721 vobis
1274 668 1409 732 dico,
1440 683 1527 735 ego
1556 666 1659 718 scio
1685 682 1811 735 quos
1831 665 2061 735 elegerim
2089 702 2102 726 ,

551 762 635 814 sed
662 770 715 812 ut
745 761 1010 828 impleatur
1039 758 1302 825 Scriptura
1325 773 1343 809 :
1374 756 1470 818 Qui
1499 759 1767 810 manducet
1800 769 1961 806 meum
2007 770 2103 817 pa-

552 864 663 900 nem
698 847 875 899 levabit
898 861 1047 911 super
1078 860 1153 897 me
1198 844 1489 896 calcaneum
1518 858 1690 894 suum.
1746 843 1854 894 Hoc
1874 839 1995 909 quid
2027 846 2108 891 est

550 937 721 1003 aliud,
771 938 894 1000 nisi,
943 935 1289 989 (lonculcabit
1318 935 1434 987 me?
1468 934 1656 986 Notum
1693 945 1775 987 est
1803 933 1869 986 de
1894 947 1999 1000 quo
2024 933 2104 984 lo-

552 1038 761 1095 quatur.
787 1025 1055 1079 Judasille
1080 1023 1299 1077 traditor
1322 1023 1433 1090 ejus
1456 1022 1749 1090 attingitur.
1775 1021 1911 1090 Ergo
1936 1022 2105 1089 ipsum

554 1135 657 1172 non
689 1120 950 1189 elegerat;
991 1117 1142 1170 ~unde
1169 1116 1235 1169 ab
1264 1116 1341 1169 eis
1372 1130 1503 1183 quos
1540 1116 1697 1182 elegit
1728 1115 1828 1166 isto
1857 1126 2106 1166 sermone

550 1208 819 1262 discernit.
852 1206 997 1270 Quod
1028 1220 1143 1274 ergo
1170 1206 1301 1268 dico,
1334 1204 1520 1271 inquit,
1553 1204 1685 1255 beati
1714 1204 1876 1267 eritis,
1904 1202 1946 1254 si
1974 1206 2106 1271 fece-

546 1299 659 1350 ritis
687 1313 765 1358 ea,
815 1313 914 1349 non
942 1297 1002 1349 de
1032 1295 1259 1348 omnibus
1278 1296 1412 1347 vobis
1445 1295 1576 1357 dico,
1607 1302 1689 1347 est
1730 1295 1865 1347 inter
1900 1307 1991 1345 vos
2020 1292 2107 1360 qui

559 1404 662 1441 non
692 1388 791 1441 erit
821 1391 1042 1453 beatus,
1104 1401 1273 1454 neque
1324 1386 1482 1439 faciet
1537 1399 1621 1439 ea.
1678 1384 1789 1455 Ego
1840 1386 1942 1438 scio
1983 1400 2104 1453 quos

557 1479 813 1549 elegerim.
855 1479 1030 1545 Quos?
1079 1478 1178 1531 nisi
1225 1493 1317 1532 eos
1346 1476 1431 1545 qui
1477 1478 1616 1532 beati
1666 1485 1817 1530 erunt
1864 1475 2107 1529 faciendo

557 1585 670 1636 qua:
700 1569 974 1638 praecepit,
1008 1581 1070 1620 ac
1096 1567 1330 1621 facienda
1363 1565 1830 1625 commonstravit.
1862 1563 1949 1632 qui
1994 1564 2107 1617 eili-

564 1676 684 1715 cere
736 1661 916 1713 beatos
966 1668 1159 1726 potest.
1212 1659 1323 1713 Non
1370 1658 1631 1727 estigitur
1685 1657 1900 1712 traditor
1948 1656 2107 1710 Judas

566 1750 809 1803 electus?
837 1748 971 1817 Quid
1006 1759 1088 1803 est
1113 1762 1238 1816 ergo
1268 1748 1405 1815 quod
1452 1749 1557 1802 alio
1583 1748 1698 1800 loco
1723 1748 1848 1800 dicit
1874 1763 1887 1798 :
1920 1745 2106 1799 Nonne

2210 574 2369 625 latum
2396 581 2498 635 est,
2527 586 2752 640 eumque
2780 570 3047 639 repentina
3082 569 3207 622 tanti
3234 568 3355 622 mali
3385 567 3618 621 novitate
3645 578 3757 619 tur-

2209 664 2390 719 bavit!
2433 666 2613 720 Nonne
2653 666 2773 719 hinc
2807 667 2961 732 paulo
3010 673 3129 718 ante
3173 661 3485 730 loquebatur
3528 660 3755 711 dicens:

2210 756 2306 818 Qui
2336 757 2602 807 manducat
2648 770 2811 805 meum
2839 770 3019 821 panem
3040 794 3054 817 ,
3086 754 3260 806 levavit
3290 764 3440 817 super
3469 765 3545 801 me
3592 749 3759 799 calca-

2207 846 2395 899 neum?
2438 845 2620 899 Nonne
2659 844 2814 897 etiam
2856 844 3095 910 superius
3132 844 3236 910 jam
3278 842 3529 895 dixerat:
3563 838 3631 892 Et
3683 853 3760 889 vos

2206 940 2383 989 mundi
2430 936 2569 998 cszis,
2616 938 2701 989 sed
2740 951 2840 987 non
2888 936 3099 988 omnes!
3128 935 3224 988 Ubi
3270 931 3584 1001 evangelista
3636 931 3759 982 subs

2200 1026 2377 1095 junxit
2409 1044 2420 1076 :
2455 1026 2655 1081 Sciebat
2681 1026 2811 1078 enim
2840 1025 3069 1093 quisnam
3107 1034 3231 1078 esset
3257 1025 3338 1093 qui
3364 1026 3581 1075 traderet
3607 1036 3723 1073 eum
3743 1033 3761 1070 :

2206 1120 2360 1187 quem
2384 1117 2493 1186 jam
2536 1128 2590 1190 et
2619 1126 2739 1171 ante
2782 1116 3172 1185 signiﬁcaverat
3199 1118 3416 1170 dicens:
3450 1114 3640 1168 Nonne
3675 1128 3762 1181 ego

2207 1218 2291 1256 vos
2309 1206 2569 1259 duodecim
2593 1206 2735 1273 elegi,
2765 1217 2812 1257 et
2837 1221 2967 1257 unus
2994 1219 3053 1257 ea:
3074 1203 3207 1256 vobis
3234 1204 3463 1256 diabolus
3489 1213 3559 1257 est
3583 1204 3607 1255 7
3629 1200 3760 1267 Quid

2207 1306 2289 1348 est
2316 1309 2442 1363 ergo
2487 1295 2621 1363 quod
2664 1310 2800 1347 nunc
2833 1294 3069 1346 turbatus
3098 1301 3179 1345 est
3207 1294 3392 1359 spiritu
3414 1334 3431 1358 ,
3476 1308 3595 1346 cum
3642 1305 3760 1358 pro-

2208 1395 2427 1439 testatus
2459 1394 2562 1448 est,
2592 1393 2647 1437 et
2674 1382 2805 1437 dixit
2840 1400 2853 1434 :
2888 1384 3065 1444 Amen,
3105 1397 3249 1434 amen
3289 1383 3403 1435 dico
3443 1384 3613 1446 vobis,
3647 1383 3761 1450 quia

2206 1492 2334 1530 unus
2360 1492 2422 1529 ea:
2460 1475 2596 1528 vobis
2639 1474 2802 1527 tradet
2847 1475 2968 1527 me?
3008 1475 3085 1525 An
3126 1476 3243 1546 quia
3271 1472 3378 1540 jam
3424 1486 3544 1525 eum
3597 1472 3764 1526 fuerat

2204 1578 2574 1630 espressurus,
2619 1572 2675 1616 ut
2702 1578 2802 1615 non
2854 1562 3036 1615 lateret
3065 1562 3117 1615 in
3144 1561 3353 1616 ceteris
3377 1602 3394 1625 ,
3440 1562 3533 1615 sed
3565 1560 3761 1615 discer~

2206 1663 2420 1707 neretur
2448 1668 2477 1706 a
2509 1654 2733 1717 caeteris,
2770 1653 2886 1707 ideo
2915 1654 3158 1707 turbatus
3196 1663 3277 1707 est
3304 1652 3530 1721 spiritui
3557 1661 3614 1706 et
3643 1654 3759 1720 quia

2207 1740 2319 1807 ipse
2351 1741 2568 1794 traditor
2592 1740 2699 1807 jam
2732 1740 2919 1810 fuerat,
2964 1749 3021 1794 ut
3049 1740 3262 1795 Judteos
3289 1740 3477 1809 quibus
3505 1739 3760 1795 Dominus

560 1855 650 1910 ego
673 1856 757 1893 nos
782 1839 1048 1891 duodecim
1073 1839 1219 1906 elegi,
1256 1847 1307 1891 et
1332 1854 1463 1890 unus
1490 1854 1553 1890 ea:
1571 1838 1706 1890 vobis
1732 1835 1960 1889 diabolus
1988 1844 2061 1887 est
2083 1835 2106 1887 ,’
2138 1822 2182 1880 B
2209 1828 2275 1882 ab
2305 1844 2368 1882 co
2399 1829 2695 1882 traderetur
2720 1828 3004 1884 adduceret
3026 1871 3041 1896 ,
3074 1829 3301 1884 turbavit
3327 1844 3445 1884 eum
3480 1828 3760 1883 imminens

562 1933 639 1980 An
669 1936 720 1980 et
763 1928 873 1995 ipse
910 1926 973 1979 ad
1016 1924 1212 1993 aliquid
1259 1932 1341 1978 est
1370 1924 1604 1979 eiectus?
1642 1922 1708 1977 ad
1739 1922 1877 1992 quod
1926 1923 2106 1991 utique

551 2025 673 2070 erat.
697 2014 1064 2081 necessarius,
1118 2030 1222 2068 non
1253 2024 1429 2068 autem
1458 2014 1525 2068 ad
1574 2012 1986 2077 beatitudinem,
2040 2012 2105 2065 de

557 2125 657 2177 qua
692 2109 849 2163 modo
875 2108 989 2162 ait:
1022 2106 1167 2161 Beati
1188 2106 1331 2159 eritis
1346 2105 1389 2159 si
1418 2105 1634 2174 feceritis
1661 2119 1741 2158 ea.
1771 2102 1879 2157 Hoc
1905 2117 2008 2155 non
2038 2102 2106 2156 do

557 2198 799 2251 omnibus
832 2196 979 2250 dicit.
1010 2196 1122 2251 Scit
1143 2195 1287 2248 enim
1306 2208 1438 2263 quos
1457 2192 1525 2246 ad
1552 2191 1856 2246 societatem
1881 2191 2103 2245 beatitu-

554 2288 690 2341 dinis
720 2280 873 2355 hujus
899 2286 1137 2352 elegerit.
1162 2284 1276 2338 Non
1304 2291 1387 2338 est
1415 2298 1483 2337 ex
1516 2282 1591 2336 eis
1622 2283 1752 2347 iste,
1797 2280 1886 2349 qui
1912 2294 2100 2347 panem

554 2378 693 2431 illius
732 2378 807 2431 sic
850 2375 1058 2441 edebat,
1089 2384 1323 2441 utsuper
1358 2388 1479 2427 eum
1526 2373 1721 2425 levaret
1768 2371 2097 2424 calcaneum.

554 2469 632 2522 Illi
686 2467 1070 2521 manducahant
1117 2479 1301 2533 panem
1358 2464 1705 2526 dominicum,
1775 2459 1863 2512 ille
1912 2473 2098 2527 panem

554 2557 758 2611 Domini
787 2565 966 2610 contra
994 2556 1288 2609 Dominum.
1319 2552 1395 2607 illi
1425 2553 1606 2618 vitam,
1635 2552 1724 2604 ille
1754 2564 1963 2618 panem.
1995 2548 2094 2612 Qui

552 2651 691 2705 enim
716 2651 981 2701 manducat
1013 2650 1239 2719 indigne,
1272 2646 1346 2701 ait
1383 2645 1697 2714 Apostolus,
1722 2644 1976 2714 judicium
2006 2644 2102 2697 sibi

555 2742 819 2793 manducat
847 2737 897 2809 (Ι
921 2736 1039 2791 Cor.
1067 2738 1165 2806 at).

624 2835 838 2898 Antodo,
870 2835 1047 2902 inquit,
1082 2835 1191 2886 dico
1212 2832 1349 2885 vobis
1378 2831 1670 2899 priusquam
1699 2828 1809 2895 fiat,
1842 2837 1894 2879 ut
1924 2827 2099 2879 creda-

556 2930 642 2995 tis,
668 2944 776 2979 cum
799 2930 989 2994 factum
1021 2926 1192 2993 fuerit,
1225 2924 1341 2991 quia
1367 2938 1455 2991 ego
1480 2938 1612 2973 sum.
1645 2920 1701 2973 ld
1726 2928 1829 2983 eat,
1857 2932 1953 2987 ego
1980 2931 2093 2969 sum

555 3023 620 3075 de
640 3034 744 3087 quo
776 3019 861 3071 illa
889 3017 1154 3083 Scriptura
1194 3015 1485 3082 praecessit,
1514 3010 1600 3065 ubi
1629 3012 1825 3064 dictum
1850 3016 1929 3064 est
1955 3025 1968 3062 :
1996 3006 2096 3073 Qui

554 3114 821 3165 manducat
850 3124 1013 3162 meum
1057 3087 1255 3176 panem,
1304 3104 1479 3159 levabit
1504 3120 1653 3173 super
1678 3120 1755 3157 me
1783 3102 2090 3156 calcaneum.

553 3202 747 3256 Deinde
768 3200 1015 3266 sequitur,
1047 3206 1099 3249 et
1126 3195 1252 3248 dicit
1282 3211 1296 3249 :

622 3290 803 3349 Anim,
826 3302 967 3338 amen
997 3287 1104 3337 dico
1126 3284 1259 3336 vobis
1281 3284 1397 3351 quia
1420 3282 1501 3350 qui
1524 3281 1710 3348 occipit
1733 3296 1865 3343 eum,
1891 3282 1931 3333 si
1952 3293 2098 3348 quem

551 3380 748 3439 misero,
780 3392 856 3428 me
882 3375 1083 3444 accipit.
1138 3375 1235 3439 Qui
1255 3383 1423 3425 autem
1456 3386 1534 3423 me
1554 3370 1753 3437 accipit,
1780 3368 1959 3438 accipit
1984 3382 2097 3419 eum

555 3467 639 3535 qui
669 3482 743 3517 me
769 3464 921 3515 misit.
947 3462 1002 3517 Si
1028 3464 1165 3516 enim
1190 3461 1508 3515 voluerimus
1530 3459 1820 3526 intelligere
1851 3457 1950 3511 hoc
1979 3456 2097 3509 ideo

546 3554 742 3608 dictum
772 3572 785 3605 :
812 3551 907 3615 Qui
951 3568 1028 3606 me
1080 3552 1279 3621 accipit,
1327 3551 1507 3617 accipit
1538 3564 1649 3602 eum
1691 3549 1775 3615 qui
1822 3562 1899 3600 me
1938 3547 2092 3611 misit,

547 3642 685 3709 quod
721 3641 877 3692 unius
925 3648 1123 3691 natura:
1172 3640 1276 3691 sint
1319 3640 1491 3705 Pater,
1542 3640 1726 3704 Filius,
1770 3653 2097 3707 consequens

551 3731 811 3785 videbitur
840 3744 902 3783 ex
952 3730 1255 3783 eorumdem
1312 3729 1846 3797 verborum-regula,
1896 3743 1995 3795 qua
2022 3728 2099 3782 di-

552 3834 692 3877 ctum
722 3834 801 3876 est
828 3838 841 3874 :
873 3821 970 3883 Qui
992 3822 1196 3889 accipit,
1225 3822 1265 3873 si
1292 3836 1434 3889 quem
1466 3821 1665 3883 misero,
1694 3836 1773 3872 me
1798 3819 2000 3887 accipit,
2041 3827 2098 3873 ut.

554 3930 703 3967 unius
733 3920 931 3965 natura:
958 3912 1025 3965 sit
1053 3911 1219 3965 Filius
1261 3920 1313 3964 et
1344 3911 1634 3977 apostolus.
1685 3909 1855 3963 Possit
1883 3909 2092 3977 quidem

548 4013 603 4056 et
625 4003 725 4056 hoc
755 4017 857 4054 non
880 4000 1308 4055 inconvenienter
1330 3999 1576 4067 intelligi,
1601 4000 1848 4066 quoniam
1871 4000 2095 4066 geminae

553 4102 635 4146 est
661 4092 807 4160 gigas
836 4091 937 4144 illa:
964 4084 1302 4153 substantiae,
1350 4102 1465 4157 qua:
1487 4088 1765 4141 exsultavit
1793 4088 1855 4139 ad
1880 4102 2095 4141 curren-

546 4184 665 4235 dam
690 4184 820 4236 viam
842 4181 1011 4252 (Psal.
1041 4181 1216 4250 svnt).
1272 4179 1490 4237 Verbum
1516 4180 1652 4233 enim
1675 4195 1789 4231 caro
1814 4168 1997 4247 factum
2026 4187 2095 4232 est

548 4272 723 4342 (Joan.
761 4276 797 4341 ι)
821 4311 837 4337 ,
883 4274 981 4326 huc
1007 4281 1128 4338 est,
1172 4272 1310 4325 Deus
1343 4271 1497 4324 homo
1544 4268 1709 4324 lactus
1741 4282 1839 4324 est.
1869 4270 2095 4324 Proinde

543 4366 613 4421 ita
641 4366 833 4418 dixisse
862 4364 1029 4433 possit
1071 4364 1275 4417 videri:
1310 4364 1409 4429 Qui
1449 4364 1629 4433 accipit
1665 4379 1777 4415 eum
1802 4379 1947 4431 quem
1992 4363 2091 4414 mi-

2120 3148 2169 3214 ο

2204 1920 2395 1989 passio,
2422 1929 2475 1974 et
2508 1919 2793 1987 periculum
2825 1921 3146 1987 proximum,
3178 1930 3231 1973 et
3260 1920 3525 1975 traditoris
3555 1920 3761 1986 impru-

2201 2011 2331 2065 dens
2360 2006 2566 2075 manus,
2598 2010 2748 2078 cujus
2778 2009 2947 2064 luerat
2977 2010 3328 2077 pratcognitus
3355 2010 3605 2064 animus?
3633 2012 3759 2063 Tale

2200 2105 2395 2175 quippe
2424 2106 2522 2157 hoc
2542 2110 2642 2166 est,
2666 2101 2800 2170 quod
2823 2100 2978 2155 Jesus
3003 2100 3241 2153 turbatus
3268 2109 3347 2154 est
3369 2100 3580 2168 spiritu,
3608 2101 3758 2169 quale

2199 2198 2358 2251 etiam
2399 2195 2524 2249 illud
2554 2195 2693 2263 quod
2738 2194 2811 2247 ait
2843 2211 2855 2245 :
2888 2193 3041 2246 Nunc
3077 2194 3245 2245 anima
3283 2208 3393 2246 mea
3424 2194 3621 2244 turbata
3649 2202 3752 2255 est,

2198 2296 2245 2341 et
2268 2286 2389 2355 quid
2416 2286 2577 2339 dicam
2600 2287 2625 2339 ?
2651 2284 2829 2350 Pater,
2858 2286 2997 2337 salva
3021 2300 3098 2336 me
3132 2300 3194 2338 ex
3219 2284 3314 2337 hac
3334 2284 3480 2337 hora.
3514 2283 3618 2338 Sed
3643 2300 3755 2351 pro-

2198 2389 2366 2447 pterea
2394 2379 2503 2430 veni
2530 2378 2583 2431 in
2608 2376 2787 2430 lteram
2823 2376 2954 2429 hanc
2980 2376 3156 2445 (Joan.
3190 2376 3306 2445 an).
3339 2376 3486 2431 Sicut
3515 2390 3642 2445 ergo
3673 2376 3754 2429 hic

2207 2468 2321 2535 ejus
2351 2466 2527 2520 anima
2561 2468 2766 2519 turbata
2796 2476 2878 2520 est
2905 2465 3033 2519 hora
3060 2470 3442 2535 propinquante
3475 2466 3752 2533 passionis,

2202 2561 2273 2613 ita
2302 2562 2459 2615 etiam
2490 2573 2629 2614 nunc
2655 2560 2860 2613 exituro
2889 2558 3020 2613 Juda
3042 2598 3056 2622 ,
3097 2568 3254 2628 atque
3284 2570 3522 2623 venturo,
3554 2566 3607 2612 et
3637 2572 3751 2625 prn-

2201 2650 2485 2717 pinquante
2516 2658 2659 2702 tanto
2686 2649 2891 2703 scelere
2925 2648 3191 2702 traditoris
3211 2692 3225 2715 ,
3257 2646 3496 2701 turbatus
3533 2654 3615 2699 est
3642 2644 3748 2713 spi-

2199 2741 2325 2794 ritu.
2357 2740 2618 2793 Turbatur
2647 2754 2773 2809 ergo
2802 2748 3113 2806 potestatem
3148 2739 3347 2793 habens
3378 2736 3606 2808 ponendi
3636 2738 3747 2790 ani-

2199 2848 2333 2885 n.am
2368 2847 2513 2885 suam
2540 2873 2553 2895 ,
2586 2839 2641 2885 et
2688 2840 2999 2899 potestatem
3048 2830 3247 2885 habens
3288 2832 3483 2904 iterum
3512 2828 3745 2883 sumendi

2196 2938 2332 2977 eam.
2365 2922 2627 2977 Turbatur
2656 2932 2758 2975 tam
2793 2922 2978 2992 ingens
3020 2930 3250 2987 potestas
3274 2960 3289 2985 ,
3323 2920 3560 2973 turbatur
3591 2928 3746 2985 petra:

2201 3013 2449 3078 ﬁrmitas,
2481 3027 2543 3065 an
2573 3012 2741 3080 potius
2772 3011 2825 3065 in
2856 3025 2920 3065 eo
2950 3020 3128 3064 nostra
3167 3009 3405 3063 turbatur
3434 3008 3747 3062 infirmitas?

2200 3104 2273 3157 Ita
2298 3118 2421 3157 vero
2444 3103 2570 3155 nihil
2601 3102 2867 3172 indignum
2893 3101 3110 3155 credant
3134 3104 3272 3156 servi
3299 3100 3363 3155 de
3387 3101 3602 3155 domino
3630 3116 3741 3162 suo.

2202 3194 2293 3248 sed
2334 3200 2619 3263 agnoscant
2646 3207 2705 3247 se
2750 3192 2981 3247 membra
3014 3192 3064 3245 in
3110 3193 3280 3260 capite
3317 3207 3434 3245 suo.
3465 3189 3563 3257 Qui
3611 3206 3744 3243 more

2202 3294 2321 3337 tuus
2351 3293 2431 3337 est
2460 3298 2554 3352 pro
2582 3283 2753 3347 nobis,
2788 3283 2931 3350 prius
2962 3282 3198 3336 turbatus
3233 3290 3315 3336 est
3342 3281 3484 3337 idem
3514 3281 3625 3348 ipse
3655 3295 3745 3347 pro

2200 3374 2369 3429 nobis.
2424 3372 2521 3439 Qui
2572 3387 2698 3443 ergo
2740 3381 2995 3439 poteState
3041 3380 3282 3425 mortuus
3319 3380 3438 3434 est.
3489 3382 3742 3440 potestate

2198 3468 2438 3519 turbatus
2486 3472 2588 3518 est.
2647 3463 2746 3529 Qui
2793 3463 3169 3533 transﬁguravit
3221 3478 3403 3529 corpus
3451 3461 3741 3514 humiiitatis

2199 3562 2402 3619 nostris,
2426 3552 2794 3621 conformatum
2812 3553 3013 3623 corpori
3040 3552 3215 3623 gloria:
3238 3568 3343 3605 suac
3364 3549 3621 3621 (Philipp.
3646 3556 3740 3619 tu).

2200 3644 2587 3711 transﬁguravit
2608 3642 2659 3695 in
2682 3656 2741 3696 se
2761 3644 2917 3695 etiam
2935 3641 3173 3695 allectum
3193 3640 3514 3695 inﬁrmitatis
3533 3650 3736 3704 nostrae,

2198 3734 2520 3801 compatiens
2550 3733 2703 3786 nobis
2731 3732 2922 3786 aifoctu
2952 3734 3139 3785 anima:
3167 3746 3295 3787 suae.
3330 3732 3557 3786 Proinde
3581 3748 3737 3800 quan-

2197 3824 2262 3875 do
2291 3822 2528 3875 turbatur
2566 3835 2786 3890 magnus
2812 3862 2827 3887 ,
2858 3821 3010 3874 fortis
3032 3862 3047 3885 ,
3077 3832 3250 3875 certus
3278 3862 3292 3886 ,
3338 3820 3565 3875 invictus
3592 3863 3607 3886 ,
3642 3836 3736 3874 n0n

2199 3912 2473 3965 timeamus
2502 3912 2649 3979 quasi
2680 3910 2935 3976 deﬁciat;
2968 3926 3069 3964 non
3099 3913 3256 3981 perit,
3284 3912 3375 3965 sed
3410 3927 3506 3964 nos
3536 3911 3735 3978 quaerit.

2196 4002 2322 4068 Nos,
2355 4003 2587 4069 inquam,
2634 4015 2728 4054 nus
2776 4004 2991 4054 omnino
3018 4002 3095 4055 sic
3125 4004 3352 4071 quaerit;
3396 4016 3495 4056 nos
3525 4002 3666 4069 ipsos
3693 4004 3735 4053 in

2196 4091 2335 4144 illius
2367 4091 2757 4158 perturbatione
2788 4091 3055 4144 videamus
3076 4133 3088 4156 ,
3120 4105 3176 4145 ut
3214 4095 3421 4161 quando
3449 4094 3732 4155 turbamur,

2196 4196 2298 4235 non
2327 4182 2695 4250 desperatione
2742 4196 3037 4252 pereamus.
3084 4183 3211 4237 Nam
3238 4186 3445 4251 quando
3480 4187 3733 4249 turbatur,

2193 4272 2279 4339 qui
2312 4286 2416 4326 non
2459 4272 2755 4326 turbaretur
2784 4274 2881 4326 nisi
2913 4274 3117 4340 volens,
3166 4277 3469 4330 consolatur
3496 4276 3583 4345 qui
3631 4288 3733 4330 tur-

2192 4362 2343 4415 batur
2371 4371 2421 4415 et
2450 4362 2656 4415 nolens.
2688 4362 2952 4416 Turhetur
2999 4364 3149 4432 plane
3180 4366 3384 4419 animus
3414 4366 3735 4421 Christianus

544 4472 675 4521 sero,
718 4470 793 4509 me
816 4458 1100 4510 secundum
1126 4459 1385 4513 hominem
1417 4460 1615 4527 accipit.
1668 4458 1767 4522 Qui
1794 4469 1967 4511 autem
2012 4473 2089 4508 me
2120 4485 2167 4543 ι)
2193 4468 2296 4506 ηοη
2328 4453 2538 4506 miseria
2566 4492 2581 4516 ,
2628 4452 2718 4505 sed
2753 4452 3137 4507 misericordia.
3183 4454 3390 4507 Timeat
3420 4471 3485 4508 ne
3526 4468 3735 4522 pereant

545 4545 832 4598 secundum
868 4546 1033 4599 Deum
1083 4547 1296 4616 accipit,
1344 4549 1526 4617 accipit
1554 4564 1665 4599 eum
1700 4549 1782 4615 qui
1812 4563 1888 4599 me
1932 4547 2082 4599 misit.

548 4634 649 4686 Sed
679 4648 798 4686 cum
826 4634 922 4686 ista
951 4634 1181 4701 dicebat,
1214 4652 1311 4687 non
1340 4636 1405 4688 ab
1436 4636 1525 4689 illo
1555 4646 1756 4690 natura:
1777 4637 1967 4701 unitas,
1993 4638 2085 4693 sed

548 4724 599 4775 in
642 4737 705 4775 eo
730 4721 818 4790 qui
853 4723 1073 4775 mittitur
1110 4724 1362 4778 mittentis
1402 4726 1864 4779 commendabatur
1904 4737 2088 4780 aucto-

544 4816 690 4865 ritas.
757 4814 845 4866 Sic
886 4815 1059 4881 itaque
1101 4816 1456 4883 unusquisque
1498 4831 1615 4870 eum
1659 4818 1745 4884 qui
1778 4827 1857 4871 est
1898 4820 2087 4871 missus

546 4908 767 4971 accipiat
792 4944 806 4969 ,
859 4915 916 4959 ut
944 4908 994 4959 in
1023 4907 1112 4959 illo
1139 4922 1257 4960 eum
1288 4909 1375 4976 qui
1405 4910 1545 4962 misit
1584 4911 1837 4963 attendat.
1880 4910 1935 4963 Si
1961 4924 2087 4979 ergo

550 4996 790 5048 attendas
818 4993 1080 5049 Christum
1124 4998 1175 5049 in
1220 4998 1394 5061 Petro,
1424 5000 1657 5053 invenies
1678 4998 1917 5067 discipuli
1946 5014 2086 5067 pra:-

549 5095 842 5151 ceptorem.
876 5085 930 5138 Si
960 5097 1132 5139 autem
1162 5089 1399 5140 attendas
1426 5091 1629 5141 Patrem
1662 5092 1711 5143 in
1746 5089 1906 5154 Filio,
1937 5091 2085 5143 inve-

549 5173 659 5228 nies
686 5173 931 5242 unigeniti
956 5174 1277 5228 Genitorem.
1304 5177 1379 5230 Ac
1400 5179 1475 5231 sic
1505 5181 1553 5231 in
1579 5194 1642 5233 eo
1671 5182 1756 5248 qui
1788 5180 1978 5233 missus
2004 5187 2087 5232 est

552 5263 665 5316 sine
693 5265 797 5317 ullo
826 5264 1016 5331 aecipis
1044 5280 1222 5319 errore
1251 5266 1563 5320 mittentem.
2014 5332 2015 5339 η

611 5354 736 5407 Cum
764 5355 868 5407 lucc
895 5355 1096 5407 dixisset
1126 5353 1293 5417 Jesus,
1318 5360 1539 5409 turbatus
1568 5370 1637 5412 est
1664 5362 1862 5426 spiritu,
1892 5372 1937 5414 et
1968 5376 2083 5430 pro-

544 5457 749 5500 testatus
774 5457 865 5509 est,
890 5456 932 5497 et
956 5446 1071 5497 dicit
1093 5447 1301 5508 :Amen,
1330 5464 1472 5499 auten
1504 5450 1613 5501 dico
1640 5450 1789 5513 vobis,
1814 5452 1932 5517 quia
1956 5467 2080 5503 unus

544 5553 603 5589 ea:
631 5535 761 5587 vobis
801 5536 957 5587 tradet
988 5550 1085 5587 me.
1114 5536 1373 5589 ‘llinccine
1418 5538 1651 5590 turbatus
1682 5550 1758 5591 est
1787 5538 1936 5591 Jesus
1979 5555 2082 5592 non

544 5640 733 5685 carne.
765 5624 855 5677 sed
898 5632 1112 5690 sp...tu,
1150 5614 1266 5692 quia
1313 5624 1543 5679 dicturus
1583 5626 1751 5680 iuerat
1788 5645 1798 5677 :
1836 5627 1978 5681 Unus
2027 5645 2093 5683 ea;

549 5713 685 5765 vobis
720 5716 875 5768 tradet
907 5718 1023 5767 me?
1062 5714 1422 5785 Nnnquidnam
1454 5716 1522 5769 illi
1559 5717 1654 5771 hoc
1702 5728 1806 5771 tum
1857 5718 2077 5786 primum

2191 4542 2433 4596 homines
2455 4540 2689 4596 Christo.
2710 4540 3063 4595 Contristetur
3086 4558 3202 4596 cum
3228 4545 3362 4610 perit
3382 4546 3569 4613 aliquis
3589 4545 3734 4598 Chri-

2188 4641 2289 4685 sto.
2342 4634 2605 4693 Laatetur.
2657 4645 2776 4687 cum
2833 4633 3170 4700 acquiruntur
3218 4634 3455 4688 homines
3504 4634 3730 4689 Christo.

2188 4725 2535 4793 Concupiscet
2559 4723 2761 4793 acquiri
2790 4724 3032 4777 homines
3050 4724 3284 4777 Christo.
3309 4726 3515 4779 Timeat
3536 4739 3586 4780 et
3615 4727 3730 4787 sibi,

2190 4830 2254 4869 ne
2278 4822 2455 4882 pereat
2476 4813 2701 4868 Christo.
2728 4812 3080 4867 Contristetur
3112 4816 3431 4882 peregrinari
3460 4831 3517 4869 se
3537 4830 3567 4868 a
3591 4816 3731 4869 Chri-

2187 4918 2291 4974 sto,
2322 4910 2655 4977 concupiscat
2685 4924 2906 4980 regnare
2933 4925 3050 4963 cum
3090 4908 3319 4963 Christo.
3356 4910 3585 4966 Laetetur
3613 4914 3730 4965 dum

2186 5011 2360 5071 sperat
2382 5016 2439 5056 se
2464 5000 2907 5069 peregrinaturum
2934 5015 3049 5054 esse
3076 5015 3194 5053 cum
3214 5002 3446 5055 Christo.
3478 5002 3591 5057 ista
3615 5018 3733 5057 sunt

2188 5101 2330 5145 certe
2359 5099 2579 5159 quatuor
2614 5105 2745 5158 quas
2792 5090 3207 5157 perturbationes
3240 5099 3468 5156 vocant,
3498 5094 3653 5145 timor
3682 5105 3733 5147 et

2188 5181 2417 5244 tristitia,
2448 5195 2595 5233 amor
2619 5191 2672 5233 et
2704 5181 2903 5233 laetitia.
2938 5180 3141 5234 Habent
3172 5196 3259 5244 eas
3283 5181 3438 5248 justis
3465 5184 3529 5234 de
3560 5187 3731 5237 causis

2186 5270 2347 5322 animi
2374 5268 2683 5323 Christiani.
2713 5268 3019 5323 Firmissimi
3048 5269 3258 5337 quidem
3281 5282 3401 5324 sunt
3424 5271 3727 5335 Christiani,

2186 5361 2227 5412 si
2258 5360 2343 5426 qui
2372 5369 2513 5424 sunt,
2544 5360 2631 5426 qui
2675 5374 2999 5427 nequaquam
3050 5371 3216 5414 morte
3260 5361 3568 5415 imminente
3614 5373 3722 5415 tur-

2187 5450 2398 5502 bantur.
2438 5448 2541 5499 Sed
2592 5447 2822 5515 nunquid
2864 5448 3075 5501 Chiisto
3126 5449 3419 5503 ﬁrmiores?
3466 5450 3592 5516 Quis
3635 5452 3731 5505 hoc

2186 5538 2549 5593 insanissimus
2577 5537 2815 5591 dixerit?
2846 5539 2977 5603 Quid
3008 5548 3087 5592 est
3116 5555 3241 5607 ergo
3269 5543 3407 5609 quod
3437 5542 3525 5596 ille
3557 5545 3729 5595 turm-

2187 5640 2267 5683 tus
2296 5639 2395 5693 est,
2430 5631 2527 5683 nisi
2559 5630 2675 5698 quia
2706 5630 2942 5684 infirmos
2972 5631 3022 5683 in
3052 5644 3147 5686 suo
3172 5646 3411 5701 corpore,
3448 5634 3549 5687 hoc
3574 5644 3649 5686 est
3678 5635 3726 5686 in

2186 5739 2280 5777 sua
2321 5722 2583 5786 Ecclesia,
2630 5737 2736 5777 suae
2787 5722 3098 5778 inﬁrmitatis
3140 5724 3432 5787 voluntaria
3478 5726 3730 5781 similitu-
