3884 6232
83 366 190 422 8υο

1033 362 1096 416 ΙΝ
1135 362 1189 418 S.
1235 358 1512 415 JOANNIS
1554 354 1999 410 EVANGELIUM
2047 352 2427 408 EXPOSITIO.

3221 358 3326 412 Siti

79 485 207 536 dine
240 484 546 537 consonus
577 483 700 536 est?
728 490 784 536 ut
824 481 869 535 si
915 480 1001 549 qui
1034 492 1250 532 suorum
1282 476 1454 529 adhuc
1492 482 1664 526 morte
1695 477 1738 535 Α
1767 473 1997 527 cundum
2023 472 2163 530 aliud
2185 489 2247 526 ex
2274 473 2433 537 nobis,
2461 473 2749 528 secundum
2781 473 2920 529 aliud
2948 491 3047 529 non
3073 493 3133 530 es
3161 479 3322 532 nobis.

83 574 404 627 imminente
428 575 732 640 turbantur,
764 575 937 643 ipsum
967 573 1290 631 intueantur,
1325 581 1390 620 ne.
1417 566 1514 619 ltoc
1543 565 1660 634 ipso

80 677 138 715 se
187 671 442 728 putantes
487 667 745 731 reprobos
773 707 788 730 ,
835 663 1016 730 pejore
1063 657 1446 728 desperationis
1495 663 1666 709 morte

82 750 426 804 sorbeantur.
475 752 740 818 Quantum
797 751 978 818 itaque
1028 750 1222 802 bonum
1270 745 1334 799 de
1385 743 1664 813 participa-

84 840 230 892 tione
260 839 558 895 divinitatis
585 842 702 908 ejus
723 849 1037 908 exspectare
1066 845 1121 892 et
1146 849 1360 905 sperare
1385 835 1660 898 debemus,

85 930 238 995 cujus
291 945 391 982 nos
436 939 492 983 et
536 929 862 997 perturbatio
907 928 1246 996 tranquillet,
1288 934 1342 980 et
1385 925 1664 977 inﬁrmitas

86 1018 310 1071 ﬁrmat?
343 1019 470 1073 Sive
500 1033 628 1085 ergo
659 1017 761 1071 isto
790 1017 907 1071 loco
936 1018 1106 1085 ipsum
1136 1014 1323 1068 ludam
1354 1024 1660 1080 pereuntem

84 1109 396 1162 miserando
427 1108 668 1162 turbatus
691 1117 794 1173 est,
822 1109 933 1163 sive
961 1122 1056 1163 sua
1080 1116 1251 1160 morte
1278 1104 1664 1173 propinquante

87 1199 337 1252 turbatus
363 1209 467 1254 est.
494 1198 607 1252 Non
638 1209 720 1253 est
751 1209 924 1252 tamen
956 1197 1064 1250 ullo
1095 1194 1250 1250 modo
1272 1193 1617 1248 dubitandum
1646 1235 1660 1260 ,

87 1301 188 1340 non
217 1303 350 1342 eum
380 1289 540 1342 animi
574 1288 901 1352 inﬁrmitate,
934 1287 1026 1341 sed
1065 1293 1324 1354 potestate
1353 1283 1616 1338 turbatum
1647 1322 1660 1347 ,

90 1393 153 1433 ne
179 1381 342 1434 nobis
366 1380 674 1447 desperatio
715 1378 900 1432 salutis
931 1379 1164 1440 oriatur,
1189 1375 1401 1444 quando
1430 1390 1531 1428 nou
1564 1387 1659 1437 po-

88 1476 305 1534 testate,
342 1470 434 1524 sed
464 1469 775 1523 inﬁrmitate
807 1467 1097 1521 turbamur.
1135 1463 1325 1518 Carnis
1356 1463 1545 1531 quippe
1575 1461 1664 1516 ille

88 1557 308 1626 gerebat
355 1556 755 1621 inﬁrmitatem,
785 1572 902 1625 quas
947 1556 1232 1610 infirmitas
1271 1553 1664 1607 resurrectione

89 1659 408 1715 consumpta
437 1658 543 1704 est.
575 1649 680 1703 Sed
723 1649 842 1715 quia
874 1663 976 1701 non
1007 1648 1175 1701 solum
1208 1647 1365 1698 homo
1391 1690 1403 1711 ,
1456 1659 1665 1699 verum-

87 1736 239 1791 etiam
264 1736 409 1791 Deus
434 1745 575 1801 erat,
608 1736 857 1791 inelTabili
890 1736 1140 1789 distantia
1166 1735 1471 1788 universum
1499 1749 1664 1803 genus

95 1826 387 1880 bumanutn
411 1799 577 1880 animi
603 1825 912 1881 fortitudine
945 1826 1246 1894 superabat.
1278 1826 1391 1880 Non
1414 1799 1537 1894 ergo
1563 1828 1662 1880 aii-
1696 1799 1740 1857 Β

94 1929 195 1980 quo
220 1924 306 1968 est
341 1925 562 1983 cogente
604 1919 876 1980 turbatus,
907 1916 996 1969 sed
1029 1917 1254 1969 turbavit
1284 1918 1658 1984 semetipsum:

91 2004 225 2067 quod
257 2004 330 2056 de
364 2004 452 2056 illo
482 2005 758 2057 evidenter
791 2019 1098 2072 expressum
1129 2016 1230 2070 εει,
1264 2008 1473 2073 quando
1504 2006 1664 2059 Laza-

94 2108 205 2146 rum
248 2094 555 2149 suscitavit.
600 2095 728 2148 Nam
763 2096 828 2147 ibi
860 2095 1112 2162 scriptum
1141 2105 1222 2148 est
1266 2097 1403 2163 quod
1441 2098 1665 2150 turbavit

93 2183 437 2249 semetipsum
464 2227 478 2249 ,
527 2193 588 2238 ut
618 2185 718 2238 lioc
760 2184 1082 2250 intelligatur
1110 2193 1163 2238 et
1196 2185 1283 2238 ubi
1339 2201 1441 2239 non
1476 2187 1664 2254 legitur

95 2274 374 2338 scriptum,
403 2280 458 2325 et
484 2281 659 2325 tamen
689 2287 819 2325 eum.
841 2273 1031 2341 legitur
1056 2271 1218 2328 fuisse
1251 2275 1534 2328 turbatum.
1567 2274 1661 2327 At“-

99 2359 288 2413 t‘ectum
323 2361 520 2429 quippe
550 2361 858 2426 humanum,
892 2362 1104 2430 quando
1134 2365 1429 2431 oportuisse
1459 2365 1664 2432 judica-

94 2448 182 2512 vit,
214 2450 267 2502 in
297 2451 587 2518 semetipso
613 2461 876 2520 potestate
907 2455 1233 2518 commovit,
1275 2457 1360 2522 qui
1394 2455 1660 2508 hominem

98 2545 254 2591 totum
288 2547 550 2605 potestate
589 2543 845 2608 suscepit.
882 2543 1048 2596 Etiam
1097 2543 1197 2597 hoc
1229 2543 1378 2597 nobis
1411 2543 1662 2598 Dominus

98 2629 390 2694 signiﬁcare
427 2645 522 2683 sua
553 2631 860 2687 turbatione
890 2634 1132 2702 dignatus
1158 2643 1261 2701 est,
1296 2636 1432 2700 quod
1461 2637 1664 2691 scilicet

101 2716 210 2770 lalsi
237 2716 447 2784 fratres,
482 2731 535 2775 et
565 2721 818 2777 dominici
848 2727 958 2792 agri
994 2725 1077 2779 illa
1109 2727 1310 2780 zizania
1338 2727 1408 2781 ita
1441 2743 1661 2783 necesse

101 2815 196 2872 εει,
224 2823 388 2876 usque
418 2810 482 2861 ad
513 2813 703 2864 messis
734 2825 962 2881 tempus,
995 2815 1130 2869 inter
1159 2818 1419 2871 frumenta
1447 2819 1662 2874 tolerari

101 2892 306 2959 (Matth.
333 2897 474 2966 xiii),
508 2908 566 2952 ut
592 2903 805 2968 quando
834 2917 897 2956 ex
927 2904 1007 2957 bis
1038 2905 1210 2973 aliqua
1237 2909 1469 2974 separari
1499 2913 1658 2967 etiam

97 2997 210 3040 ante
239 3001 466 3042 messem
513 3005 706 3061 urgens
738 3007 894 3049 causa
925 2997 1218 3063 compellit,
1252 2998 1367 3054 fieri
1413 3002 1528 3057 sine
1557 3004 1659 3058 Ec-

97 3076 265 3131 clesiae
311 3081 708 3145 perturbatione
739 3099 842 3137 non
890 3097 1084 3152 posset.
1117 3087 1262 3144 lianc
1305 3093 1654 3159 perturbatio-

103 3180 214 3218 nem
243 3178 546 3223 sanctorum
573 3186 792 3226 suorum
837 3189 932 3243 per
960 3177 1326 3234 scliismaticos
1351 3191 1404 3236 et
1441 3185 1652 3239 haereti-

105 3267 188 3306 cos
239 3255 463 3310 futuram
515 3260 907 3327 quodammodo
954 3269 1311 3332 prmnnntians
1360 3273 1655 3340 Dominus,

104 3341 442 3414 prsetlgurtivit
489 3347 540 3399 in
588 3353 802 3416 seipso,
848 3367 990 3421 cum,
1030 3357 1241 3410 exituro
1266 3358 1397 3413 Juda
1448 3364 1656 3421 lio'mine

106 3433 259 3495 malo,
309 3442 362 3488 et
387 3439 807 3495 commistionem
854 3442 1098 3498 frumenti
1133 3447 1184 3498 in
1233 3463 1334 3514 qua
1370 3451 1457 3504 diu
1490 3453 1658 3510 fuerat

108 3521 364 3586 toleratus,
394 3535 670 3592 separatus
698 3536 723 3563 ι
765 3535 1098 3598 separatione
1128 3539 1456 3603 apertissima
1486 3585 1499 3606 ,
1537 3545 1655 3598 reli-

106 3617 277 3671 cturo,
314 3611 557 3665 turbatus
601 3624 682 3667 est
728 3631 830 3670 non
860 3632 1020 3675 carne
1045 3662 1058 3685 ,
1108 3623 1201 3676 sed
1235 3627 1444 3694 spiritu.
1488 3631 1656 3699 Spiri-

109 3699 262 3753 tuales
287 3702 424 3754 enim
456 3703 573 3770 ejus
601 3704 651 3760 in
685 3706 987 3774 huiusmodi
1014 3715 1277 3770 scandalis
1307 3734 1410 3774 non
1443 3737 1655 3790 perver-

103 3787 265 3852 sitate,
288 3789 376 3843 sed
404 3793 662 3847 charitate
686 3798 984 3867 turbantur,
1006 3817 1071 3857 ne
1090 3803 1225 3858 forte
1249 3806 1299 3859 in
1323 3787 1654 3877 separatione

103 3876 384 3946 aliquorum
424 3885 752 3940 zizaniorum
800 3889 955 3944 simul
998 3893 1210 3960 aliquod
1258 3876 1559 3953 eradicetur
1603 3914 1656 3957 et

107 3969 337 4023 triticum.
390 3972 646 4028 Turbatus
674 3986 747 4030 est
791 3978 967 4047 itaque
995 3981 1148 4038 Jesus
1187 3987 1366 4054 spiritu
1392 4027 1406 4051 ,
1437 3999 1484 4043 et
1523 4009 1654 4059 pro-

107 4067 292 4111 testatus
318 4071 410 4126 est,
439 4072 487 4116 et
509 4065 638 4117 dixit
665 4081 684 4119 :
710 4069 864 4122 Amen
892 4087 1036 4125 amen
1059 4074 1173 4126 dico
1195 4078 1350 4142 vobis,
1374 4083 1492 4148 quia
1523 4100 1652 4138 unus

101 4161 156 4197 ex
181 4149 306 4203 vobis
331 4153 492 4206 tradet
514 4170 609 4206 me.
646 4155 790 4213 Unus
820 4174 886 4214 ex
926 4163 1095 4228 vobis,
1130 4181 1371 4233 numero,
1406 4187 1509 4224 non
1542 4190 1653 4227 nie-

105 4237 230 4300 rito;
259 4243 471 4308 specie,
523 4260 627 4298 non
672 4249 899 4316 virtute;
936 4258 1301 4312 commistione
1347 4267 1646 4333 corporali,

107 4340 198 4379 non
230 4328 438 4385 vinculo
461 4333 758 4401 spirituali;
790 4341 966 4396 carnis
990 4343 1366 4415 admiratione,
1403 4368 1504 4407 non
1531 4371 1650 4409 cor-

106 4416 177 4470 dis
206 4419 356 4474 totius
386 4425 606 4478 unitate.
639 4425 866 4483 Proinde
899 4447 1001 4486 non
1025 4437 1114 4502 qui
1145 4453 1206 4491 ex
1243 4441 1392 4497 vobis
1423 4455 1524 4508 est,
1557 4450 1648 4501 sed

107 4507 181 4570 qui
208 4521 267 4560 ex
297 4511 444 4564 vobis
472 4515 709 4570 exiturus
739 4527 836 4571 est.
876 4519 1005 4576 Nam
1035 4529 1300 4593 quomodo
1327 4533 1428 4585 erit
1463 4550 1643 4591 verum

108 4599 228 4657 quod
277 4610 592 4666 protestatus
634 4616 714 4661 est
759 4609 1050 4678 Dominus,
1093 4624 1145 4669 et
1188 4618 1362 4673 dixit:
1399 4622 1541 4678 Unus
1587 4645 1648 4681 ea:

110 4685 259 4751 vobis,
288 4687 328 4740 si
360 4705 538 4744 verum
583 4702 666 4748 est
708 4699 846 4764 quod
889 4701 962 4753 ait
991 4701 1128 4756 idem
1175 4708 1286 4773 ipse
1328 4712 1378 4763 in
1423 4715 1644 4781 epistola

110 4786 209 4837 sua,
237 4778 378 4845 cujus
404 4789 483 4833 est
514 4781 614 4836 hoc
665 4786 1006 4856 Evangelium
1044 4811 1054 4845 :
1092 4792 1172 4848 Ex
1202 4800 1343 4852 nobis
1373 4778 1639 4873 exierunt,

111 4864 184 4914 sed
202 4881 292 4919 non
321 4882 458 4922 erant
480 4889 542 4924 ea:
567 4875 748 4944 nobis;
777 4892 891 4933 nam
919 4884 964 4935 si
993 4887 1203 4952 fuissent
1225 4907 1287 4942 ea:
1310 4895 1470 4959 nobis,
1501 4915 1642 4952 nian-

111 4952 265 5006 sissent
293 4959 458 5026 utique
485 4964 743 5018 nobiscum
775 4966 828 5036 (Ι
871 4969 1025 5027 Juan.
1069 4981 1147 5044 it).
1181 4977 1295 5032 Non
1338 4952 1470 5037 erati
1491 4987 1646 5055 igitur

114 5053 165 5090 ex
193 5039 284 5095 illis
310 5044 465 5101 Judas
494 5069 508 5115 ;
542 5055 822 5111 mansisset
853 5061 995 5114 enim
1028 5079 1147 5117 cum
1180 5068 1302 5133 illis,
1336 5072 1379 5124 si
1413 5039 1551 5129 esset
1580 5093 1642 5132 ett

115 5126 221 5222 illis.
250 5134 375 5198 Quid
406 5149 486 5194 est
515 5156 641 5211 ergo
671 5165 681 5197 :
721 5147 864 5204 Unus
894 5168 955 5205 es:
994 5157 1126 5209 vobis
1156 5159 1318 5214 tradet
1346 5167 1468 5219 me?
1503 5169 1602 5222 nisi
1631 5188 1642 5222 :

119 5216 241 5274 L’uus
267 5239 325 5277 ex
359 5230 506 5284 vobis
548 5234 785 5290 exiturus
817 5251 934 5305 est,
973 5245 1059 5310 qui
1091 5249 1256 5302 tradet
1297 5254 1415 5305 me?
1445 5258 1561 5322 quia
1596 5267 1646 5311 et

116 5306 190 5362 ille
211 5314 289 5379 qui
327 5318 397 5371 ait
425 5337 436 5372 :
475 5321 536 5375 Si
566 5326 776 5390 fuissent
816 5346 876 5381 ex
907 5333 1050 5386 nobis
1073 5373 1089 5396 ,
1138 5340 1433 5394 mansissent
1461 5306 1644 5415 Iutique

117 5401 348 5459 nobiscum
374 5426 392 5462 :
413 5411 520 5478 jam
552 5415 774 5483 dixerat,
804 5437 868 5473 ea:
895 5423 1034 5477 nobis
1061 5428 1311 5496 exierunt,
1339 5447 1400 5485 ac
1432 5452 1520 5503 per
1550 5439 1649 5495 hoc

119 5500 364 5564 utrumque
391 5515 566 5556 verum
602 5515 684 5560 est
707 5551 721 5573 ,
755 5526 816 5562 ea:
845 5515 1006 5580 nobis,
1041 5527 1092 5568 et
1122 5535 1219 5571 non
1261 5537 1324 5573 ex
1355 5526 1516 5579 nobis.
1554 5529 1650 5584 Se-

177 5627 294 5697 ?Ne
336 5635 535 5697 vapulet
580 5652 602 5689 s

117 5694 344 5751 relictura.
391 5694 536 5757 Eutr.

367 5793 630 5856 Puram"
667 5802 850 5862 XCII.

1681 3128 1730 3191 C

1765 558 2063 616 Secundum
2081 563 2509 616 communionem
2533 575 2983 619 sacramentorum
3000 582 3061 619 ex
3081 568 3329 632 nobis,se-

1764 652 1995 706 cundum
2013 667 2228 707 suorum
2251 654 2627 722 proprietatem
2646 656 2930 711 criminum
2954 675 3052 711 non
3079 675 3138 711 ex
3160 661 3318 713 nobis.

1833 742 2150 811 Aspiciebont
2178 760 2297 816 ergo
2325 746 2392 798 ad
2421 745 2630 799 invicem
2657 746 2916 816 discipuli,
2951 749 3236 802 litesitantes
3265 751 3326 802 de

1763 847 1860 900 quo
1907 834 2113 888 diceret.
2152 834 2239 889 Sic
2269 835 2459 906 quippe
2505 837 2556 889 in
2588 837 2664 891 eis
2695 848 2806 891 erat
2849 854 2971 906 erga
3020 842 3325 908 magistrum

1764 936 1916 976 suum
1947 925 2028 992 pia
2060 924 2307 989 cbaritas,
2341 937 2394 978 tit
2423 934 2596 981 tamen
2633 941 2724 980 eos
2758 927 2979 981 liumana
3010 931 3229 983 alterum
3261 931 3328 983 de

1764 1013 1933 1067 altero
1971 1016 2271 1069 stimularet
2315 1015 2615 1070 intirmitas.
2659 1017 2788 1071 Nota
2827 1018 3036 1086 quidem
3077 1022 3175 1073 sibi
3215 1031 3330 1075 erat

1764 1102 2024 1172 cujusque
2045 1107 2411 1170 conscientia;
2437 1119 2798 1174 verumtamen
2824 1111 2944 1179 quia
2971 1113 3192 1180 proximi
3218 1122 3333 1166 erat

1764 1191 1938 1261 ignota
1965 1234 1978 1256 ,
2015 1196 2081 1246 ita
2113 1195 2215 1249 sibi
2258 1197 2478 1265 singulis
2507 1199 2730 1266 quisque
2773 1209 2884 1254 erat
2912 1214 3086 1254 certus
3115 1239 3129 1266 ,
3166 1213 3220 1255 ut
3251 1204 3331 1258 in-

1762 1283 1891 1334 certi
1921 1294 2101 1337 essent
2129 1295 2182 1339 et
2211 1289 2418 1340 caeteris
2448 1289 2664 1355 singuli,
2695 1299 2749 1341 et
2779 1289 2996 1357 singulis
3027 1293 3228 1345 creteri.

1833 1369 1959 1421 Erat
1988 1388 2105 1439 ergo
2135 1378 2423 1428 recumbens
2464 1392 2592 1427 unus
2620 1392 2681 1429 ex
2711 1378 2971 1444 discipulis
3000 1384 3107 1449 ejus
3137 1383 3188 1434 in
3215 1384 3329 1436 sinu

1761 1456 1920 1527 Jesu,
1969 1478 2117 1529 quem
2159 1464 2396 1533 diligebat
2439 1463 2604 1519 Jesus.
2648 1468 2797 1533 Quod
2843 1471 3045 1523 dixerat
3075 1474 3126 1524 in
3172 1475 3285 1526 sinu
3314 1516 3326 1538 ,

1764 1551 1919 1615 paulo
1952 1560 2066 1616 post
2097 1553 2211 1615 ait,
2241 1555 2326 1606 ubi
2363 1554 2490 1608 dicit
2521 1572 2673 1623 super
2704 1568 2873 1625 pectus
2905 1558 3049 1613 Iesu.
3099 1560 3213 1629 Ipse
3247 1575 3332 1618 est

1762 1642 2016 1708 Joannes,
2048 1648 2198 1712 cujus
2220 1658 2295 1700 est
2327 1648 2426 1702 hoc
2455 1651 2815 1718 Evangeliuin,
2841 1654 2978 1706 sicut
3004 1666 3184 1721 postea
3217 1673 3328 1711 ma-

1769 1731 1998 1786 nifestat.
2041 1733 2167 1788 Erat
2205 1737 2345 1790 enim
2393 1739 2504 1793 inec
2538 1753 2719 1794 eorum
2760 1744 3086 1798 consuetudo
3130 1746 3216 1814 qui
3247 1762 3330 1801 sa-

1767 1836 1885 1878 cras
1915 1825 2068 1878 nobis
2098 1825 2298 1882 litteras
2322 1831 2706 1896 ministrarum,
2738 1842 2795 1886 ut
2821 1837 3032 1902 quando
3059 1839 3124 1890 ab
3152 1840 3327 1906 aliquo

1766 1925 1949 1964 eorum
1991 1915 2166 1968 divina
2209 1920 2517 1972 narrabatur
2553 1919 2790 1986 historia,
2835 1940 2954 1977 cum
2988 1927 3050 1979 ad
3093 1929 3326 1996 seipsunt

1767 2000 1972 2054 veniret
1995 2040 2011 2065 ,
2062 2012 2308 2072 tanquam
2338 2006 2403 2059 de
2442 2007 2545 2058 alio
2574 2008 2902 2077 loqueretur,
2935 2024 2988 2067 et
3023 2016 3097 2068 sic
3129 2017 3329 2072 insere-

1767 2099 1847 2142 ret
1873 2091 2045 2145 ordini
2078 2095 2391 2149 narrationis
2419 2110 2549 2161 sum,
2577 2106 2820 2165 tanquam
2857 2117 3028 2154 rerum
3057 2116 3324 2172 gestarum

1765 2180 2021 2247 scriptor,
2073 2200 2174 2237 non
2220 2195 2468 2251 tanquam
2517 2189 2785 2257 suiipsius
2812 2193 3139 2258 prmdicator.
3186 2198 3329 2263 Quo-

1766 2271 1908 2323 circa
1956 2277 2094 2340 quod
2135 2276 2290 2329 etiam
2338 2276 2423 2331 hic
2471 2278 2653 2333 beatus
2700 2270 3018 2353 evangelista
3063 2302 3164 2341 non
3212 2289 3284 2344 ait
3315 2308 3343 2352 ;⁴

1769 2358 1922 2412 Eram
1954 2363 2264 2419 recumbens
2295 2367 2344 2418 in
2375 2368 2492 2420 sinu
2521 2367 2665 2431 Jesu,
2700 2373 2792 2424 sed
2824 2376 2896 2427 ait
2927 2391 2939 2426 :
2975 2375 3100 2428 Erat
3129 2393 3328 2431 recum-

1766 2449 1880 2503 bens
1907 2468 2033 2506 unus
2065 2470 2126 2507 ea:
2155 2456 2436 2526 discipulis,
2470 2472 2768 2516 nostrorum
2801 2477 3076 2522 auctorum
3107 2484 3331 2525 censue-

1765 2542 1998 2597 tudinem
2047 2561 2392 2614 agnoacanius
2441 2553 2617 2619 p0tius
2661 2571 2817 2622 quam
2867 2560 3139 2614 miremur.
3191 2563 3327 2627 Quid

1765 2632 1904 2683 enim
1936 2633 2139 2701 deperit
2168 2641 2372 2691 veritati
2393 2684 2406 2705 ,
2442 2645 2648 2708 quando
2677 2655 2726 2697 et
2773 2661 2855 2698 res
2887 2647 2994 2712 ipsa
3028 2650 3240 2717 dicitur,
3273 2665 3327 2706 et

1763 2721 1922 2775 modo
1983 2727 2207 2792 quodam
2270 2729 2478 2784 dicendi
2535 2735 2788 2802 jrctantia
2848 2738 3156 2796 devizatur?
3220 2746 3329 2801 llcc

1763 2811 1958 2880 quippe
2007 2819 2295 2883 narrabat,
2345 2826 2480 2890 quod
2527 2826 2588 2877 ad
2636 2828 2748 2894 ejus
2794 2831 3002 2885 laudem
3045 2838 3327 2894 maximam

1761 2903 2078 2970 pertinebat.
2127 2909 2260 2975 Quid
2313 2924 2395 2966 est
2440 2925 2612 2971 autem
2664 2936 2812 2989 quem
2859 2923 3096 2992 diligebat
3144 2927 3331 2983 Jcsus?

1761 2996 1908 3061 quasi
1940 2995 2072 3052 alios
2102 3014 2207 3052 non
2249 3000 2509 3072 diligeret,
2544 3007 2610 3061 de
2638 3011 2824 3075 quibus
2859 3014 2995 3068 idem
3030 3017 3142 3084 ipse
3169 3018 3328 3073 Joan-

1763 3101 1856 3139 nes
1885 3089 2126 3153 superius
2160 3091 2232 3143 ait
2262 3109 2272 3143 :
2303 3091 2362 3145 In
2396 3096 2544 3161 ﬁnem
2577 3099 2755 3152 dilexit
2786 3119 2868 3155 eos
2899 3105 3070 3172 (Jomt.
3105 3111 3241 3175 xui),
3275 3122 3329 3166 et

1766 3177 1875 3244 ipse
1909 3177 2159 3234 Dominus
2191 3199 2201 3233 :
2233 3181 2480 3253 Majorent
2518 3186 2610 3240 hac
2639 3190 2934 3246 c/iaritatein
2963 3213 3104 3250 nemo
3139 3201 3282 3253 liabet
3309 3246 3324 3269 ,

1762 3281 1916 3332 quam
1948 3276 2002 3319 ut
2031 3271 2250 3324 animum
2281 3290 2427 3326 suam
2470 3288 2622 3342 ponat
2654 3281 2763 3346 quis
2794 3299 2884 3347 pro
2932 3287 3103 3339 amicis
3143 3287 3324 3352 (Joon.

1765 3355 1878 3424 xv).
1915 3359 1977 3410 lit
2021 3361 2137 3428 quis
2168 3374 2443 3418 enunieret
2471 3369 2647 3420 omnia
2693 3372 2990 3427 divinarum
3023 3379 3321 3434 testimonia

1763 3447 2068 3513 paginarum
2092 3489 2105 3512 ,
2153 3453 2345 3519 quibus
2377 3453 2631 3510 Dominus
2674 3460 2830 3515 Jesns
2863 3479 2962 3517 non
3012 3468 3152 3523 illius
3177 3513 3190 3533 ,
3228 3487 3328 3528 nec

1759 3548 1942 3587 eorum
1965 3537 2052 3603 qui
2079 3547 2202 3594 tunc
2222 3552 2371 3595 erant
2402 3554 2624 3609 tantum,
2655 3549 2746 3601 sed
2779 3552 2937 3605 etiam
2977 3567 3092 3622 post
3122 3559 3320 3616 futuro-

1761 3637 1877 3676 rum
1895 3628 2254 3684 membrorum
2279 3647 2514 3701 suorum,
2541 3648 2593 3691 et
2611 3640 2771 3695 totius
2791 3642 3042 3701 Ecclesiae
3066 3665 3176 3704 sua:
3193 3653 3320 3707 dile-

1759 3725 1874 3769 ctor
1891 3719 2221 3780 ostenditur?
2253 3724 2355 3778 Sed
2377 3729 2611 3794 proiecto
2636 3731 2759 3786 latet
2785 3733 2868 3789 hic
2889 3738 3107 3806 aliquid,
3133 3751 3185 3796 et
3205 3759 3327 3811 per-

1760 3806 1890 3860 tinet
1905 3807 2159 3864 adsinum
2181 3815 2231 3866 in
2263 3831 2364 3882 quo
2385 3822 2821 3892 recumbebatqni
2842 3827 2941 3883 ista
2967 3806 3327 3892 dicebat.—Per

1758 3897 1931 3952 sinum
1955 3904 2149 3971 quippe
2171 3903 2292 3973 quid
2320 3906 2646 3974 signiﬁcatur
2668 3916 2810 3968 aliud
2847 3933 3000 3988 quani
3026 3935 3314 3982 secretum.

1829 3989 2003 4043 Innuit
2028 4008 2146 4063 ergo
2187 3994 2367 4050 Simon
2398 3997 2615 4068 Petrus,
2647 4013 2692 4057 et
2721 4007 2844 4060 dicit
2874 4011 2938 4062 ei.
2970 4011 3206 4070 Notanda
3241 4030 3326 4075 est

1758 4077 1951 4134 locutio
1977 4126 1991 4147 ,
2024 4083 2124 4139 dici
2169 4086 2363 4154 aliquid
2397 4105 2499 4143 non
2540 4096 2802 4162 sonando,
2836 4103 2926 4155 sed
2958 4111 3323 4166 tantummodo

1757 4169 2038 4225 innuendn.
2072 4171 2274 4240 lnnuit,
2321 4180 2525 4248 inquit,
2578 4194 2624 4238 et
2651 4188 2796 4242 dicit.
2825 4190 3015 4261 Utique
3050 4198 3319 4255 innuendn

1757 4257 1902 4313 dicit.
1945 4260 1999 4315 Si
2025 4265 2164 4318 enim
2197 4269 2476 4337 cogitando
2505 4274 2702 4346 aliquid
2739 4257 2950 4352 dicitur,
2994 4287 3131 4344 sicut
3172 4292 3319 4349 Seri-

1757 4363 1904 4422 ptura
1933 4354 2163 4424 loquitur
2194 4379 2205 4410 :
2244 4362 2486 4417 Dixerunt
2507 4370 2646 4435 apud
2667 4376 2957 4444 semetipsos
2987 4379 3163 4447 (Joan.
3198 4387 3320 4453 vn),

1682 4461 1728 4520 ο
1755 4456 1951 4512 quanto
1970 4451 2134 4517 magis
2154 4451 2438 4520 innuendo,
2461 4458 2547 4511 tibi
2567 4459 2673 4528 jam
2700 4465 2838 4520 foras
2867 4451 3317 4545 qualibuscunque

1755 4535 1919 4601 signis
1951 4541 2208 4606 promitur
2238 4545 2374 4609 quod
2415 4547 2584 4603 fuerat
2608 4552 2772 4609 corde
2799 4535 3110 4629 conceptum
3133 4565 3155 4617 ἲ
3178 4535 3318 4633 Quid

1754 4642 1882 4695 ergo
1910 4629 2044 4683 dixit
2074 4634 2341 4689 innuendo
2361 4639 2382 4690 ?
2405 4639 2525 4705 quid
2550 4643 2571 4693 ἲ
2598 4645 2694 4698 nisi
2723 4649 2862 4714 quod
2895 4654 3132 4720 sequitur
3163 4674 3178 4710 :

1829 4720 1964 4784 Quid
2007 4733 2077 4777 est
2107 4725 2171 4779 de
2215 4743 2314 4795 quo
2363 4730 2528 4784 dicit?
2556 4733 2678 4789 limc
2716 4737 2872 4791 verba
2908 4741 3094 4798 Petrus
3125 4747 3317 4816 innuit,

1757 4814 1876 4878 quia
1908 4828 2010 4865 non
2037 4828 2168 4870 sono
2200 4819 2364 4886 vocis,
2408 4823 2498 4875 sed
2524 4834 2665 4879 motu
2696 4833 2931 4896 corpOris
2957 4833 3105 4890 dixit.

1829 4903 2008 4972 Itaque
2037 4923 2148 4960 cum
2178 4911 2483 4966 recubuisset
2529 4916 2615 4970 ii’le
2642 4935 2795 4986 super
2815 4934 2987 4990 pectus
3019 4926 3141 4982 Iesu
3172 4945 3192 4982 :
3221 4929 3317 4987 llic

1754 5005 1834 5048 est
1865 4998 2044 5062 utique
2074 5002 2300 5066 pectoris
2330 5004 2502 5064 sinus.
2530 5007 2803 5069 sapientia:
2831 5026 3115 5070 secretum.

1829 5086 1959 5138 Dicit
1983 5090 2046 5150 ei,
2082 5089 2311 5159 Domine,
2337 5094 2447 5162 quis
2467 5097 2581 5149 est?
2614 5096 2890 5163 Respondit
2919 5101 3087 5160 Jesus.
3118 5105 3215 5161 Ille
3247 5119 3318 5163 e.-t

1754 5179 1838 5228 cui
1866 5179 2134 5232 intinctam
2165 5197 2344 5249 panem
2373 5200 2667 5251 porrexera;
2697 5199 2744 5242 et
2773 5207 2884 5243 cum
2915 5193 3197 5250 intinxisset
3227 5217 3317 5267 pa.

1755 5286 1897 5333 nent,
1939 5271 2077 5324 dedit
2105 5271 2256 5327 Judce
2305 5276 2529 5330 Simonis
2564 5277 2842 5336 Iscariotat.
2897 5284 2962 5338 Et
2992 5301 3102 5355 post
3132 5308 3316 5356 panem

1748 5370 1868 5413 tunc
1896 5361 2118 5414 introivit
2155 5364 2206 5414 in
2237 5363 2380 5416 illum
2411 5366 2657 5423 Satanas.
2711 5371 3006 5440 Expressus
3032 5390 3110 5432 est
3145 5381 3307 5435 tradi-

1749 5461 1862 5514 tor,
1918 5453 2124 5504 nudata:
2157 5462 2271 5505 sunt
2308 5453 2525 5509 latebra:
2571 5460 2929 5516 tenebrarum.
2990 5465 3191 5520 Bonum
3233 5480 3314 5522 est

1748 5537 1884 5607 quod
1917 5541 2143 5607 accepit,
2199 5539 2291 5594 sed
2315 5544 2452 5597 malo
2479 5559 2576 5600 suo
2612 5551 2840 5616 accepit,
2891 5553 3012 5621 quia
3046 5558 3181 5611 male
3215 5560 3311 5612 lio-

610 5641 840 5708 yntaxis,
887 5649 1292 5717 expungendum
1342 5656 1546 5712 videtur
1592 5674 1873 5733 separatus,
1922 5664 2299 5738 legendumque
2341 5674 2580 5728 :toler...
2622 5682 2940 5745 separatione
2993 5688 3311 5755 apertissisiia

2805 5845 2877 5905 ‘26
