  <div class='ocr_page' id='page_1' title='image "/cluster/home/n/w/nwhite01/storage/ocr_20150623/92-93/uva.x000827076/413.png"; bbox 0 0 3884 6232; ppageno 0'>
   <div class='ocr_carea' id='block_1_1' title="bbox 554 337 643 393">
    <p class='ocr_par' dir='ltr' id='par_1_1' title="bbox 554 337 643 393">
     <span class='ocr_line' id='line_1_1' title="bbox 554 337 643 393; baseline 0.034 -4"><span class='ocrx_word' id='word_1_1' title='bbox 554 337 643 393; x_wconf 69' lang='grc'><strong>511</strong></span> 
     </span>
    </p>
   </div>
   <div class='ocr_carea' id='block_1_2' title="bbox 1002 340 3351 420">
    <p class='ocr_par' dir='ltr' id='par_1_2' title="bbox 1002 340 3351 420">
     <span class='ocr_line' id='line_1_2' title="bbox 1002 340 3351 420; baseline 0.011 -27"><span class='ocrx_word' id='word_1_2' title='bbox 1002 340 1201 395; x_wconf 67' lang='lat' dir='ltr'><strong>llEll/E</strong></span> <span class='ocrx_word' id='word_1_3' title='bbox 1244 342 1686 404; x_wconf 69' lang='lat' dir='ltr'><strong>VENEllABlLIS</strong></span> <span class='ocrx_word' id='word_1_4' title='bbox 1724 350 1869 403; x_wconf 81' lang='lat' dir='ltr'><strong>OPP.</strong></span> <span class='ocrx_word' id='word_1_5' title='bbox 1915 350 2087 405; x_wconf 75' lang='lat' dir='ltr'><strong>PARS</strong></span> <span class='ocrx_word' id='word_1_6' title='bbox 2130 352 2188 404; x_wconf 91' lang='grc'><strong>11.</strong></span> <span class='ocrx_word' id='word_1_7' title='bbox 2232 354 2420 407; x_wconf 79' lang='lat' dir='ltr'><strong>SECT.</strong></span> <span class='ocrx_word' id='word_1_8' title='bbox 2460 357 2496 409; x_wconf 89' lang='lat' dir='ltr'><strong>l.</strong></span> <span class='ocrx_word' id='word_1_9' title='bbox 2524 388 2589 396; x_wconf 84' lang='lat'><strong><em>——</em></strong></span> <span class='ocrx_word' id='word_1_10' title='bbox 2615 359 2997 416; x_wconf 61' lang='lat' dir='ltr'><strong>lﬂXEGETiCA</strong></span> <span class='ocrx_word' id='word_1_11' title='bbox 3037 364 3351 420; x_wconf 75' lang='lat' dir='ltr'><strong>GENUINA.</strong></span> 
     </span>
    </p>
   </div>
   <div class='ocr_carea' id='block_1_3' title="bbox 3678 374 3766 427">
    <p class='ocr_par' dir='ltr' id='par_1_3' title="bbox 3678 374 3766 427">
     <span class='ocr_line' id='line_1_3' title="bbox 3678 374 3766 427; baseline -0.034 0"><span class='ocrx_word' id='word_1_12' title='bbox 3678 374 3766 427; x_wconf 69' lang='grc' dir='ltr'><strong>8ῗέ</strong></span> 
     </span>
    </p>
   </div>
   <div class='ocr_carea' id='block_1_4' title="bbox 551 452 3766 542">
    <p class='ocr_par' dir='ltr' id='par_1_4' title="bbox 551 452 3766 542">
     <span class='ocr_line' id='line_1_4' title="bbox 551 452 3766 542; baseline 0.008 -38"><span class='ocrx_word' id='word_1_13' title='bbox 551 467 675 505; x_wconf 88' lang='lat' dir='ltr'><strong>num</strong></span> <span class='ocrx_word' id='word_1_14' title='bbox 722 454 885 505; x_wconf 85' lang='lat' dir='ltr'><strong>malus</strong></span> <span class='ocrx_word' id='word_1_15' title='bbox 932 452 1153 519; x_wconf 85' lang='lat' dir='ltr'><strong>accepit.</strong></span> <span class='ocrx_word' id='word_1_16' title='bbox 1206 454 1419 509; x_wconf 78' lang='lat' dir='ltr'><strong>Multum</strong></span> <span class='ocrx_word' id='word_1_17' title='bbox 1454 460 1645 527; x_wconf 81' lang='lat' dir='ltr'><strong>quippe</strong></span> <span class='ocrx_word' id='word_1_18' title='bbox 1692 460 1938 524; x_wconf 86' lang='lat' dir='ltr'><strong>interest,</strong></span> <span class='ocrx_word' id='word_1_19' title='bbox 1998 477 2101 515; x_wconf 85' lang='lat' dir='ltr'><strong>non</strong></span> <span class='ocrx_word' id='word_1_20' title='bbox 2136 465 2178 522; x_wconf 82' lang='grc' dir='ltr'><strong>Α</strong></span> <span class='ocrx_word' id='word_1_21' title='bbox 2208 463 2297 536; x_wconf 81' lang='lat' dir='ltr'><strong>sed</strong></span> <span class='ocrx_word' id='word_1_22' title='bbox 2326 465 2761 529; x_wconf 72' lang='lat' dir='ltr'><strong>prmdixit.1ud:e</strong></span> <span class='ocrx_word' id='word_1_23' title='bbox 2784 471 2999 535; x_wconf 83' lang='lat' dir='ltr'><strong>malum,</strong></span> <span class='ocrx_word' id='word_1_24' title='bbox 3028 473 3178 527; x_wconf 87' lang='lat' dir='ltr'><strong>nobis</strong></span> <span class='ocrx_word' id='word_1_25' title='bbox 3199 475 3420 530; x_wconf 93' lang='lat' dir='ltr'><strong>bonum.</strong></span> <span class='ocrx_word' id='word_1_26' title='bbox 3449 476 3589 542; x_wconf 88' lang='lat' dir='ltr'><strong>Quid</strong></span> <span class='ocrx_word' id='word_1_27' title='bbox 3636 479 3766 531; x_wconf 88' lang='lat' dir='ltr'><strong>enim</strong></span> 
     </span>
    </p>
   </div>
   <div class='ocr_carea' id='block_1_5' title="bbox 544 542 2098 620">
    <p class='ocr_par' dir='ltr' id='par_1_5' title="bbox 544 542 2098 620">
     <span class='ocr_line' id='line_1_5' title="bbox 544 542 2098 620; baseline 0.008 -30"><span class='ocrx_word' id='word_1_28' title='bbox 544 543 681 610; x_wconf 78' lang='lat' dir='ltr'><strong>quod</strong></span> <span class='ocrx_word' id='word_1_29' title='bbox 719 544 1033 611; x_wconf 89' lang='lat' dir='ltr'><strong>accipiatur,</strong></span> <span class='ocrx_word' id='word_1_30' title='bbox 1074 542 1165 597; x_wconf 89' lang='lat' dir='ltr'><strong>sed</strong></span> <span class='ocrx_word' id='word_1_31' title='bbox 1212 545 1326 613; x_wconf 86' lang='lat' dir='ltr'><strong>quis</strong></span> <span class='ocrx_word' id='word_1_32' title='bbox 1368 547 1626 614; x_wconf 71' lang='lat' dir='ltr'><strong>accipiat;</strong></span> <span class='ocrx_word' id='word_1_33' title='bbox 1677 567 1773 603; x_wconf 89' lang='lat' dir='ltr'><strong>nec</strong></span> <span class='ocrx_word' id='word_1_34' title='bbox 1818 553 1973 620; x_wconf 83' lang='lat' dir='ltr'><strong>quale</strong></span> <span class='ocrx_word' id='word_1_35' title='bbox 2028 555 2098 606; x_wconf 79' lang='lat' dir='ltr'><strong>sit</strong></span> 
     </span>
    </p>
   </div>
   <div class='ocr_carea' id='block_1_6' title="bbox 548 636 2093 707">
    <p class='ocr_par' dir='ltr' id='par_1_6' title="bbox 548 636 2093 707">
     <span class='ocr_line' id='line_1_6' title="bbox 548 636 2093 707; baseline 0.009 -20"><span class='ocrx_word' id='word_1_36' title='bbox 548 636 695 705; x_wconf 68' lang='lat' dir='ltr'><strong>quod</strong></span> <span class='ocrx_word' id='word_1_37' title='bbox 717 637 893 702; x_wconf 81' lang='lat' dir='ltr'><strong>datur,</strong></span> <span class='ocrx_word' id='word_1_38' title='bbox 922 637 1013 689; x_wconf 89' lang='lat' dir='ltr'><strong>sed</strong></span> <span class='ocrx_word' id='word_1_39' title='bbox 1042 637 1211 705; x_wconf 87' lang='lat' dir='ltr'><strong>qualis</strong></span> <span class='ocrx_word' id='word_1_40' title='bbox 1242 639 1354 707; x_wconf 86' lang='lat' dir='ltr'><strong>ipse</strong></span> <span class='ocrx_word' id='word_1_41' title='bbox 1383 642 1464 693; x_wconf 85' lang='lat' dir='ltr'><strong>cui</strong></span> <span class='ocrx_word' id='word_1_42' title='bbox 1496 640 1669 697; x_wconf 83' lang='lat' dir='ltr'><strong>datur.</strong></span> <span class='ocrx_word' id='word_1_43' title='bbox 1720 645 1847 698; x_wconf 89' lang='lat' dir='ltr'><strong>Nam</strong></span> <span class='ocrx_word' id='word_1_44' title='bbox 1878 655 1932 700; x_wconf 92' lang='lat' dir='ltr'><strong>et</strong></span> <span class='ocrx_word' id='word_1_45' title='bbox 1958 646 2093 701; x_wconf 87' lang='lat' dir='ltr'><strong>bona</strong></span> 
     </span>
    </p>
   </div>
   <div class='ocr_carea' id='block_1_7' title="bbox 549 729 2093 804">
    <p class='ocr_par' dir='ltr' id='par_1_7' title="bbox 549 729 2093 804">
     <span class='ocr_line' id='line_1_7' title="bbox 549 729 2093 804; baseline 0.011 -30"><span class='ocrx_word' id='word_1_46' title='bbox 549 729 761 791; x_wconf 83' lang='lat' dir='ltr'><strong>obsunt,</strong></span> <span class='ocrx_word' id='word_1_47' title='bbox 794 730 997 781; x_wconf 87' lang='lat' dir='ltr'><strong>etmala</strong></span> <span class='ocrx_word' id='word_1_48' title='bbox 1028 739 1267 795; x_wconf 89' lang='lat' dir='ltr'><strong>prosunt,</strong></span> <span class='ocrx_word' id='word_1_49' title='bbox 1293 730 1429 785; x_wconf 90' lang='lat' dir='ltr'><strong>sicut</strong></span> <span class='ocrx_word' id='word_1_50' title='bbox 1452 731 1645 787; x_wconf 76' lang='lat' dir='ltr'><strong>fuerint</strong></span> <span class='ocrx_word' id='word_1_51' title='bbox 1670 736 1857 804; x_wconf 88' lang='lat' dir='ltr'><strong>quibus</strong></span> <span class='ocrx_word' id='word_1_52' title='bbox 1878 738 2093 791; x_wconf 89' lang='lat' dir='ltr'><strong>dantur.</strong></span> 
     </span>
    </p>
   </div>
   <div class='ocr_carea' id='block_1_8' title="bbox 551 814 2093 896">
    <p class='ocr_par' dir='ltr' id='par_1_8' title="bbox 551 814 2093 896">
     <span class='ocr_line' id='line_1_8' title="bbox 551 814 2093 896; baseline 0.01 -29"><span class='ocrx_word' id='word_1_53' title='bbox 551 814 832 882; x_wconf 78' lang='lat' dir='ltr'><strong>Peccatum,</strong></span> <span class='ocrx_word' id='word_1_54' title='bbox 885 818 1381 887; x_wconf 79' lang='lat' dir='ltr'><strong>inquitApostolus,</strong></span> <span class='ocrx_word' id='word_1_55' title='bbox 1435 833 1488 876; x_wconf 86' lang='lat' dir='ltr'><strong>ut</strong></span> <span class='ocrx_word' id='word_1_56' title='bbox 1517 836 1763 893; x_wconf 74' lang='lat' dir='ltr'><strong>appareat</strong></span> <span class='ocrx_word' id='word_1_57' title='bbox 1812 840 2093 896; x_wconf 80' lang='lat' dir='ltr'><strong>peccatum,</strong></span> 
     </span>
    </p>
   </div>
   <div class='ocr_carea' id='block_1_9' title="bbox 534 907 2088 987">
    <p class='ocr_par' dir='ltr' id='par_1_9' title="bbox 534 907 2088 987">
     <span class='ocr_line' id='line_1_9' title="bbox 534 907 2088 987; baseline 0.014 -34"><span class='ocrx_word' id='word_1_58' title='bbox 534 919 628 970; x_wconf 79' lang='lat' dir='ltr'><strong>per</strong></span> <span class='ocrx_word' id='word_1_59' title='bbox 670 907 854 959; x_wconf 86' lang='lat' dir='ltr'><strong>bonum</strong></span> <span class='ocrx_word' id='word_1_60' title='bbox 898 910 1018 960; x_wconf 80' lang='lat' dir='ltr'><strong>mihi</strong></span> <span class='ocrx_word' id='word_1_61' title='bbox 1065 920 1325 976; x_wconf 83' lang='lat' dir='ltr'><strong>operatum</strong></span> <span class='ocrx_word' id='word_1_62' title='bbox 1362 922 1433 965; x_wconf 82' lang='lat' dir='ltr'><strong>est</strong></span> <span class='ocrx_word' id='word_1_63' title='bbox 1483 925 1694 968; x_wconf 82' lang='lat' dir='ltr'><strong>mortem</strong></span> <span class='ocrx_word' id='word_1_64' title='bbox 1742 916 1795 987; x_wconf 89' lang='lat' dir='ltr'><strong>(l</strong></span> <span class='ocrx_word' id='word_1_65' title='bbox 1831 916 1947 972; x_wconf 89' lang='lat' dir='ltr'><strong>Cor.</strong></span> <span class='ocrx_word' id='word_1_66' title='bbox 1994 923 2088 987; x_wconf 87' lang='lat' dir='ltr'><strong>xt).</strong></span> 
     </span>
    </p>
   </div>
   <div class='ocr_carea' id='block_1_10' title="bbox 546 995 2095 1075">
    <p class='ocr_par' dir='ltr' id='par_1_10' title="bbox 546 995 2095 1075">
     <span class='ocr_line' id='line_1_10' title="bbox 546 995 2095 1075; baseline 0.012 -29"><span class='ocrx_word' id='word_1_67' title='bbox 546 995 680 1050; x_wconf 72' lang='lat' dir='ltr'><strong>Ecce</strong></span> <span class='ocrx_word' id='word_1_68' title='bbox 713 1013 804 1065; x_wconf 88' lang='lat' dir='ltr'><strong>per</strong></span> <span class='ocrx_word' id='word_1_69' title='bbox 834 999 1026 1053; x_wconf 78' lang='lat' dir='ltr'><strong>bunum</strong></span> <span class='ocrx_word' id='word_1_70' title='bbox 1056 1000 1247 1055; x_wconf 80' lang='lat' dir='ltr'><strong>factum</strong></span> <span class='ocrx_word' id='word_1_71' title='bbox 1279 1011 1358 1057; x_wconf 89' lang='lat' dir='ltr'><strong>est</strong></span> <span class='ocrx_word' id='word_1_72' title='bbox 1394 1006 1609 1075; x_wconf 90' lang='lat' dir='ltr'><strong>malum,</strong></span> <span class='ocrx_word' id='word_1_73' title='bbox 1644 1009 1766 1062; x_wconf 91' lang='lat' dir='ltr'><strong>dum</strong></span> <span class='ocrx_word' id='word_1_74' title='bbox 1796 1012 1929 1064; x_wconf 88' lang='lat' dir='ltr'><strong>male</strong></span> <span class='ocrx_word' id='word_1_75' title='bbox 1957 1012 2095 1065; x_wconf 89' lang='lat' dir='ltr'><strong>acci-</strong></span> 
     </span>
    </p>
   </div>
   <div class='ocr_carea' id='block_1_11' title="bbox 545 1089 2093 1169">
    <p class='ocr_par' dir='ltr' id='par_1_11' title="bbox 545 1089 2093 1169">
     <span class='ocr_line' id='line_1_11' title="bbox 545 1089 2093 1169; baseline 0.012 -33"><span class='ocrx_word' id='word_1_76' title='bbox 545 1089 682 1151; x_wconf 88' lang='lat' dir='ltr'><strong>pitur</strong></span> <span class='ocrx_word' id='word_1_77' title='bbox 715 1091 927 1169; x_wconf 86' lang='lat' dir='ltr'><strong>bonum.</strong></span> <span class='ocrx_word' id='word_1_78' title='bbox 958 1092 1090 1157; x_wconf 82' lang='lat' dir='ltr'><strong>Quid</strong></span> <span class='ocrx_word' id='word_1_79' title='bbox 1123 1110 1247 1162; x_wconf 84' lang='lat' dir='ltr'><strong>ergo</strong></span> <span class='ocrx_word' id='word_1_80' title='bbox 1276 1096 1503 1159; x_wconf 87' lang='lat' dir='ltr'><strong>miraris,</strong></span> <span class='ocrx_word' id='word_1_81' title='bbox 1530 1096 1571 1150; x_wconf 91' lang='lat' dir='ltr'><strong>si</strong></span> <span class='ocrx_word' id='word_1_82' title='bbox 1596 1100 1747 1154; x_wconf 84' lang='lat' dir='ltr'><strong>datus</strong></span> <span class='ocrx_word' id='word_1_83' title='bbox 1774 1099 1917 1154; x_wconf 61' lang='grc' dir='ltr'><strong>Ιυάιε</strong></span> <span class='ocrx_word' id='word_1_84' title='bbox 1943 1102 2093 1169; x_wconf 86' lang='lat' dir='ltr'><strong>panis</strong></span> 
     </span>
    </p>
   </div>
   <div class='ocr_carea' id='block_1_12' title="bbox 542 1164 2092 1255">
    <p class='ocr_par' dir='ltr' id='par_1_12' title="bbox 542 1164 2092 1255">
     <span class='ocr_line' id='line_1_12' title="bbox 542 1164 2092 1255; baseline 0.012 -28"><span class='ocrx_word' id='word_1_85' title='bbox 542 1170 754 1242; x_wconf 68' lang='lat' dir='ltr'><strong>Christi,</strong></span> <span class='ocrx_word' id='word_1_86' title='bbox 782 1194 875 1247; x_wconf 89' lang='lat' dir='ltr'><strong>per</strong></span> <span class='ocrx_word' id='word_1_87' title='bbox 904 1164 1055 1249; x_wconf 71' lang='lat' dir='ltr'><strong>quem</strong></span> <span class='ocrx_word' id='word_1_88' title='bbox 1080 1186 1470 1253; x_wconf 88' lang='lat' dir='ltr'><strong>manciparetur</strong></span> <span class='ocrx_word' id='word_1_89' title='bbox 1500 1188 1735 1255; x_wconf 80' lang='lat' dir='ltr'><strong>diabolo,</strong></span> <span class='ocrx_word' id='word_1_90' title='bbox 1771 1206 1887 1244; x_wconf 90' lang='lat' dir='ltr'><strong>cum</strong></span> <span class='ocrx_word' id='word_1_91' title='bbox 1914 1192 2092 1245; x_wconf 86' lang='lat' dir='ltr'><strong>videas</strong></span> 
     </span>
    </p>
   </div>
   <div class='ocr_carea' id='block_1_13' title="bbox 540 1270 2089 1349">
    <p class='ocr_par' dir='ltr' id='par_1_13' title="bbox 540 1270 2089 1349">
     <span class='ocr_line' id='line_1_13' title="bbox 540 1270 2089 1349; baseline 0.01 -30"><span class='ocrx_word' id='word_1_92' title='bbox 540 1283 570 1320; x_wconf 87' lang='lat' dir='ltr'><strong>e</strong></span> <span class='ocrx_word' id='word_1_93' title='bbox 600 1272 866 1323; x_wconf 88' lang='lat' dir='ltr'><strong>contrario</strong></span> <span class='ocrx_word' id='word_1_94' title='bbox 884 1270 1067 1325; x_wconf 86' lang='lat' dir='ltr'><strong>datum</strong></span> <span class='ocrx_word' id='word_1_95' title='bbox 1103 1274 1265 1328; x_wconf 85' lang='lat' dir='ltr'><strong>Paulo</strong></span> <span class='ocrx_word' id='word_1_96' title='bbox 1288 1276 1531 1345; x_wconf 81' lang='lat' dir='ltr'><strong>angelum</strong></span> <span class='ocrx_word' id='word_1_97' title='bbox 1564 1279 1778 1343; x_wconf 88' lang='lat' dir='ltr'><strong>diaboli,</strong></span> <span class='ocrx_word' id='word_1_98' title='bbox 1810 1297 1904 1349; x_wconf 92' lang='lat' dir='ltr'><strong>per</strong></span> <span class='ocrx_word' id='word_1_99' title='bbox 1934 1297 2089 1346; x_wconf 86' lang='lat' dir='ltr'><strong>quem</strong></span> 
     </span>
    </p>
   </div>
   <div class='ocr_carea' id='block_1_14' title="bbox 542 1360 2087 1435">
    <p class='ocr_par' dir='ltr' id='par_1_14' title="bbox 542 1360 2087 1435">
     <span class='ocr_line' id='line_1_14' title="bbox 542 1360 2087 1435; baseline 0.009 -24"><span class='ocrx_word' id='word_1_100' title='bbox 542 1360 878 1425; x_wconf 72' lang='lat' dir='ltr'><strong>perﬁceretur</strong></span> <span class='ocrx_word' id='word_1_101' title='bbox 905 1362 954 1414; x_wconf 86' lang='lat' dir='ltr'><strong>in</strong></span> <span class='ocrx_word' id='word_1_102' title='bbox 990 1362 1239 1419; x_wconf 82' lang='lat' dir='ltr'><strong>Christo?</strong></span> <span class='ocrx_word' id='word_1_103' title='bbox 1288 1365 1362 1418; x_wconf 89' lang='lat' dir='ltr'><strong>lla</strong></span> <span class='ocrx_word' id='word_1_104' title='bbox 1391 1374 1445 1420; x_wconf 88' lang='lat' dir='ltr'><strong>et</strong></span> <span class='ocrx_word' id='word_1_105' title='bbox 1475 1368 1611 1421; x_wconf 89' lang='lat' dir='ltr'><strong>malo</strong></span> <span class='ocrx_word' id='word_1_106' title='bbox 1642 1368 1835 1422; x_wconf 88' lang='lat' dir='ltr'><strong>bonum</strong></span> <span class='ocrx_word' id='word_1_107' title='bbox 1885 1370 2052 1425; x_wconf 70' lang='lat' dir='ltr'><strong>obfuit</strong></span> <span class='ocrx_word' id='word_1_108' title='bbox 2072 1411 2087 1435; x_wconf 87' lang='lat'><strong>,</strong></span> 
     </span>
    </p>
   </div>
   <div class='ocr_carea' id='block_1_15' title="bbox 540 1453 2093 1522">
    <p class='ocr_par' dir='ltr' id='par_1_15' title="bbox 540 1453 2093 1522">
     <span class='ocr_line' id='line_1_15' title="bbox 540 1453 2093 1522; baseline 0.006 -17"><span class='ocrx_word' id='word_1_109' title='bbox 540 1460 592 1505; x_wconf 84' lang='lat' dir='ltr'><strong>et</strong></span> <span class='ocrx_word' id='word_1_110' title='bbox 622 1453 760 1506; x_wconf 92' lang='lat' dir='ltr'><strong>bono</strong></span> <span class='ocrx_word' id='word_1_111' title='bbox 788 1453 983 1507; x_wconf 82' lang='lat' dir='ltr'><strong>malum</strong></span> <span class='ocrx_word' id='word_1_112' title='bbox 1015 1456 1229 1522; x_wconf 75' lang='lat' dir='ltr'><strong>profuit.</strong></span> <span class='ocrx_word' id='word_1_113' title='bbox 1276 1455 1651 1511; x_wconf 82' lang='lat' dir='ltr'><strong>Rerordamiui</strong></span> <span class='ocrx_word' id='word_1_114' title='bbox 1682 1462 1821 1514; x_wconf 89' lang='lat' dir='ltr'><strong>unde</strong></span> <span class='ocrx_word' id='word_1_115' title='bbox 1852 1462 1919 1514; x_wconf 93' lang='lat' dir='ltr'><strong>sit</strong></span> <span class='ocrx_word' id='word_1_116' title='bbox 1948 1463 2093 1515; x_wconf 86' lang='lat' dir='ltr'><strong>scri-</strong></span> 
     </span>
    </p>
   </div>
   <div class='ocr_carea' id='block_1_16' title="bbox 541 1540 2092 1618">
    <p class='ocr_par' dir='ltr' id='par_1_16' title="bbox 541 1540 2092 1618">
     <span class='ocr_line' id='line_1_16' title="bbox 541 1540 2092 1618; baseline 0.008 -25"><span class='ocrx_word' id='word_1_117' title='bbox 541 1550 684 1608; x_wconf 89' lang='lat' dir='ltr'><strong>ptum</strong></span> <span class='ocrx_word' id='word_1_118' title='bbox 719 1558 732 1594; x_wconf 91' lang='lat'><strong>:</strong></span> <span class='ocrx_word' id='word_1_119' title='bbox 767 1540 1062 1613; x_wconf 76' lang='lat' dir='ltr'><strong>Quicunque</strong></span> <span class='ocrx_word' id='word_1_120' title='bbox 1106 1547 1481 1600; x_wconf 67' lang='lat' dir='ltr'><strong>manducauerit</strong></span> <span class='ocrx_word' id='word_1_121' title='bbox 1527 1565 1739 1618; x_wconf 80' lang='lat' dir='ltr'><strong>panem,</strong></span> <span class='ocrx_word' id='word_1_122' title='bbox 1779 1560 1865 1603; x_wconf 88' lang='lat' dir='ltr'><strong>aut</strong></span> <span class='ocrx_word' id='word_1_123' title='bbox 1918 1553 2092 1605; x_wconf 86' lang='lat' dir='ltr'><strong>biberit</strong></span> 
     </span>
    </p>
   </div>
   <div class='ocr_carea' id='block_1_17' title="bbox 538 1634 2089 1715">
    <p class='ocr_par' dir='ltr' id='par_1_17' title="bbox 538 1634 2089 1715">
     <span class='ocr_line' id='line_1_17' title="bbox 538 1634 2089 1715; baseline 0.01 -31"><span class='ocrx_word' id='word_1_124' title='bbox 538 1634 743 1687; x_wconf 78' lang='lat' dir='ltr'><strong>culicem</strong></span> <span class='ocrx_word' id='word_1_125' title='bbox 764 1634 969 1689; x_wconf 78' lang='lat' dir='ltr'><strong>Domini</strong></span> <span class='ocrx_word' id='word_1_126' title='bbox 996 1638 1220 1708; x_wconf 80' lang='lat' dir='ltr'><strong>indigne,</strong></span> <span class='ocrx_word' id='word_1_127' title='bbox 1242 1656 1358 1692; x_wconf 84' lang='lat' dir='ltr'><strong>reus</strong></span> <span class='ocrx_word' id='word_1_128' title='bbox 1379 1642 1473 1693; x_wconf 78' lang='lat' dir='ltr'><strong>crit</strong></span> <span class='ocrx_word' id='word_1_129' title='bbox 1496 1644 1722 1711; x_wconf 78' lang='lat' dir='ltr'><strong>corporis</strong></span> <span class='ocrx_word' id='word_1_130' title='bbox 1746 1656 1792 1696; x_wconf 88' lang='lat' dir='ltr'><strong>et</strong></span> <span class='ocrx_word' id='word_1_131' title='bbox 1821 1646 2089 1715; x_wconf 71' lang='lat' dir='ltr'><strong>sanguinis</strong></span> 
     </span>
    </p>
   </div>
   <div class='ocr_carea' id='block_1_18' title="bbox 538 1723 2090 1802">
    <p class='ocr_par' dir='ltr' id='par_1_18' title="bbox 538 1723 2090 1802">
     <span class='ocr_line' id='line_1_18' title="bbox 538 1723 2090 1802; baseline 0.012 -29"><span class='ocrx_word' id='word_1_132' title='bbox 538 1723 764 1778; x_wconf 85' lang='lat' dir='ltr'><strong>Domini.</strong></span> <span class='ocrx_word' id='word_1_133' title='bbox 802 1726 865 1778; x_wconf 87' lang='lat' dir='ltr'><strong>Et</strong></span> <span class='ocrx_word' id='word_1_134' title='bbox 906 1726 971 1779; x_wconf 89' lang='lat' dir='ltr'><strong>de</strong></span> <span class='ocrx_word' id='word_1_135' title='bbox 1005 1728 1085 1781; x_wconf 89' lang='lat' dir='ltr'><strong>his</strong></span> <span class='ocrx_word' id='word_1_136' title='bbox 1116 1738 1224 1781; x_wconf 85' lang='lat' dir='ltr'><strong>erat</strong></span> <span class='ocrx_word' id='word_1_137' title='bbox 1256 1745 1433 1784; x_wconf 86' lang='lat' dir='ltr'><strong>sermo</strong></span> <span class='ocrx_word' id='word_1_138' title='bbox 1460 1774 1472 1796; x_wconf 91' lang='lat'><strong>,</strong></span> <span class='ocrx_word' id='word_1_139' title='bbox 1524 1748 1641 1785; x_wconf 78' lang='lat' dir='ltr'><strong>cum</strong></span> <span class='ocrx_word' id='word_1_140' title='bbox 1682 1734 1778 1786; x_wconf 89' lang='lat' dir='ltr'><strong>hoc</strong></span> <span class='ocrx_word' id='word_1_141' title='bbox 1807 1736 2090 1802; x_wconf 75' lang='lat' dir='ltr'><strong>Apostolus</strong></span> 
     </span>
    </p>
   </div>
   <div class='ocr_carea' id='block_1_19' title="bbox 536 1814 2091 1893">
    <p class='ocr_par' dir='ltr' id='par_1_19' title="bbox 536 1814 2091 1893">
     <span class='ocr_line' id='line_1_19' title="bbox 536 1814 2091 1893; baseline 0.013 -31"><span class='ocrx_word' id='word_1_142' title='bbox 536 1814 756 1881; x_wconf 80' lang='lat' dir='ltr'><strong>diceret,</strong></span> <span class='ocrx_word' id='word_1_143' title='bbox 805 1816 923 1882; x_wconf 84' lang='lat' dir='ltr'><strong>quia</strong></span> <span class='ocrx_word' id='word_1_144' title='bbox 957 1815 1160 1870; x_wconf 83' lang='lat' dir='ltr'><strong>Domini</strong></span> <span class='ocrx_word' id='word_1_145' title='bbox 1206 1833 1396 1887; x_wconf 87' lang='lat' dir='ltr'><strong>corpus</strong></span> <span class='ocrx_word' id='word_1_146' title='bbox 1430 1824 1565 1876; x_wconf 82' lang='lat' dir='ltr'><strong>velut</strong></span> <span class='ocrx_word' id='word_1_147' title='bbox 1594 1826 1883 1893; x_wconf 76' lang='lat' dir='ltr'><strong>quemlibet</strong></span> <span class='ocrx_word' id='word_1_148' title='bbox 1929 1829 2091 1882; x_wconf 88' lang='lat' dir='ltr'><strong>alium</strong></span> 
     </span>
    </p>
   </div>
   <div class='ocr_carea' id='block_1_20' title="bbox 542 1906 2097 1979">
    <p class='ocr_par' dir='ltr' id='par_1_20' title="bbox 542 1906 2097 1979">
     <span class='ocr_line' id='line_1_20' title="bbox 542 1906 2097 1979; baseline 0.011 -22"><span class='ocrx_word' id='word_1_149' title='bbox 542 1906 718 1959; x_wconf 78' lang='lat' dir='ltr'><strong>cilzum</strong></span> <span class='ocrx_word' id='word_1_150' title='bbox 779 1908 1065 1963; x_wconf 88' lang='lat' dir='ltr'><strong>indiscrete</strong></span> <span class='ocrx_word' id='word_1_151' title='bbox 1132 1912 1565 1979; x_wconf 81' lang='lat' dir='ltr'><strong>negligentcrque</strong></span> <span class='ocrx_word' id='word_1_152' title='bbox 1617 1918 1913 1971; x_wconf 90' lang='lat' dir='ltr'><strong>sumebant.</strong></span> <span class='ocrx_word' id='word_1_153' title='bbox 2005 1921 2097 1974; x_wconf 89' lang='lat' dir='ltr'><strong>Hic</strong></span> 
     </span>
    </p>
   </div>
   <div class='ocr_carea' id='block_1_21' title="bbox 537 1998 2097 2077">
    <p class='ocr_par' dir='ltr' id='par_1_21' title="bbox 537 1998 2097 2077">
     <span class='ocr_line' id='line_1_21' title="bbox 537 1998 2097 2077; baseline 0.011 -29"><span class='ocrx_word' id='word_1_154' title='bbox 537 2011 663 2067; x_wconf 81' lang='lat' dir='ltr'><strong>ergo</strong></span> <span class='ocrx_word' id='word_1_155' title='bbox 697 1998 741 2051; x_wconf 97' lang='lat' dir='ltr'><strong>si</strong></span> <span class='ocrx_word' id='word_1_156' title='bbox 774 1998 1069 2067; x_wconf 89' lang='lat' dir='ltr'><strong>corripitur</strong></span> <span class='ocrx_word' id='word_1_157' title='bbox 1114 2001 1199 2068; x_wconf 90' lang='lat' dir='ltr'><strong>qui</strong></span> <span class='ocrx_word' id='word_1_158' title='bbox 1234 2018 1337 2055; x_wconf 91' lang='lat' dir='ltr'><strong>non</strong></span> <span class='ocrx_word' id='word_1_159' title='bbox 1392 2005 1662 2072; x_wconf 70' lang='lat' dir='ltr'><strong>diiudicat,</strong></span> <span class='ocrx_word' id='word_1_160' title='bbox 1716 2009 1813 2063; x_wconf 90' lang='lat' dir='ltr'><strong>hoc</strong></span> <span class='ocrx_word' id='word_1_161' title='bbox 1838 2020 1941 2077; x_wconf 88' lang='lat' dir='ltr'><strong>est,</strong></span> <span class='ocrx_word' id='word_1_162' title='bbox 1995 2026 2097 2065; x_wconf 90' lang='lat' dir='ltr'><strong>non</strong></span> 
     </span>
    </p>
   </div>
   <div class='ocr_carea' id='block_1_22' title="bbox 536 2088 2100 2170">
    <p class='ocr_par' dir='ltr' id='par_1_22' title="bbox 536 2088 2100 2170">
     <span class='ocr_line' id='line_1_22' title="bbox 536 2088 2100 2170; baseline 0.012 -32"><span class='ocrx_word' id='word_1_163' title='bbox 536 2088 795 2142; x_wconf 75' lang='lat' dir='ltr'><strong>discernit</strong></span> <span class='ocrx_word' id='word_1_164' title='bbox 819 2105 846 2142; x_wconf 91' lang='lat' dir='ltr'><strong>a</strong></span> <span class='ocrx_word' id='word_1_165' title='bbox 872 2092 1078 2146; x_wconf 56' lang='lat' dir='ltr'><strong>exteris</strong></span> <span class='ocrx_word' id='word_1_166' title='bbox 1104 2094 1231 2147; x_wconf 81' lang='lat' dir='ltr'><strong>cibis</strong></span> <span class='ocrx_word' id='word_1_167' title='bbox 1254 2095 1571 2150; x_wconf 86' lang='lat' dir='ltr'><strong>dominicum</strong></span> <span class='ocrx_word' id='word_1_168' title='bbox 1596 2113 1809 2167; x_wconf 83' lang='lat' dir='ltr'><strong>corpus,</strong></span> <span class='ocrx_word' id='word_1_169' title='bbox 1834 2103 2100 2170; x_wconf 72' lang='lat' dir='ltr'><strong>quomodo</strong></span> 
     </span>
    </p>
   </div>
   <div class='ocr_carea' id='block_1_23' title="bbox 542 2175 2098 2257">
    <p class='ocr_par' dir='ltr' id='par_1_23' title="bbox 542 2175 2098 2257">
     <span class='ocr_line' id='line_1_23' title="bbox 542 2175 2098 2257; baseline 0.012 -26"><span class='ocrx_word' id='word_1_170' title='bbox 542 2175 820 2233; x_wconf 74' lang='lat' dir='ltr'><strong>damnatur</strong></span> <span class='ocrx_word' id='word_1_171' title='bbox 858 2180 945 2249; x_wconf 91' lang='lat' dir='ltr'><strong>qui</strong></span> <span class='ocrx_word' id='word_1_172' title='bbox 994 2183 1054 2233; x_wconf 91' lang='lat' dir='ltr'><strong>ad</strong></span> <span class='ocrx_word' id='word_1_173' title='bbox 1105 2183 1218 2250; x_wconf 84' lang='lat' dir='ltr'><strong>ejus</strong></span> <span class='ocrx_word' id='word_1_174' title='bbox 1249 2199 1482 2239; x_wconf 79' lang='lat' dir='ltr'><strong>mensam</strong></span> <span class='ocrx_word' id='word_1_175' title='bbox 1515 2186 1718 2257; x_wconf 77' lang='lat' dir='ltr'><strong>ﬁngens</strong></span> <span class='ocrx_word' id='word_1_176' title='bbox 1750 2193 1973 2245; x_wconf 69' lang='lat' dir='ltr'><strong>amicum</strong></span> <span class='ocrx_word' id='word_1_177' title='bbox 2007 2208 2098 2250; x_wconf 88' lang='lat' dir='ltr'><strong>ac-</strong></span> 
     </span>
    </p>
   </div>
   <div class='ocr_carea' id='block_1_24' title="bbox 538 2264 2099 2351">
    <p class='ocr_par' dir='ltr' id='par_1_24' title="bbox 538 2264 2099 2351">
     <span class='ocr_line' id='line_1_24' title="bbox 538 2264 2099 2351; baseline 0.012 -34"><span class='ocrx_word' id='word_1_178' title='bbox 538 2264 677 2319; x_wconf 81' lang='lat' dir='ltr'><strong>cedit</strong></span> <span class='ocrx_word' id='word_1_179' title='bbox 720 2267 998 2322; x_wconf 76' lang='lat' dir='ltr'><strong>iuimicus?</strong></span> <span class='ocrx_word' id='word_1_180' title='bbox 1031 2269 1083 2324; x_wconf 91' lang='lat' dir='ltr'><strong>Si</strong></span> <span class='ocrx_word' id='word_1_181' title='bbox 1127 2273 1536 2339; x_wconf 78' lang='lat' dir='ltr'><strong>reprehensione</strong></span> <span class='ocrx_word' id='word_1_182' title='bbox 1564 2280 1793 2347; x_wconf 81' lang='lat' dir='ltr'><strong>tangitur</strong></span> <span class='ocrx_word' id='word_1_183' title='bbox 1830 2282 2099 2351; x_wconf 83' lang='lat' dir='ltr'><strong>negligen-</strong></span> 
     </span>
    </p>
   </div>
   <div class='ocr_carea' id='block_1_25' title="bbox 541 2356 2097 2429">
    <p class='ocr_par' dir='ltr' id='par_1_25' title="bbox 541 2356 2097 2429">
     <span class='ocr_line' id='line_1_25' title="bbox 541 2356 2097 2429; baseline 0.013 -24"><span class='ocrx_word' id='word_1_184' title='bbox 541 2356 607 2407; x_wconf 86' lang='lat' dir='ltr'><strong>tia</strong></span> <span class='ocrx_word' id='word_1_185' title='bbox 639 2357 989 2422; x_wconf 75' lang='lat' dir='ltr'><strong>eonvivautis,</strong></span> <span class='ocrx_word' id='word_1_186' title='bbox 1025 2375 1125 2427; x_wconf 88' lang='lat' dir='ltr'><strong>qua</strong></span> <span class='ocrx_word' id='word_1_187' title='bbox 1160 2377 1309 2429; x_wconf 77' lang='lat' dir='ltr'><strong>pcena</strong></span> <span class='ocrx_word' id='word_1_188' title='bbox 1345 2371 1632 2427; x_wconf 84' lang='lat' dir='ltr'><strong>percutitur</strong></span> <span class='ocrx_word' id='word_1_189' title='bbox 1678 2372 1918 2423; x_wconf 83' lang='lat' dir='ltr'><strong>venditor</strong></span> <span class='ocrx_word' id='word_1_190' title='bbox 1958 2372 2097 2425; x_wconf 84' lang='lat' dir='ltr'><strong>invi-</strong></span> 
     </span>
    </p>
   </div>
   <div class='ocr_carea' id='block_1_26' title="bbox 539 2449 2095 2523">
    <p class='ocr_par' dir='ltr' id='par_1_26' title="bbox 539 2449 2095 2523">
     <span class='ocr_line' id='line_1_26' title="bbox 539 2449 2095 2523; baseline 0.012 -27"><span class='ocrx_word' id='word_1_191' title='bbox 539 2449 736 2500; x_wconf 79' lang='lat' dir='ltr'><strong>tantis?</strong></span> <span class='ocrx_word' id='word_1_192' title='bbox 776 2449 906 2516; x_wconf 87' lang='lat' dir='ltr'><strong>Quid</strong></span> <span class='ocrx_word' id='word_1_193' title='bbox 938 2459 1055 2504; x_wconf 89' lang='lat' dir='ltr'><strong>erat</strong></span> <span class='ocrx_word' id='word_1_194' title='bbox 1082 2463 1253 2505; x_wconf 87' lang='lat' dir='ltr'><strong>autem</strong></span> <span class='ocrx_word' id='word_1_195' title='bbox 1289 2455 1434 2521; x_wconf 89' lang='lat' dir='ltr'><strong>panis</strong></span> <span class='ocrx_word' id='word_1_196' title='bbox 1464 2459 1722 2511; x_wconf 90' lang='lat' dir='ltr'><strong>venditori</strong></span> <span class='ocrx_word' id='word_1_197' title='bbox 1757 2460 1910 2515; x_wconf 89' lang='lat' dir='ltr'><strong>datus</strong></span> <span class='ocrx_word' id='word_1_198' title='bbox 1937 2500 1949 2523; x_wconf 83' lang='lat'><strong>,</strong></span> <span class='ocrx_word' id='word_1_199' title='bbox 1997 2462 2095 2515; x_wconf 61' lang='lat' dir='ltr'><strong>ubi</strong></span> 
     </span>
    </p>
   </div>
   <div class='ocr_carea' id='block_1_27' title="bbox 523 2536 2098 2617">
    <p class='ocr_par' dir='ltr' id='par_1_27' title="bbox 523 2536 2098 2617">
     <span class='ocr_line' id='line_1_27' title="bbox 523 2536 2098 2617; baseline 0.011 -27"><span class='ocrx_word' id='word_1_200' title='bbox 523 2536 923 2593; x_wconf 69' lang='lat' dir='ltr'><strong>demonstratio</strong></span> <span class='ocrx_word' id='word_1_201' title='bbox 966 2544 1049 2595; x_wconf 91' lang='lat' dir='ltr'><strong>cui</strong></span> <span class='ocrx_word' id='word_1_202' title='bbox 1079 2544 1257 2611; x_wconf 69' lang='lat' dir='ltr'><strong>gratim</strong></span> <span class='ocrx_word' id='word_1_203' title='bbox 1304 2546 1496 2601; x_wconf 82' lang='lat' dir='ltr'><strong>luisset</strong></span> <span class='ocrx_word' id='word_1_204' title='bbox 1546 2549 1826 2617; x_wconf 84' lang='lat' dir='ltr'><strong>ingratus?</strong></span> <span class='ocrx_word' id='word_1_205' title='bbox 1880 2554 2098 2607; x_wconf 87' lang='lat' dir='ltr'><strong>Intravit</strong></span> 
     </span>
    </p>
   </div>
   <div class='ocr_carea' id='block_1_28' title="bbox 541 2634 2098 2701">
    <p class='ocr_par' dir='ltr' id='par_1_28' title="bbox 541 2634 2098 2701">
     <span class='ocr_line' id='line_1_28' title="bbox 541 2634 2098 2701; baseline 0.012 -20"><span class='ocrx_word' id='word_1_206' title='bbox 541 2643 670 2697; x_wconf 85' lang='lat' dir='ltr'><strong>ergo</strong></span> <span class='ocrx_word' id='word_1_207' title='bbox 699 2639 819 2699; x_wconf 87' lang='lat' dir='ltr'><strong>post</strong></span> <span class='ocrx_word' id='word_1_208' title='bbox 849 2634 986 2685; x_wconf 87' lang='lat' dir='ltr'><strong>hunc</strong></span> <span class='ocrx_word' id='word_1_209' title='bbox 1036 2648 1220 2701; x_wconf 83' lang='lat' dir='ltr'><strong>panem</strong></span> <span class='ocrx_word' id='word_1_210' title='bbox 1250 2634 1480 2690; x_wconf 89' lang='lat' dir='ltr'><strong>Satanas</strong></span> <span class='ocrx_word' id='word_1_211' title='bbox 1534 2641 1585 2691; x_wconf 91' lang='lat' dir='ltr'><strong>in</strong></span> <span class='ocrx_word' id='word_1_212' title='bbox 1618 2640 1819 2694; x_wconf 88' lang='lat' dir='ltr'><strong>Domini</strong></span> <span class='ocrx_word' id='word_1_213' title='bbox 1878 2643 2098 2699; x_wconf 82' lang='lat' dir='ltr'><strong>tradito-</strong></span> 
     </span>
    </p>
   </div>
   <div class='ocr_carea' id='block_1_29' title="bbox 539 2722 2099 2799">
    <p class='ocr_par' dir='ltr' id='par_1_29' title="bbox 539 2722 2099 2799">
     <span class='ocr_line' id='line_1_29' title="bbox 539 2722 2099 2799; baseline 0.011 -27"><span class='ocrx_word' id='word_1_214' title='bbox 539 2735 652 2773; x_wconf 90' lang='lat' dir='ltr'><strong>rem</strong></span> <span class='ocrx_word' id='word_1_215' title='bbox 681 2761 694 2785; x_wconf 91' lang='lat'><strong>,</strong></span> <span class='ocrx_word' id='word_1_216' title='bbox 739 2730 806 2775; x_wconf 75' lang='lat' dir='ltr'><strong>ut</strong></span> <span class='ocrx_word' id='word_1_217' title='bbox 834 2722 930 2775; x_wconf 87' lang='lat' dir='ltr'><strong>sibi</strong></span> <span class='ocrx_word' id='word_1_218' title='bbox 974 2723 1083 2791; x_wconf 84' lang='lat' dir='ltr'><strong>jam</strong></span> <span class='ocrx_word' id='word_1_219' title='bbox 1152 2725 1396 2779; x_wconf 87' lang='lat' dir='ltr'><strong>traditum</strong></span> <span class='ocrx_word' id='word_1_220' title='bbox 1448 2728 1655 2794; x_wconf 85' lang='lat' dir='ltr'><strong>plenius</strong></span> <span class='ocrx_word' id='word_1_221' title='bbox 1702 2733 1997 2799; x_wconf 89' lang='lat' dir='ltr'><strong>possideret</strong></span> <span class='ocrx_word' id='word_1_222' title='bbox 2046 2736 2099 2789; x_wconf 90' lang='lat' dir='ltr'><strong>in</strong></span> 
     </span>
    </p>
   </div>
   <div class='ocr_carea' id='block_1_30' title="bbox 537 2813 2094 2891">
    <p class='ocr_par' dir='ltr' id='par_1_30' title="bbox 537 2813 2094 2891">
     <span class='ocr_line' id='line_1_30' title="bbox 537 2813 2094 2891; baseline 0.011 -29"><span class='ocrx_word' id='word_1_223' title='bbox 537 2825 692 2879; x_wconf 89' lang='lat' dir='ltr'><strong>quem</strong></span> <span class='ocrx_word' id='word_1_224' title='bbox 726 2813 869 2879; x_wconf 87' lang='lat' dir='ltr'><strong>prius</strong></span> <span class='ocrx_word' id='word_1_225' title='bbox 896 2814 1199 2879; x_wconf 79' lang='lat' dir='ltr'><strong>intraverat,</strong></span> <span class='ocrx_word' id='word_1_226' title='bbox 1233 2827 1285 2869; x_wconf 87' lang='lat' dir='ltr'><strong>ut</strong></span> <span class='ocrx_word' id='word_1_227' title='bbox 1310 2817 1599 2886; x_wconf 83' lang='lat' dir='ltr'><strong>deciperet.</strong></span> <span class='ocrx_word' id='word_1_228' title='bbox 1623 2820 1804 2891; x_wconf 88' lang='lat' dir='ltr'><strong>Neque</strong></span> <span class='ocrx_word' id='word_1_229' title='bbox 1827 2825 1965 2877; x_wconf 90' lang='lat' dir='ltr'><strong>enim</strong></span> <span class='ocrx_word' id='word_1_230' title='bbox 1994 2841 2094 2880; x_wconf 92' lang='lat' dir='ltr'><strong>nou</strong></span> 
     </span>
    </p>
   </div>
   <div class='ocr_carea' id='block_1_31' title="bbox 543 2903 2099 2985">
    <p class='ocr_par' dir='ltr' id='par_1_31' title="bbox 543 2903 2099 2985">
     <span class='ocr_line' id='line_1_31' title="bbox 543 2903 2099 2985; baseline 0.011 -30"><span class='ocrx_word' id='word_1_231' title='bbox 543 2904 594 2955; x_wconf 90' lang='lat' dir='ltr'><strong>iu</strong></span> <span class='ocrx_word' id='word_1_232' title='bbox 622 2903 711 2957; x_wconf 88' lang='lat' dir='ltr'><strong>illo</strong></span> <span class='ocrx_word' id='word_1_233' title='bbox 742 2913 851 2957; x_wconf 89' lang='lat' dir='ltr'><strong>erat</strong></span> <span class='ocrx_word' id='word_1_234' title='bbox 882 2905 1091 2973; x_wconf 87' lang='lat' dir='ltr'><strong>quando</strong></span> <span class='ocrx_word' id='word_1_235' title='bbox 1122 2907 1182 2959; x_wconf 88' lang='lat' dir='ltr'><strong>ad</strong></span> <span class='ocrx_word' id='word_1_236' title='bbox 1214 2908 1422 2963; x_wconf 67' lang='lat' dir='ltr'><strong>Judaaos</strong></span> <span class='ocrx_word' id='word_1_237' title='bbox 1452 2915 1714 2980; x_wconf 88' lang='lat' dir='ltr'><strong>perrexit,</strong></span> <span class='ocrx_word' id='word_1_238' title='bbox 1747 2924 1799 2969; x_wconf 89' lang='lat' dir='ltr'><strong>et</strong></span> <span class='ocrx_word' id='word_1_239' title='bbox 1830 2918 1899 2971; x_wconf 91' lang='lat' dir='ltr'><strong>de</strong></span> <span class='ocrx_word' id='word_1_240' title='bbox 1931 2918 2099 2985; x_wconf 87' lang='lat' dir='ltr'><strong>pretio</strong></span> 
     </span>
    </p>
   </div>
   <div class='ocr_carea' id='block_1_32' title="bbox 542 2993 2098 3075">
    <p class='ocr_par' dir='ltr' id='par_1_32' title="bbox 542 2993 2098 3075">
     <span class='ocr_line' id='line_1_32' title="bbox 542 2993 2098 3075; baseline 0.015 -32"><span class='ocrx_word' id='word_1_241' title='bbox 542 2993 783 3046; x_wconf 87' lang='lat' dir='ltr'><strong>tradendi</strong></span> <span class='ocrx_word' id='word_1_242' title='bbox 842 2996 1048 3049; x_wconf 90' lang='lat' dir='ltr'><strong>Domini</strong></span> <span class='ocrx_word' id='word_1_243' title='bbox 1094 3009 1273 3065; x_wconf 76' lang='lat' dir='ltr'><strong>pactus</strong></span> <span class='ocrx_word' id='word_1_244' title='bbox 1306 3010 1405 3065; x_wconf 88' lang='lat' dir='ltr'><strong>est,</strong></span> <span class='ocrx_word' id='word_1_245' title='bbox 1454 3018 1569 3057; x_wconf 91' lang='lat' dir='ltr'><strong>cum</strong></span> <span class='ocrx_word' id='word_1_246' title='bbox 1623 3006 1719 3061; x_wconf 87' lang='lat' dir='ltr'><strong>hoc</strong></span> <span class='ocrx_word' id='word_1_247' title='bbox 1768 3011 2098 3075; x_wconf 80' lang='lat' dir='ltr'><strong>apertissime</strong></span> 
     </span>
    </p>
   </div>
   <div class='ocr_carea' id='block_1_33' title="bbox 540 3082 2096 3153">
    <p class='ocr_par' dir='ltr' id='par_1_33' title="bbox 540 3082 2096 3153">
     <span class='ocr_line' id='line_1_33' title="bbox 540 3082 2096 3153; baseline 0.013 -22"><span class='ocrx_word' id='word_1_248' title='bbox 540 3082 709 3133; x_wconf 79' lang='lat' dir='ltr'><strong>Lucas</strong></span> <span class='ocrx_word' id='word_1_249' title='bbox 735 3084 1060 3150; x_wconf 60' lang='lat' dir='ltr'><strong>evangelisto</strong></span> <span class='ocrx_word' id='word_1_250' title='bbox 1088 3093 1308 3139; x_wconf 88' lang='lat' dir='ltr'><strong>testetur</strong></span> <span class='ocrx_word' id='word_1_251' title='bbox 1337 3098 1389 3141; x_wconf 86' lang='lat' dir='ltr'><strong>et</strong></span> <span class='ocrx_word' id='word_1_252' title='bbox 1415 3090 1556 3143; x_wconf 88' lang='lat' dir='ltr'><strong>dicat</strong></span> <span class='ocrx_word' id='word_1_253' title='bbox 1582 3109 1593 3144; x_wconf 91' lang='lat'><strong>:</strong></span> <span class='ocrx_word' id='word_1_254' title='bbox 1620 3092 1839 3147; x_wconf 80' lang='lat' dir='ltr'><strong>Intravit</strong></span> <span class='ocrx_word' id='word_1_255' title='bbox 1870 3095 2096 3153; x_wconf 85' lang='lat' dir='ltr'><strong>Satanas</strong></span> 
     </span>
    </p>
   </div>
   <div class='ocr_carea' id='block_1_34' title="bbox 540 3167 2092 3245">
    <p class='ocr_par' dir='ltr' id='par_1_34' title="bbox 540 3167 2092 3245">
     <span class='ocr_line' id='line_1_34' title="bbox 540 3167 2092 3245; baseline 0.013 -25"><span class='ocrx_word' id='word_1_256' title='bbox 540 3170 591 3221; x_wconf 88' lang='lat' dir='ltr'><strong>in</strong></span> <span class='ocrx_word' id='word_1_257' title='bbox 616 3167 826 3236; x_wconf 73' lang='lat' dir='ltr'><strong>ludam,</strong></span> <span class='ocrx_word' id='word_1_258' title='bbox 855 3172 939 3239; x_wconf 82' lang='lat' dir='ltr'><strong>qui</strong></span> <span class='ocrx_word' id='word_1_259' title='bbox 963 3175 1344 3242; x_wconf 76' lang='lat' dir='ltr'><strong>cognominatur</strong></span> <span class='ocrx_word' id='word_1_260' title='bbox 1372 3176 1659 3245; x_wconf 75' lang='lat' dir='ltr'><strong>Iscariotes,</strong></span> <span class='ocrx_word' id='word_1_261' title='bbox 1694 3200 1851 3236; x_wconf 88' lang='lat' dir='ltr'><strong>unum</strong></span> <span class='ocrx_word' id='word_1_262' title='bbox 1881 3186 1942 3238; x_wconf 81' lang='lat' dir='ltr'><strong>de</strong></span> <span class='ocrx_word' id='word_1_263' title='bbox 1968 3187 2092 3240; x_wconf 86' lang='lat' dir='ltr'><strong>duo-</strong></span> 
     </span>
    </p>
   </div>
   <div class='ocr_carea' id='block_1_35' title="bbox 538 3261 2094 3339">
    <p class='ocr_par' dir='ltr' id='par_1_35' title="bbox 538 3261 2094 3339">
     <span class='ocr_line' id='line_1_35' title="bbox 538 3261 2094 3339; baseline 0.013 -29"><span class='ocrx_word' id='word_1_264' title='bbox 538 3261 719 3325; x_wconf 76' lang='lat' dir='ltr'><strong>decim,</strong></span> <span class='ocrx_word' id='word_1_265' title='bbox 744 3271 791 3313; x_wconf 85' lang='lat' dir='ltr'><strong>et</strong></span> <span class='ocrx_word' id='word_1_266' title='bbox 817 3262 957 3321; x_wconf 81' lang='lat' dir='ltr'><strong>abiit.</strong></span> <span class='ocrx_word' id='word_1_267' title='bbox 989 3272 1037 3315; x_wconf 89' lang='lat' dir='ltr'><strong>et</strong></span> <span class='ocrx_word' id='word_1_268' title='bbox 1069 3265 1268 3318; x_wconf 82' lang='lat' dir='ltr'><strong>locutus</strong></span> <span class='ocrx_word' id='word_1_269' title='bbox 1294 3278 1363 3319; x_wconf 85' lang='lat' dir='ltr'><strong>cst</strong></span> <span class='ocrx_word' id='word_1_270' title='bbox 1386 3284 1495 3319; x_wconf 88' lang='lat' dir='ltr'><strong>cum</strong></span> <span class='ocrx_word' id='word_1_271' title='bbox 1522 3271 1830 3339; x_wconf 75' lang='lat' dir='ltr'><strong>principibus</strong></span> <span class='ocrx_word' id='word_1_272' title='bbox 1856 3278 2094 3330; x_wconf 78' lang='lat' dir='ltr'><strong>sacerdo-</strong></span> 
     </span>
    </p>
   </div>
   <div class='ocr_carea' id='block_1_36' title="bbox 539 3349 2097 3430">
    <p class='ocr_par' dir='ltr' id='par_1_36' title="bbox 539 3349 2097 3430">
     <span class='ocr_line' id='line_1_36' title="bbox 539 3349 2097 3430; baseline 0.012 -30"><span class='ocrx_word' id='word_1_273' title='bbox 539 3359 642 3401; x_wconf 89' lang='lat' dir='ltr'><strong>tum</strong></span> <span class='ocrx_word' id='word_1_274' title='bbox 672 3349 823 3417; x_wconf 87' lang='lat' dir='ltr'><strong>(Luc.</strong></span> <span class='ocrx_word' id='word_1_275' title='bbox 851 3352 997 3417; x_wconf 82' lang='lat' dir='ltr'><strong>xxv).</strong></span> <span class='ocrx_word' id='word_1_276' title='bbox 1031 3352 1167 3407; x_wconf 82' lang='lat' dir='ltr'><strong>Ecce</strong></span> <span class='ocrx_word' id='word_1_277' title='bbox 1196 3356 1281 3407; x_wconf 88' lang='lat' dir='ltr'><strong>ubi</strong></span> <span class='ocrx_word' id='word_1_278' title='bbox 1305 3358 1598 3411; x_wconf 88' lang='lat' dir='ltr'><strong>ostenditur</strong></span> <span class='ocrx_word' id='word_1_279' title='bbox 1620 3361 1756 3429; x_wconf 91' lang='lat' dir='ltr'><strong>quod</strong></span> <span class='ocrx_word' id='word_1_280' title='bbox 1789 3363 1895 3430; x_wconf 88' lang='lat' dir='ltr'><strong>jam</strong></span> <span class='ocrx_word' id='word_1_281' title='bbox 1930 3365 2097 3419; x_wconf 90' lang='lat' dir='ltr'><strong>intra-</strong></span> 
     </span>
    </p>
   </div>
   <div class='ocr_carea' id='block_1_37' title="bbox 540 3440 2099 3519">
    <p class='ocr_par' dir='ltr' id='par_1_37' title="bbox 540 3440 2099 3519">
     <span class='ocr_line' id='line_1_37' title="bbox 540 3440 2099 3519; baseline 0.013 -30"><span class='ocrx_word' id='word_1_282' title='bbox 540 3450 691 3492; x_wconf 64' lang='lat' dir='ltr'><strong>verat</strong></span> <span class='ocrx_word' id='word_1_283' title='bbox 718 3440 943 3495; x_wconf 86' lang='lat' dir='ltr'><strong>Satanas</strong></span> <span class='ocrx_word' id='word_1_284' title='bbox 992 3443 1041 3495; x_wconf 93' lang='lat' dir='ltr'><strong>in</strong></span> <span class='ocrx_word' id='word_1_285' title='bbox 1073 3442 1283 3499; x_wconf 86' lang='lat' dir='ltr'><strong>Judam.</strong></span> <span class='ocrx_word' id='word_1_286' title='bbox 1342 3446 1493 3501; x_wconf 85' lang='lat' dir='ltr'><strong>Prius</strong></span> <span class='ocrx_word' id='word_1_287' title='bbox 1522 3464 1649 3519; x_wconf 84' lang='lat' dir='ltr'><strong>ergo</strong></span> <span class='ocrx_word' id='word_1_288' title='bbox 1692 3453 1980 3509; x_wconf 82' lang='lat' dir='ltr'><strong>intraverat</strong></span> <span class='ocrx_word' id='word_1_289' title='bbox 2006 3460 2099 3511; x_wconf 87' lang='lat' dir='ltr'><strong>irn-</strong></span> 
     </span>
    </p>
   </div>
   <div class='ocr_carea' id='block_1_38' title="bbox 531 3530 2099 3609">
    <p class='ocr_par' dir='ltr' id='par_1_38' title="bbox 531 3530 2099 3609">
     <span class='ocr_line' id='line_1_38' title="bbox 531 3530 2099 3609; baseline 0.01 -28"><span class='ocrx_word' id='word_1_290' title='bbox 531 3530 876 3585; x_wconf 82' lang='lat' dir='ltr'><strong>mitteudoin</strong></span> <span class='ocrx_word' id='word_1_291' title='bbox 906 3546 996 3585; x_wconf 90' lang='lat' dir='ltr'><strong>cor</strong></span> <span class='ocrx_word' id='word_1_292' title='bbox 1026 3532 1140 3602; x_wconf 87' lang='lat' dir='ltr'><strong>ejus</strong></span> <span class='ocrx_word' id='word_1_293' title='bbox 1164 3537 1541 3603; x_wconf 75' lang='lat' dir='ltr'><strong>cogitationem</strong></span> <span class='ocrx_word' id='word_1_294' title='bbox 1564 3555 1663 3609; x_wconf 93' lang='lat' dir='ltr'><strong>qua</strong></span> <span class='ocrx_word' id='word_1_295' title='bbox 1693 3543 1923 3599; x_wconf 87' lang='lat' dir='ltr'><strong>traderet</strong></span> <span class='ocrx_word' id='word_1_296' title='bbox 1948 3546 2099 3599; x_wconf 77' lang='lat' dir='ltr'><strong>Chri-</strong></span> 
     </span>
    </p>
   </div>
   <div class='ocr_carea' id='block_1_39' title="bbox 539 3619 2098 3692">
    <p class='ocr_par' dir='ltr' id='par_1_39' title="bbox 539 3619 2098 3692">
     <span class='ocr_line' id='line_1_39' title="bbox 539 3619 2098 3692; baseline 0.011 -17"><span class='ocrx_word' id='word_1_297' title='bbox 539 3632 702 3675; x_wconf 81' lang='lat' dir='ltr'><strong>stum.</strong></span> <span class='ocrx_word' id='word_1_298' title='bbox 724 3619 863 3673; x_wconf 86' lang='lat' dir='ltr'><strong>Talis</strong></span> <span class='ocrx_word' id='word_1_299' title='bbox 892 3619 1152 3691; x_wconf 86' lang='lat' dir='ltr'><strong>enimjam</strong></span> <span class='ocrx_word' id='word_1_300' title='bbox 1178 3638 1390 3682; x_wconf 84' lang='lat' dir='ltr'><strong>venerat</strong></span> <span class='ocrx_word' id='word_1_301' title='bbox 1410 3628 1475 3683; x_wconf 91' lang='lat' dir='ltr'><strong>ad</strong></span> <span class='ocrx_word' id='word_1_302' title='bbox 1494 3632 1830 3687; x_wconf 73' lang='lat' dir='ltr'><strong>cmnandum.</strong></span> <span class='ocrx_word' id='word_1_303' title='bbox 1852 3633 1998 3691; x_wconf 87' lang='lat' dir='ltr'><strong>Nunc</strong></span> <span class='ocrx_word' id='word_1_304' title='bbox 2014 3652 2098 3692; x_wconf 85' lang='lat' dir='ltr'><strong>au-</strong></span> 
     </span>
    </p>
   </div>
   <div class='ocr_carea' id='block_1_40' title="bbox 541 3713 2101 3782">
    <p class='ocr_par' dir='ltr' id='par_1_40' title="bbox 541 3713 2101 3782">
     <span class='ocr_line' id='line_1_40' title="bbox 541 3713 2101 3782; baseline 0.013 -20"><span class='ocrx_word' id='word_1_305' title='bbox 541 3716 988 3778; x_wconf 79' lang='lat' dir='ltr'><strong>tetnpostpanem</strong></span> <span class='ocrx_word' id='word_1_306' title='bbox 1029 3713 1244 3769; x_wconf 81' lang='lat' dir='ltr'><strong>intravit</strong></span> <span class='ocrx_word' id='word_1_307' title='bbox 1267 3716 1319 3769; x_wconf 91' lang='lat' dir='ltr'><strong>in</strong></span> <span class='ocrx_word' id='word_1_308' title='bbox 1342 3732 1485 3781; x_wconf 87' lang='lat' dir='ltr'><strong>eum,</strong></span> <span class='ocrx_word' id='word_1_309' title='bbox 1521 3736 1626 3774; x_wconf 91' lang='lat' dir='ltr'><strong>non</strong></span> <span class='ocrx_word' id='word_1_310' title='bbox 1672 3724 1733 3775; x_wconf 86' lang='lat' dir='ltr'><strong>ad</strong></span> <span class='ocrx_word' id='word_1_311' title='bbox 1764 3723 1865 3779; x_wconf 92' lang='lat' dir='ltr'><strong>hoc</strong></span> <span class='ocrx_word' id='word_1_312' title='bbox 1888 3738 1941 3779; x_wconf 91' lang='lat' dir='ltr'><strong>ut</strong></span> <span class='ocrx_word' id='word_1_313' title='bbox 1971 3728 2101 3782; x_wconf 58' lang='lat' dir='ltr'><strong>alic-</strong></span> 
     </span>
    </p>
   </div>
   <div class='ocr_carea' id='block_1_41' title="bbox 542 3802 2101 3877">
    <p class='ocr_par' dir='ltr' id='par_1_41' title="bbox 542 3802 2101 3877">
     <span class='ocr_line' id='line_1_41' title="bbox 542 3802 2101 3877; baseline 0.013 -26"><span class='ocrx_word' id='word_1_314' title='bbox 542 3814 665 3853; x_wconf 91' lang='lat' dir='ltr'><strong>num</strong></span> <span class='ocrx_word' id='word_1_315' title='bbox 691 3806 953 3865; x_wconf 81' lang='lat' dir='ltr'><strong>tentaret,</strong></span> <span class='ocrx_word' id='word_1_316' title='bbox 995 3802 1088 3856; x_wconf 89' lang='lat' dir='ltr'><strong>sed</strong></span> <span class='ocrx_word' id='word_1_317' title='bbox 1121 3813 1177 3858; x_wconf 89' lang='lat' dir='ltr'><strong>ut</strong></span> <span class='ocrx_word' id='word_1_318' title='bbox 1207 3807 1475 3874; x_wconf 80' lang='lat' dir='ltr'><strong>proprium</strong></span> <span class='ocrx_word' id='word_1_319' title='bbox 1511 3810 1826 3877; x_wconf 87' lang='lat' dir='ltr'><strong>possideret.</strong></span> <span class='ocrx_word' id='word_1_320' title='bbox 1856 3815 1972 3871; x_wconf 84' lang='lat' dir='ltr'><strong>Non</strong></span> <span class='ocrx_word' id='word_1_321' title='bbox 2008 3835 2101 3872; x_wconf 84' lang='lat' dir='ltr'><strong>au-</strong></span> 
     </span>
    </p>
   </div>
   <div class='ocr_carea' id='block_1_42' title="bbox 545 3897 2102 3974">
    <p class='ocr_par' dir='ltr' id='par_1_42' title="bbox 545 3897 2102 3974">
     <span class='ocr_line' id='line_1_42' title="bbox 545 3897 2102 3974; baseline 0.014 -29"><span class='ocrx_word' id='word_1_322' title='bbox 545 3900 673 3971; x_wconf 85' lang='lat' dir='ltr'><strong>tem,</strong></span> <span class='ocrx_word' id='word_1_323' title='bbox 726 3900 783 3947; x_wconf 91' lang='lat' dir='ltr'><strong>ut</strong></span> <span class='ocrx_word' id='word_1_324' title='bbox 812 3902 996 3961; x_wconf 90' lang='lat' dir='ltr'><strong>putant</strong></span> <span class='ocrx_word' id='word_1_325' title='bbox 1047 3897 1259 3963; x_wconf 79' lang='lat' dir='ltr'><strong>quidam</strong></span> <span class='ocrx_word' id='word_1_326' title='bbox 1289 3900 1617 3971; x_wconf 80' lang='lat' dir='ltr'><strong>negligenter</strong></span> <span class='ocrx_word' id='word_1_327' title='bbox 1667 3902 1940 3974; x_wconf 60' lang='lat' dir='ltr'><strong>legentes,</strong></span> <span class='ocrx_word' id='word_1_328' title='bbox 1979 3918 2102 3966; x_wconf 92' lang='lat' dir='ltr'><strong>tunc</strong></span> 
     </span>
    </p>
   </div>
   <div class='ocr_carea' id='block_1_43' title="bbox 542 3981 2103 4066">
    <p class='ocr_par' dir='ltr' id='par_1_43' title="bbox 542 3981 2103 4066">
     <span class='ocr_line' id='line_1_43' title="bbox 542 3981 2103 4066; baseline 0.013 -31"><span class='ocrx_word' id='word_1_329' title='bbox 542 3983 705 4037; x_wconf 86' lang='lat' dir='ltr'><strong>Judas</strong></span> <span class='ocrx_word' id='word_1_330' title='bbox 757 3981 953 4040; x_wconf 81' lang='lat' dir='ltr'><strong>Christi</strong></span> <span class='ocrx_word' id='word_1_331' title='bbox 1008 4001 1201 4057; x_wconf 91' lang='lat' dir='ltr'><strong>corpus</strong></span> <span class='ocrx_word' id='word_1_332' title='bbox 1246 3992 1471 4060; x_wconf 89' lang='lat' dir='ltr'><strong>accepit.</strong></span> <span class='ocrx_word' id='word_1_333' title='bbox 1532 3993 1934 4066; x_wconf 82' lang='lat' dir='ltr'><strong>Intelligendum</strong></span> <span class='ocrx_word' id='word_1_334' title='bbox 2018 4012 2103 4056; x_wconf 89' lang='lat' dir='ltr'><strong>est</strong></span> 
     </span>
    </p>
   </div>
   <div class='ocr_carea' id='block_1_44' title="bbox 544 4074 2102 4147">
    <p class='ocr_par' dir='ltr' id='par_1_44' title="bbox 544 4074 2102 4147">
     <span class='ocr_line' id='line_1_44' title="bbox 544 4074 2102 4147; baseline 0.013 -22"><span class='ocrx_word' id='word_1_335' title='bbox 544 4074 687 4127; x_wconf 88' lang='lat' dir='ltr'><strong>enim</strong></span> <span class='ocrx_word' id='word_1_336' title='bbox 736 4076 874 4142; x_wconf 90' lang='lat' dir='ltr'><strong>quod</strong></span> <span class='ocrx_word' id='word_1_337' title='bbox 900 4076 1007 4142; x_wconf 85' lang='lat' dir='ltr'><strong>jam</strong></span> <span class='ocrx_word' id='word_1_338' title='bbox 1057 4078 1301 4133; x_wconf 88' lang='lat' dir='ltr'><strong>omnibus</strong></span> <span class='ocrx_word' id='word_1_339' title='bbox 1340 4081 1417 4135; x_wconf 88' lang='lat' dir='ltr'><strong>eis</strong></span> <span class='ocrx_word' id='word_1_340' title='bbox 1459 4084 1803 4141; x_wconf 87' lang='lat' dir='ltr'><strong>distribuerat</strong></span> <span class='ocrx_word' id='word_1_341' title='bbox 1848 4089 2102 4147; x_wconf 83' lang='lat' dir='ltr'><strong>Dominus</strong></span> 
     </span>
    </p>
   </div>
   <div class='ocr_carea' id='block_1_45' title="bbox 542 4169 2103 4251">
    <p class='ocr_par' dir='ltr' id='par_1_45' title="bbox 542 4169 2103 4251">
     <span class='ocr_line' id='line_1_45' title="bbox 542 4169 2103 4251; baseline 0.013 -32"><span class='ocrx_word' id='word_1_342' title='bbox 542 4174 932 4220; x_wconf 83' lang='lat' dir='ltr'><strong>sacramentum</strong></span> <span class='ocrx_word' id='word_1_343' title='bbox 961 4169 1200 4234; x_wconf 90' lang='lat' dir='ltr'><strong>corporis</strong></span> <span class='ocrx_word' id='word_1_344' title='bbox 1245 4179 1298 4224; x_wconf 91' lang='lat' dir='ltr'><strong>et</strong></span> <span class='ocrx_word' id='word_1_345' title='bbox 1328 4175 1601 4241; x_wconf 83' lang='lat' dir='ltr'><strong>sanguinis</strong></span> <span class='ocrx_word' id='word_1_346' title='bbox 1630 4179 1729 4243; x_wconf 86' lang='lat' dir='ltr'><strong>sui,</strong></span> <span class='ocrx_word' id='word_1_347' title='bbox 1767 4180 1851 4234; x_wconf 90' lang='lat' dir='ltr'><strong>ubi</strong></span> <span class='ocrx_word' id='word_1_348' title='bbox 1902 4193 1957 4234; x_wconf 90' lang='lat' dir='ltr'><strong>et</strong></span> <span class='ocrx_word' id='word_1_349' title='bbox 1992 4184 2103 4251; x_wconf 89' lang='lat' dir='ltr'><strong>ipse</strong></span> 
     </span>
    </p>
   </div>
   <div class='ocr_carea' id='block_1_46' title="bbox 543 4253 2097 4328">
    <p class='ocr_par' dir='ltr' id='par_1_46' title="bbox 543 4253 2097 4328">
     <span class='ocr_line' id='line_1_46' title="bbox 543 4253 2097 4328; baseline 0.013 -21"><span class='ocrx_word' id='word_1_350' title='bbox 543 4253 704 4310; x_wconf 75' lang='lat' dir='ltr'><strong>ludas</strong></span> <span class='ocrx_word' id='word_1_351' title='bbox 725 4266 860 4322; x_wconf 84' lang='lat' dir='ltr'><strong>erat,</strong></span> <span class='ocrx_word' id='word_1_352' title='bbox 890 4258 1025 4311; x_wconf 80' lang='lat' dir='ltr'><strong>sicut</strong></span> <span class='ocrx_word' id='word_1_353' title='bbox 1046 4269 1262 4315; x_wconf 89' lang='lat' dir='ltr'><strong>sanctus</strong></span> <span class='ocrx_word' id='word_1_354' title='bbox 1287 4262 1452 4317; x_wconf 86' lang='lat' dir='ltr'><strong>Lucas</strong></span> <span class='ocrx_word' id='word_1_355' title='bbox 1479 4267 1873 4325; x_wconf 87' lang='lat' dir='ltr'><strong>evidentissime</strong></span> <span class='ocrx_word' id='word_1_356' title='bbox 1898 4284 2097 4328; x_wconf 87' lang='lat' dir='ltr'><strong>narrat.</strong></span> 
     </span>
    </p>
   </div>
   <div class='ocr_carea' id='block_1_47' title="bbox 510 4346 2098 4420">
    <p class='ocr_par' dir='ltr' id='par_1_47' title="bbox 510 4346 2098 4420">
     <span class='ocr_line' id='line_1_47' title="bbox 510 4346 2098 4420; baseline 0.011 -20"><span class='ocrx_word' id='word_1_357' title='bbox 510 4394 512 4408; x_wconf 12' lang='grc' dir='ltr'>ᾗ</span> <span class='ocrx_word' id='word_1_358' title='bbox 543 4349 621 4401; x_wconf 80' lang='lat' dir='ltr'><strong>Ac</strong></span> <span class='ocrx_word' id='word_1_359' title='bbox 650 4346 844 4402; x_wconf 87' lang='lat' dir='ltr'><strong>deinde</strong></span> <span class='ocrx_word' id='word_1_360' title='bbox 872 4346 938 4401; x_wconf 90' lang='lat' dir='ltr'><strong>ad</strong></span> <span class='ocrx_word' id='word_1_361' title='bbox 968 4347 1070 4403; x_wconf 83' lang='lat' dir='ltr'><strong>hoc</strong></span> <span class='ocrx_word' id='word_1_362' title='bbox 1103 4358 1314 4405; x_wconf 85' lang='lat' dir='ltr'><strong>ventum</strong></span> <span class='ocrx_word' id='word_1_363' title='bbox 1347 4361 1450 4420; x_wconf 90' lang='lat' dir='ltr'><strong>est,</strong></span> <span class='ocrx_word' id='word_1_364' title='bbox 1477 4355 1560 4409; x_wconf 91' lang='lat' dir='ltr'><strong>ubi</strong></span> <span class='ocrx_word' id='word_1_365' title='bbox 1592 4359 1883 4414; x_wconf 89' lang='lat' dir='ltr'><strong>secundum</strong></span> <span class='ocrx_word' id='word_1_366' title='bbox 1917 4378 2098 4417; x_wconf 84' lang='lat' dir='ltr'><strong>narra-</strong></span> 
     </span>
    </p>
   </div>
   <div class='ocr_carea' id='block_1_48' title="bbox 2202 552 3767 635">
    <p class='ocr_par' dir='ltr' id='par_1_48' title="bbox 2202 552 3767 635">
     <span class='ocr_line' id='line_1_48' title="bbox 2202 552 3767 635; baseline 0.008 -28"><span class='ocrx_word' id='word_1_367' title='bbox 2202 552 2349 608; x_wconf 71' lang='lat' dir='ltr'><strong>Juda:</strong></span> <span class='ocrx_word' id='word_1_368' title='bbox 2391 556 2575 625; x_wconf 65' lang='lat' dir='ltr'><strong>pejus,</strong></span> <span class='ocrx_word' id='word_1_369' title='bbox 2624 568 2676 612; x_wconf 90' lang='lat' dir='ltr'><strong>et</strong></span> <span class='ocrx_word' id='word_1_370' title='bbox 2717 564 2840 629; x_wconf 85' lang='lat' dir='ltr'><strong>quid</strong></span> <span class='ocrx_word' id='word_1_371' title='bbox 2890 566 3040 619; x_wconf 90' lang='lat' dir='ltr'><strong>nobis</strong></span> <span class='ocrx_word' id='word_1_372' title='bbox 3093 566 3296 631; x_wconf 89' lang='lat' dir='ltr'><strong>melius,</strong></span> <span class='ocrx_word' id='word_1_373' title='bbox 3351 583 3505 635; x_wconf 90' lang='lat' dir='ltr'><strong>quam</strong></span> <span class='ocrx_word' id='word_1_374' title='bbox 3549 566 3767 621; x_wconf 59' lang='lat' dir='ltr'><strong>tradgtus</strong></span> 
     </span>
    </p>
   </div>
   <div class='ocr_carea' id='block_1_49' title="bbox 2201 647 3767 726">
    <p class='ocr_par' dir='ltr' id='par_1_49' title="bbox 2201 647 3767 726">
     <span class='ocr_line' id='line_1_49' title="bbox 2201 647 3767 726; baseline 0.004 -24"><span class='ocrx_word' id='word_1_375' title='bbox 2201 647 2461 713; x_wconf 84' lang='lat' dir='ltr'><strong>Christus,</strong></span> <span class='ocrx_word' id='word_1_376' title='bbox 2479 649 2544 703; x_wconf 86' lang='lat' dir='ltr'><strong>ab</strong></span> <span class='ocrx_word' id='word_1_377' title='bbox 2560 650 2649 705; x_wconf 89' lang='lat' dir='ltr'><strong>illo</strong></span> <span class='ocrx_word' id='word_1_378' title='bbox 2664 651 2915 707; x_wconf 87' lang='lat' dir='ltr'><strong>adversus</strong></span> <span class='ocrx_word' id='word_1_379' title='bbox 2930 656 3095 720; x_wconf 87' lang='lat' dir='ltr'><strong>illum,</strong></span> <span class='ocrx_word' id='word_1_380' title='bbox 3115 672 3206 725; x_wconf 92' lang='lat' dir='ltr'><strong>pro</strong></span> <span class='ocrx_word' id='word_1_381' title='bbox 3224 657 3373 711; x_wconf 90' lang='lat' dir='ltr'><strong>nobis</strong></span> <span class='ocrx_word' id='word_1_382' title='bbox 3392 668 3584 726; x_wconf 66' lang='lat' dir='ltr'><strong>praeter</strong></span> <span class='ocrx_word' id='word_1_383' title='bbox 3601 658 3767 710; x_wconf 85' lang='lat' dir='ltr'><strong>illum?</strong></span> 
     </span>
    </p>
   </div>
   <div class='ocr_carea' id='block_1_50' title="bbox 2204 747 3767 818">
    <p class='ocr_par' dir='ltr' id='par_1_50' title="bbox 2204 747 3767 818">
     <span class='ocr_line' id='line_1_50' title="bbox 2204 747 3767 818; baseline -0.002 -16"><span class='ocrx_word' id='word_1_384' title='bbox 2204 749 2353 816; x_wconf 84' lang='lat' dir='ltr'><strong>Quod</strong></span> <span class='ocrx_word' id='word_1_385' title='bbox 2374 750 2523 818; x_wconf 80' lang='lat' dir='ltr'><strong>facis,</strong></span> <span class='ocrx_word' id='word_1_386' title='bbox 2552 750 2632 816; x_wconf 75' lang='lat' dir='ltr'><strong>[ac</strong></span> <span class='ocrx_word' id='word_1_387' title='bbox 2655 748 2819 800; x_wconf 88' lang='lat' dir='ltr'><strong>citius.</strong></span> <span class='ocrx_word' id='word_1_388' title='bbox 2849 747 2890 798; x_wconf 89' lang='grc' dir='ltr'><strong>Ο</strong></span> <span class='ocrx_word' id='word_1_389' title='bbox 2918 747 3135 800; x_wconf 79' lang='lat' dir='ltr'><strong>verbum</strong></span> <span class='ocrx_word' id='word_1_390' title='bbox 3160 747 3404 801; x_wconf 83' lang='lat' dir='ltr'><strong>libentius</strong></span> <span class='ocrx_word' id='word_1_391' title='bbox 3426 748 3595 813; x_wconf 81' lang='lat' dir='ltr'><strong>parati</strong></span> <span class='ocrx_word' id='word_1_392' title='bbox 3623 762 3767 815; x_wconf 84' lang='lat' dir='ltr'><strong>quam</strong></span> 
     </span>
    </p>
   </div>
   <div class='ocr_carea' id='block_1_51' title="bbox 2201 838 3763 915">
    <p class='ocr_par' dir='ltr' id='par_1_51' title="bbox 2201 838 3763 915">
     <span class='ocr_line' id='line_1_51' title="bbox 2201 838 3763 915; baseline -0.001 -22"><span class='ocrx_word' id='word_1_393' title='bbox 2201 842 2338 903; x_wconf 88' lang='lat' dir='ltr'><strong>irati,</strong></span> <span class='ocrx_word' id='word_1_394' title='bbox 2359 854 2461 891; x_wconf 89' lang='lat' dir='ltr'><strong>non</strong></span> <span class='ocrx_word' id='word_1_395' title='bbox 2493 846 2596 915; x_wconf 69' lang='lat' dir='ltr'><strong>tam</strong></span> <span class='ocrx_word' id='word_1_396' title='bbox 2617 840 2668 891; x_wconf 92' lang='lat' dir='ltr'><strong>in</strong></span> <span class='ocrx_word' id='word_1_397' title='bbox 2696 839 2981 907; x_wconf 87' lang='lat' dir='ltr'><strong>perniciem</strong></span> <span class='ocrx_word' id='word_1_398' title='bbox 3008 840 3190 905; x_wconf 87' lang='lat' dir='ltr'><strong>perfidi</strong></span> <span class='ocrx_word' id='word_1_399' title='bbox 3223 838 3509 900; x_wconf 59' lang='lat' dir='ltr'><strong>saeviendo,</strong></span> <span class='ocrx_word' id='word_1_400' title='bbox 3534 851 3696 906; x_wconf 80' lang='lat' dir='ltr'><strong>quam</strong></span> <span class='ocrx_word' id='word_1_401' title='bbox 3710 838 3763 891; x_wconf 88' lang='lat' dir='ltr'><strong>sd</strong></span> 
     </span>
    </p>
   </div>
   <div class='ocr_carea' id='block_1_52' title="bbox 2199 928 3767 997">
    <p class='ocr_par' dir='ltr' id='par_1_52' title="bbox 2199 928 3767 997">
     <span class='ocr_line' id='line_1_52' title="bbox 2199 928 3767 997; baseline -0.001 -14"><span class='ocrx_word' id='word_1_402' title='bbox 2199 932 2422 983; x_wconf 89' lang='lat' dir='ltr'><strong>salutem</strong></span> <span class='ocrx_word' id='word_1_403' title='bbox 2444 928 2670 982; x_wconf 84' lang='lat' dir='ltr'><strong>fidelium</strong></span> <span class='ocrx_word' id='word_1_404' title='bbox 2698 928 3015 993; x_wconf 75' lang='lat' dir='ltr'><strong>festinando,</strong></span> <span class='ocrx_word' id='word_1_405' title='bbox 3048 944 3168 997; x_wconf 80' lang='lat' dir='ltr'><strong>quia</strong></span> <span class='ocrx_word' id='word_1_406' title='bbox 3215 929 3433 982; x_wconf 89' lang='lat' dir='ltr'><strong>traditus</strong></span> <span class='ocrx_word' id='word_1_407' title='bbox 3454 937 3539 983; x_wconf 89' lang='lat' dir='ltr'><strong>est</strong></span> <span class='ocrx_word' id='word_1_408' title='bbox 3560 938 3767 997; x_wconf 83' lang='lat' dir='ltr'><strong>propter</strong></span> 
     </span>
    </p>
   </div>
   <div class='ocr_carea' id='block_1_53' title="bbox 2196 1018 3767 1087">
    <p class='ocr_par' dir='ltr' id='par_1_53' title="bbox 2196 1018 3767 1087">
     <span class='ocr_line' id='line_1_53' title="bbox 2196 1018 3767 1087; baseline -0.001 -14"><span class='ocrx_word' id='word_1_409' title='bbox 2196 1020 2388 1074; x_wconf 87' lang='lat' dir='ltr'><strong>delicta</strong></span> <span class='ocrx_word' id='word_1_410' title='bbox 2417 1028 2617 1085; x_wconf 88' lang='lat' dir='ltr'><strong>nostra,</strong></span> <span class='ocrx_word' id='word_1_411' title='bbox 2642 1028 2695 1071; x_wconf 84' lang='lat' dir='ltr'><strong>et</strong></span> <span class='ocrx_word' id='word_1_412' title='bbox 2718 1018 2904 1071; x_wconf 78' lang='lat' dir='ltr'><strong>dilexit</strong></span> <span class='ocrx_word' id='word_1_413' title='bbox 2936 1018 3251 1082; x_wconf 86' lang='lat' dir='ltr'><strong>Ecclesiam,</strong></span> <span class='ocrx_word' id='word_1_414' title='bbox 3282 1030 3332 1073; x_wconf 91' lang='lat' dir='ltr'><strong>et</strong></span> <span class='ocrx_word' id='word_1_415' title='bbox 3360 1020 3594 1087; x_wconf 85' lang='lat' dir='ltr'><strong>seipsum</strong></span> <span class='ocrx_word' id='word_1_416' title='bbox 3620 1019 3767 1071; x_wconf 84' lang='lat' dir='ltr'><strong>tradi-</strong></span> 
     </span>
    </p>
   </div>
   <div class='ocr_carea' id='block_1_54' title="bbox 2197 1091 3763 1178">
    <p class='ocr_par' dir='ltr' id='par_1_54' title="bbox 2197 1091 3763 1178">
     <span class='ocr_line' id='line_1_54' title="bbox 2197 1091 3763 1178; baseline -0.002 -16"><span class='ocrx_word' id='word_1_417' title='bbox 2197 1091 2272 1162; x_wconf 82' lang='lat' dir='ltr'><strong>dit</strong></span> <span class='ocrx_word' id='word_1_418' title='bbox 2298 1123 2391 1176; x_wconf 92' lang='lat' dir='ltr'><strong>pro</strong></span> <span class='ocrx_word' id='word_1_419' title='bbox 2411 1122 2469 1162; x_wconf 88' lang='lat' dir='ltr'><strong>ea</strong></span> <span class='ocrx_word' id='word_1_420' title='bbox 2494 1106 2667 1178; x_wconf 82' lang='lat' dir='ltr'><strong>(Rom.</strong></span> <span class='ocrx_word' id='word_1_421' title='bbox 2702 1107 2795 1177; x_wconf 84' lang='lat' dir='ltr'><strong>Iv).</strong></span> <span class='ocrx_word' id='word_1_422' title='bbox 2828 1107 2975 1161; x_wconf 87' lang='lat' dir='ltr'><strong>Unde</strong></span> <span class='ocrx_word' id='word_1_423' title='bbox 2997 1115 3049 1162; x_wconf 89' lang='lat' dir='ltr'><strong>et</strong></span> <span class='ocrx_word' id='word_1_424' title='bbox 3072 1108 3137 1162; x_wconf 89' lang='lat' dir='ltr'><strong>de</strong></span> <span class='ocrx_word' id='word_1_425' title='bbox 3169 1108 3270 1162; x_wconf 86' lang='lat' dir='ltr'><strong>hoc</strong></span> <span class='ocrx_word' id='word_1_426' title='bbox 3298 1108 3424 1163; x_wconf 87' lang='lat' dir='ltr'><strong>dicit</strong></span> <span class='ocrx_word' id='word_1_427' title='bbox 3450 1109 3763 1177; x_wconf 81' lang='lat' dir='ltr'><strong>Apostolus:</strong></span> 
     </span>
    </p>
   </div>
   <div class='ocr_carea' id='block_1_55' title="bbox 2202 1196 3765 1267">
    <p class='ocr_par' dir='ltr' id='par_1_55' title="bbox 2202 1196 3765 1267">
     <span class='ocr_line' id='line_1_55' title="bbox 2202 1196 3765 1267; baseline -0.001 -16"><span class='ocrx_word' id='word_1_428' title='bbox 2202 1198 2301 1264; x_wconf 83' lang='lat' dir='ltr'><strong>Qui</strong></span> <span class='ocrx_word' id='word_1_429' title='bbox 2324 1214 2399 1251; x_wconf 87' lang='lat' dir='ltr'><strong>mc</strong></span> <span class='ocrx_word' id='word_1_430' title='bbox 2424 1197 2624 1263; x_wconf 72' lang='lat' dir='ltr'><strong>dilexit,</strong></span> <span class='ocrx_word' id='word_1_431' title='bbox 2656 1208 2701 1251; x_wconf 85' lang='lat' dir='ltr'><strong>et</strong></span> <span class='ocrx_word' id='word_1_432' title='bbox 2720 1199 2927 1251; x_wconf 87' lang='lat' dir='ltr'><strong>tradidit</strong></span> <span class='ocrx_word' id='word_1_433' title='bbox 2943 1198 3161 1267; x_wconf 81' lang='lat' dir='ltr'><strong>seipsum</strong></span> <span class='ocrx_word' id='word_1_434' title='bbox 3182 1215 3271 1265; x_wconf 87' lang='lat' dir='ltr'><strong>pro</strong></span> <span class='ocrx_word' id='word_1_435' title='bbox 3289 1214 3367 1251; x_wconf 80' lang='lat' dir='ltr'><strong>me</strong></span> <span class='ocrx_word' id='word_1_436' title='bbox 3387 1197 3545 1267; x_wconf 84' lang='lat' dir='ltr'><strong>(Eph.</strong></span> <span class='ocrx_word' id='word_1_437' title='bbox 3568 1196 3645 1263; x_wconf 70' lang='grc' dir='ltr'><strong>ν).</strong></span> <span class='ocrx_word' id='word_1_438' title='bbox 3671 1197 3765 1251; x_wconf 78' lang='lat' dir='ltr'><strong>Nisi</strong></span> 
     </span>
    </p>
   </div>
   <div class='ocr_carea' id='block_1_56' title="bbox 2198 1287 3762 1358">
    <p class='ocr_par' dir='ltr' id='par_1_56' title="bbox 2198 1287 3762 1358">
     <span class='ocr_line' id='line_1_56' title="bbox 2198 1287 3762 1358; baseline 0.002 -17"><span class='ocrx_word' id='word_1_439' title='bbox 2198 1303 2326 1358; x_wconf 82' lang='lat' dir='ltr'><strong>ergo</strong></span> <span class='ocrx_word' id='word_1_440' title='bbox 2353 1304 2412 1341; x_wconf 90' lang='lat' dir='ltr'><strong>se</strong></span> <span class='ocrx_word' id='word_1_441' title='bbox 2463 1289 2697 1342; x_wconf 84' lang='lat' dir='ltr'><strong>traderet</strong></span> <span class='ocrx_word' id='word_1_442' title='bbox 2724 1287 2985 1354; x_wconf 71' lang='lat' dir='ltr'><strong>Christus,</strong></span> <span class='ocrx_word' id='word_1_443' title='bbox 3030 1304 3187 1344; x_wconf 89' lang='lat' dir='ltr'><strong>nemo</strong></span> <span class='ocrx_word' id='word_1_444' title='bbox 3218 1288 3445 1343; x_wconf 85' lang='lat' dir='ltr'><strong>traderet</strong></span> <span class='ocrx_word' id='word_1_445' title='bbox 3479 1290 3762 1344; x_wconf 79' lang='lat' dir='ltr'><strong>Christum.</strong></span> 
     </span>
    </p>
   </div>
   <div class='ocr_carea' id='block_1_57' title="bbox 2205 1375 3761 1447">
    <p class='ocr_par' dir='ltr' id='par_1_57' title="bbox 2205 1375 3761 1447">
     <span class='ocr_line' id='line_1_57' title="bbox 2205 1375 3761 1447; baseline 0.001 -18"><span class='ocrx_word' id='word_1_446' title='bbox 2205 1375 2343 1441; x_wconf 87' lang='lat' dir='ltr'><strong>Quid</strong></span> <span class='ocrx_word' id='word_1_447' title='bbox 2395 1376 2551 1430; x_wconf 86' lang='lat' dir='ltr'><strong>habet</strong></span> <span class='ocrx_word' id='word_1_448' title='bbox 2606 1376 2790 1443; x_wconf 85' lang='lat' dir='ltr'><strong>Judas,</strong></span> <span class='ocrx_word' id='word_1_449' title='bbox 2843 1378 2942 1431; x_wconf 82' lang='lat' dir='ltr'><strong>nisi</strong></span> <span class='ocrx_word' id='word_1_450' title='bbox 2969 1378 3285 1447; x_wconf 84' lang='lat' dir='ltr'><strong>peccatum?</strong></span> <span class='ocrx_word' id='word_1_451' title='bbox 3336 1378 3515 1446; x_wconf 82' lang='lat' dir='ltr'><strong>Neque</strong></span> <span class='ocrx_word' id='word_1_452' title='bbox 3543 1380 3687 1431; x_wconf 86' lang='lat' dir='ltr'><strong>enim</strong></span> <span class='ocrx_word' id='word_1_453' title='bbox 3717 1380 3761 1431; x_wconf 88' lang='lat' dir='ltr'><strong>in</strong></span> 
     </span>
    </p>
   </div>
   <div class='ocr_carea' id='block_1_58' title="bbox 2200 1466 3762 1536">
    <p class='ocr_par' dir='ltr' id='par_1_58' title="bbox 2200 1466 3762 1536">
     <span class='ocr_line' id='line_1_58' title="bbox 2200 1466 3762 1536; baseline -0.001 -15"><span class='ocrx_word' id='word_1_454' title='bbox 2200 1467 2462 1521; x_wconf 87' lang='lat' dir='ltr'><strong>tradendo</strong></span> <span class='ocrx_word' id='word_1_455' title='bbox 2514 1466 2727 1521; x_wconf 87' lang='lat' dir='ltr'><strong>Christo</strong></span> <span class='ocrx_word' id='word_1_456' title='bbox 2761 1469 2984 1521; x_wconf 87' lang='lat' dir='ltr'><strong>salutem</strong></span> <span class='ocrx_word' id='word_1_457' title='bbox 3034 1476 3268 1521; x_wconf 89' lang='lat' dir='ltr'><strong>nostram</strong></span> <span class='ocrx_word' id='word_1_458' title='bbox 3307 1468 3595 1536; x_wconf 68' lang='lat' dir='ltr'><strong>cogitavit.</strong></span> <span class='ocrx_word' id='word_1_459' title='bbox 3650 1482 3762 1534; x_wconf 84' lang='lat' dir='ltr'><strong>pro-</strong></span> 
     </span>
    </p>
   </div>
   <div class='ocr_carea' id='block_1_59' title="bbox 2196 1556 3763 1626">
    <p class='ocr_par' dir='ltr' id='par_1_59' title="bbox 2196 1556 3763 1626">
     <span class='ocr_line' id='line_1_59' title="bbox 2196 1556 3763 1626; baseline -0.002 -14"><span class='ocrx_word' id='word_1_460' title='bbox 2196 1568 2311 1626; x_wconf 87' lang='lat' dir='ltr'><strong>pter</strong></span> <span class='ocrx_word' id='word_1_461' title='bbox 2342 1573 2499 1626; x_wconf 89' lang='lat' dir='ltr'><strong>quam</strong></span> <span class='ocrx_word' id='word_1_462' title='bbox 2541 1568 2623 1611; x_wconf 90' lang='lat' dir='ltr'><strong>est</strong></span> <span class='ocrx_word' id='word_1_463' title='bbox 2655 1558 2870 1611; x_wconf 89' lang='lat' dir='ltr'><strong>traditus</strong></span> <span class='ocrx_word' id='word_1_464' title='bbox 2900 1558 3170 1625; x_wconf 77' lang='lat' dir='ltr'><strong>Christus,</strong></span> <span class='ocrx_word' id='word_1_465' title='bbox 3211 1558 3301 1611; x_wconf 89' lang='lat' dir='ltr'><strong>sed</strong></span> <span class='ocrx_word' id='word_1_466' title='bbox 3334 1556 3584 1626; x_wconf 77' lang='lat' dir='ltr'><strong>cogitavit</strong></span> <span class='ocrx_word' id='word_1_467' title='bbox 3617 1570 3763 1623; x_wconf 71' lang='lat' dir='ltr'><strong>pecu.</strong></span> 
     </span>
    </p>
   </div>
   <div class='ocr_carea' id='block_1_60' title="bbox 2202 1646 3763 1712">
    <p class='ocr_par' dir='ltr' id='par_1_60' title="bbox 2202 1646 3763 1712">
     <span class='ocr_line' id='line_1_60' title="bbox 2202 1646 3763 1712; baseline -0.003 -10"><span class='ocrx_word' id='word_1_468' title='bbox 2202 1650 2301 1703; x_wconf 71' lang='lat' dir='ltr'><strong>nite</strong></span> <span class='ocrx_word' id='word_1_469' title='bbox 2367 1652 2591 1712; x_wconf 88' lang='lat' dir='ltr'><strong>lucrum,</strong></span> <span class='ocrx_word' id='word_1_470' title='bbox 2651 1659 2703 1702; x_wconf 91' lang='lat' dir='ltr'><strong>et</strong></span> <span class='ocrx_word' id='word_1_471' title='bbox 2734 1648 2934 1702; x_wconf 79' lang='lat' dir='ltr'><strong>inrenit</strong></span> <span class='ocrx_word' id='word_1_472' title='bbox 2982 1650 3173 1701; x_wconf 69' lang='lat' dir='ltr'><strong>anima:</strong></span> <span class='ocrx_word' id='word_1_473' title='bbox 3201 1648 3599 1701; x_wconf 81' lang='lat' dir='ltr'><strong>detrimentum.</strong></span> <span class='ocrx_word' id='word_1_474' title='bbox 3628 1646 3763 1710; x_wconf 85' lang='lat' dir='ltr'><strong>Quod</strong></span> 
     </span>
    </p>
   </div>
   <div class='ocr_carea' id='block_1_61' title="bbox 2196 1739 3764 1810">
    <p class='ocr_par' dir='ltr' id='par_1_61' title="bbox 2196 1739 3764 1810">
     <span class='ocr_line' id='line_1_61' title="bbox 2196 1739 3764 1810; baseline -0.001 -15"><span class='ocrx_word' id='word_1_475' title='bbox 2196 1741 2359 1804; x_wconf 73' lang='lat' dir='ltr'><strong>facis,</strong></span> <span class='ocrx_word' id='word_1_476' title='bbox 2403 1740 2483 1794; x_wconf 85' lang='lat' dir='ltr'><strong>iac</strong></span> <span class='ocrx_word' id='word_1_477' title='bbox 2529 1741 2707 1807; x_wconf 85' lang='lat' dir='ltr'><strong>citius,</strong></span> <span class='ocrx_word' id='word_1_478' title='bbox 2757 1755 2861 1794; x_wconf 92' lang='lat' dir='ltr'><strong>non</strong></span> <span class='ocrx_word' id='word_1_479' title='bbox 2913 1742 3033 1809; x_wconf 87' lang='lat' dir='ltr'><strong>quia</strong></span> <span class='ocrx_word' id='word_1_480' title='bbox 3069 1750 3121 1794; x_wconf 94' lang='lat' dir='ltr'><strong>tu</strong></span> <span class='ocrx_word' id='word_1_481' title='bbox 3172 1749 3339 1809; x_wconf 89' lang='lat' dir='ltr'><strong>potes,</strong></span> <span class='ocrx_word' id='word_1_482' title='bbox 3374 1739 3466 1795; x_wconf 89' lang='lat' dir='ltr'><strong>scd</strong></span> <span class='ocrx_word' id='word_1_483' title='bbox 3509 1742 3634 1810; x_wconf 86' lang='lat' dir='ltr'><strong>quia</strong></span> <span class='ocrx_word' id='word_1_484' title='bbox 3678 1740 3764 1794; x_wconf 77' lang='lat' dir='ltr'><strong>huc</strong></span> 
     </span>
    </p>
   </div>
   <div class='ocr_carea' id='block_1_62' title="bbox 2209 1824 3368 1899">
    <p class='ocr_par' dir='ltr' id='par_1_62' title="bbox 2209 1824 3368 1899">
     <span class='ocr_line' id='line_1_62' title="bbox 2209 1824 3368 1899; baseline 0.003 -16"><span class='ocrx_word' id='word_1_485' title='bbox 2209 1830 2333 1893; x_wconf 89' lang='lat' dir='ltr'><strong>vult,</strong></span> <span class='ocrx_word' id='word_1_486' title='bbox 2384 1830 2473 1899; x_wconf 91' lang='lat' dir='ltr'><strong>qui</strong></span> <span class='ocrx_word' id='word_1_487' title='bbox 2527 1839 2693 1885; x_wconf 89' lang='lat' dir='ltr'><strong>totum</strong></span> <span class='ocrx_word' id='word_1_488' title='bbox 2747 1842 2937 1899; x_wconf 87' lang='lat' dir='ltr'><strong>potest.</strong></span> <span class='ocrx_word' id='word_1_489' title='bbox 3359 1824 3368 1833; x_wconf 86' lang='grc'><em>’</em></span> 
     </span>
    </p>
   </div>
   <div class='ocr_carea' id='block_1_63' title="bbox 2242 1940 3764 2015">
    <p class='ocr_par' dir='ltr' id='par_1_63' title="bbox 2242 1940 3764 2015">
     <span class='ocr_line' id='line_1_63' title="bbox 2242 1940 3764 2015; baseline 0.005 -22"><span class='ocrx_word' id='word_1_490' title='bbox 2242 1940 2390 1994; x_wconf 78' lang='grc' dir='ltr'><strong>ἸΙοσ</strong></span> <span class='ocrx_word' id='word_1_491' title='bbox 2441 1951 2606 1996; x_wconf 89' lang='lat' dir='ltr'><strong>autem</strong></span> <span class='ocrx_word' id='word_1_492' title='bbox 2667 1958 2811 1997; x_wconf 81' lang='lat' dir='ltr'><strong>nemo</strong></span> <span class='ocrx_word' id='word_1_493' title='bbox 2870 1944 3009 1997; x_wconf 82' lang='lat' dir='ltr'><strong>sciuit</strong></span> <span class='ocrx_word' id='word_1_494' title='bbox 3058 1946 3469 2000; x_wconf 80' lang='lat' dir='ltr'><strong>discumbentium</strong></span> <span class='ocrx_word' id='word_1_495' title='bbox 3533 1948 3604 1999; x_wconf 84' lang='lat' dir='ltr'><strong>ad</strong></span> <span class='ocrx_word' id='word_1_496' title='bbox 3657 1950 3764 2015; x_wconf 77' lang='lat' dir='ltr'><strong>quid</strong></span> 
     </span>
    </p>
   </div>
   <div class='ocr_carea' id='block_1_64' title="bbox 2201 2031 3763 2104">
    <p class='ocr_par' dir='ltr' id='par_1_64' title="bbox 2201 2031 3763 2104">
     <span class='ocr_line' id='line_1_64' title="bbox 2201 2031 3763 2104; baseline 0.003 -21"><span class='ocrx_word' id='word_1_497' title='bbox 2201 2031 2382 2084; x_wconf 75' lang='lat' dir='ltr'><strong>dixerit</strong></span> <span class='ocrx_word' id='word_1_498' title='bbox 2413 2033 2480 2085; x_wconf 83' lang='lat' dir='ltr'><strong>ei.</strong></span> <span class='ocrx_word' id='word_1_499' title='bbox 2509 2031 2726 2095; x_wconf 84' lang='lat' dir='ltr'><strong>Quidam</strong></span> <span class='ocrx_word' id='word_1_500' title='bbox 2753 2035 2885 2087; x_wconf 83' lang='lat' dir='ltr'><strong>enim</strong></span> <span class='ocrx_word' id='word_1_501' title='bbox 2913 2035 3158 2102; x_wconf 78' lang='lat' dir='ltr'><strong>putabant</strong></span> <span class='ocrx_word' id='word_1_502' title='bbox 3178 2037 3296 2104; x_wconf 86' lang='lat' dir='ltr'><strong>quia</strong></span> <span class='ocrx_word' id='word_1_503' title='bbox 3343 2035 3537 2089; x_wconf 83' lang='lat' dir='ltr'><strong>loculos</strong></span> <span class='ocrx_word' id='word_1_504' title='bbox 3567 2034 3763 2088; x_wconf 75' lang='lat' dir='ltr'><strong>habeba‘</strong></span> 
     </span>
    </p>
   </div>
   <div class='ocr_carea' id='block_1_65' title="bbox 2202 2120 3765 2197">
    <p class='ocr_par' dir='ltr' id='par_1_65' title="bbox 2202 2120 3765 2197">
     <span class='ocr_line' id='line_1_65' title="bbox 2202 2120 3765 2197; baseline 0.003 -23"><span class='ocrx_word' id='word_1_505' title='bbox 2202 2120 2386 2190; x_wconf 83' lang='lat' dir='ltr'><strong>Judas,</strong></span> <span class='ocrx_word' id='word_1_506' title='bbox 2438 2126 2555 2194; x_wconf 86' lang='lat' dir='ltr'><strong>quia</strong></span> <span class='ocrx_word' id='word_1_507' title='bbox 2600 2124 2721 2177; x_wconf 87' lang='lat' dir='ltr'><strong>dicit</strong></span> <span class='ocrx_word' id='word_1_508' title='bbox 2760 2126 2806 2177; x_wconf 84' lang='lat' dir='ltr'><strong>ei</strong></span> <span class='ocrx_word' id='word_1_509' title='bbox 2849 2142 2997 2179; x_wconf 71' lang='lat' dir='ltr'><strong>usus</strong></span> <span class='ocrx_word' id='word_1_510' title='bbox 3024 2124 3194 2181; x_wconf 85' lang='lat' dir='ltr'><strong>:Eme</strong></span> <span class='ocrx_word' id='word_1_511' title='bbox 3240 2144 3299 2180; x_wconf 86' lang='lat' dir='ltr'><strong>ea</strong></span> <span class='ocrx_word' id='word_1_512' title='bbox 3336 2144 3447 2197; x_wconf 68' lang='lat' dir='ltr'><strong>qua</strong></span> <span class='ocrx_word' id='word_1_513' title='bbox 3491 2144 3621 2193; x_wconf 84' lang='lat' dir='ltr'><strong>opus</strong></span> <span class='ocrx_word' id='word_1_514' title='bbox 3660 2138 3765 2180; x_wconf 79' lang='lat' dir='ltr'><strong>sunt</strong></span> 
     </span>
    </p>
   </div>
   <div class='ocr_carea' id='block_1_66' title="bbox 2203 2214 3761 2285">
    <p class='ocr_par' dir='ltr' id='par_1_66' title="bbox 2203 2214 3761 2285">
     <span class='ocr_line' id='line_1_66' title="bbox 2203 2214 3761 2285; baseline 0.003 -21"><span class='ocrx_word' id='word_1_515' title='bbox 2203 2214 2346 2266; x_wconf 88' lang='lat' dir='ltr'><strong>nobis</strong></span> <span class='ocrx_word' id='word_1_516' title='bbox 2391 2217 2457 2266; x_wconf 89' lang='lat' dir='ltr'><strong>ad</strong></span> <span class='ocrx_word' id='word_1_517' title='bbox 2502 2216 2633 2269; x_wconf 89' lang='lat' dir='ltr'><strong>diem</strong></span> <span class='ocrx_word' id='word_1_518' title='bbox 2666 2216 2871 2285; x_wconf 75' lang='lat' dir='ltr'><strong>festum,</strong></span> <span class='ocrx_word' id='word_1_519' title='bbox 2912 2226 3002 2269; x_wconf 82' lang='lat' dir='ltr'><strong>aut</strong></span> <span class='ocrx_word' id='word_1_520' title='bbox 3052 2227 3106 2268; x_wconf 85' lang='lat' dir='ltr'><strong>ut</strong></span> <span class='ocrx_word' id='word_1_521' title='bbox 3167 2218 3333 2285; x_wconf 75' lang='lat' dir='ltr'><strong>egenis</strong></span> <span class='ocrx_word' id='word_1_522' title='bbox 3375 2218 3574 2283; x_wconf 83' lang='lat' dir='ltr'><strong>al&#39;quid</strong></span> <span class='ocrx_word' id='word_1_523' title='bbox 3607 2219 3761 2269; x_wconf 75' lang='lat' dir='ltr'><strong>duret.</strong></span> 
     </span>
    </p>
   </div>
   <div class='ocr_carea' id='block_1_67' title="bbox 2206 2304 3763 2373">
    <p class='ocr_par' dir='ltr' id='par_1_67' title="bbox 2206 2304 3763 2373">
     <span class='ocr_line' id='line_1_67' title="bbox 2206 2304 3763 2373; baseline 0.002 -17"><span class='ocrx_word' id='word_1_524' title='bbox 2206 2304 2445 2358; x_wconf 86' lang='lat' dir='ltr'><strong>Habebat</strong></span> <span class='ocrx_word' id='word_1_525' title='bbox 2489 2319 2617 2373; x_wconf 80' lang='lat' dir='ltr'><strong>ergo</strong></span> <span class='ocrx_word' id='word_1_526' title='bbox 2652 2306 2901 2359; x_wconf 89' lang='lat' dir='ltr'><strong>Dominus</strong></span> <span class='ocrx_word' id='word_1_527' title='bbox 2934 2307 3157 2373; x_wconf 89' lang='lat' dir='ltr'><strong>loculos,</strong></span> <span class='ocrx_word' id='word_1_528' title='bbox 3194 2318 3244 2360; x_wconf 92' lang='lat' dir='ltr'><strong>et</strong></span> <span class='ocrx_word' id='word_1_529' title='bbox 3269 2322 3295 2357; x_wconf 89' lang='lat' dir='ltr'><strong>a</strong></span> <span class='ocrx_word' id='word_1_530' title='bbox 3330 2307 3575 2359; x_wconf 82' lang='lat' dir='ltr'><strong>ﬁdelibus</strong></span> <span class='ocrx_word' id='word_1_531' title='bbox 3598 2307 3763 2359; x_wconf 84' lang='lat' dir='ltr'><strong>oblata</strong></span> 
     </span>
    </p>
   </div>
   <div class='ocr_carea' id='block_1_68' title="bbox 2201 2396 3764 2459">
    <p class='ocr_par' dir='ltr' id='par_1_68' title="bbox 2201 2396 3764 2459">
     <span class='ocr_line' id='line_1_68' title="bbox 2201 2396 3764 2459; baseline 0.001 -13"><span class='ocrx_word' id='word_1_532' title='bbox 2201 2406 2520 2447; x_wconf 82' lang='lat' dir='ltr'><strong>conservans</strong></span> <span class='ocrx_word' id='word_1_533' title='bbox 2569 2406 2624 2448; x_wconf 92' lang='lat' dir='ltr'><strong>et</strong></span> <span class='ocrx_word' id='word_1_534' title='bbox 2674 2411 2888 2449; x_wconf 88' lang='lat' dir='ltr'><strong>suorum</strong></span> <span class='ocrx_word' id='word_1_535' title='bbox 2940 2396 3368 2459; x_wconf 86' lang='lat' dir='ltr'><strong>necessitatibus,</strong></span> <span class='ocrx_word' id='word_1_536' title='bbox 3426 2408 3479 2449; x_wconf 90' lang='lat' dir='ltr'><strong>et</strong></span> <span class='ocrx_word' id='word_1_537' title='bbox 3521 2397 3640 2449; x_wconf 86' lang='lat' dir='ltr'><strong>aliis</strong></span> <span class='ocrx_word' id='word_1_538' title='bbox 3695 2399 3764 2448; x_wconf 87' lang='lat' dir='ltr'><strong>in-</strong></span> 
     </span>
    </p>
   </div>
   <div class='ocr_carea' id='block_1_69' title="bbox 2202 2484 3763 2556">
    <p class='ocr_par' dir='ltr' id='par_1_69' title="bbox 2202 2484 3763 2556">
     <span class='ocr_line' id='line_1_69' title="bbox 2202 2484 3763 2556; baseline 0.003 -20"><span class='ocrx_word' id='word_1_539' title='bbox 2202 2484 2504 2554; x_wconf 86' lang='lat' dir='ltr'><strong>digentibus</strong></span> <span class='ocrx_word' id='word_1_540' title='bbox 2548 2486 2832 2540; x_wconf 85' lang='lat' dir='ltr'><strong>tribuebat.</strong></span> <span class='ocrx_word' id='word_1_541' title='bbox 2894 2487 3041 2541; x_wconf 91' lang='lat' dir='ltr'><strong>Tunc</strong></span> <span class='ocrx_word' id='word_1_542' title='bbox 3103 2489 3328 2556; x_wconf 83' lang='lat' dir='ltr'><strong>primum</strong></span> <span class='ocrx_word' id='word_1_543' title='bbox 3401 2490 3763 2543; x_wconf 77' lang='lat' dir='ltr'><strong>ecclesiastira:</strong></span> 
     </span>
    </p>
   </div>
   <div class='ocr_carea' id='block_1_70' title="bbox 2204 2576 3766 2648">
    <p class='ocr_par' dir='ltr' id='par_1_70' title="bbox 2204 2576 3766 2648">
     <span class='ocr_line' id='line_1_70' title="bbox 2204 2576 3766 2648; baseline 0.002 -19"><span class='ocrx_word' id='word_1_544' title='bbox 2204 2577 2439 2643; x_wconf 75' lang='lat' dir='ltr'><strong>pecunia:</strong></span> <span class='ocrx_word' id='word_1_545' title='bbox 2494 2576 2659 2630; x_wconf 77' lang='lat' dir='ltr'><strong>forma</strong></span> <span class='ocrx_word' id='word_1_546' title='bbox 2743 2588 2825 2631; x_wconf 90' lang='lat' dir='ltr'><strong>est</strong></span> <span class='ocrx_word' id='word_1_547' title='bbox 2873 2579 3129 2643; x_wconf 87' lang='lat' dir='ltr'><strong>instituta,</strong></span> <span class='ocrx_word' id='word_1_548' title='bbox 3208 2581 3295 2631; x_wconf 90' lang='lat' dir='ltr'><strong>ubi</strong></span> <span class='ocrx_word' id='word_1_549' title='bbox 3362 2580 3766 2648; x_wconf 56' lang='lat' dir='ltr'><strong>intelligerent“</strong></span> 
     </span>
    </p>
   </div>
   <div class='ocr_carea' id='block_1_71' title="bbox 2204 2666 3765 2737">
    <p class='ocr_par' dir='ltr' id='par_1_71' title="bbox 2204 2666 3765 2737">
     <span class='ocr_line' id='line_1_71' title="bbox 2204 2666 3765 2737; baseline 0.003 -20"><span class='ocrx_word' id='word_1_550' title='bbox 2204 2666 2341 2734; x_wconf 91' lang='lat' dir='ltr'><strong>quod</strong></span> <span class='ocrx_word' id='word_1_551' title='bbox 2393 2667 2633 2737; x_wconf 74' lang='lat' dir='ltr'><strong>praecipit</strong></span> <span class='ocrx_word' id='word_1_552' title='bbox 2687 2683 2789 2721; x_wconf 90' lang='lat' dir='ltr'><strong>non</strong></span> <span class='ocrx_word' id='word_1_553' title='bbox 2831 2669 3166 2737; x_wconf 85' lang='lat' dir='ltr'><strong>cogitandum</strong></span> <span class='ocrx_word' id='word_1_554' title='bbox 3223 2685 3340 2723; x_wconf 90' lang='lat' dir='ltr'><strong>esse</strong></span> <span class='ocrx_word' id='word_1_555' title='bbox 3407 2671 3473 2723; x_wconf 91' lang='lat' dir='ltr'><strong>de</strong></span> <span class='ocrx_word' id='word_1_556' title='bbox 3541 2668 3765 2723; x_wconf 58' lang='lat' dir='ltr'><strong>crastino</strong></span> 
     </span>
    </p>
   </div>
   <div class='ocr_carea' id='block_1_72' title="bbox 2202 2757 3760 2830">
    <p class='ocr_par' dir='ltr' id='par_1_72' title="bbox 2202 2757 3760 2830">
     <span class='ocr_line' id='line_1_72' title="bbox 2202 2757 3760 2830; baseline 0.002 -21"><span class='ocrx_word' id='word_1_557' title='bbox 2202 2757 2413 2825; x_wconf 74' lang='lat' dir='ltr'><strong>(Matth.</strong></span> <span class='ocrx_word' id='word_1_558' title='bbox 2451 2764 2542 2828; x_wconf 76' lang='lat' dir='ltr'><strong>vr),</strong></span> <span class='ocrx_word' id='word_1_559' title='bbox 2584 2774 2689 2813; x_wconf 89' lang='lat' dir='ltr'><strong>non</strong></span> <span class='ocrx_word' id='word_1_560' title='bbox 2735 2761 2799 2813; x_wconf 88' lang='lat' dir='ltr'><strong>ad</strong></span> <span class='ocrx_word' id='word_1_561' title='bbox 2832 2761 2929 2815; x_wconf 85' lang='lat' dir='ltr'><strong>hoc</strong></span> <span class='ocrx_word' id='word_1_562' title='bbox 2974 2761 3132 2816; x_wconf 89' lang='lat' dir='ltr'><strong>fuisse</strong></span> <span class='ocrx_word' id='word_1_563' title='bbox 3177 2772 3518 2830; x_wconf 72' lang='lat' dir='ltr'><strong>prmceptum,</strong></span> <span class='ocrx_word' id='word_1_564' title='bbox 3550 2759 3619 2814; x_wconf 80' lang='lat' dir='ltr'><strong>ut</strong></span> <span class='ocrx_word' id='word_1_565' title='bbox 3649 2763 3760 2813; x_wconf 82' lang='lat' dir='ltr'><strong>nihil</strong></span> 
     </span>
    </p>
   </div>
   <div class='ocr_carea' id='block_1_73' title="bbox 2202 2850 3765 2919">
    <p class='ocr_par' dir='ltr' id='par_1_73' title="bbox 2202 2850 3765 2919">
     <span class='ocr_line' id='line_1_73' title="bbox 2202 2850 3765 2919; baseline 0.001 -20"><span class='ocrx_word' id='word_1_566' title='bbox 2202 2850 2438 2915; x_wconf 66' lang='lat' dir='ltr'><strong>pecuniae</strong></span> <span class='ocrx_word' id='word_1_567' title='bbox 2488 2860 2839 2903; x_wconf 88' lang='lat' dir='ltr'><strong>servaretura</strong></span> <span class='ocrx_word' id='word_1_568' title='bbox 2885 2851 3099 2916; x_wconf 76' lang='lat' dir='ltr'><strong>sanatis,</strong></span> <span class='ocrx_word' id='word_1_569' title='bbox 3131 2852 3222 2905; x_wconf 91' lang='lat' dir='ltr'><strong>sed</strong></span> <span class='ocrx_word' id='word_1_570' title='bbox 3278 2865 3343 2905; x_wconf 91' lang='lat' dir='ltr'><strong>ne</strong></span> <span class='ocrx_word' id='word_1_571' title='bbox 3396 2851 3504 2905; x_wconf 93' lang='lat' dir='ltr'><strong>Deo</strong></span> <span class='ocrx_word' id='word_1_572' title='bbox 3564 2861 3765 2919; x_wconf 78' lang='lat' dir='ltr'><strong>prOplef</strong></span> 
     </span>
    </p>
   </div>
   <div class='ocr_carea' id='block_1_74' title="bbox 2203 2938 3764 3008">
    <p class='ocr_par' dir='ltr' id='par_1_74' title="bbox 2203 2938 3764 3008">
     <span class='ocr_line' id='line_1_74' title="bbox 2203 2938 3764 3008; baseline 0.001 -20"><span class='ocrx_word' id='word_1_573' title='bbox 2203 2938 2299 2990; x_wconf 88' lang='lat' dir='ltr'><strong>ista</strong></span> <span class='ocrx_word' id='word_1_574' title='bbox 2364 2939 2653 3003; x_wconf 87' lang='lat' dir='ltr'><strong>serviatur,</strong></span> <span class='ocrx_word' id='word_1_575' title='bbox 2710 2949 2765 2992; x_wconf 88' lang='lat' dir='ltr'><strong>et</strong></span> <span class='ocrx_word' id='word_1_576' title='bbox 2821 2950 3035 3008; x_wconf 70' lang='lat' dir='ltr'><strong>promer</strong></span> <span class='ocrx_word' id='word_1_577' title='bbox 3062 2941 3250 3008; x_wconf 72' lang='lat' dir='ltr'><strong>inopia:</strong></span> <span class='ocrx_word' id='word_1_578' title='bbox 3281 2941 3521 2994; x_wconf 87' lang='lat' dir='ltr'><strong>timorem</strong></span> <span class='ocrx_word' id='word_1_579' title='bbox 3572 2942 3764 3007; x_wconf 71' lang='lat' dir='ltr'><strong>juSlizia</strong></span> 
     </span>
    </p>
   </div>
   <div class='ocr_carea' id='block_1_75' title="bbox 2202 3026 3767 3099">
    <p class='ocr_par' dir='ltr' id='par_1_75' title="bbox 2202 3026 3767 3099">
     <span class='ocr_line' id='line_1_75' title="bbox 2202 3026 3767 3099; baseline 0.002 -21"><span class='ocrx_word' id='word_1_580' title='bbox 2202 3026 2495 3080; x_wconf 85' lang='lat' dir='ltr'><strong>deseratur.</strong></span> <span class='ocrx_word' id='word_1_581' title='bbox 2550 3027 2679 3081; x_wconf 87' lang='lat' dir='ltr'><strong>Nam</strong></span> <span class='ocrx_word' id='word_1_582' title='bbox 2735 3039 2789 3082; x_wconf 90' lang='lat' dir='ltr'><strong>et</strong></span> <span class='ocrx_word' id='word_1_583' title='bbox 2834 3030 3119 3097; x_wconf 78' lang='lat' dir='ltr'><strong>Apostolus</strong></span> <span class='ocrx_word' id='word_1_584' title='bbox 3176 3032 3227 3083; x_wconf 91' lang='lat' dir='ltr'><strong>in</strong></span> <span class='ocrx_word' id='word_1_585' title='bbox 3279 3040 3545 3097; x_wconf 88' lang='lat' dir='ltr'><strong>posterum</strong></span> <span class='ocrx_word' id='word_1_586' title='bbox 3602 3032 3767 3099; x_wconf 77' lang='lat' dir='ltr'><strong>provi-</strong></span> 
     </span>
    </p>
   </div>
   <div class='ocr_carea' id='block_1_76' title="bbox 2123 3117 3765 3192">
    <p class='ocr_par' dir='ltr' id='par_1_76' title="bbox 2123 3117 3765 3192">
     <span class='ocr_line' id='line_1_76' title="bbox 2123 3117 3765 3192; baseline -0.001 -20"><span class='ocrx_word' id='word_1_587' title='bbox 2123 3117 2333 3192; x_wconf 64' lang='lat' dir='ltr'><strong>CHens</strong></span> <span class='ocrx_word' id='word_1_588' title='bbox 2388 3119 2461 3170; x_wconf 86' lang='lat' dir='ltr'><strong>ait</strong></span> <span class='ocrx_word' id='word_1_589' title='bbox 2498 3135 2509 3169; x_wconf 88' lang='lat'>:</span> <span class='ocrx_word' id='word_1_590' title='bbox 2544 3117 2605 3172; x_wconf 90' lang='lat' dir='ltr'><strong>Si</strong></span> <span class='ocrx_word' id='word_1_591' title='bbox 2646 3120 2759 3189; x_wconf 83' lang='lat' dir='ltr'><strong>quis</strong></span> <span class='ocrx_word' id='word_1_592' title='bbox 2820 3120 2984 3187; x_wconf 77' lang='lat' dir='ltr'><strong>ﬁdelis</strong></span> <span class='ocrx_word' id='word_1_593' title='bbox 3025 3120 3169 3172; x_wconf 84' lang='lat' dir='ltr'><strong>habet</strong></span> <span class='ocrx_word' id='word_1_594' title='bbox 3226 3122 3423 3185; x_wconf 84' lang='lat' dir='ltr'><strong>viduas,</strong></span> <span class='ocrx_word' id='word_1_595' title='bbox 3469 3123 3765 3190; x_wconf 13' lang='lat' dir='ltr'><strong>sufﬁcienter</strong></span> 
     </span>
    </p>
   </div>
   <div class='ocr_carea' id='block_1_77' title="bbox 2205 3208 3767 3280">
    <p class='ocr_par' dir='ltr' id='par_1_77' title="bbox 2205 3208 3767 3280">
     <span class='ocr_line' id='line_1_77' title="bbox 2205 3208 3767 3280; baseline 0.002 -22"><span class='ocrx_word' id='word_1_596' title='bbox 2205 3208 2399 3261; x_wconf 83' lang='lat' dir='ltr'><strong>tribuat</strong></span> <span class='ocrx_word' id='word_1_597' title='bbox 2456 3210 2546 3273; x_wconf 85' lang='lat' dir='ltr'><strong>eis,</strong></span> <span class='ocrx_word' id='word_1_598' title='bbox 2592 3222 2769 3262; x_wconf 86' lang='lat' dir='ltr'><strong>utnon</strong></span> <span class='ocrx_word' id='word_1_599' title='bbox 2818 3219 3051 3279; x_wconf 81' lang='lat' dir='ltr'><strong>gravetur</strong></span> <span class='ocrx_word' id='word_1_600' title='bbox 3101 3208 3348 3277; x_wconf 79' lang='lat' dir='ltr'><strong>Ecclesia,</strong></span> <span class='ocrx_word' id='word_1_601' title='bbox 3392 3227 3490 3280; x_wconf 79' lang='lat' dir='ltr'><strong>quo</strong></span> <span class='ocrx_word' id='word_1_602' title='bbox 3550 3214 3767 3264; x_wconf 62' lang='lat' dir='ltr'><strong>cerint-</strong></span> 
     </span>
    </p>
   </div>
   <div class='ocr_carea' id='block_1_78' title="bbox 2202 3302 3106 3373">
    <p class='ocr_par' dir='ltr' id='par_1_78' title="bbox 2202 3302 3106 3373">
     <span class='ocr_line' id='line_1_78' title="bbox 2202 3302 3106 3373; baseline 0.006 -21"><span class='ocrx_word' id='word_1_603' title='bbox 2202 3302 2313 3355; x_wconf 83' lang='lat' dir='ltr'><strong>duis</strong></span> <span class='ocrx_word' id='word_1_604' title='bbox 2350 3303 2571 3371; x_wconf 71' lang='lat' dir='ltr'><strong>suﬁicere</strong></span> <span class='ocrx_word' id='word_1_605' title='bbox 2621 3305 2777 3373; x_wconf 79' lang='lat' dir='ltr'><strong>possit</strong></span> <span class='ocrx_word' id='word_1_606' title='bbox 2822 3305 2978 3373; x_wconf 86' lang='lat' dir='ltr'><strong>(Tim.</strong></span> <span class='ocrx_word' id='word_1_607' title='bbox 3030 3307 3106 3373; x_wconf 70' lang='grc' dir='ltr'><strong>γ).</strong></span> 
     </span>
    </p>
   </div>
   <div class='ocr_carea' id='block_1_79' title="bbox 2272 3391 3767 3463">
    <p class='ocr_par' dir='ltr' id='par_1_79' title="bbox 2272 3391 3767 3463">
     <span class='ocr_line' id='line_1_79' title="bbox 2272 3391 3767 3463; baseline 0.002 -20"><span class='ocrx_word' id='word_1_608' title='bbox 2272 3391 2397 3443; x_wconf 86' lang='lat' dir='ltr'><strong>Cum</strong></span> <span class='ocrx_word' id='word_1_609' title='bbox 2426 3408 2544 3463; x_wconf 86' lang='lat' dir='ltr'><strong>ergo</strong></span> <span class='ocrx_word' id='word_1_610' title='bbox 2572 3395 2841 3460; x_wconf 81' lang='lat' dir='ltr'><strong>accepisset</strong></span> <span class='ocrx_word' id='word_1_611' title='bbox 2869 3395 3144 3447; x_wconf 85' lang='lat' dir='ltr'><strong>buccellam</strong></span> <span class='ocrx_word' id='word_1_612' title='bbox 3162 3437 3174 3459; x_wconf 92' lang='lat'><strong>,</strong></span> <span class='ocrx_word' id='word_1_613' title='bbox 3207 3394 3328 3447; x_wconf 77' lang='lat' dir='ltr'><strong>exiit</strong></span> <span class='ocrx_word' id='word_1_614' title='bbox 3357 3395 3615 3447; x_wconf 83' lang='lat' dir='ltr'><strong>continuo.</strong></span> <span class='ocrx_word' id='word_1_615' title='bbox 3647 3391 3767 3446; x_wconf 83' lang='lat' dir='ltr'><strong>Erat</strong></span> 
     </span>
    </p>
   </div>
   <div class='ocr_carea' id='block_1_80' title="bbox 2197 3483 3765 3554">
    <p class='ocr_par' dir='ltr' id='par_1_80' title="bbox 2197 3483 3765 3554">
     <span class='ocr_line' id='line_1_80' title="bbox 2197 3483 3765 3554; baseline 0.001 -19"><span class='ocrx_word' id='word_1_616' title='bbox 2197 3494 2367 3536; x_wconf 87' lang='lat' dir='ltr'><strong>autem</strong></span> <span class='ocrx_word' id='word_1_617' title='bbox 2414 3500 2515 3537; x_wconf 80' lang='lat' dir='ltr'><strong>nox</strong></span> <span class='ocrx_word' id='word_1_618' title='bbox 2554 3483 2639 3553; x_wconf 85' lang='lat' dir='ltr'><strong>(Et</strong></span> <span class='ocrx_word' id='word_1_619' title='bbox 2691 3485 2803 3551; x_wconf 87' lang='lat' dir='ltr'><strong>ipse</strong></span> <span class='ocrx_word' id='word_1_620' title='bbox 2851 3484 2938 3554; x_wconf 89' lang='lat' dir='ltr'><strong>qui</strong></span> <span class='ocrx_word' id='word_1_621' title='bbox 2969 3486 3116 3549; x_wconf 89' lang='lat' dir='ltr'><strong>exiit,</strong></span> <span class='ocrx_word' id='word_1_622' title='bbox 3147 3497 3256 3541; x_wconf 89' lang='lat' dir='ltr'><strong>erat</strong></span> <span class='ocrx_word' id='word_1_623' title='bbox 3290 3501 3414 3539; x_wconf 87' lang='lat' dir='ltr'><strong>nox.</strong></span> <span class='ocrx_word' id='word_1_624' title='bbox 3465 3487 3590 3539; x_wconf 89' lang='lat' dir='ltr'><strong>Cum</strong></span> <span class='ocrx_word' id='word_1_625' title='bbox 3646 3500 3765 3553; x_wconf 85' lang='lat' dir='ltr'><strong>ergo</strong></span> 
     </span>
    </p>
   </div>
   <div class='ocr_carea' id='block_1_81' title="bbox 2203 3571 3764 3641">
    <p class='ocr_par' dir='ltr' id='par_1_81' title="bbox 2203 3571 3764 3641">
     <span class='ocr_line' id='line_1_81' title="bbox 2203 3571 3764 3641; baseline -0.001 -14"><span class='ocrx_word' id='word_1_626' title='bbox 2203 3575 2403 3627; x_wconf 87' lang='lat' dir='ltr'><strong>exisset</strong></span> <span class='ocrx_word' id='word_1_627' title='bbox 2449 3572 2579 3641; x_wconf 89' lang='lat' dir='ltr'><strong>nox)</strong></span> <span class='ocrx_word' id='word_1_628' title='bbox 2622 3576 2694 3627; x_wconf 84' lang='lat' dir='ltr'><strong>ait</strong></span> <span class='ocrx_word' id='word_1_629' title='bbox 2741 3571 2891 3627; x_wconf 73' lang='lat' dir='ltr'><strong>Iesus</strong></span> <span class='ocrx_word' id='word_1_630' title='bbox 2921 3588 2938 3625; x_wconf 91' lang='lat'><strong><em>:</em></strong></span> <span class='ocrx_word' id='word_1_631' title='bbox 2966 3573 3120 3627; x_wconf 87' lang='lat' dir='ltr'><strong>Nunc</strong></span> <span class='ocrx_word' id='word_1_632' title='bbox 3148 3574 3457 3641; x_wconf 82' lang='lat' dir='ltr'><strong>clari/icatus</strong></span> <span class='ocrx_word' id='word_1_633' title='bbox 3486 3584 3557 3627; x_wconf 75' lang='lat' dir='ltr'><strong>est</strong></span> <span class='ocrx_word' id='word_1_634' title='bbox 3603 3571 3764 3625; x_wconf 66' lang='grc' dir='ltr'>Εἱιιμ</span> 
     </span>
    </p>
   </div>
   <div class='ocr_carea' id='block_1_82' title="bbox 2208 3659 3761 3733">
    <p class='ocr_par' dir='ltr' id='par_1_82' title="bbox 2208 3659 3761 3733">
     <span class='ocr_line' id='line_1_82' title="bbox 2208 3659 3761 3733; baseline 0.003 -23"><span class='ocrx_word' id='word_1_635' title='bbox 2208 3659 2449 3713; x_wconf 79' lang='lat' dir='ltr'><strong>hominis.</strong></span> <span class='ocrx_word' id='word_1_636' title='bbox 2489 3660 2610 3714; x_wconf 85' lang='lat' dir='ltr'><strong>Dies</strong></span> <span class='ocrx_word' id='word_1_637' title='bbox 2632 3676 2762 3730; x_wconf 83' lang='lat' dir='ltr'><strong>ergo</strong></span> <span class='ocrx_word' id='word_1_638' title='bbox 2791 3663 2891 3715; x_wconf 90' lang='lat' dir='ltr'><strong>diei</strong></span> <span class='ocrx_word' id='word_1_639' title='bbox 2921 3672 3127 3717; x_wconf 87' lang='lat' dir='ltr'><strong>eructat</strong></span> <span class='ocrx_word' id='word_1_640' title='bbox 3152 3663 3366 3716; x_wconf 86' lang='lat' dir='ltr'><strong>verbum</strong></span> <span class='ocrx_word' id='word_1_641' title='bbox 3400 3661 3564 3733; x_wconf 80' lang='lat' dir='ltr'><strong>(Psal.</strong></span> <span class='ocrx_word' id='word_1_642' title='bbox 3599 3664 3761 3732; x_wconf 81' lang='lat' dir='ltr'><strong>xvm),</strong></span> 
     </span>
    </p>
   </div>
   <div class='ocr_carea' id='block_1_83' title="bbox 2207 3751 3759 3823">
    <p class='ocr_par' dir='ltr' id='par_1_83' title="bbox 2207 3751 3759 3823">
     <span class='ocr_line' id='line_1_83' title="bbox 2207 3751 3759 3823; baseline 0.003 -20"><span class='ocrx_word' id='word_1_643' title='bbox 2207 3751 2257 3804; x_wconf 91' lang='lat' dir='ltr'><strong>id</strong></span> <span class='ocrx_word' id='word_1_644' title='bbox 2288 3756 2392 3814; x_wconf 84' lang='lat' dir='ltr'><strong>est,</strong></span> <span class='ocrx_word' id='word_1_645' title='bbox 2435 3751 2678 3806; x_wconf 84' lang='lat' dir='ltr'><strong>Christus</strong></span> <span class='ocrx_word' id='word_1_646' title='bbox 2707 3752 2979 3823; x_wconf 82' lang='lat' dir='ltr'><strong>discipulis</strong></span> <span class='ocrx_word' id='word_1_647' title='bbox 3009 3754 3251 3808; x_wconf 76' lang='lat' dir='ltr'><strong>fidelibus</strong></span> <span class='ocrx_word' id='word_1_648' title='bbox 3278 3762 3333 3808; x_wconf 93' lang='lat' dir='ltr'><strong>ut</strong></span> <span class='ocrx_word' id='word_1_649' title='bbox 3361 3754 3604 3808; x_wconf 89' lang='lat' dir='ltr'><strong>audirent</strong></span> <span class='ocrx_word' id='word_1_650' title='bbox 3626 3771 3759 3818; x_wconf 88' lang='lat' dir='ltr'><strong>eum,</strong></span> 
     </span>
    </p>
   </div>
   <div class='ocr_carea' id='block_1_84' title="bbox 2205 3846 3763 3910">
    <p class='ocr_par' dir='ltr' id='par_1_84' title="bbox 2205 3846 3763 3910">
     <span class='ocr_line' id='line_1_84' title="bbox 2205 3846 3763 3910; baseline 0.004 -17"><span class='ocrx_word' id='word_1_651' title='bbox 2205 3850 2258 3893; x_wconf 87' lang='lat' dir='ltr'><strong>et</strong></span> <span class='ocrx_word' id='word_1_652' title='bbox 2325 3853 2565 3895; x_wconf 87' lang='lat' dir='ltr'><strong>amarent</strong></span> <span class='ocrx_word' id='word_1_653' title='bbox 2621 3848 2918 3910; x_wconf 87' lang='lat' dir='ltr'><strong>sequendo,</strong></span> <span class='ocrx_word' id='word_1_654' title='bbox 2972 3854 3025 3898; x_wconf 91' lang='lat' dir='ltr'><strong>et</strong></span> <span class='ocrx_word' id='word_1_655' title='bbox 3080 3859 3182 3898; x_wconf 81' lang='lat' dir='ltr'><strong>nox</strong></span> <span class='ocrx_word' id='word_1_656' title='bbox 3237 3846 3374 3899; x_wconf 90' lang='lat' dir='ltr'><strong>nocti</strong></span> <span class='ocrx_word' id='word_1_657' title='bbox 3444 3847 3763 3901; x_wconf 80' lang='lat' dir='ltr'><strong>annuntiavit</strong></span> 
     </span>
    </p>
   </div>
   <div class='ocr_carea' id='block_1_85' title="bbox 2204 3928 3757 3999">
    <p class='ocr_par' dir='ltr' id='par_1_85' title="bbox 2204 3928 3757 3999">
     <span class='ocr_line' id='line_1_85' title="bbox 2204 3928 3757 3999; baseline 0.005 -16"><span class='ocrx_word' id='word_1_658' title='bbox 2204 3929 2476 3983; x_wconf 81' lang='lat' dir='ltr'><strong>scientiam</strong></span> <span class='ocrx_word' id='word_1_659' title='bbox 2524 3928 2735 3999; x_wconf 87' lang='lat' dir='ltr'><strong>(Ibid.),</strong></span> <span class='ocrx_word' id='word_1_660' title='bbox 2791 3931 2842 3985; x_wconf 90' lang='lat' dir='ltr'><strong>id</strong></span> <span class='ocrx_word' id='word_1_661' title='bbox 2883 3941 2967 3985; x_wconf 77' lang='lat' dir='ltr'><strong>est</strong></span> <span class='ocrx_word' id='word_1_662' title='bbox 3010 3931 3173 3986; x_wconf 80' lang='lat' dir='ltr'><strong>Judas</strong></span> <span class='ocrx_word' id='word_1_663' title='bbox 3213 3934 3409 3989; x_wconf 70' lang='lat' dir='ltr'><strong>Judaris</strong></span> <span class='ocrx_word' id='word_1_664' title='bbox 3451 3936 3757 3999; x_wconf 86' lang='lat' dir='ltr'><strong>infidelibus,</strong></span> 
     </span>
    </p>
   </div>
   <div class='ocr_carea' id='block_1_86' title="bbox 2208 4018 3757 4093">
    <p class='ocr_par' dir='ltr' id='par_1_86' title="bbox 2208 4018 3757 4093">
     <span class='ocr_line' id='line_1_86' title="bbox 2208 4018 3757 4093; baseline 0.005 -23"><span class='ocrx_word' id='word_1_665' title='bbox 2208 4025 2265 4070; x_wconf 93' lang='lat' dir='ltr'><strong>ut</strong></span> <span class='ocrx_word' id='word_1_666' title='bbox 2289 4018 2531 4071; x_wconf 85' lang='lat' dir='ltr'><strong>venirent</strong></span> <span class='ocrx_word' id='word_1_667' title='bbox 2556 4018 2620 4071; x_wconf 87' lang='lat' dir='ltr'><strong>ad</strong></span> <span class='ocrx_word' id='word_1_668' title='bbox 2654 4034 2794 4081; x_wconf 89' lang='lat' dir='ltr'><strong>eum,</strong></span> <span class='ocrx_word' id='word_1_669' title='bbox 2823 4028 2879 4075; x_wconf 89' lang='lat' dir='ltr'><strong>et</strong></span> <span class='ocrx_word' id='word_1_670' title='bbox 2903 4022 3359 4091; x_wconf 85' lang='lat' dir='ltr'><strong>apprehenderent</strong></span> <span class='ocrx_word' id='word_1_671' title='bbox 3383 4029 3757 4093; x_wconf 86' lang='lat' dir='ltr'><strong>persequendo.</strong></span> 
     </span>
    </p>
   </div>
   <div class='ocr_carea' id='block_1_87' title="bbox 2211 4106 3756 4179">
    <p class='ocr_par' dir='ltr' id='par_1_87' title="bbox 2211 4106 3756 4179">
     <span class='ocr_line' id='line_1_87' title="bbox 2211 4106 3756 4179; baseline 0.008 -23"><span class='ocrx_word' id='word_1_672' title='bbox 2211 4106 2347 4170; x_wconf 87' lang='lat' dir='ltr'><strong>Quid</strong></span> <span class='ocrx_word' id='word_1_673' title='bbox 2395 4121 2530 4173; x_wconf 83' lang='lat' dir='ltr'><strong>ergo</strong></span> <span class='ocrx_word' id='word_1_674' title='bbox 2584 4110 2655 4161; x_wconf 89' lang='lat' dir='ltr'><strong>ait</strong></span> <span class='ocrx_word' id='word_1_675' title='bbox 2689 4109 2959 4174; x_wconf 89' lang='lat' dir='ltr'><strong>Dominus,</strong></span> <span class='ocrx_word' id='word_1_676' title='bbox 2992 4121 3336 4179; x_wconf 81' lang='lat' dir='ltr'><strong>posteaquam</strong></span> <span class='ocrx_word' id='word_1_677' title='bbox 3393 4114 3555 4168; x_wconf 69' lang='lat' dir='ltr'><strong>ludas</strong></span> <span class='ocrx_word' id='word_1_678' title='bbox 3612 4115 3756 4179; x_wconf 78' lang='lat' dir='ltr'><strong>exiit,</strong></span> 
     </span>
    </p>
   </div>
   <div class='ocr_carea' id='block_1_88' title="bbox 2210 4195 3761 4268">
    <p class='ocr_par' dir='ltr' id='par_1_88' title="bbox 2210 4195 3761 4268">
     <span class='ocr_line' id='line_1_88' title="bbox 2210 4195 3761 4268; baseline 0.006 -20"><span class='ocrx_word' id='word_1_679' title='bbox 2210 4205 2263 4248; x_wconf 90' lang='lat' dir='ltr'><strong>ut</strong></span> <span class='ocrx_word' id='word_1_680' title='bbox 2316 4195 2470 4248; x_wconf 88' lang='lat' dir='ltr'><strong>citius</strong></span> <span class='ocrx_word' id='word_1_681' title='bbox 2521 4195 2716 4250; x_wconf 82' lang='lat' dir='ltr'><strong>faceret</strong></span> <span class='ocrx_word' id='word_1_682' title='bbox 2760 4198 2898 4265; x_wconf 87' lang='lat' dir='ltr'><strong>quod</strong></span> <span class='ocrx_word' id='word_1_683' title='bbox 2930 4211 3043 4253; x_wconf 89' lang='lat' dir='ltr'><strong>erat</strong></span> <span class='ocrx_word' id='word_1_684' title='bbox 3076 4199 3327 4268; x_wconf 82' lang='lat' dir='ltr'><strong>facturus,</strong></span> <span class='ocrx_word' id='word_1_685' title='bbox 3356 4202 3455 4257; x_wconf 88' lang='lat' dir='ltr'><strong>hoc</strong></span> <span class='ocrx_word' id='word_1_686' title='bbox 3482 4214 3562 4258; x_wconf 89' lang='lat' dir='ltr'><strong>est</strong></span> <span class='ocrx_word' id='word_1_687' title='bbox 3590 4207 3761 4259; x_wconf 81' lang='lat' dir='ltr'><strong>Domi-</strong></span> 
     </span>
    </p>
   </div>
   <div class='ocr_carea' id='block_1_89' title="bbox 2208 4287 3761 4356">
    <p class='ocr_par' dir='ltr' id='par_1_89' title="bbox 2208 4287 3761 4356">
     <span class='ocr_line' id='line_1_89' title="bbox 2208 4287 3761 4356; baseline 0.006 -19"><span class='ocrx_word' id='word_1_688' title='bbox 2208 4300 2332 4337; x_wconf 90' lang='lat' dir='ltr'><strong>num</strong></span> <span class='ocrx_word' id='word_1_689' title='bbox 2383 4287 2718 4342; x_wconf 70' lang='lat' dir='ltr'><strong>traditurus?</strong></span> <span class='ocrx_word' id='word_1_690' title='bbox 2766 4289 2901 4355; x_wconf 88' lang='lat' dir='ltr'><strong>Quid</strong></span> <span class='ocrx_word' id='word_1_691' title='bbox 2949 4291 3022 4345; x_wconf 89' lang='lat' dir='ltr'><strong>ait</strong></span> <span class='ocrx_word' id='word_1_692' title='bbox 3059 4290 3190 4356; x_wconf 91' lang='lat' dir='ltr'><strong>dies,</strong></span> <span class='ocrx_word' id='word_1_693' title='bbox 3224 4307 3342 4345; x_wconf 91' lang='lat' dir='ltr'><strong>cum</strong></span> <span class='ocrx_word' id='word_1_694' title='bbox 3383 4296 3579 4348; x_wconf 84' lang='lat' dir='ltr'><strong>exisset</strong></span> <span class='ocrx_word' id='word_1_695' title='bbox 3635 4295 3761 4348; x_wconf 79' lang='lat' dir='ltr'><strong>noxi</strong></span> 
     </span>
    </p>
   </div>
   <div class='ocr_carea' id='block_1_90' title="bbox 2205 4376 3758 4451">
    <p class='ocr_par' dir='ltr' id='par_1_90' title="bbox 2205 4376 3758 4451">
     <span class='ocr_line' id='line_1_90' title="bbox 2205 4376 3758 4451; baseline 0.007 -24"><span class='ocrx_word' id='word_1_696' title='bbox 2205 4376 2338 4440; x_wconf 90' lang='lat' dir='ltr'><strong>Quid</strong></span> <span class='ocrx_word' id='word_1_697' title='bbox 2383 4376 2457 4430; x_wconf 87' lang='lat' dir='ltr'><strong>ait</strong></span> <span class='ocrx_word' id='word_1_698' title='bbox 2507 4376 2847 4449; x_wconf 79' lang='lat' dir='ltr'><strong>Redemptor,</strong></span> <span class='ocrx_word' id='word_1_699' title='bbox 2881 4396 3001 4435; x_wconf 89' lang='lat' dir='ltr'><strong>cum</strong></span> <span class='ocrx_word' id='word_1_700' title='bbox 3043 4383 3244 4437; x_wconf 85' lang='lat' dir='ltr'><strong>exisset</strong></span> <span class='ocrx_word' id='word_1_701' title='bbox 3273 4386 3559 4439; x_wconf 82' lang='lat' dir='ltr'><strong>venditor?</strong></span> <span class='ocrx_word' id='word_1_702' title='bbox 3592 4385 3758 4451; x_wconf 74' lang='lat' dir='ltr'><strong>Nunc,</strong></span> 
     </span>
    </p>
   </div>
   <div class='ocr_carea' id='block_1_91' title="bbox 506 4440 3761 4542">
    <p class='ocr_par' dir='ltr' id='par_1_91' title="bbox 506 4440 3761 4542">
     <span class='ocr_line' id='line_1_91' title="bbox 506 4440 3761 4542; baseline 0.011 -50"><span class='ocrx_word' id='word_1_703' title='bbox 506 4440 513 4518; x_wconf 62' lang='grc' dir='ltr'>ξ</span> <span class='ocrx_word' id='word_1_704' title='bbox 544 4441 739 4495; x_wconf 89' lang='lat' dir='ltr'><strong>tionem</strong></span> <span class='ocrx_word' id='word_1_705' title='bbox 787 4442 1006 4497; x_wconf 87' lang='lat' dir='ltr'><strong>Joannis</strong></span> <span class='ocrx_word' id='word_1_706' title='bbox 1044 4446 1373 4512; x_wconf 84' lang='lat' dir='ltr'><strong>apertissime</strong></span> <span class='ocrx_word' id='word_1_707' title='bbox 1404 4448 1651 4506; x_wconf 68' lang='lat' dir='ltr'><strong>Dominus</strong></span> <span class='ocrx_word' id='word_1_708' title='bbox 1682 4468 1777 4522; x_wconf 90' lang='lat' dir='ltr'><strong>per</strong></span> <span class='ocrx_word' id='word_1_709' title='bbox 1806 4456 2093 4514; x_wconf 81' lang='lat' dir='ltr'><strong>buccellam</strong></span> <span class='ocrx_word' id='word_1_710' title='bbox 2135 4472 2180 4530; x_wconf 75' lang='grc' dir='ltr'>ι)</span> <span class='ocrx_word' id='word_1_711' title='bbox 2206 4465 2390 4534; x_wconf 82' lang='lat' dir='ltr'><strong>inquit,</strong></span> <span class='ocrx_word' id='word_1_712' title='bbox 2439 4467 2748 4537; x_wconf 83' lang='lat' dir='ltr'><strong>clariﬁcatus</strong></span> <span class='ocrx_word' id='word_1_713' title='bbox 2793 4479 2864 4523; x_wconf 86' lang='lat' dir='ltr'><strong>est</strong></span> <span class='ocrx_word' id='word_1_714' title='bbox 2912 4468 3083 4525; x_wconf 85' lang='lat' dir='ltr'><strong>Filius</strong></span> <span class='ocrx_word' id='word_1_715' title='bbox 3108 4472 3348 4528; x_wconf 78' lang='lat' dir='ltr'><strong>hominis.</strong></span> <span class='ocrx_word' id='word_1_716' title='bbox 3394 4475 3567 4542; x_wconf 83' lang='lat' dir='ltr'><strong>Quare</strong></span> <span class='ocrx_word' id='word_1_717' title='bbox 3604 4478 3761 4529; x_wconf 72' lang='lat' dir='ltr'><strong>nunc?</strong></span> 
     </span>
    </p>
   </div>
   <div class='ocr_carea' id='block_1_92' title="bbox 545 4532 2102 4613">
    <p class='ocr_par' dir='ltr' id='par_1_92' title="bbox 545 4532 2102 4613">
     <span class='ocr_line' id='line_1_92' title="bbox 545 4532 2102 4613; baseline 0.014 -30"><span class='ocrx_word' id='word_1_718' title='bbox 545 4532 814 4587; x_wconf 83' lang='lat' dir='ltr'><strong>intinctam</strong></span> <span class='ocrx_word' id='word_1_719' title='bbox 852 4544 1005 4603; x_wconf 88' lang='lat' dir='ltr'><strong>atque</strong></span> <span class='ocrx_word' id='word_1_720' title='bbox 1046 4545 1343 4603; x_wconf 83' lang='lat' dir='ltr'><strong>porrectam</strong></span> <span class='ocrx_word' id='word_1_721' title='bbox 1384 4556 1533 4595; x_wconf 71' lang='lat' dir='ltr'><strong>suum</strong></span> <span class='ocrx_word' id='word_1_722' title='bbox 1576 4549 1832 4613; x_wconf 86' lang='lat' dir='ltr'><strong>exprimit</strong></span> <span class='ocrx_word' id='word_1_723' title='bbox 1884 4552 2102 4605; x_wconf 88' lang='lat' dir='ltr'><strong>tradito-</strong></span> 
     </span>
    </p>
   </div>
   <div class='ocr_carea' id='block_1_93' title="bbox 547 4624 2101 4709">
    <p class='ocr_par' dir='ltr' id='par_1_93' title="bbox 547 4624 2101 4709">
     <span class='ocr_line' id='line_1_93' title="bbox 547 4624 2101 4709; baseline 0.015 -36"><span class='ocrx_word' id='word_1_724' title='bbox 547 4637 695 4686; x_wconf 88' lang='lat' dir='ltr'><strong>rem,</strong></span> <span class='ocrx_word' id='word_1_725' title='bbox 729 4624 953 4677; x_wconf 85' lang='lat' dir='ltr'><strong>fortasse</strong></span> <span class='ocrx_word' id='word_1_726' title='bbox 982 4640 1074 4693; x_wconf 92' lang='lat' dir='ltr'><strong>per</strong></span> <span class='ocrx_word' id='word_1_727' title='bbox 1107 4630 1257 4693; x_wconf 87' lang='lat' dir='ltr'><strong>panis</strong></span> <span class='ocrx_word' id='word_1_728' title='bbox 1291 4630 1592 4688; x_wconf 87' lang='lat' dir='ltr'><strong>tinctionem</strong></span> <span class='ocrx_word' id='word_1_729' title='bbox 1629 4637 1766 4690; x_wconf 91' lang='lat' dir='ltr'><strong>illius</strong></span> <span class='ocrx_word' id='word_1_730' title='bbox 1800 4642 2101 4709; x_wconf 74' lang='lat' dir='ltr'><strong>significans</strong></span> 
     </span>
    </p>
   </div>
   <div class='ocr_carea' id='block_1_94' title="bbox 544 4714 2101 4798">
    <p class='ocr_par' dir='ltr' id='par_1_94' title="bbox 544 4714 2101 4798">
     <span class='ocr_line' id='line_1_94' title="bbox 544 4714 2101 4798; baseline 0.015 -30"><span class='ocrx_word' id='word_1_731' title='bbox 544 4714 832 4769; x_wconf 85' lang='lat' dir='ltr'><strong>fictionem.</strong></span> <span class='ocrx_word' id='word_1_732' title='bbox 881 4716 993 4771; x_wconf 86' lang='lat' dir='ltr'><strong>Non</strong></span> <span class='ocrx_word' id='word_1_733' title='bbox 1032 4720 1171 4772; x_wconf 88' lang='lat' dir='ltr'><strong>enim</strong></span> <span class='ocrx_word' id='word_1_734' title='bbox 1204 4724 1378 4777; x_wconf 90' lang='lat' dir='ltr'><strong>omnia</strong></span> <span class='ocrx_word' id='word_1_735' title='bbox 1403 4742 1519 4792; x_wconf 75' lang='lat' dir='ltr'><strong>qua:</strong></span> <span class='ocrx_word' id='word_1_736' title='bbox 1561 4729 1833 4798; x_wconf 83' lang='lat' dir='ltr'><strong>tinguntur</strong></span> <span class='ocrx_word' id='word_1_737' title='bbox 1872 4735 2101 4790; x_wconf 90' lang='lat' dir='ltr'><strong>abluun-</strong></span> 
     </span>
    </p>
   </div>
   <div class='ocr_carea' id='block_1_95' title="bbox 551 4805 2104 4888">
    <p class='ocr_par' dir='ltr' id='par_1_95' title="bbox 551 4805 2104 4888">
     <span class='ocr_line' id='line_1_95' title="bbox 551 4805 2104 4888; baseline 0.016 -31"><span class='ocrx_word' id='word_1_738' title='bbox 551 4816 666 4870; x_wconf 89' lang='lat' dir='ltr'><strong>tur,</strong></span> <span class='ocrx_word' id='word_1_739' title='bbox 727 4805 820 4859; x_wconf 88' lang='lat' dir='ltr'><strong>sed</strong></span> <span class='ocrx_word' id='word_1_740' title='bbox 850 4814 905 4859; x_wconf 90' lang='lat' dir='ltr'><strong>ut</strong></span> <span class='ocrx_word' id='word_1_741' title='bbox 930 4807 1248 4878; x_wconf 81' lang='lat' dir='ltr'><strong>iuflciantur,</strong></span> <span class='ocrx_word' id='word_1_742' title='bbox 1313 4816 1561 4870; x_wconf 86' lang='lat' dir='ltr'><strong>nOnnulla</strong></span> <span class='ocrx_word' id='word_1_743' title='bbox 1588 4819 1876 4888; x_wconf 84' lang='lat' dir='ltr'><strong>tinguntur.</strong></span> <span class='ocrx_word' id='word_1_744' title='bbox 1906 4824 1978 4879; x_wconf 89' lang='lat' dir='ltr'><strong>.Si</strong></span> <span class='ocrx_word' id='word_1_745' title='bbox 2012 4843 2104 4881; x_wconf 88' lang='lat' dir='ltr'><strong>au-</strong></span> 
     </span>
    </p>
   </div>
   <div class='ocr_carea' id='block_1_96' title="bbox 546 4900 2101 4979">
    <p class='ocr_par' dir='ltr' id='par_1_96' title="bbox 546 4900 2101 4979">
     <span class='ocr_line' id='line_1_96' title="bbox 546 4900 2101 4979; baseline 0.014 -26"><span class='ocrx_word' id='word_1_746' title='bbox 546 4908 650 4953; x_wconf 88' lang='lat' dir='ltr'><strong>tem</strong></span> <span class='ocrx_word' id='word_1_747' title='bbox 704 4900 898 4955; x_wconf 87' lang='lat' dir='ltr'><strong>bonum</strong></span> <span class='ocrx_word' id='word_1_748' title='bbox 952 4902 1149 4970; x_wconf 87' lang='lat' dir='ltr'><strong>aliquid</strong></span> <span class='ocrx_word' id='word_1_749' title='bbox 1211 4905 1293 4958; x_wconf 91' lang='lat' dir='ltr'><strong>hic</strong></span> <span class='ocrx_word' id='word_1_750' title='bbox 1350 4906 1608 4975; x_wconf 81' lang='lat' dir='ltr'><strong>significat</strong></span> <span class='ocrx_word' id='word_1_751' title='bbox 1663 4913 1872 4979; x_wconf 88' lang='lat' dir='ltr'><strong>tinctio,</strong></span> <span class='ocrx_word' id='word_1_752' title='bbox 1932 4919 2101 4973; x_wconf 86' lang='lat' dir='ltr'><strong>eidem</strong></span> 
     </span>
    </p>
   </div>
   <div class='ocr_carea' id='block_1_97' title="bbox 547 4988 2100 5063">
    <p class='ocr_par' dir='ltr' id='par_1_97' title="bbox 547 4988 2100 5063">
     <span class='ocr_line' id='line_1_97' title="bbox 547 4988 2100 5063; baseline 0.014 -24"><span class='ocrx_word' id='word_1_753' title='bbox 547 4988 687 5041; x_wconf 85' lang='lat' dir='ltr'><strong>bono</strong></span> <span class='ocrx_word' id='word_1_754' title='bbox 733 4989 991 5058; x_wconf 80' lang='lat' dir='ltr'><strong>ingratum</strong></span> <span class='ocrx_word' id='word_1_755' title='bbox 1034 5006 1136 5044; x_wconf 89' lang='lat' dir='ltr'><strong>non</strong></span> <span class='ocrx_word' id='word_1_756' title='bbox 1184 4994 1447 5049; x_wconf 89' lang='lat' dir='ltr'><strong>immerito</strong></span> <span class='ocrx_word' id='word_1_757' title='bbox 1476 5008 1555 5049; x_wconf 89' lang='lat' dir='ltr'><strong>est</strong></span> <span class='ocrx_word' id='word_1_758' title='bbox 1592 5014 1769 5055; x_wconf 87' lang='lat' dir='ltr'><strong>secuta</strong></span> <span class='ocrx_word' id='word_1_759' title='bbox 1813 5006 2100 5063; x_wconf 85' lang='lat' dir='ltr'><strong>damnatio.</strong></span> 
     </span>
    </p>
   </div>
   <div class='ocr_carea' id='block_1_98' title="bbox 549 5077 2104 5157">
    <p class='ocr_par' dir='ltr' id='par_1_98' title="bbox 549 5077 2104 5157">
     <span class='ocr_line' id='line_1_98' title="bbox 549 5077 2104 5157; baseline 0.013 -26"><span class='ocrx_word' id='word_1_760' title='bbox 549 5077 734 5131; x_wconf 76' lang='lat' dir='ltr'><strong>Adhuc</strong></span> <span class='ocrx_word' id='word_1_761' title='bbox 776 5088 949 5133; x_wconf 89' lang='lat' dir='ltr'><strong>tamen</strong></span> <span class='ocrx_word' id='word_1_762' title='bbox 977 5078 1124 5135; x_wconf 84' lang='lat' dir='ltr'><strong>Judae</strong></span> <span class='ocrx_word' id='word_1_763' title='bbox 1169 5086 1427 5150; x_wconf 89' lang='lat' dir='ltr'><strong>possessio</strong></span> <span class='ocrx_word' id='word_1_764' title='bbox 1460 5103 1560 5139; x_wconf 91' lang='lat' dir='ltr'><strong>non</strong></span> <span class='ocrx_word' id='word_1_765' title='bbox 1604 5103 1630 5139; x_wconf 88' lang='lat' dir='ltr'><strong>a</strong></span> <span class='ocrx_word' id='word_1_766' title='bbox 1680 5090 1922 5157; x_wconf 87' lang='lat' dir='ltr'><strong>Domino,</strong></span> <span class='ocrx_word' id='word_1_767' title='bbox 1953 5098 2045 5150; x_wconf 89' lang='lat' dir='ltr'><strong>sed</strong></span> <span class='ocrx_word' id='word_1_768' title='bbox 2076 5114 2104 5151; x_wconf 89' lang='lat' dir='ltr'><strong>a</strong></span> 
     </span>
    </p>
   </div>
   <div class='ocr_carea' id='block_1_99' title="bbox 548 5169 2103 5248">
    <p class='ocr_par' dir='ltr' id='par_1_99' title="bbox 548 5169 2103 5248">
     <span class='ocr_line' id='line_1_99' title="bbox 548 5169 2103 5248; baseline 0.013 -27"><span class='ocrx_word' id='word_1_769' title='bbox 548 5169 777 5233; x_wconf 87' lang='lat' dir='ltr'><strong>diabolo,</strong></span> <span class='ocrx_word' id='word_1_770' title='bbox 818 5185 937 5222; x_wconf 87' lang='lat' dir='ltr'><strong>cum</strong></span> <span class='ocrx_word' id='word_1_771' title='bbox 970 5170 1168 5224; x_wconf 89' lang='lat' dir='ltr'><strong>homini</strong></span> <span class='ocrx_word' id='word_1_772' title='bbox 1202 5171 1407 5241; x_wconf 84' lang='lat' dir='ltr'><strong>ingrato</strong></span> <span class='ocrx_word' id='word_1_773' title='bbox 1437 5177 1681 5231; x_wconf 87' lang='lat' dir='ltr'><strong>intrasset</strong></span> <span class='ocrx_word' id='word_1_774' title='bbox 1718 5184 1866 5248; x_wconf 89' lang='lat' dir='ltr'><strong>panis</strong></span> <span class='ocrx_word' id='word_1_775' title='bbox 1894 5185 1943 5237; x_wconf 93' lang='lat' dir='ltr'><strong>in</strong></span> <span class='ocrx_word' id='word_1_776' title='bbox 1977 5202 2103 5240; x_wconf 85' lang='lat' dir='ltr'><strong>ven-</strong></span> 
     </span>
    </p>
   </div>
   <div class='ocr_carea' id='block_1_100' title="bbox 554 5256 2107 5333">
    <p class='ocr_par' dir='ltr' id='par_1_100' title="bbox 554 5256 2107 5333">
     <span class='ocr_line' id='line_1_100' title="bbox 554 5256 2107 5333; baseline 0.012 -24"><span class='ocrx_word' id='word_1_777' title='bbox 554 5266 710 5321; x_wconf 85' lang='lat' dir='ltr'><strong>trem,</strong></span> <span class='ocrx_word' id='word_1_778' title='bbox 747 5256 911 5311; x_wconf 83' lang='lat' dir='ltr'><strong>hostis</strong></span> <span class='ocrx_word' id='word_1_779' title='bbox 944 5259 994 5310; x_wconf 89' lang='lat' dir='ltr'><strong>in</strong></span> <span class='ocrx_word' id='word_1_780' title='bbox 1029 5269 1279 5323; x_wconf 87' lang='lat' dir='ltr'><strong>mentem;</strong></span> <span class='ocrx_word' id='word_1_781' title='bbox 1311 5262 1499 5325; x_wconf 86' lang='lat' dir='ltr'><strong>adhuc,</strong></span> <span class='ocrx_word' id='word_1_782' title='bbox 1534 5266 1781 5333; x_wconf 83' lang='lat' dir='ltr'><strong>inquam,</strong></span> <span class='ocrx_word' id='word_1_783' title='bbox 1830 5275 1954 5325; x_wconf 88' lang='lat' dir='ltr'><strong>tanti</strong></span> <span class='ocrx_word' id='word_1_784' title='bbox 1988 5275 2107 5328; x_wconf 85' lang='lat' dir='ltr'><strong>mali</strong></span> 
     </span>
    </p>
   </div>
   <div class='ocr_carea' id='block_1_101' title="bbox 548 5347 2108 5429">
    <p class='ocr_par' dir='ltr' id='par_1_101' title="bbox 548 5347 2108 5429">
     <span class='ocr_line' id='line_1_101' title="bbox 548 5347 2108 5429; baseline 0.009 -33"><span class='ocrx_word' id='word_1_785' title='bbox 548 5347 657 5415; x_wconf 72' lang='lat' dir='ltr'><strong>jam</strong></span> <span class='ocrx_word' id='word_1_786' title='bbox 689 5347 851 5400; x_wconf 90' lang='lat' dir='ltr'><strong>corde</strong></span> <span class='ocrx_word' id='word_1_787' title='bbox 880 5347 1124 5417; x_wconf 85' lang='lat' dir='ltr'><strong>concepti</strong></span> <span class='ocrx_word' id='word_1_788' title='bbox 1171 5349 1354 5416; x_wconf 83' lang='lat' dir='ltr'><strong>plenus</strong></span> <span class='ocrx_word' id='word_1_789' title='bbox 1387 5355 1619 5408; x_wconf 42' lang='lat' dir='ltr'><strong>restabat</strong></span> <span class='ocrx_word' id='word_1_790' title='bbox 1650 5357 1871 5412; x_wconf 76' lang='lat' dir='ltr'><strong>effectus</strong></span> <span class='ocrx_word' id='word_1_791' title='bbox 1892 5400 1905 5423; x_wconf 93' lang='lat'><strong>,</strong></span> <span class='ocrx_word' id='word_1_792' title='bbox 1959 5363 2108 5429; x_wconf 77' lang='lat' dir='ltr'><strong>cujus</strong></span> 
     </span>
    </p>
   </div>
   <div class='ocr_carea' id='block_1_102' title="bbox 545 5439 2110 5518">
    <p class='ocr_par' dir='ltr' id='par_1_102' title="bbox 545 5439 2110 5518">
     <span class='ocr_line' id='line_1_102' title="bbox 545 5439 2110 5518; baseline 0.012 -31"><span class='ocrx_word' id='word_1_793' title='bbox 545 5439 655 5505; x_wconf 79' lang='lat' dir='ltr'><strong>jam</strong></span> <span class='ocrx_word' id='word_1_794' title='bbox 690 5451 1040 5507; x_wconf 65' lang='lat' dir='ltr'><strong>pra&#39;cesserat</strong></span> <span class='ocrx_word' id='word_1_795' title='bbox 1070 5442 1398 5497; x_wconf 87' lang='lat' dir='ltr'><strong>damnandus</strong></span> <span class='ocrx_word' id='word_1_796' title='bbox 1428 5446 1668 5501; x_wconf 75' lang='lat' dir='ltr'><strong>allectus.</strong></span> <span class='ocrx_word' id='word_1_797' title='bbox 1728 5449 1904 5518; x_wconf 63' lang='lat' dir='ltr'><strong>Itaque</strong></span> <span class='ocrx_word' id='word_1_798' title='bbox 1934 5452 2110 5505; x_wconf 63' lang='lat' dir='ltr'><strong>Dami-</strong></span> 
     </span>
    </p>
   </div>
   <div class='ocr_carea' id='block_1_103' title="bbox 552 5533 2110 5609">
    <p class='ocr_par' dir='ltr' id='par_1_103' title="bbox 552 5533 2110 5609">
     <span class='ocr_line' id='line_1_103' title="bbox 552 5533 2110 5609; baseline 0.012 -27"><span class='ocrx_word' id='word_1_799' title='bbox 552 5546 649 5583; x_wconf 87' lang='lat' dir='ltr'><strong>nus</strong></span> <span class='ocrx_word' id='word_1_800' title='bbox 672 5571 685 5593; x_wconf 92' lang='lat'><strong>,</strong></span> <span class='ocrx_word' id='word_1_801' title='bbox 728 5548 843 5584; x_wconf 87' lang='lat' dir='ltr'><strong>cum</strong></span> <span class='ocrx_word' id='word_1_802' title='bbox 872 5533 1023 5600; x_wconf 90' lang='lat' dir='ltr'><strong>panis</strong></span> <span class='ocrx_word' id='word_1_803' title='bbox 1058 5533 1206 5587; x_wconf 78' lang='lat' dir='ltr'><strong>vivus</strong></span> <span class='ocrx_word' id='word_1_804' title='bbox 1234 5550 1420 5603; x_wconf 90' lang='lat' dir='ltr'><strong>panem</strong></span> <span class='ocrx_word' id='word_1_805' title='bbox 1450 5548 1654 5593; x_wconf 89' lang='lat' dir='ltr'><strong>mortuo</strong></span> <span class='ocrx_word' id='word_1_806' title='bbox 1680 5542 2005 5609; x_wconf 82' lang='lat' dir='ltr'><strong>tradidisset,</strong></span> <span class='ocrx_word' id='word_1_807' title='bbox 2056 5555 2110 5599; x_wconf 89' lang='lat' dir='ltr'><strong>et</strong></span> 
     </span>
    </p>
   </div>
   <div class='ocr_carea' id='block_1_104' title="bbox 555 5624 1936 5693">
    <p class='ocr_par' dir='ltr' id='par_1_104' title="bbox 555 5624 1936 5693">
     <span class='ocr_line' id='line_1_104' title="bbox 555 5624 1936 5693; baseline 0.012 -21"><span class='ocrx_word' id='word_1_808' title='bbox 555 5639 741 5691; x_wconf 72' lang='lat' dir='ltr'><strong>panem</strong></span> <span class='ocrx_word' id='word_1_809' title='bbox 774 5624 1025 5677; x_wconf 87' lang='lat' dir='ltr'><strong>tradendo</strong></span> <span class='ocrx_word' id='word_1_810' title='bbox 1058 5628 1207 5693; x_wconf 86' lang='lat' dir='ltr'><strong>panis</strong></span> <span class='ocrx_word' id='word_1_811' title='bbox 1243 5628 1548 5683; x_wconf 88' lang='lat' dir='ltr'><strong>traditorem</strong></span> <span class='ocrx_word' id='word_1_812' title='bbox 1574 5633 1936 5687; x_wconf 87' lang='lat' dir='ltr'><strong>ostendisset:</strong></span> 
     </span>
    </p>
   </div>
   <div class='ocr_carea' id='block_1_105' title="bbox 618 5713 2105 5798">
    <p class='ocr_par' dir='ltr' id='par_1_105' title="bbox 618 5713 2105 5798">
     <span class='ocr_line' id='line_1_105' title="bbox 618 5713 2105 5798; baseline 0.016 -36"><span class='ocrx_word' id='word_1_813' title='bbox 618 5713 773 5779; x_wconf 80' lang='lat' dir='ltr'><strong>Quod</strong></span> <span class='ocrx_word' id='word_1_814' title='bbox 794 5716 941 5785; x_wconf 75' lang='lat' dir='ltr'><strong>facis,</strong></span> <span class='ocrx_word' id='word_1_815' title='bbox 964 5716 1146 5786; x_wconf 80' lang='lat' dir='ltr'><strong>inquit,</strong></span> <span class='ocrx_word' id='word_1_816' title='bbox 1174 5718 1257 5787; x_wconf 76' lang='lat' dir='ltr'><strong>[ac</strong></span> <span class='ocrx_word' id='word_1_817' title='bbox 1284 5720 1449 5773; x_wconf 78' lang='lat' dir='ltr'><strong>citius.</strong></span> <span class='ocrx_word' id='word_1_818' title='bbox 1477 5721 1588 5776; x_wconf 87' lang='lat' dir='ltr'><strong>Non</strong></span> <span class='ocrx_word' id='word_1_819' title='bbox 1612 5728 1855 5798; x_wconf 59' lang='lat' dir='ltr'><strong>praecepit</strong></span> <span class='ocrx_word' id='word_1_820' title='bbox 1889 5728 2105 5795; x_wconf 84' lang='lat' dir='ltr'><strong>facinus,</strong></span> 
     </span>
    </p>
   </div>
   <div class='ocr_carea' id='block_1_106' title="bbox 2209 4555 3761 4635">
    <p class='ocr_par' dir='ltr' id='par_1_106' title="bbox 2209 4555 3761 4635">
     <span class='ocr_line' id='line_1_106' title="bbox 2209 4555 3761 4635; baseline 0.008 -28"><span class='ocrx_word' id='word_1_821' title='bbox 2209 4555 2454 4625; x_wconf 85' lang='lat' dir='ltr'><strong>Nunquid</strong></span> <span class='ocrx_word' id='word_1_822' title='bbox 2508 4560 2627 4626; x_wconf 88' lang='lat' dir='ltr'><strong>quia</strong></span> <span class='ocrx_word' id='word_1_823' title='bbox 2704 4560 2829 4614; x_wconf 88' lang='lat' dir='ltr'><strong>exiit</strong></span> <span class='ocrx_word' id='word_1_824' title='bbox 2878 4561 2965 4630; x_wconf 88' lang='lat' dir='ltr'><strong>qui</strong></span> <span class='ocrx_word' id='word_1_825' title='bbox 3000 4563 3201 4629; x_wconf 87' lang='lat' dir='ltr'><strong>tradat,</strong></span> <span class='ocrx_word' id='word_1_826' title='bbox 3229 4567 3352 4633; x_wconf 77' lang='lat' dir='ltr'><strong>quia</strong></span> <span class='ocrx_word' id='word_1_827' title='bbox 3384 4567 3662 4621; x_wconf 86' lang='lat' dir='ltr'><strong>imminent</strong></span> <span class='ocrx_word' id='word_1_828' title='bbox 3684 4566 3761 4635; x_wconf 91' lang='lat' dir='ltr'><strong>qui</strong></span> 
     </span>
    </p>
   </div>
   <div class='ocr_carea' id='block_1_107' title="bbox 2209 4650 3755 4718">
    <p class='ocr_par' dir='ltr' id='par_1_107' title="bbox 2209 4650 3755 4718">
     <span class='ocr_line' id='line_1_107' title="bbox 2209 4650 3755 4718; baseline 0.005 -17"><span class='ocrx_word' id='word_1_829' title='bbox 2209 4656 2423 4702; x_wconf 86' lang='lat' dir='ltr'><strong>teneant</strong></span> <span class='ocrx_word' id='word_1_830' title='bbox 2468 4657 2522 4702; x_wconf 92' lang='lat' dir='ltr'><strong>et</strong></span> <span class='ocrx_word' id='word_1_831' title='bbox 2578 4650 2856 4705; x_wconf 84' lang='lat' dir='ltr'><strong>occidant?</strong></span> <span class='ocrx_word' id='word_1_832' title='bbox 2906 4653 3053 4707; x_wconf 84' lang='lat' dir='ltr'><strong>Itane</strong></span> <span class='ocrx_word' id='word_1_833' title='bbox 3108 4669 3246 4708; x_wconf 85' lang='lat' dir='ltr'><strong>nunc</strong></span> <span class='ocrx_word' id='word_1_834' title='bbox 3294 4656 3620 4711; x_wconf 82' lang='lat' dir='ltr'><strong>clarificatus</strong></span> <span class='ocrx_word' id='word_1_835' title='bbox 3666 4668 3755 4718; x_wconf 87' lang='lat' dir='ltr'><strong>est,</strong></span> 
     </span>
    </p>
   </div>
   <div class='ocr_carea' id='block_1_108' title="bbox 2207 4738 3760 4820">
    <p class='ocr_par' dir='ltr' id='par_1_108' title="bbox 2207 4738 3760 4820">
     <span class='ocr_line' id='line_1_108' title="bbox 2207 4738 3760 4820; baseline 0.008 -31"><span class='ocrx_word' id='word_1_836' title='bbox 2207 4738 2328 4804; x_wconf 88' lang='lat' dir='ltr'><strong>quia</strong></span> <span class='ocrx_word' id='word_1_837' title='bbox 2378 4753 2542 4806; x_wconf 86' lang='lat' dir='ltr'><strong>prape</strong></span> <span class='ocrx_word' id='word_1_838' title='bbox 2592 4750 2674 4793; x_wconf 87' lang='lat' dir='ltr'><strong>est</strong></span> <span class='ocrx_word' id='word_1_839' title='bbox 2725 4754 2781 4795; x_wconf 87' lang='lat' dir='ltr'><strong>ut</strong></span> <span class='ocrx_word' id='word_1_840' title='bbox 2824 4745 3049 4812; x_wconf 84' lang='lat' dir='ltr'><strong>amplius</strong></span> <span class='ocrx_word' id='word_1_841' title='bbox 3108 4746 3433 4815; x_wconf 86' lang='lat' dir='ltr'><strong>humilietur,</strong></span> <span class='ocrx_word' id='word_1_842' title='bbox 3492 4750 3613 4819; x_wconf 90' lang='lat' dir='ltr'><strong>quia</strong></span> <span class='ocrx_word' id='word_1_843' title='bbox 3663 4750 3760 4820; x_wconf 86' lang='lat' dir='ltr'><strong>jam</strong></span> 
     </span>
    </p>
   </div>
   <div class='ocr_carea' id='block_1_109' title="bbox 2208 4827 3761 4905">
    <p class='ocr_par' dir='ltr' id='par_1_109' title="bbox 2208 4827 3761 4905">
     <span class='ocr_line' id='line_1_109' title="bbox 2208 4827 3761 4905; baseline 0.011 -25"><span class='ocrx_word' id='word_1_844' title='bbox 2208 4827 2484 4895; x_wconf 86' lang='lat' dir='ltr'><strong>impendet</strong></span> <span class='ocrx_word' id='word_1_845' title='bbox 2524 4838 2580 4883; x_wconf 92' lang='lat' dir='ltr'><strong>ut</strong></span> <span class='ocrx_word' id='word_1_846' title='bbox 2607 4832 2871 4901; x_wconf 80' lang='lat' dir='ltr'><strong>alligetur,</strong></span> <span class='ocrx_word' id='word_1_847' title='bbox 2926 4845 2981 4889; x_wconf 87' lang='lat' dir='ltr'><strong>ut</strong></span> <span class='ocrx_word' id='word_1_848' title='bbox 3006 4835 3289 4905; x_wconf 71' lang='lat' dir='ltr'><strong>iudicetur,</strong></span> <span class='ocrx_word' id='word_1_849' title='bbox 3355 4850 3411 4894; x_wconf 72' lang='lat' dir='ltr'><strong>ut</strong></span> <span class='ocrx_word' id='word_1_850' title='bbox 3454 4843 3761 4897; x_wconf 72' lang='lat' dir='ltr'><strong>condemne-</strong></span> 
     </span>
    </p>
   </div>
   <div class='ocr_carea' id='block_1_110' title="bbox 2208 4921 3763 4994">
    <p class='ocr_par' dir='ltr' id='par_1_110' title="bbox 2208 4921 3763 4994">
     <span class='ocr_line' id='line_1_110' title="bbox 2208 4921 3763 4994; baseline 0.008 -23"><span class='ocrx_word' id='word_1_851' title='bbox 2208 4928 2310 4981; x_wconf 88' lang='lat' dir='ltr'><strong>tur,</strong></span> <span class='ocrx_word' id='word_1_852' title='bbox 2367 4930 2425 4973; x_wconf 92' lang='lat' dir='ltr'><strong>ut</strong></span> <span class='ocrx_word' id='word_1_853' title='bbox 2480 4921 2780 4988; x_wconf 88' lang='lat' dir='ltr'><strong>irrideatur,</strong></span> <span class='ocrx_word' id='word_1_854' title='bbox 2814 4926 3253 4994; x_wconf 76' lang='lat' dir='ltr'><strong>utcrucrligatur,</strong></span> <span class='ocrx_word' id='word_1_855' title='bbox 3304 4940 3364 4982; x_wconf 82' lang='lat' dir='ltr'><strong>ut</strong></span> <span class='ocrx_word' id='word_1_856' title='bbox 3408 4931 3763 4984; x_wconf 80' lang='lat' dir='ltr'><strong>interimatur?</strong></span> 
     </span>
    </p>
   </div>
   <div class='ocr_carea' id='block_1_111' title="bbox 2198 5008 3765 5085">
    <p class='ocr_par' dir='ltr' id='par_1_111' title="bbox 2198 5008 3765 5085">
     <span class='ocr_line' id='line_1_111' title="bbox 2198 5008 3765 5085; baseline 0.01 -24"><span class='ocrx_word' id='word_1_857' title='bbox 2198 5008 2449 5064; x_wconf 68' lang='lat' dir='ltr'><strong>~&quot;J&#39;CCinC</strong></span> <span class='ocrx_word' id='word_1_858' title='bbox 2471 5019 2552 5065; x_wconf 89' lang='lat' dir='ltr'><strong>est</strong></span> <span class='ocrx_word' id='word_1_859' title='bbox 2572 5012 2906 5081; x_wconf 85' lang='lat' dir='ltr'><strong>glorificatio,</strong></span> <span class='ocrx_word' id='word_1_860' title='bbox 2951 5032 3017 5071; x_wconf 91' lang='lat' dir='ltr'><strong>an</strong></span> <span class='ocrx_word' id='word_1_861' title='bbox 3043 5019 3215 5085; x_wconf 89' lang='lat' dir='ltr'><strong>potius</strong></span> <span class='ocrx_word' id='word_1_862' title='bbox 3240 5020 3569 5075; x_wconf 79' lang='lat' dir='ltr'><strong>humiliatio?</strong></span> <span class='ocrx_word' id='word_1_863' title='bbox 3590 5023 3765 5076; x_wconf 75' lang='lat' dir='ltr'><strong>Nonne</strong></span> 
     </span>
    </p>
   </div>
   <div class='ocr_carea' id='block_1_112' title="bbox 2208 5101 3763 5180">
    <p class='ocr_par' dir='ltr' id='par_1_112' title="bbox 2208 5101 3763 5180">
     <span class='ocr_line' id='line_1_112' title="bbox 2208 5101 3763 5180; baseline 0.012 -31"><span class='ocrx_word' id='word_1_864' title='bbox 2208 5101 2421 5168; x_wconf 89' lang='lat' dir='ltr'><strong>quando</strong></span> <span class='ocrx_word' id='word_1_865' title='bbox 2464 5104 2713 5158; x_wconf 86' lang='lat' dir='ltr'><strong>miracula</strong></span> <span class='ocrx_word' id='word_1_866' title='bbox 2744 5106 2987 5172; x_wconf 86' lang='lat' dir='ltr'><strong>faciebat,</strong></span> <span class='ocrx_word' id='word_1_867' title='bbox 3018 5108 3088 5161; x_wconf 90' lang='lat' dir='ltr'><strong>ait</strong></span> <span class='ocrx_word' id='word_1_868' title='bbox 3130 5117 3303 5164; x_wconf 85' lang='lat' dir='ltr'><strong>tamen</strong></span> <span class='ocrx_word' id='word_1_869' title='bbox 3329 5111 3395 5165; x_wconf 88' lang='lat' dir='ltr'><strong>de</strong></span> <span class='ocrx_word' id='word_1_870' title='bbox 3421 5113 3508 5165; x_wconf 90' lang='lat' dir='ltr'><strong>illo</strong></span> <span class='ocrx_word' id='word_1_871' title='bbox 3534 5102 3630 5167; x_wconf 76' lang='lat' dir='ltr'><strong>iste</strong></span> <span class='ocrx_word' id='word_1_872' title='bbox 3665 5114 3763 5180; x_wconf 80' lang='lat' dir='ltr'><strong>ipse</strong></span> 
     </span>
    </p>
   </div>
   <div class='ocr_carea' id='block_1_113' title="bbox 2209 5191 3760 5271">
    <p class='ocr_par' dir='ltr' id='par_1_113' title="bbox 2209 5191 3760 5271">
     <span class='ocr_line' id='line_1_113' title="bbox 2209 5191 3760 5271; baseline 0.007 -27"><span class='ocrx_word' id='word_1_873' title='bbox 2209 5191 2487 5247; x_wconf 82' lang='lat' dir='ltr'><strong>Joannes:</strong></span> <span class='ocrx_word' id='word_1_874' title='bbox 2535 5195 2758 5260; x_wconf 84' lang='lat' dir='ltr'><strong>Spiritus</strong></span> <span class='ocrx_word' id='word_1_875' title='bbox 2807 5215 2906 5252; x_wconf 82' lang='lat' dir='ltr'><strong>non</strong></span> <span class='ocrx_word' id='word_1_876' title='bbox 2953 5210 3058 5252; x_wconf 85' lang='lat' dir='ltr'><strong>erat</strong></span> <span class='ocrx_word' id='word_1_877' title='bbox 3099 5202 3269 5263; x_wconf 89' lang='lat' dir='ltr'><strong>datus,</strong></span> <span class='ocrx_word' id='word_1_878' title='bbox 3309 5205 3427 5271; x_wconf 79' lang='lat' dir='ltr'><strong>quia</strong></span> <span class='ocrx_word' id='word_1_879' title='bbox 3470 5203 3619 5257; x_wconf 74' lang='lat' dir='ltr'><strong>Iesus</strong></span> <span class='ocrx_word' id='word_1_880' title='bbox 3649 5224 3760 5258; x_wconf 83' lang='lat' dir='ltr'><strong>non-</strong></span> 
     </span>
    </p>
   </div>
   <div class='ocr_carea' id='block_1_114' title="bbox 2210 5284 3761 5361">
    <p class='ocr_par' dir='ltr' id='par_1_114' title="bbox 2210 5284 3761 5361">
     <span class='ocr_line' id='line_1_114' title="bbox 2210 5284 3761 5361; baseline 0.009 -28"><span class='ocrx_word' id='word_1_881' title='bbox 2210 5284 2329 5333; x_wconf 85' lang='lat' dir='ltr'><strong>dum</strong></span> <span class='ocrx_word' id='word_1_882' title='bbox 2358 5292 2461 5335; x_wconf 86' lang='lat' dir='ltr'><strong>erat</strong></span> <span class='ocrx_word' id='word_1_883' title='bbox 2490 5287 2798 5355; x_wconf 76' lang='lat' dir='ltr'><strong>clari/iratus</strong></span> <span class='ocrx_word' id='word_1_884' title='bbox 2823 5288 3001 5355; x_wconf 86' lang='lat' dir='ltr'><strong>(Joan.</strong></span> <span class='ocrx_word' id='word_1_885' title='bbox 3037 5290 3171 5357; x_wconf 77' lang='lat' dir='ltr'><strong>vn)?</strong></span> <span class='ocrx_word' id='word_1_886' title='bbox 3212 5292 3359 5346; x_wconf 85' lang='lat' dir='ltr'><strong>Tunc</strong></span> <span class='ocrx_word' id='word_1_887' title='bbox 3387 5308 3513 5361; x_wconf 87' lang='lat' dir='ltr'><strong>ergo</strong></span> <span class='ocrx_word' id='word_1_888' title='bbox 3544 5295 3761 5348; x_wconf 83' lang='lat' dir='ltr'><strong>nondum</strong></span> 
     </span>
    </p>
   </div>
   <div class='ocr_carea' id='block_1_115' title="bbox 2209 5374 3765 5451">
    <p class='ocr_par' dir='ltr' id='par_1_115' title="bbox 2209 5374 3765 5451">
     <span class='ocr_line' id='line_1_115' title="bbox 2209 5374 3765 5451; baseline 0.01 -28"><span class='ocrx_word' id='word_1_889' title='bbox 2209 5382 2324 5424; x_wconf 88' lang='lat' dir='ltr'><strong>erat</strong></span> <span class='ocrx_word' id='word_1_890' title='bbox 2372 5374 2717 5441; x_wconf 79' lang='lat' dir='ltr'><strong>glorificatus,</strong></span> <span class='ocrx_word' id='word_1_891' title='bbox 2763 5394 2880 5432; x_wconf 92' lang='lat' dir='ltr'><strong>cum</strong></span> <span class='ocrx_word' id='word_1_892' title='bbox 2931 5390 3166 5436; x_wconf 88' lang='lat' dir='ltr'><strong>mortuos</strong></span> <span class='ocrx_word' id='word_1_893' title='bbox 3196 5386 3515 5451; x_wconf 80' lang='lat' dir='ltr'><strong>suscitaret;</strong></span> <span class='ocrx_word' id='word_1_894' title='bbox 3564 5398 3617 5438; x_wconf 91' lang='lat' dir='ltr'><strong>et</strong></span> <span class='ocrx_word' id='word_1_895' title='bbox 3642 5400 3765 5439; x_wconf 83' lang='lat' dir='ltr'><strong>nunc</strong></span> 
     </span>
    </p>
   </div>
   <div class='ocr_carea' id='block_1_116' title="bbox 2210 5464 3761 5541">
    <p class='ocr_par' dir='ltr' id='par_1_116' title="bbox 2210 5464 3761 5541">
     <span class='ocr_line' id='line_1_116' title="bbox 2210 5464 3761 5541; baseline 0.009 -28"><span class='ocrx_word' id='word_1_896' title='bbox 2210 5474 2290 5514; x_wconf 87' lang='lat' dir='ltr'><strong>est</strong></span> <span class='ocrx_word' id='word_1_897' title='bbox 2342 5464 2682 5530; x_wconf 81' lang='lat' dir='ltr'><strong>glorificatus,</strong></span> <span class='ocrx_word' id='word_1_898' title='bbox 2738 5482 2857 5521; x_wconf 87' lang='lat' dir='ltr'><strong>cum</strong></span> <span class='ocrx_word' id='word_1_899' title='bbox 2892 5472 3046 5524; x_wconf 89' lang='lat' dir='ltr'><strong>morti</strong></span> <span class='ocrx_word' id='word_1_900' title='bbox 3077 5474 3492 5541; x_wconf 80' lang='lat' dir='ltr'><strong>pr0piuquarel?</strong></span> <span class='ocrx_word' id='word_1_901' title='bbox 3536 5475 3761 5529; x_wconf 81' lang='lat' dir='ltr'><strong>Nondum</strong></span> 
     </span>
    </p>
   </div>
   <div class='ocr_carea' id='block_1_117' title="bbox 2213 5556 3763 5634">
    <p class='ocr_par' dir='ltr' id='par_1_117' title="bbox 2213 5556 3763 5634">
     <span class='ocr_line' id='line_1_117' title="bbox 2213 5556 3763 5634; baseline 0.01 -29"><span class='ocrx_word' id='word_1_902' title='bbox 2213 5565 2329 5606; x_wconf 86' lang='lat' dir='ltr'><strong>erat</strong></span> <span class='ocrx_word' id='word_1_903' title='bbox 2377 5556 2712 5620; x_wconf 78' lang='lat' dir='ltr'><strong>clarificatus,</strong></span> <span class='ocrx_word' id='word_1_904' title='bbox 2766 5562 2964 5615; x_wconf 66' lang='lat' dir='ltr'><strong>facit-ns</strong></span> <span class='ocrx_word' id='word_1_905' title='bbox 3014 5564 3214 5628; x_wconf 80' lang='lat' dir='ltr'><strong>divina,</strong></span> <span class='ocrx_word' id='word_1_906' title='bbox 3246 5576 3298 5619; x_wconf 88' lang='lat' dir='ltr'><strong>et</strong></span> <span class='ocrx_word' id='word_1_907' title='bbox 3328 5568 3654 5634; x_wconf 73' lang='lat' dir='ltr'><strong>glorificatus</strong></span> <span class='ocrx_word' id='word_1_908' title='bbox 3692 5581 3763 5622; x_wconf 83' lang='lat' dir='ltr'><strong>est</strong></span> 
     </span>
    </p>
   </div>
   <div class='ocr_carea' id='block_1_118' title="bbox 2213 5648 3766 5713">
    <p class='ocr_par' dir='ltr' id='par_1_118' title="bbox 2213 5648 3766 5713">
     <span class='ocr_line' id='line_1_118' title="bbox 2213 5648 3766 5713; baseline 0.01 -18"><span class='ocrx_word' id='word_1_909' title='bbox 2213 5659 2461 5713; x_wconf 82' lang='lat' dir='ltr'><strong>passurus</strong></span> <span class='ocrx_word' id='word_1_910' title='bbox 2510 5648 2783 5703; x_wconf 87' lang='lat' dir='ltr'><strong>humana?</strong></span> <span class='ocrx_word' id='word_1_911' title='bbox 2830 5654 3016 5707; x_wconf 82' lang='lat' dir='ltr'><strong>Mirum</strong></span> <span class='ocrx_word' id='word_1_912' title='bbox 3067 5654 3111 5707; x_wconf 90' lang='lat' dir='ltr'><strong>si</strong></span> <span class='ocrx_word' id='word_1_913' title='bbox 3170 5658 3267 5709; x_wconf 91' lang='lat' dir='ltr'><strong>hoc</strong></span> <span class='ocrx_word' id='word_1_914' title='bbox 3322 5657 3460 5711; x_wconf 82' lang='lat' dir='ltr'><strong>Deus</strong></span> <span class='ocrx_word' id='word_1_915' title='bbox 3516 5660 3603 5713; x_wconf 88' lang='lat' dir='ltr'><strong>ille</strong></span> <span class='ocrx_word' id='word_1_916' title='bbox 3660 5676 3766 5711; x_wconf 83' lang='lat' dir='ltr'><strong>ma-</strong></span> 
     </span>
    </p>
   </div>
   <div class='ocr_carea' id='block_1_119' title="bbox 2211 5735 3764 5809">
    <p class='ocr_par' dir='ltr' id='par_1_119' title="bbox 2211 5735 3764 5809">
     <span class='ocr_line' id='line_1_119' title="bbox 2211 5735 3764 5809; baseline 0.007 -21"><span class='ocrx_word' id='word_1_917' title='bbox 2211 5735 2371 5803; x_wconf 82' lang='lat' dir='ltr'><strong>gister</strong></span> <span class='ocrx_word' id='word_1_918' title='bbox 2416 5736 2763 5809; x_wconf 83' lang='lat' dir='ltr'><strong>significabat,</strong></span> <span class='ocrx_word' id='word_1_919' title='bbox 2809 5750 2862 5797; x_wconf 90' lang='lat' dir='ltr'><strong>et</strong></span> <span class='ocrx_word' id='word_1_920' title='bbox 2910 5743 3119 5799; x_wconf 72' lang='lat' dir='ltr'><strong>dicebat</strong></span> <span class='ocrx_word' id='word_1_921' title='bbox 3150 5746 3226 5801; x_wconf 90' lang='lat' dir='ltr'><strong>his</strong></span> <span class='ocrx_word' id='word_1_922' title='bbox 3260 5750 3452 5803; x_wconf 62' lang='lat' dir='ltr'><strong>verbis.</strong></span> <span class='ocrx_word' id='word_1_923' title='bbox 3486 5750 3656 5804; x_wconf 75' lang='lat' dir='ltr'><strong>Altius</strong></span> <span class='ocrx_word' id='word_1_924' title='bbox 3693 5758 3764 5803; x_wconf 75' lang='lat' dir='ltr'><strong>Cal</strong></span> 
     </span>
    </p>
   </div>
  </div>
