3884 6232
117 406 237 459 813

1062 405 1128 461 IN
1169 406 1225 462 S.
1266 405 1546 463 JOANNIS
1589 401 2033 461 EVANGELIUM
2077 398 2457 459 EXPOSITIO.

3299 400 3397 460 εει

119 518 578 588 perscrutandum
630 519 883 574 Altissimi
914 517 1134 587 dictum,
1161 518 1248 589 qui
1291 532 1354 574 se
1382 517 1706 587 aliquantum
1739 514 1793 575 Α
1819 512 1971 566 Nunc
1991 513 2301 582 clariﬁcatus
2321 522 2395 567 est
2415 511 2583 568 Filius
2608 512 2856 580 hominis,
2885 519 2944 567 ut
2972 509 3114 583 quod
3138 511 3212 567 ait
3239 528 3392 580 tuine,

119 611 446 667 manifestat
468 623 521 665 ut
547 613 898 676 inveniamus,
925 619 977 664 et
999 611 1188 664 iterum
1218 598 1450 664 occultat
1474 619 1530 663 ut
1552 609 1723 688 inqui.

118 719 338 766 ramus,
363 713 418 756 et
438 703 505 756 de
529 703 759 757 inventis
778 701 841 755 ad
866 701 1180 756 invenienda
1202 709 1448 770 tanquam
1477 691 1718 771 passibus

117 792 446 846 innitamur.
473 791 642 845 Video
665 791 751 845 hic
773 789 968 858 aliquid
987 792 1122 860 quod
1145 789 1442 860 praeﬁguret
1471 802 1715 856 magnum

117 882 354 952 aliquid.
389 885 531 938 Esiit
576 883 768 947 Judas,
795 893 849 937 et
901 884 1222 938 clariﬁcatus
1240 891 1322 937 est
1364 881 1543 937 Jesus.
1580 880 1720 934 Exiit

117 971 273 1025 [ilius
308 973 644 1040 perditionis,
668 981 722 1026 et
769 971 1088 1026 ciariﬂcatus
1113 981 1197 1028 est
1246 973 1412 1027 Filius
1464 971 1713 1026 hominis.

119 1065 224 1119 Ille
249 1065 447 1133 quippe
475 1065 705 1130 exierat,
737 1073 949 1132 propter
975 1079 1130 1134 quem
1163 1064 1358 1116 dictum
1385 1063 1463 1117 eis
1487 1072 1598 1116 erat
1619 1079 1632 1116 :
1654 1061 1718 1114 Et

117 1172 215 1209 eos
238 1157 418 1208 mundi
433 1157 570 1219 estis,
593 1155 681 1208 sed
721 1172 819 1208 non
846 1170 1014 1229 omnes
1046 1154 1194 1227 (Hic,
1228 1153 1431 1222 supra).
1479 1154 1718 1206 Exeunte

119 1245 314 1313 itaque
345 1246 640 1310 immundo,
671 1261 857 1300 omnes
883 1245 1059 1300 mundi
1085 1253 1476 1308 remanserunt,
1505 1253 1557 1297 et
1600 1258 1716 1297 cum

118 1350 232 1390 suo
276 1338 591 1392 mundatore
622 1346 1008 1392 remanserunt.
1054 1337 1178 1390 Tale
1209 1337 1405 1404 aliquid
1430 1338 1550 1401 erit,
1596 1351 1716 1389 cum

119 1428 308 1481 victus
353 1443 381 1480 a
423 1426 634 1481 Christo
665 1428 931 1480 transierit
984 1426 1067 1479 hic
1121 1426 1369 1487 mundus,
1400 1432 1454 1479 et
1477 1439 1633 1479 nemo
1664 1425 1717 1479 in

117 1519 338 1588 populo
359 1517 556 1571 Christi
581 1517 878 1571 remanebit
928 1515 1262 1580 immundus,
1297 1529 1440 1580 cum,
1497 1516 1713 1569 zizaniis

117 1622 153 1660 a
205 1609 385 1662 tritico
439 1607 721 1672 separatis,
749 1607 873 1674 justi
904 1606 1173 1676 fulgebunt
1215 1609 1350 1660 sicut
1377 1608 1455 1659 sol
1483 1607 1533 1660 in
1558 1621 1719 1675 regno

118 1699 309 1754 Patris
353 1703 431 1754 sui
463 1697 676 1768 (Matth.
715 1699 850 1768 sui).
885 1699 993 1753 Hoc
1022 1699 1256 1752 futurum
1289 1698 1582 1765 praevidens
1615 1697 1717 1749 Do-

120 1789 333 1855 minus,
371 1801 424 1845 et
456 1805 596 1843 nunc
641 1790 994 1860 signiﬁcatum
1028 1803 1146 1842 esse
1173 1797 1496 1850 contestans,
1531 1787 1709 1841 disce-

1823 618 1930 659 ιιυη
1959 605 2023 658 ad
2053 604 2420 660 imminentem
2449 605 2751 675 passionem
2773 647 2788 671 ,
2814 605 2910 662 sed
2942 606 3006 661 ad
3037 605 3265 661 vicinam
3303 621 3395 660 re-

1822 696 2203 750 surrectionem
2253 696 2524 763 pertinere
2575 697 2863 764 credatur,
2921 707 3171 766 tanquam
3232 696 3388 753 fuerit

1821 786 2039 852 factum,
2069 787 2205 857 quod
2236 795 2352 842 erat
2384 799 2485 841 tam
2519 789 2757 856 proxime
2781 788 2886 857 jam
2920 789 3173 846 futurum.

1903 875 2101 945 Filioli,
2125 877 2293 930 adhuc
2327 877 2581 930 modicum
2603 878 2853 932 vobiscum
2883 896 3012 934 sum.
3046 880 3120 936 Νε
3145 889 3393 950 putarent

1821 984 1947 1038 ergo
1976 969 2114 1038 quod
2146 969 2221 1022 sic
2250 985 2372 1023 eum
2403 968 2801 1023 clariﬁcaturus
2832 982 2971 1025 esset
3000 972 3134 1026 Deus
3155 1015 3169 1039 ,
3200 984 3254 1026 ut
3287 990 3391 1028 noo

1819 1059 1899 1112 eis
1947 1058 2357 1128 conjungeretur
2387 1058 2606 1113 ulterius
2646 1075 2707 1114 ea
2751 1062 3158 1117 conversati-me
3194 1081 3293 1132 qua
3337 1066 3390 1120 in

1821 1161 1958 1206 terra
1988 1164 2088 1213 est,
2113 1152 2313 1215 Adhuc,
2342 1153 2531 1222 inquit,
2556 1153 2810 1206 modicum
2826 1155 3079 1208 vobiscum
3101 1172 3248 1220 sum;
3278 1169 3394 1211 tan-

1820 1257 1976 1310 quam
2009 1242 2211 1296 diceret
2241 1260 2252 1296 :
2285 1243 2548 1296 Continuo
2577 1229 2789 1311 quidem
2823 1248 3213 1301 resurrectione
3234 1248 3393 1302 clari-

1822 1334 2053 1397 ticabor,
2107 1349 2213 1388 non
2261 1343 2439 1388 tamen
2488 1335 2741 1389 continuo
2795 1351 3115 1393 ascensurus
3167 1354 3284 1393 sum
3340 1340 3392 1395 in

1818 1425 2011 1478 cmlum
2039 1468 2052 1492 ,
2102 1425 2194 1478 sed
2244 1425 2417 1479 adhuc
2447 1427 2714 1481 modicum
2757 1429 3026 1483 vobiscum
3068 1446 3210 1485 sum.
3243 1432 3394 1486 Sicut

1820 1513 1958 1565 enim
1984 1515 2238 1582 scriptum
2266 1525 2346 1570 est
2370 1517 2419 1570 in
2449 1520 2666 1572 Actibus
2695 1523 3058 1586 apostolorum
3086 1541 3096 1575 :
3125 1522 3246 1576 Fuit
3277 1541 3392 1579 cum

1818 1602 1889 1654 eis
1927 1610 2038 1670 post
2077 1605 2495 1658 resurrectionem
2536 1607 2877 1678 quadraginta
2925 1609 3032 1664 dies
3074 1612 3276 1667 intrans
3345 1623 3395 1668 et

1818 1691 2007 1754 exiens,
2041 1694 2353 1747 manducans
2374 1706 2419 1748 et
2451 1695 2621 1749 bibens
2652 1698 2789 1765 (Act.
2822 1698 2881 1766 ι),
2919 1716 3020 1754 non
3052 1702 3264 1770 quidem
3296 1705 3394 1759 ha-

1818 1782 1949 1836 bens
1979 1786 2248 1839 esuriendi
2297 1801 2358 1839 ac
2403 1788 2613 1843 sitiendi
2653 1799 2976 1858 egestatem,
3008 1795 3099 1848 sed
3134 1810 3299 1865 usque
3325 1798 3391 1852 ad
3483 1829 3487 1834 -

119 1881 298 1936 dente
343 1882 495 1947 Juda,
530 1891 779 1950 tanquam
841 1880 1055 1934 zizaniis
1105 1879 1387 1947 separatis,
1433 1894 1711 1932 remanen—
1752 1866 1793 1922 Β
1824 1875 1917 1926 ista
1950 1878 2127 1931 carnis
2156 1878 2432 1933 insinuans
2463 1883 2740 1936 veritatem
2769 1927 2781 1950 ,
2819 1887 2940 1954 quia
2972 1887 3184 1942 cibandi
3217 1898 3270 1943 et
3298 1905 3395 1959 po-

121 1973 276 2030 tibus
327 1982 580 2040 tanquam
635 1973 810 2026 tritico
848 1972 1104 2042 apostolis
1152 1974 1348 2026 sanctis
1383 1989 1395 2025 :
1430 1972 1604 2039 Nunc,
1635 1973 1714 2024 in-

117 2067 268 2133 quit,
295 2067 613 2134 clariﬁcatus
637 2075 707 2121 est
732 2065 899 2120 Filius
920 2067 1157 2135 hominis,
1191 2077 1444 2136 tanquam
1471 2067 1674 2122 diceret
1702 2085 1713 2120 :

121 2158 275 2212 Ecce
326 2160 378 2211 in
428 2172 546 2212 mea
606 2158 694 2212 illa
746 2158 1127 2212 clariﬁcatione
1178 2158 1302 2226 quid
1334 2159 1436 2210 erit
1476 2157 1562 2210 ubi
1607 2173 1713 2211 ma-

118 2252 308 2303 lorum
346 2249 521 2304 nullus
560 2251 684 2317 erit,
739 2250 825 2303 ubi
869 2251 1130 2304 bonorum
1190 2251 1364 2303 nullus
1417 2251 1574 2318 perit.
1625 2250 1715 2305 Sic

115 2354 310 2396 autem
369 2356 471 2394 non
520 2353 600 2395 est
648 2343 847 2396 dictum
877 2360 888 2394 :
916 2342 1061 2395 Nunc
1108 2342 1398 2411 signiﬁeita
1434 2353 1514 2396 est
1553 2344 1712 2396 clari-

118 2431 308 2486 licatio
363 2433 478 2486 Filii
534 2433 784 2497 hominis,
826 2435 916 2487 sed
947 2435 1146 2486 dictum
1197 2443 1276 2486 est
1313 2451 1322 2484 :
1362 2432 1514 2485 Nunc
1555 2433 1713 2486 clari-

118 2525 313 2590 ﬁcatus
361 2532 430 2573 est
463 2521 632 2574 Filius
681 2522 942 2586 hominis;
999 2521 1446 2589 quemadmodum
1481 2539 1584 2576 non
1633 2532 1715 2577 est

118 2614 328 2666 dictum
359 2635 370 2664 .-
408 2613 562 2665 Petra
587 2612 920 2681 signiﬁcabat
949 2611 1243 2677 Christum,
1297 2614 1388 2667 sed
1427 2613 1581 2667 Petra
1604 2626 1712 2668 erat

120 2703 362 2757 Christus
399 2701 450 2768 (I
507 2703 625 2756 Cor.
663 2704 806 2770 xu).
864 2702 970 2757 Nec
997 2703 1199 2756 dictum
1228 2713 1348 2758 est:
1385 2706 1585 2758 ltonum
1629 2720 1712 2759 se-

121 2812 250 2848 men
309 2796 577 2863 significat
623 2796 756 2848 ﬁliis
799 2800 982 2864 regni,
1034 2807 1122 2849 aut
1162 2798 1364 2851 zizauia
1418 2798 1713 2866 signiﬁcant

124 2885 271 2938 ﬁlios
322 2886 560 2952 maligni,
609 2884 698 2938 sed
749 2884 946 2939 dictum
1001 2896 1081 2940 εει
1115 2904 1126 2938 :
1156 2886 1350 2940 Bonum
1391 2906 1584 2952 semen,
1657 2891 1711 2943 hi

119 2988 245 3032 sunt
265 2979 363 3047 ﬁlii
385 2979 546 3048 regni,
569 2980 768 3032 aisania
790 2992 953 3033 autem
976 2983 1072 3046 ﬁlii
1094 2981 1306 3051 maligni
1335 2980 1542 3052 (Matth.
1568 2985 1711 3050 xm).

122 3067 282 3121 Sicut
333 3081 466 3138 ergo
522 3069 659 3122 solet
705 3069 848 3138 loqui
907 3068 1199 3138 Scriptura,
1257 3087 1340 3124 res
1404 3073 1710 3141 signiﬁcan-

123 3169 205 3212 tes
265 3167 514 3225 tanquam
576 3160 692 3213 illas
742 3176 858 3229 qua:
907 3160 1273 3229 signiﬁcantur
1313 3165 1606 3230 appellans,
1638 3165 1708 3218 ita

123 3249 336 3302 locutus
382 3258 466 3303 est
522 3248 777 3304 Dominus
808 3250 1029 3305 dicens:
1067 3250 1222 3304 Nunc
1275 3253 1590 3320 clari/icatus
1632 3265 1703 3307 est

123 3336 170 3389 Γ
173 3339 296 3391 ilius
315 3338 556 3402 hominis,
575 3349 915 3408 posteaquam
939 3353 1185 3409 separato
1209 3342 1332 3396 inde
1354 3344 1703 3413 nequissimo,

123 3443 172 3482 et
226 3442 406 3480 secum
459 3427 852 3482 remanentibus
903 3432 1124 3498 sanctis,
1168 3432 1460 3500 signiﬁcata
1487 3444 1566 3486 est
1604 3435 1711 3486 cia-

134 3521 365 3575 riﬁcatio
414 3521 554 3588 ejus,
612 3521 845 3588 quando,
901 3522 1164 3589 separatis
1205 3524 1430 3593 iniquis;
1475 3526 1709 3579 manebit

133 3614 185 3665 in
242 3612 549 3666 aeternitate
597 3629 715 3666 cum
757 3613 974 3667 sanctis.
1022 3615 1154 3666 Cum
1209 3625 1383 3667 autent
1420 3615 1704 3670 dixisset:

127 3701 289 3756 Nunc
332 3701 643 3768 clariﬁcatus
691 3712 766 3754 est
791 3699 956 3754 Filius
1005 3703 1247 3768 hommis,
1280 3703 1522 3773 adiunxit
1552 3722 1562 3757 :

199 3790 264 3845 Et
308 3792 445 3844 Deus
475 3793 786 3861 clari/Scalas
811 3803 885 3845 est
925 3795 975 3845 in
1005 3808 1084 3846 eo.
1117 3795 1233 3862 Ipsa
1265 3795 1406 3848 enim
1444 3795 1705 3850 clariﬁca-

125 3885 197 3938 tio
229 3882 349 3937 Filii
381 3884 615 3938 hominis
655 3893 770 3946 est,
812 3894 869 3937 ut
899 3883 1039 3937 Deus
1063 3884 1380 3938 clariﬁcetur
1433 3887 1484 3939 in
1533 3901 1618 3940 eo.
1652 3887 1707 3941 Si

121 3981 264 4033 enim
295 3993 402 4031 non
426 3978 540 4045 ipse
574 3977 627 4029 in
649 3975 845 4042 seipso,
876 3976 971 4029 sed
1000 3974 1141 4030 Deus
1165 3976 1485 4030 clariﬁcatur
1511 3978 1562 4031 in
1590 3979 1702 4044 illo,

124 4082 247 4123 tunc
291 4069 433 4123 Dens
467 4068 616 4122 illum
650 4070 701 4122 in
743 4083 802 4123 se
850 4068 1127 4123 clariﬁcat.
1171 4067 1409 4137 Denique
1455 4077 1703 4139 tanquam

122 4158 223 4211 ista
254 4171 531 4225 exponens
557 4158 795 4227 adiungit
821 4168 874 4211 et
903 4157 1032 4213 dicit
1057 4176 1070 4210 :

196 4250 256 4306 Si
291 4250 426 4303 Deus
449 4247 760 4317 clariﬁcatus
784 4250 835 4301 in
858 4264 918 4302 eo
937 4291 951 4314 ,
993 4259 1039 4302 et
1081 4247 1220 4302 Deus
1250 4248 1549 4319 clari/icabit
1591 4266 1704 4303 eum

122 4343 176 4395 in
206 4341 493 4408 semetipso.
528 4339 639 4394 Hoc
664 4348 745 4394 est
764 4380 780 4404 ,
805 4337 848 4392 si
878 4340 1017 4395 Deus
1045 4341 1366 4396 clariﬁcatus
1397 4353 1476 4395 est
1515 4343 1566 4397 in
1599 4359 1664 4397 eo
1684 4386 1700 4411 ,

125 4433 243 4501 quia
275 4447 382 4485 non
413 4431 556 4486 venit
583 4431 758 4485 facere
787 4432 1115 4487 voluntatem
1139 4449 1312 4499 suam,
1340 4435 1432 4488 sed
1461 4436 1702 4490 volunta-

1822 1969 1962 2023 taudi
1991 1971 2100 2039 jam
2144 1989 2246 2027 non
2296 1975 2521 2030 habebat
2563 1982 2936 2033 necessitatem
2964 2023 2978 2048 ,
3022 1983 3114 2036 sed
3160 1992 3394 2052 potesta-

1820 2067 1946 2112 tem.
1973 2061 2079 2114 Hoc
2097 2077 2142 2116 ει
2159 2079 2246 2130 go,
2263 2065 2606 2134 quadraginta
2626 2068 2759 2131 dies.
2784 2070 3101 2139 signiﬁcavit
3124 2077 3382 2133 dicendo:

1817 2150 1998 2205 Adhuc
2052 2154 2302 2206 modicum
2357 2155 2607 2209 vobiscum
2658 2175 2805 2221 sum;
2848 2177 2917 2214 an
2965 2163 3160 2233 aliquid
3213 2169 3394 2223 aliud?

1819 2240 1999 2295 Potest
2026 2245 2166 2296 enim
2191 2253 2242 2298 et
2264 2247 2341 2298 sic
2371 2247 2587 2315 intelligi
2612 2267 2623 2302 :
2653 2250 2832 2302 Adhuc
2857 2253 3110 2307 modicum
3139 2257 3390 2313 vobiscum

1816 2347 1946 2397 sum,
1979 2334 2148 2388 adhuc
2178 2336 2312 2388 sicut
2345 2352 2436 2389 vos
2468 2338 2519 2391 in
2553 2341 2648 2392 hac
2677 2341 2984 2398 inﬁrmitate
3021 2347 3198 2402 carnis
3228 2350 3389 2405 etiam

1819 2423 1930 2490 ipse
1965 2439 2102 2487 sum,
2146 2427 2313 2480 donec
2355 2429 2561 2483 scilicet
2605 2443 2920 2500 moreretur,
2963 2451 3022 2490 ac
3064 2451 3388 2510 resurgeret,

1815 2515 1936 2581 quia
1988 2526 2325 2584 posteaquam
2383 2524 2688 2589 resurrexit,
2736 2539 2853 2579 cum
2888 2528 2990 2581 illis
3030 2531 3243 2599 quidem
3291 2535 3388 2590 fuit

1817 2606 2041 2671 diebus,
2102 2617 2158 2660 ut
2210 2610 2406 2664 dictum
2462 2621 2586 2680 est,
2631 2617 3011 2686 quadraginta,
3054 2623 3392 2680 exhibitione

1815 2699 2107 2765 corporalis
2140 2703 2453 2766 prmsentiae,
2485 2706 2576 2757 sed
2612 2721 2713 2758 non
2749 2721 2868 2760 eum
2903 2710 3003 2764 illis
3039 2711 3133 2766 fuit
3162 2702 3396 2770 consors

1820 2787 1890 2840 tio
1921 2788 2241 2843 inﬁrmitatis
2275 2792 2542 2847 humanm.
2569 2795 2661 2849 Est
2691 2806 2742 2850 ct
2770 2798 2868 2851 alia
2901 2787 3079 2857 divina
3107 2811 3388 2869 pr.ese:.tia

1816 2881 2058 2952 sensibus
2090 2882 2265 2951 ignota
2296 2886 2627 2952 mertalibns,
2662 2886 2728 2940 de
2760 2905 2860 2957 qua
2893 2889 3019 2946 item
3053 2894 3181 2948 dicit
3212 2916 3222 2948 :
3259 2896 3390 2953 Ecce

1813 2988 1904 3038 ego
1928 2971 2181 3025 vobiscum
2225 2990 2336 3026 sum
2383 2991 2539 3044 usque
2586 2980 2653 3029 ad
2695 2986 3178 3038 consumma-tionem
3217 2991 3393 3050 διετειῐὲ

1816 3059 2026 3134 (Matth.
2071 3065 2278 3127 xxvm).
2309 3064 2415 3118 Hoc
2445 3079 2590 3121 certe
2636 3083 2739 3123 non
2789 3081 2870 3125 est
2910 3074 3091 3128 Adhuc
3134 3081 3389 3134 modicum

1815 3152 2065 3206 vobiscum
2092 3171 2225 3209 sum.
2259 3155 2370 3209 Non
2400 3159 2542 3211 enim
2578 3161 2840 3218 modicum
2873 3175 2952 3218 est
2980 3183 3137 3238 usque
3172 3173 3241 3224 ad
3267 3189 3391 3228 con-

1815 3247 2196 3300 summationem
2223 3248 2417 3302 scrculi.
2445 3252 2543 3303 Aut
2571 3253 2613 3304 si
2643 3263 2695 3305 et
2729 3255 2827 3306 hoc
2859 3258 3123 3314 modicum
3155 3274 3388 3334 est(vo-

1817 3337 1887 3387 lat
1917 3336 2056 3388 enim
2088 3345 2236 3401 actas,
2263 3347 2313 3390 ct
2344 3339 2393 3390 in
2425 3341 2592 3393 oculis
2627 3341 2717 3394 Dei
2754 3343 2900 3399 mille
2929 3349 3054 3400 anni
3097 3350 3239 3405 sicut
3269 3353 3387 3410 dies

1815 3443 1969 3490 unus,
2003 3440 2092 3482 aut
2119 3432 2253 3483 sicut
2280 3429 2446 3501 vigilia
2480 3432 2528 3486 in
2563 3445 2717 3488 nocte
2749 3435 2932 3508 [PsaL
2967 3443 3246 3516 LxxstxD,
3283 3465 3388 3505 non

1816 3528 1988 3576 tamen
2026 3523 2124 3578 hoc
2153 3524 2455 3592 signiﬁcare
2485 3526 2719 3581 voluisse
2745 3530 3042 3588 credendus
3082 3549 3162 3590 est
3205 3554 3403 3607 nunc,_

1809 3613 2239 3682 quandoquidem
2269 3626 2480 3668 secutus
2509 3617 2753 3685 adjunxit
2779 3637 2790 3672 :

1884 3707 2132 3770 Quwretis
2155 3723 2260 3770 me,
2293 3716 2376 3771 et,
2417 3710 2547 3761 sicut
2589 3711 2699 3764 dixi
2721 3711 2952 3779 Iudicis,
2976 3732 3073 3782 quo
3104 3735 3194 3788 ego
3223 3723 3349 3776 vado
3371 3761 3389 3792 ,

1810 3809 1898 3848 vos
1920 3811 2021 3848 non
2049 3795 2260 3866 potestis
2285 3798 2469 3851 venire.
2497 3797 2687 3868 Utique
2711 3813 2828 3870 post
2858 3804 2960 3860 hoc
2991 3810 3256 3864 modicum
3279 3828 3385 3882 quo

1807 3885 2082 3942 Vobiscum
2115 3903 2253 3952 sum,
2281 3893 2514 3958 quaeretis
2535 3907 2629 3953 me,
2665 3902 2711 3944 et
2735 3909 2834 3963 quo
2858 3912 2948 3967 ego
2971 3900 3126 3968 vado,
3167 3918 3254 3955 vos
3280 3920 3381 3957 non

1804 3981 2013 4048 potestis
2058 3981 2245 4034 venire.
2286 3980 2529 4050 Nunquid
2568 3992 2690 4053 post
2717 3990 3233 4046 consummationem
3280 4009 3386 4050 sae-

1806 4071 1934 4139 culi,
1959 4086 2063 4140 quo
2094 4073 2206 4141 ipse
2231 4073 2405 4138 vadit,’
2429 4077 2606 4130 venire
2640 4093 2744 4130 non
2781 4089 3046 4148 poterunt,
3079 4094 3132 4138 et
3161 4085 3247 4140 uhi
3272 4097 3376 4153 est,

1805 4161 1944 4230 quod
1976 4164 2248 4230 aliquanto
2299 4175 2414 4232 post
2463 4167 2511 4219 in
2543 4164 2644 4221 hoc
2686 4168 2802 4237 ipso
2833 4185 3094 4234 sermone
3141 4176 3380 4232 dicturus

1804 4261 1924 4306 est:
1957 4251 2135 4322 Pater,
2180 4256 2290 4308 volo
2331 4266 2384 4308 ut
2425 4257 2510 4310 ubi
2548 4275 2638 4330 ego
2685 4277 2816 4326 sum,
2854 4272 2901 4315 et
2933 4264 3032 4331 ipsi
3060 4267 3159 4320 sint
3182 4285 3377 4325 mecum

1804 4343 1982 4415 (Joan.
2008 4343 2174 4415 xvu)?
2197 4345 2309 4399 Non
2341 4361 2469 4415 ergo
2499 4347 2566 4401 de
2592 4349 2679 4401 illa
2708 4364 2800 4402 sua
2839 4367 2958 4406 cum
2990 4357 3099 4411 suis
3139 4373 3374 4426 prteseno

1804 4437 1909 4499 tia,
1941 4451 2044 4505 qua
2091 4451 2210 4488 cum
2265 4435 2367 4491 illis
2405 4447 2487 4492 εει
2531 4453 2700 4509 usque
2745 4442 2809 4494 ad
2859 4452 3377 4507 consummationem

127 4534 230 4576 tem
257 4523 375 4592 eius
399 4522 487 4591 qui
519 4522 663 4576 misit
692 4522 871 4588 illum;
894 4533 946 4577 et
983 4523 1122 4578 Deus
1149 4525 1458 4578 clariﬁcavit
1492 4540 1612 4580 eum
1645 4525 1695 4580 in
1730 4546 1778 4606 ο
1806 4527 2009 4590 smculi,
2035 4542 2173 4582 nunc
2202 4527 2408 4584 locutus
2431 4539 2512 4584 est
2539 4531 2625 4585 ubi
2653 4537 2758 4587 ait:
2787 4534 2968 4588 Adhuc
3001 4541 3254 4596 modicum
3293 4561 3378 4597 ro-

125 4619 411 4684 semetipso
439 4656 452 4680 ,
486 4622 545 4668 ut
573 4624 755 4668 natura
786 4614 1020 4669 humana
1041 4656 1055 4678 .
1090 4616 1142 4668 in
1173 4631 1274 4685 qua
1303 4628 1385 4673 est
1417 4618 1574 4674 Filius
1604 4619 1699 4673 ho-

127 4706 302 4772 minis,
329 4719 451 4774 qua:
479 4719 506 4756 a
536 4703 711 4760 Verbo
744 4713 945 4760 aterno
970 4717 1212 4776 suscepta
1243 4719 1348 4772 est,
1394 4711 1554 4764 etiam
1584 4712 1694 4764 im-

127 4796 330 4848 mortali
376 4792 675 4848 eternitate
719 4794 979 4862 donetur;
1035 4805 1089 4850 et
1137 4798 1432 4865 continuo,
1485 4801 1694 4869 inquit,

123 4883 422 4953 cianﬁcabit
461 4900 605 4951 eum,
635 4886 1078 4942 resurrectionem
1126 4888 1330 4943 scilicet
1372 4906 1554 4956 suam,
1589 4908 1692 4946 non

123 4978 254 5031 sicut
303 4987 542 5031 nostram
594 4976 644 5029 in
690 4975 792 5031 ﬁne
838 4977 1052 5042 saeculi,
1108 4978 1199 5032 sed
1253 4982 1505 5034 continuo
1553 4983 1694 5036 futu-

129 5084 236 5124 ram
263 5070 365 5124 hac
395 5070 733 5125 attestatione
770 5070 1082 5137 prmdicens.
1115 5071 1227 5139 Ipsa
1256 5084 1336 5125 est
1362 5075 1502 5128 enim
1534 5077 1693 5129 clari-

127 5159 295 5214 ﬁcatio
320 5161 389 5216 de
417 5176 517 5230 qua
560 5163 885 5232 evangelista
925 5160 1034 5230 jam
1075 5162 1283 5218 dixerat
1308 5205 1320 5223 .
1362 5167 1498 5232 quod
1538 5168 1692 5234 paulo

127 5261 242 5306 ante
272 5253 710 5315 commemoravi,
741 5253 860 5320 quia
889 5263 1165 5321 propterea
1192 5254 1422 5306 nondum
1451 5266 1564 5308 erat
1586 5258 1693 5326 spi-

127 5345 252 5400 ritus
276 5346 452 5409 datus,
488 5345 578 5398 illo
603 5344 782 5411 utique
810 5361 946 5398 novo
977 5345 1133 5400 tnodo
1157 5350 1206 5399 ln
1242 5344 1318 5400 eis
1361 5348 1549 5416 quibus
1583 5349 1696 5402 fue-

126 5446 202 5489 rat
231 5452 294 5489 eo
324 5435 484 5489 modo
516 5445 631 5504 post
663 5439 1108 5490 resurrectionem
1151 5438 1496 5491 credentibus
1548 5440 1682 5492 dau-

126 5529 216 5583 dos
243 5569 257 5593 ,
306 5530 429 5597 quia
475 5529 632 5583 Jesus
664 5529 892 5583 nondum
938 5541 1050 5585 erat
1082 5531 1401 5586 clariﬁcatus
1426 5576 1439 5599 ,
1486 5534 1535 5586 id
1572 5547 1648 5588 cst
1673 5576 1690 5599 ,

129 5622 353 5674 nondum
387 5623 557 5677 fuerat
588 5623 883 5677 mortalitas
925 5625 1318 5679 inmortalitate
1370 5627 1551 5680 vestita
1582 5670 1596 5690 ,
1634 5637 1686 5682 et

128 5714 173 5768 in
203 5722 458 5766 mternam
489 5717 738 5768 virtutem
767 5723 906 5784 temp
931 5716 1071 5770 iratis
1106 5716 1387 5771 inﬁrmitas
1434 5733 1681 5772 commu-

132 5814 248 5857 tata.
287 5805 469 5859 Potest
495 5817 546 5860 et
577 5805 643 5859 de
673 5807 769 5860 ista
797 5807 1170 5864 clariﬁcatione
1218 5809 1419 5864 dictum
1472 5809 1640 5862 videri
1671 5828 1680 5860 :

1804 4618 1994 4670 biscum
2017 4631 2162 4680 sum;
2185 4618 2276 4672 sed
2310 4619 2389 4672 vel
2417 4620 2482 4674 de
2513 4611 2830 4680 inﬁrmitate
2854 4630 3084 4694 mortali,
3121 4648 3218 4701 qua
3249 4650 3368 4688 cum

1804 4709 1904 4762 illis
1934 4719 2047 4762 erat
2078 4725 2242 4776 usque
2272 4710 2338 4764 ad
2371 4714 2668 4778 passionem
2701 4730 2882 4779 su-im;
2915 4729 3004 4772 aut
3033 4721 3098 4774 de
3131 4739 3370 4791 praeson-

1803 4802 1872 4854 tia
1914 4801 2174 4870 corporali
2202 4843 2214 4865 ,
2248 4817 2348 4870 qua
2380 4817 2500 4858 cum
2554 4805 2655 4858 illis
2701 4806 2904 4863 iuturus
2947 4823 3062 4865 erat
3111 4830 3276 4885 usque
3306 4820 3370 4874 ad

1801 4892 2162 4945 ascensionem
2187 4908 2357 4945 suam.
2388 4894 2670 4958 Quodlibet
2695 4897 2882 4953 horum
2907 4901 3023 4969 quis
3047 4904 3227 4974 eligat,
3247 4924 3366 4965 cum

1801 4981 1900 5033 ﬁde
1952 4997 2055 5034 non
2107 4983 2292 5050 litigat.
2337 4981 2412 5038 Ne
2451 4985 2535 5037 cui
2584 4994 2761 5039 autem
2796 4987 3038 5045 videatur
3076 4997 3367 5056 abhorrere

1799 5072 1898 5126 iste
1925 5089 2111 5126 sensus
2137 5089 2164 5125 a
2195 5089 2339 5139 vero,
2365 5074 2501 5143 quod
2548 5075 2773 5131 dicimus
2808 5080 3087 5138 Dominum
3130 5093 3370 5148 mortalis

1798 5169 1973 5222 Carnis
2005 5171 2431 5224 communionem
2454 5211 2468 5235 ,
2499 5172 2548 5223 in
2579 5187 2679 5241 qua
2727 5189 2846 5227 cum
2891 5178 3160 5247 discipulis
3203 5197 3369 5252 usque

1797 5263 1860 5313 ad
1917 5261 2214 5330 passionem
2272 5261 2401 5324 fuit,
2450 5263 2755 5330 signiﬁcare
2811 5272 3048 5334 potuisse
3099 5272 3368 5329 dicendo:

1797 5353 1976 5404 Adhuc
2018 5354 2263 5405 modicum
2294 5354 2548 5405 vobiscum
2588 5371 2697 5407 sum
2723 5398 2737 5420 ,
2768 5359 2905 5425 apud
2955 5362 3114 5414 alium
3163 5382 3373 5433 quoque

1796 5444 2172 5510 evangelistam
2210 5451 2328 5506 post
2369 5449 2816 5500 resurrectionem
2859 5455 2972 5517 ejus
3005 5457 3165 5508 verba
3197 5470 3371 5512 atten-

1795 5533 1902 5594 dat,
1931 5533 2013 5585 nhi
2041 5534 2143 5586 ait:
2170 5533 2294 5586 Ila’c
2320 5535 2516 5589 locutus
2541 5553 2649 5588 sum
2684 5540 2838 5601 vobis,
2872 5557 2988 5593 cum
3019 5546 3186 5598 adhuc
3213 5566 3368 5602 essrm

1793 5623 2046 5677 nobiscum
2071 5624 2220 5692 (Luc.
2250 5629 2418 5691 XXIV),
2445 5628 2596 5694 quasi
2643 5627 2739 5699 [An
2769 5630 2866 5699 leg.
2902 5633 3000 5685 etsi
3026 5634 3080 5706 Ὶ]
3110 5648 3229 5693 tunc
3252 5655 3369 5694 erat

1793 5732 1910 5769 cum
1944 5717 2070 5785 ipsis
2117 5716 2270 5769 simul
2296 5717 2698 5784 assistentibus,
2743 5722 3069 5788 videntibus,
3106 5736 3370 5796 tangunt-

1793 5812 1889 5866 [ωε
1910 5854 1923 5879 ,
1954 5811 2398 5880 (eloquentibus.
2444 5813 2577 5879 Quid
2611 5824 2688 5866 est
2713 5831 2839 5884 ergo
2871 5832 2978 5868 cum
3007 5821 3175 5873 adhuc
3212 5839 3367 5876 essent
