  <div class='ocr_page' id='page_1' title='image "/cluster/home/n/w/nwhite01/storage/ocr_20150623/92-93/uva.x000827076/415.png"; bbox 0 0 3884 6232; ppageno 0'>
   <div class='ocr_carea' id='block_1_1' title="bbox 492 333 3715 425">
    <p class='ocr_par' dir='ltr' id='par_1_1' title="bbox 492 333 3715 425">
     <span class='ocr_line' id='line_1_1' title="bbox 492 333 3715 425; baseline 0.012 -38"><span class='ocrx_word' id='word_1_1' title='bbox 492 333 600 387; x_wconf 65' lang='lat' dir='ltr'><strong>illi</strong></span> <span class='ocrx_word' id='word_1_2' title='bbox 919 341 1121 396; x_wconf 69' lang='grc' dir='ltr'><strong>ΒΕΓ)Ᾰῖ</strong></span> <span class='ocrx_word' id='word_1_3' title='bbox 1167 342 1612 407; x_wconf 77' lang='lat' dir='ltr'><strong>VENERABILIS</strong></span> <span class='ocrx_word' id='word_1_4' title='bbox 1646 347 1796 402; x_wconf 79' lang='lat' dir='ltr'>UPP.</span> <span class='ocrx_word' id='word_1_5' title='bbox 1840 348 2013 404; x_wconf 77' lang='lat' dir='ltr'><strong>PARS</strong></span> <span class='ocrx_word' id='word_1_6' title='bbox 2050 349 2112 404; x_wconf 91' lang='lat' dir='ltr'><strong>II.</strong></span> <span class='ocrx_word' id='word_1_7' title='bbox 2141 350 2336 408; x_wconf 80' lang='lat' dir='ltr'><strong>SECT.</strong></span> <span class='ocrx_word' id='word_1_8' title='bbox 2378 353 2419 411; x_wconf 87' lang='grc'><strong>1.</strong></span> <span class='ocrx_word' id='word_1_9' title='bbox 2453 383 2519 395; x_wconf 92' lang='lat'><strong>-</strong></span> <span class='ocrx_word' id='word_1_10' title='bbox 2545 354 2927 412; x_wconf 75' lang='lat' dir='ltr'><strong>EXEGETICA</strong></span> <span class='ocrx_word' id='word_1_11' title='bbox 2968 359 3287 420; x_wconf 49' lang='lat' dir='ltr'><strong>GENl‘lNA.</strong></span> <span class='ocrx_word' id='word_1_12' title='bbox 3617 372 3715 425; x_wconf 83' lang='lat' dir='ltr'><strong>8l6</strong></span> 
     </span>
    </p>
   </div>
   <div class='ocr_carea' id='block_1_2' title="bbox 486 449 3709 549">
    <p class='ocr_par' dir='ltr' id='par_1_2' title="bbox 486 449 3709 549">
     <span class='ocr_line' id='line_1_2' title="bbox 486 449 3709 549; baseline 0.011 -47"><span class='ocrx_word' id='word_1_13' title='bbox 486 449 763 516; x_wconf 69' lang='lat' dir='ltr'><strong>vobiscum,</strong></span> <span class='ocrx_word' id='word_1_14' title='bbox 795 452 895 507; x_wconf 73' lang='lat' dir='ltr'><strong>n’si</strong></span> <span class='ocrx_word' id='word_1_15' title='bbox 924 470 936 505; x_wconf 91' lang='lat'><strong>:</strong></span> <span class='ocrx_word' id='word_1_16' title='bbox 1000 454 1130 506; x_wconf 90' lang='lat' dir='ltr'><strong>Cum</strong></span> <span class='ocrx_word' id='word_1_17' title='bbox 1154 454 1334 509; x_wconf 78' lang='lat' dir='ltr'><strong>adhuc</strong></span> <span class='ocrx_word' id='word_1_18' title='bbox 1356 470 1526 515; x_wconf 90' lang='lat' dir='ltr'><strong>essem</strong></span> <span class='ocrx_word' id='word_1_19' title='bbox 1559 457 1611 511; x_wconf 90' lang='lat' dir='ltr'><strong>in</strong></span> <span class='ocrx_word' id='word_1_20' title='bbox 1639 472 1798 513; x_wconf 88' lang='lat' dir='ltr'><strong>carne</strong></span> <span class='ocrx_word' id='word_1_21' title='bbox 1828 460 2057 526; x_wconf 87' lang='lat' dir='ltr'><strong>mortali,</strong></span> <span class='ocrx_word' id='word_1_22' title='bbox 2090 468 2137 524; x_wconf 76' lang='grc' dir='ltr'><strong>Α</strong></span> <span class='ocrx_word' id='word_1_23' title='bbox 2167 467 2461 517; x_wconf 72' lang='lat' dir='ltr'><strong>testamenti</strong></span> <span class='ocrx_word' id='word_1_24' title='bbox 2484 467 2622 530; x_wconf 88' lang='lat' dir='ltr'><strong>novi,</strong></span> <span class='ocrx_word' id='word_1_25' title='bbox 2644 480 2939 524; x_wconf 87' lang='lat' dir='ltr'><strong>cautatores</strong></span> <span class='ocrx_word' id='word_1_26' title='bbox 2962 474 3149 527; x_wconf 89' lang='lat' dir='ltr'><strong>cantici</strong></span> <span class='ocrx_word' id='word_1_27' title='bbox 3172 478 3310 530; x_wconf 87' lang='lat' dir='ltr'><strong>novi.</strong></span> <span class='ocrx_word' id='word_1_28' title='bbox 3341 478 3709 549; x_wconf 55' lang='lat' dir='ltr'><strong>Hmcdzleetio,</strong></span> 
     </span>
    </p>
   </div>
   <div class='ocr_carea' id='block_1_3' title="bbox 489 544 2057 622">
    <p class='ocr_par' dir='ltr' id='par_1_3' title="bbox 489 544 2057 622">
     <span class='ocr_line' id='line_1_3' title="bbox 489 544 2057 622; baseline 0.008 -25"><span class='ocrx_word' id='word_1_29' title='bbox 489 544 540 597; x_wconf 86' lang='lat' dir='ltr'><strong>in</strong></span> <span class='ocrx_word' id='word_1_30' title='bbox 559 556 661 611; x_wconf 86' lang='lat' dir='ltr'><strong>qua</strong></span> <span class='ocrx_word' id='word_1_31' title='bbox 674 548 803 599; x_wconf 86' lang='lat' dir='ltr'><strong>estis</strong></span> <span class='ocrx_word' id='word_1_32' title='bbox 824 556 874 599; x_wconf 90' lang='lat' dir='ltr'><strong>ct</strong></span> <span class='ocrx_word' id='word_1_33' title='bbox 893 547 1023 599; x_wconf 76' lang='lat' dir='ltr'><strong>vos?</strong></span> <span class='ocrx_word' id='word_1_34' title='bbox 1052 547 1197 602; x_wconf 86' lang='lat' dir='ltr'><strong>Tunc</strong></span> <span class='ocrx_word' id='word_1_35' title='bbox 1225 549 1363 602; x_wconf 91' lang='lat' dir='ltr'><strong>enim</strong></span> <span class='ocrx_word' id='word_1_36' title='bbox 1386 550 1438 603; x_wconf 92' lang='lat' dir='ltr'><strong>in</strong></span> <span class='ocrx_word' id='word_1_37' title='bbox 1461 550 1645 605; x_wconf 88' lang='lat' dir='ltr'><strong>eadem</strong></span> <span class='ocrx_word' id='word_1_38' title='bbox 1668 566 1826 608; x_wconf 88' lang='lat' dir='ltr'><strong>carne</strong></span> <span class='ocrx_word' id='word_1_39' title='bbox 1847 554 2057 622; x_wconf 81' lang='lat' dir='ltr'><strong>quidem</strong></span> 
     </span>
    </p>
   </div>
   <div class='ocr_carea' id='block_1_4' title="bbox 491 634 2059 700">
    <p class='ocr_par' dir='ltr' id='par_1_4' title="bbox 491 634 2059 700">
     <span class='ocr_line' id='line_1_4' title="bbox 491 634 2059 700; baseline 0.007 -15"><span class='ocrx_word' id='word_1_40' title='bbox 491 634 825 699; x_wconf 84' lang='lat' dir='ltr'><strong>resuscitsta,</strong></span> <span class='ocrx_word' id='word_1_41' title='bbox 855 645 999 700; x_wconf 83' lang='lat' dir='ltr'><strong>erat,</strong></span> <span class='ocrx_word' id='word_1_42' title='bbox 1042 636 1135 691; x_wconf 89' lang='lat' dir='ltr'><strong>sed</strong></span> <span class='ocrx_word' id='word_1_43' title='bbox 1166 652 1284 690; x_wconf 90' lang='lat' dir='ltr'><strong>cum</strong></span> <span class='ocrx_word' id='word_1_44' title='bbox 1319 638 1422 691; x_wconf 82' lang='lat' dir='ltr'><strong>illis</strong></span> <span class='ocrx_word' id='word_1_45' title='bbox 1450 638 1501 692; x_wconf 92' lang='lat' dir='ltr'><strong>in</strong></span> <span class='ocrx_word' id='word_1_46' title='bbox 1531 640 1712 696; x_wconf 83' lang='lat' dir='ltr'><strong>eadem</strong></span> <span class='ocrx_word' id='word_1_47' title='bbox 1739 642 2059 697; x_wconf 90' lang='lat' dir='ltr'><strong>mortalitate</strong></span> 
     </span>
    </p>
   </div>
   <div class='ocr_carea' id='block_1_5' title="bbox 482 724 2052 799">
    <p class='ocr_par' dir='ltr' id='par_1_5' title="bbox 482 724 2052 799">
     <span class='ocr_line' id='line_1_5' title="bbox 482 724 2052 799; baseline 0.007 -23"><span class='ocrx_word' id='word_1_48' title='bbox 482 724 594 789; x_wconf 86' lang='lat' dir='ltr'><strong>jam</strong></span> <span class='ocrx_word' id='word_1_49' title='bbox 614 740 715 778; x_wconf 87' lang='lat' dir='ltr'><strong>non</strong></span> <span class='ocrx_word' id='word_1_50' title='bbox 742 736 876 780; x_wconf 85' lang='lat' dir='ltr'><strong>erat.</strong></span> <span class='ocrx_word' id='word_1_51' title='bbox 908 726 1239 796; x_wconf 76' lang='lat' dir='ltr'><strong>Quapropter</strong></span> <span class='ocrx_word' id='word_1_52' title='bbox 1264 728 1402 783; x_wconf 91' lang='lat' dir='ltr'><strong>sicut</strong></span> <span class='ocrx_word' id='word_1_53' title='bbox 1424 730 1493 784; x_wconf 87' lang='lat' dir='ltr'><strong>ibi</strong></span> <span class='ocrx_word' id='word_1_54' title='bbox 1518 731 1626 799; x_wconf 89' lang='lat' dir='ltr'><strong>jam</strong></span> <span class='ocrx_word' id='word_1_55' title='bbox 1663 731 1714 784; x_wconf 90' lang='lat' dir='ltr'><strong>in</strong></span> <span class='ocrx_word' id='word_1_56' title='bbox 1738 732 2052 788; x_wconf 71' lang='lat' dir='ltr'><strong>mortalitate</strong></span> 
     </span>
    </p>
   </div>
   <div class='ocr_carea' id='block_1_6' title="bbox 486 817 2052 891">
    <p class='ocr_par' dir='ltr' id='par_1_6' title="bbox 486 817 2052 891">
     <span class='ocr_line' id='line_1_6' title="bbox 486 817 2052 891; baseline 0.008 -23"><span class='ocrx_word' id='word_1_57' title='bbox 486 817 665 871; x_wconf 87' lang='lat' dir='ltr'><strong>carnis</strong></span> <span class='ocrx_word' id='word_1_58' title='bbox 686 820 945 874; x_wconf 86' lang='lat' dir='ltr'><strong>veraciter</strong></span> <span class='ocrx_word' id='word_1_59' title='bbox 974 822 1047 874; x_wconf 91' lang='lat' dir='ltr'><strong>ait</strong></span> <span class='ocrx_word' id='word_1_60' title='bbox 1071 838 1082 872; x_wconf 90' lang='lat'><strong>:</strong></span> <span class='ocrx_word' id='word_1_61' title='bbox 1116 820 1243 874; x_wconf 88' lang='lat' dir='ltr'><strong>Cum</strong></span> <span class='ocrx_word' id='word_1_62' title='bbox 1266 821 1435 878; x_wconf 75' lang='lat' dir='ltr'><strong>adhuc</strong></span> <span class='ocrx_word' id='word_1_63' title='bbox 1460 839 1615 878; x_wconf 83' lang='lat' dir='ltr'><strong>essent</strong></span> <span class='ocrx_word' id='word_1_64' title='bbox 1641 826 1893 879; x_wconf 83' lang='lat' dir='ltr'><strong>uobiscum</strong></span> <span class='ocrx_word' id='word_1_65' title='bbox 1920 866 1936 891; x_wconf 90' lang='lat'><strong>,</strong></span> <span class='ocrx_word' id='word_1_66' title='bbox 1965 826 2052 880; x_wconf 92' lang='lat' dir='ltr'><strong>ubi</strong></span> 
     </span>
    </p>
   </div>
   <div class='ocr_carea' id='block_1_7' title="bbox 484 908 2053 984">
    <p class='ocr_par' dir='ltr' id='par_1_7' title="bbox 484 908 2053 984">
     <span class='ocr_line' id='line_1_7' title="bbox 484 908 2053 984; baseline 0.006 -23"><span class='ocrx_word' id='word_1_67' title='bbox 484 908 612 962; x_wconf 85' lang='lat' dir='ltr'><strong>nihil</strong></span> <span class='ocrx_word' id='word_1_68' title='bbox 644 909 784 965; x_wconf 88' lang='lat' dir='ltr'><strong>aliud</strong></span> <span class='ocrx_word' id='word_1_69' title='bbox 813 912 1108 981; x_wconf 77' lang='lat' dir='ltr'><strong>intelligere</strong></span> <span class='ocrx_word' id='word_1_70' title='bbox 1155 928 1440 982; x_wconf 83' lang='lat' dir='ltr'><strong>possumus</strong></span> <span class='ocrx_word' id='word_1_71' title='bbox 1478 931 1631 984; x_wconf 92' lang='lat' dir='ltr'><strong>quam</strong></span> <span class='ocrx_word' id='word_1_72' title='bbox 1660 933 1672 969; x_wconf 89' lang='lat'><strong>:</strong></span> <span class='ocrx_word' id='word_1_73' title='bbox 1720 914 1851 970; x_wconf 89' lang='lat' dir='ltr'><strong>Cum</strong></span> <span class='ocrx_word' id='word_1_74' title='bbox 1880 916 2053 971; x_wconf 90' lang='lat' dir='ltr'><strong>adhuc</strong></span> 
     </span>
    </p>
   </div>
   <div class='ocr_carea' id='block_1_8' title="bbox 480 1000 2049 1062">
    <p class='ocr_par' dir='ltr' id='par_1_8' title="bbox 480 1000 2049 1062">
     <span class='ocr_line' id='line_1_8' title="bbox 480 1000 2049 1062; baseline 0.007 -11"><span class='ocrx_word' id='word_1_75' title='bbox 480 1011 652 1052; x_wconf 84' lang='lat' dir='ltr'><strong>essem</strong></span> <span class='ocrx_word' id='word_1_76' title='bbox 681 1000 733 1052; x_wconf 88' lang='lat' dir='ltr'><strong>in</strong></span> <span class='ocrx_word' id='word_1_77' title='bbox 755 1001 931 1054; x_wconf 88' lang='lat' dir='ltr'><strong>carnis</strong></span> <span class='ocrx_word' id='word_1_78' title='bbox 953 1002 1278 1057; x_wconf 79' lang='lat' dir='ltr'><strong>mortalitate</strong></span> <span class='ocrx_word' id='word_1_79' title='bbox 1302 1004 1603 1059; x_wconf 83' lang='lat' dir='ltr'><strong>vobiscum:</strong></span> <span class='ocrx_word' id='word_1_80' title='bbox 1644 1006 1716 1059; x_wconf 89' lang='lat' dir='ltr'><strong>ita</strong></span> <span class='ocrx_word' id='word_1_81' title='bbox 1746 1015 1799 1061; x_wconf 90' lang='lat' dir='ltr'><strong>et</strong></span> <span class='ocrx_word' id='word_1_82' title='bbox 1830 1007 1917 1061; x_wconf 91' lang='lat' dir='ltr'><strong>hic</strong></span> <span class='ocrx_word' id='word_1_83' title='bbox 1944 1021 2049 1062; x_wconf 93' lang='lat' dir='ltr'><strong>non</strong></span> 
     </span>
    </p>
   </div>
   <div class='ocr_carea' id='block_1_9' title="bbox 480 1085 2049 1160">
    <p class='ocr_par' dir='ltr' id='par_1_9' title="bbox 480 1085 2049 1160">
     <span class='ocr_line' id='line_1_9' title="bbox 480 1085 2049 1160; baseline 0.008 -23"><span class='ocrx_word' id='word_1_84' title='bbox 480 1085 707 1142; x_wconf 80' lang='lat' dir='ltr'><strong>absurde</strong></span> <span class='ocrx_word' id='word_1_85' title='bbox 727 1088 924 1143; x_wconf 78' lang='lat' dir='ltr'><strong>dixisse</strong></span> <span class='ocrx_word' id='word_1_86' title='bbox 945 1088 1252 1160; x_wconf 78' lang='lat' dir='ltr'><strong>intelligitur</strong></span> <span class='ocrx_word' id='word_1_87' title='bbox 1278 1110 1290 1145; x_wconf 86' lang='lat'>:</span> <span class='ocrx_word' id='word_1_88' title='bbox 1321 1093 1501 1148; x_wconf 75' lang='lat' dir='ltr'><strong>Adhuc</strong></span> <span class='ocrx_word' id='word_1_89' title='bbox 1526 1095 1780 1148; x_wconf 84' lang='lat' dir='ltr'><strong>modicum</strong></span> <span class='ocrx_word' id='word_1_90' title='bbox 1793 1098 2049 1150; x_wconf 83' lang='lat' dir='ltr'><strong>vobiscum</strong></span> 
     </span>
    </p>
   </div>
   <div class='ocr_carea' id='block_1_10' title="bbox 476 1179 2047 1248">
    <p class='ocr_par' dir='ltr' id='par_1_10' title="bbox 476 1179 2047 1248">
     <span class='ocr_line' id='line_1_10' title="bbox 476 1179 2047 1248; baseline 0.008 -20"><span class='ocrx_word' id='word_1_91' title='bbox 476 1191 610 1239; x_wconf 83' lang='lat' dir='ltr'><strong>sum,</strong></span> <span class='ocrx_word' id='word_1_92' title='bbox 639 1186 884 1247; x_wconf 82' lang='lat' dir='ltr'><strong>tanquam</strong></span> <span class='ocrx_word' id='word_1_93' title='bbox 912 1179 1151 1235; x_wconf 84' lang='lat' dir='ltr'><strong>diceret:</strong></span> <span class='ocrx_word' id='word_1_94' title='bbox 1188 1184 1369 1237; x_wconf 74' lang='lat' dir='ltr'><strong>Adhuc</strong></span> <span class='ocrx_word' id='word_1_95' title='bbox 1415 1184 1683 1238; x_wconf 88' lang='lat' dir='ltr'><strong>modicum</strong></span> <span class='ocrx_word' id='word_1_96' title='bbox 1709 1225 1722 1248; x_wconf 86' lang='lat'><strong>,</strong></span> <span class='ocrx_word' id='word_1_97' title='bbox 1772 1188 1907 1240; x_wconf 87' lang='lat' dir='ltr'><strong>sicut</strong></span> <span class='ocrx_word' id='word_1_98' title='bbox 1954 1202 2047 1241; x_wconf 88' lang='lat' dir='ltr'><strong>vos</strong></span> 
     </span>
    </p>
   </div>
   <div class='ocr_carea' id='block_1_11' title="bbox 476 1272 2042 1347">
    <p class='ocr_par' dir='ltr' id='par_1_11' title="bbox 476 1272 2042 1347">
     <span class='ocr_line' id='line_1_11' title="bbox 476 1272 2042 1347; baseline 0.008 -26"><span class='ocrx_word' id='word_1_99' title='bbox 476 1272 627 1337; x_wconf 80' lang='lat' dir='ltr'><strong>estis,</strong></span> <span class='ocrx_word' id='word_1_100' title='bbox 656 1273 892 1327; x_wconf 81' lang='lat' dir='ltr'><strong>mortalis</strong></span> <span class='ocrx_word' id='word_1_101' title='bbox 918 1288 1057 1328; x_wconf 89' lang='lat' dir='ltr'><strong>sum.</strong></span> <span class='ocrx_word' id='word_1_102' title='bbox 1082 1275 1220 1343; x_wconf 83' lang='lat' dir='ltr'><strong>Ergo</strong></span> <span class='ocrx_word' id='word_1_103' title='bbox 1251 1278 1523 1347; x_wconf 84' lang='lat' dir='ltr'><strong>sequentia</strong></span> <span class='ocrx_word' id='word_1_104' title='bbox 1549 1279 1821 1333; x_wconf 84' lang='lat' dir='ltr'><strong>videamus</strong></span> <span class='ocrx_word' id='word_1_105' title='bbox 1847 1297 1859 1331; x_wconf 92' lang='lat'>:</span> <span class='ocrx_word' id='word_1_106' title='bbox 1891 1279 2042 1345; x_wconf 70' lang='lat' dir='ltr'><strong>Quie-</strong></span> 
     </span>
    </p>
   </div>
   <div class='ocr_carea' id='block_1_12' title="bbox 473 1360 2043 1437">
    <p class='ocr_par' dir='ltr' id='par_1_12' title="bbox 473 1360 2043 1437">
     <span class='ocr_line' id='line_1_12' title="bbox 473 1360 2043 1437; baseline 0.008 -28"><span class='ocrx_word' id='word_1_107' title='bbox 473 1360 592 1413; x_wconf 80' lang='lat' dir='ltr'><strong>retis</strong></span> <span class='ocrx_word' id='word_1_108' title='bbox 615 1375 724 1423; x_wconf 80' lang='lat' dir='ltr'><strong>me;</strong></span> <span class='ocrx_word' id='word_1_109' title='bbox 752 1370 826 1427; x_wconf 90' lang='lat' dir='ltr'><strong>et,</strong></span> <span class='ocrx_word' id='word_1_110' title='bbox 856 1363 993 1417; x_wconf 82' lang='lat' dir='ltr'><strong>sicut</strong></span> <span class='ocrx_word' id='word_1_111' title='bbox 1022 1363 1129 1418; x_wconf 90' lang='lat' dir='ltr'><strong>dixi</strong></span> <span class='ocrx_word' id='word_1_112' title='bbox 1156 1364 1379 1427; x_wconf 70' lang='lat' dir='ltr'><strong>ludatis,</strong></span> <span class='ocrx_word' id='word_1_113' title='bbox 1408 1383 1508 1434; x_wconf 85' lang='lat' dir='ltr'><strong>quo</strong></span> <span class='ocrx_word' id='word_1_114' title='bbox 1530 1382 1619 1437; x_wconf 90' lang='lat' dir='ltr'><strong>ego</strong></span> <span class='ocrx_word' id='word_1_115' title='bbox 1640 1368 1802 1432; x_wconf 87' lang='lat' dir='ltr'><strong>vado,</strong></span> <span class='ocrx_word' id='word_1_116' title='bbox 1828 1383 1912 1420; x_wconf 78' lang='lat' dir='ltr'><strong>eos</strong></span> <span class='ocrx_word' id='word_1_117' title='bbox 1942 1383 2043 1421; x_wconf 84' lang='lat' dir='ltr'><strong>non</strong></span> 
     </span>
    </p>
   </div>
   <div class='ocr_carea' id='block_1_13' title="bbox 474 1452 2040 1525">
    <p class='ocr_par' dir='ltr' id='par_1_13' title="bbox 474 1452 2040 1525">
     <span class='ocr_line' id='line_1_13' title="bbox 474 1452 2040 1525; baseline 0.008 -23"><span class='ocrx_word' id='word_1_118' title='bbox 474 1452 680 1517; x_wconf 79' lang='lat' dir='ltr'><strong>potestis</strong></span> <span class='ocrx_word' id='word_1_119' title='bbox 710 1454 892 1507; x_wconf 81' lang='lat' dir='ltr'><strong>uenire.</strong></span> <span class='ocrx_word' id='word_1_120' title='bbox 918 1452 985 1506; x_wconf 87' lang='lat' dir='ltr'><strong>Et</strong></span> <span class='ocrx_word' id='word_1_121' title='bbox 1003 1455 1139 1508; x_wconf 80' lang='lat' dir='ltr'><strong>vobis</strong></span> <span class='ocrx_word' id='word_1_122' title='bbox 1162 1457 1277 1509; x_wconf 86' lang='lat' dir='ltr'><strong>dico</strong></span> <span class='ocrx_word' id='word_1_123' title='bbox 1298 1458 1467 1521; x_wconf 80' lang='lat' dir='ltr'><strong>modo,</strong></span> <span class='ocrx_word' id='word_1_124' title='bbox 1500 1458 1597 1512; x_wconf 87' lang='lat' dir='ltr'><strong>hoc</strong></span> <span class='ocrx_word' id='word_1_125' title='bbox 1623 1466 1725 1525; x_wconf 71' lang='lat' dir='ltr'><strong>est,</strong></span> <span class='ocrx_word' id='word_1_126' title='bbox 1750 1460 1908 1512; x_wconf 85' lang='lat' dir='ltr'><strong>modo</strong></span> <span class='ocrx_word' id='word_1_127' title='bbox 1938 1474 2040 1515; x_wconf 89' lang='lat' dir='ltr'><strong>non</strong></span> 
     </span>
    </p>
   </div>
   <div class='ocr_carea' id='block_1_14' title="bbox 472 1540 2043 1609">
    <p class='ocr_par' dir='ltr' id='par_1_14' title="bbox 472 1540 2043 1609">
     <span class='ocr_line' id='line_1_14' title="bbox 472 1540 2043 1609; baseline 0.006 -16"><span class='ocrx_word' id='word_1_128' title='bbox 472 1542 711 1609; x_wconf 78' lang='lat' dir='ltr'><strong>potestis.</strong></span> <span class='ocrx_word' id='word_1_129' title='bbox 744 1540 945 1597; x_wconf 67' lang='lat' dir='ltr'><strong>Iudaeis</strong></span> <span class='ocrx_word' id='word_1_130' title='bbox 972 1553 1147 1600; x_wconf 87' lang='lat' dir='ltr'><strong>autem</strong></span> <span class='ocrx_word' id='word_1_131' title='bbox 1176 1559 1295 1598; x_wconf 91' lang='lat' dir='ltr'><strong>cum</strong></span> <span class='ocrx_word' id='word_1_132' title='bbox 1328 1545 1431 1599; x_wconf 89' lang='lat' dir='ltr'><strong>hoc</strong></span> <span class='ocrx_word' id='word_1_133' title='bbox 1466 1546 1673 1600; x_wconf 87' lang='lat' dir='ltr'><strong>diceret</strong></span> <span class='ocrx_word' id='word_1_134' title='bbox 1704 1563 1808 1601; x_wconf 92' lang='lat' dir='ltr'><strong>non</strong></span> <span class='ocrx_word' id='word_1_135' title='bbox 1840 1548 2043 1603; x_wconf 83' lang='lat' dir='ltr'><strong>addidit</strong></span> 
     </span>
    </p>
   </div>
   <div class='ocr_carea' id='block_1_15' title="bbox 470 1630 2039 1706">
    <p class='ocr_par' dir='ltr' id='par_1_15' title="bbox 470 1630 2039 1706">
     <span class='ocr_line' id='line_1_15' title="bbox 470 1630 2039 1706; baseline 0.008 -25"><span class='ocrx_word' id='word_1_136' title='bbox 470 1631 642 1683; x_wconf 78' lang='lat' dir='ltr'><strong>modo.</strong></span> <span class='ocrx_word' id='word_1_137' title='bbox 673 1630 761 1685; x_wconf 88' lang='lat' dir='ltr'><strong>Isti</strong></span> <span class='ocrx_word' id='word_1_138' title='bbox 792 1632 968 1700; x_wconf 84' lang='lat' dir='ltr'><strong>itaque</strong></span> <span class='ocrx_word' id='word_1_139' title='bbox 989 1647 1091 1687; x_wconf 92' lang='lat' dir='ltr'><strong>non</strong></span> <span class='ocrx_word' id='word_1_140' title='bbox 1122 1644 1368 1703; x_wconf 87' lang='lat' dir='ltr'><strong>poterant</strong></span> <span class='ocrx_word' id='word_1_141' title='bbox 1395 1637 1578 1690; x_wconf 89' lang='lat' dir='ltr'><strong>venire</strong></span> <span class='ocrx_word' id='word_1_142' title='bbox 1625 1646 1748 1692; x_wconf 90' lang='lat' dir='ltr'><strong>tunc</strong></span> <span class='ocrx_word' id='word_1_143' title='bbox 1800 1653 1904 1706; x_wconf 92' lang='lat' dir='ltr'><strong>quo</strong></span> <span class='ocrx_word' id='word_1_144' title='bbox 1947 1638 2039 1694; x_wconf 91' lang='lat' dir='ltr'><strong>ille</strong></span> 
     </span>
    </p>
   </div>
   <div class='ocr_carea' id='block_1_16' title="bbox 469 1720 2037 1795">
    <p class='ocr_par' dir='ltr' id='par_1_16' title="bbox 469 1720 2037 1795">
     <span class='ocr_line' id='line_1_16' title="bbox 469 1720 2037 1795; baseline 0.007 -21"><span class='ocrx_word' id='word_1_145' title='bbox 469 1720 600 1785; x_wconf 82' lang='lat' dir='ltr'><strong>ibat,</strong></span> <span class='ocrx_word' id='word_1_146' title='bbox 630 1725 722 1777; x_wconf 90' lang='lat' dir='ltr'><strong>sed</strong></span> <span class='ocrx_word' id='word_1_147' title='bbox 757 1730 1001 1789; x_wconf 79' lang='lat' dir='ltr'><strong>poterant</strong></span> <span class='ocrx_word' id='word_1_148' title='bbox 1030 1735 1234 1793; x_wconf 88' lang='lat' dir='ltr'><strong>postea.</strong></span> <span class='ocrx_word' id='word_1_149' title='bbox 1269 1726 1397 1781; x_wconf 84' lang='lat' dir='ltr'><strong>Nam</strong></span> <span class='ocrx_word' id='word_1_150' title='bbox 1448 1728 1551 1782; x_wconf 91' lang='lat' dir='ltr'><strong>hoc</strong></span> <span class='ocrx_word' id='word_1_151' title='bbox 1597 1731 1837 1795; x_wconf 89' lang='lat' dir='ltr'><strong>apostolo</strong></span> <span class='ocrx_word' id='word_1_152' title='bbox 1880 1731 2037 1785; x_wconf 83' lang='lat' dir='ltr'><strong>Petro</strong></span> 
     </span>
    </p>
   </div>
   <div class='ocr_carea' id='block_1_17' title="bbox 2162 551 3715 642">
    <p class='ocr_par' dir='ltr' id='par_1_17' title="bbox 2162 551 3715 642">
     <span class='ocr_line' id='line_1_17' title="bbox 2162 551 3715 642; baseline 0.017 -40"><span class='ocrx_word' id='word_1_153' title='bbox 2162 551 2349 606; x_wconf 89' lang='lat' dir='ltr'><strong>fratres</strong></span> <span class='ocrx_word' id='word_1_154' title='bbox 2391 554 2723 622; x_wconf 88' lang='lat' dir='ltr'><strong>charissimi,</strong></span> <span class='ocrx_word' id='word_1_155' title='bbox 2772 558 3012 627; x_wconf 83' lang='lat' dir='ltr'><strong>antiquos</strong></span> <span class='ocrx_word' id='word_1_156' title='bbox 3058 564 3213 617; x_wconf 88' lang='lat' dir='ltr'><strong>etiam</strong></span> <span class='ocrx_word' id='word_1_157' title='bbox 3253 566 3425 633; x_wconf 86' lang='lat' dir='ltr'><strong>justos</strong></span> <span class='ocrx_word' id='word_1_158' title='bbox 3474 581 3596 627; x_wconf 90' lang='lat' dir='ltr'><strong>tunc</strong></span> <span class='ocrx_word' id='word_1_159' title='bbox 3625 590 3715 642; x_wconf 79' lang='lat' dir='ltr'><strong>pa-</strong></span> 
     </span>
    </p>
   </div>
   <div class='ocr_carea' id='block_1_18' title="bbox 2160 641 3713 728">
    <p class='ocr_par' dir='ltr' id='par_1_18' title="bbox 2160 641 3713 728">
     <span class='ocr_line' id='line_1_18' title="bbox 2160 641 3713 728; baseline 0.015 -35"><span class='ocrx_word' id='word_1_160' title='bbox 2160 641 2411 695; x_wconf 87' lang='lat' dir='ltr'><strong>triarchas</strong></span> <span class='ocrx_word' id='word_1_161' title='bbox 2432 653 2485 697; x_wconf 88' lang='lat' dir='ltr'><strong>et</strong></span> <span class='ocrx_word' id='word_1_162' title='bbox 2508 645 2813 712; x_wconf 82' lang='lat' dir='ltr'><strong>prophetas,</strong></span> <span class='ocrx_word' id='word_1_163' title='bbox 2837 650 2973 703; x_wconf 81' lang='lat' dir='ltr'><strong>sicut</strong></span> <span class='ocrx_word' id='word_1_164' title='bbox 3003 662 3181 718; x_wconf 86' lang='lat' dir='ltr'><strong>postea</strong></span> <span class='ocrx_word' id='word_1_165' title='bbox 3212 655 3392 711; x_wconf 87' lang='lat' dir='ltr'><strong>beatos</strong></span> <span class='ocrx_word' id='word_1_166' title='bbox 3421 641 3713 728; x_wconf 75' lang='lat' dir='ltr'><strong>apostolos,</strong></span> 
     </span>
    </p>
   </div>
   <div class='ocr_carea' id='block_1_19' title="bbox 2159 731 3715 813">
    <p class='ocr_par' dir='ltr' id='par_1_19' title="bbox 2159 731 3715 813">
     <span class='ocr_line' id='line_1_19' title="bbox 2159 731 3715 813; baseline 0.018 -31"><span class='ocrx_word' id='word_1_167' title='bbox 2159 731 2445 797; x_wconf 87' lang='lat' dir='ltr'><strong>innovavit,</strong></span> <span class='ocrx_word' id='word_1_168' title='bbox 2464 732 2576 802; x_wconf 89' lang='lat' dir='ltr'><strong>ipsa</strong></span> <span class='ocrx_word' id='word_1_169' title='bbox 2598 745 2651 791; x_wconf 90' lang='lat' dir='ltr'><strong>et</strong></span> <span class='ocrx_word' id='word_1_170' title='bbox 2669 752 2806 792; x_wconf 91' lang='lat' dir='ltr'><strong>nunc</strong></span> <span class='ocrx_word' id='word_1_171' title='bbox 2830 739 3044 795; x_wconf 89' lang='lat' dir='ltr'><strong>innovat</strong></span> <span class='ocrx_word' id='word_1_172' title='bbox 3073 754 3276 813; x_wconf 83' lang='lat' dir='ltr'><strong>gentes,</strong></span> <span class='ocrx_word' id='word_1_173' title='bbox 3299 756 3352 803; x_wconf 93' lang='lat' dir='ltr'><strong>et</strong></span> <span class='ocrx_word' id='word_1_174' title='bbox 3377 764 3440 803; x_wconf 90' lang='lat' dir='ltr'><strong>ex</strong></span> <span class='ocrx_word' id='word_1_175' title='bbox 3467 753 3715 809; x_wconf 85' lang='lat' dir='ltr'><strong>universo</strong></span> 
     </span>
    </p>
   </div>
   <div class='ocr_carea' id='block_1_20' title="bbox 2158 823 3710 898">
    <p class='ocr_par' dir='ltr' id='par_1_20' title="bbox 2158 823 3710 898">
     <span class='ocr_line' id='line_1_20' title="bbox 2158 823 3710 898; baseline 0.017 -25"><span class='ocrx_word' id='word_1_176' title='bbox 2158 834 2348 893; x_wconf 81' lang='lat' dir='ltr'><strong>genere</strong></span> <span class='ocrx_word' id='word_1_177' title='bbox 2370 823 2633 889; x_wconf 85' lang='lat' dir='ltr'><strong>humano,</strong></span> <span class='ocrx_word' id='word_1_178' title='bbox 2667 830 2805 897; x_wconf 90' lang='lat' dir='ltr'><strong>quod</strong></span> <span class='ocrx_word' id='word_1_179' title='bbox 2835 830 3146 891; x_wconf 67' lang='lat' dir='ltr'><strong>diffunditur</strong></span> <span class='ocrx_word' id='word_1_180' title='bbox 3175 834 3229 889; x_wconf 91' lang='lat' dir='ltr'><strong>in</strong></span> <span class='ocrx_word' id='word_1_181' title='bbox 3261 846 3368 892; x_wconf 92' lang='lat' dir='ltr'><strong>toto</strong></span> <span class='ocrx_word' id='word_1_182' title='bbox 3389 842 3517 895; x_wconf 89' lang='lat' dir='ltr'><strong>orbe</strong></span> <span class='ocrx_word' id='word_1_183' title='bbox 3546 853 3710 898; x_wconf 85' lang='lat' dir='ltr'><strong>terra-</strong></span> 
     </span>
    </p>
   </div>
   <div class='ocr_carea' id='block_1_21' title="bbox 2156 912 3713 1000">
    <p class='ocr_par' dir='ltr' id='par_1_21' title="bbox 2156 912 3713 1000">
     <span class='ocr_line' id='line_1_21' title="bbox 2156 912 3713 1000; baseline 0.015 -36"><span class='ocrx_word' id='word_1_184' title='bbox 2156 926 2292 976; x_wconf 88' lang='lat' dir='ltr'><strong>rum,</strong></span> <span class='ocrx_word' id='word_1_185' title='bbox 2327 912 2453 969; x_wconf 83' lang='lat' dir='ltr'><strong>facit</strong></span> <span class='ocrx_word' id='word_1_186' title='bbox 2482 926 2535 971; x_wconf 88' lang='lat' dir='ltr'><strong>et</strong></span> <span class='ocrx_word' id='word_1_187' title='bbox 2562 918 2761 988; x_wconf 86' lang='lat' dir='ltr'><strong>colligit</strong></span> <span class='ocrx_word' id='word_1_188' title='bbox 2791 924 3041 990; x_wconf 87' lang='lat' dir='ltr'><strong>populum</strong></span> <span class='ocrx_word' id='word_1_189' title='bbox 3076 941 3266 981; x_wconf 92' lang='lat' dir='ltr'><strong>novum</strong></span> <span class='ocrx_word' id='word_1_190' title='bbox 3288 972 3302 994; x_wconf 92' lang='lat'><strong>,</strong></span> <span class='ocrx_word' id='word_1_191' title='bbox 3342 944 3534 1000; x_wconf 85' lang='lat' dir='ltr'><strong>corpus</strong></span> <span class='ocrx_word' id='word_1_192' title='bbox 3563 949 3713 989; x_wconf 72' lang='lat' dir='ltr'><strong>novae</strong></span> 
     </span>
    </p>
   </div>
   <div class='ocr_carea' id='block_1_22' title="bbox 2156 1003 3711 1088">
    <p class='ocr_par' dir='ltr' id='par_1_22' title="bbox 2156 1003 3711 1088">
     <span class='ocr_line' id='line_1_22' title="bbox 2156 1003 3711 1088; baseline 0.017 -36"><span class='ocrx_word' id='word_1_193' title='bbox 2156 1012 2351 1068; x_wconf 75' lang='lat' dir='ltr'><strong>nuptae,</strong></span> <span class='ocrx_word' id='word_1_194' title='bbox 2375 1003 2492 1059; x_wconf 80' lang='lat' dir='ltr'><strong>Filii</strong></span> <span class='ocrx_word' id='word_1_195' title='bbox 2518 1006 2609 1061; x_wconf 86' lang='lat' dir='ltr'><strong>Dei</strong></span> <span class='ocrx_word' id='word_1_196' title='bbox 2637 1011 2890 1079; x_wconf 82' lang='lat' dir='ltr'><strong>unigeniti</strong></span> <span class='ocrx_word' id='word_1_197' title='bbox 2916 1027 3145 1081; x_wconf 75' lang='lat' dir='ltr'><strong>sponsae,</strong></span> <span class='ocrx_word' id='word_1_198' title='bbox 3187 1018 3254 1073; x_wconf 87' lang='lat' dir='ltr'><strong>de</strong></span> <span class='ocrx_word' id='word_1_199' title='bbox 3294 1035 3393 1088; x_wconf 86' lang='lat' dir='ltr'><strong>qua</strong></span> <span class='ocrx_word' id='word_1_200' title='bbox 3435 1023 3636 1077; x_wconf 87' lang='lat' dir='ltr'><strong>dicitur</strong></span> <span class='ocrx_word' id='word_1_201' title='bbox 3664 1026 3711 1079; x_wconf 90' lang='lat' dir='ltr'><strong>in</strong></span> 
     </span>
    </p>
   </div>
   <div class='ocr_carea' id='block_1_23' title="bbox 2151 1088 3709 1175">
    <p class='ocr_par' dir='ltr' id='par_1_23' title="bbox 2151 1088 3709 1175">
     <span class='ocr_line' id='line_1_23' title="bbox 2151 1088 3709 1175; baseline 0.016 -31"><span class='ocrx_word' id='word_1_202' title='bbox 2151 1088 2371 1146; x_wconf 83' lang='lat' dir='ltr'><strong>Cantico</strong></span> <span class='ocrx_word' id='word_1_203' title='bbox 2399 1097 2719 1151; x_wconf 82' lang='lat' dir='ltr'><strong>canticorum</strong></span> <span class='ocrx_word' id='word_1_204' title='bbox 2753 1118 2764 1152; x_wconf 94' lang='lat'>:</span> <span class='ocrx_word' id='word_1_205' title='bbox 2798 1101 2922 1166; x_wconf 78' lang='lat' dir='ltr'><strong>Qua:</strong></span> <span class='ocrx_word' id='word_1_206' title='bbox 2945 1114 3019 1157; x_wconf 86' lang='lat' dir='ltr'><strong>est</strong></span> <span class='ocrx_word' id='word_1_207' title='bbox 3040 1105 3136 1158; x_wconf 79' lang='lat' dir='ltr'><strong>ista</strong></span> <span class='ocrx_word' id='word_1_208' title='bbox 3159 1123 3273 1175; x_wconf 67' lang='lat' dir='ltr'><strong>qua</strong></span> <span class='ocrx_word' id='word_1_209' title='bbox 3304 1113 3531 1164; x_wconf 79' lang='lat' dir='ltr'><strong>ascendit</strong></span> <span class='ocrx_word' id='word_1_210' title='bbox 3563 1114 3709 1168; x_wconf 85' lang='lat' dir='ltr'><strong>deal-</strong></span> 
     </span>
    </p>
   </div>
   <div class='ocr_carea' id='block_1_24' title="bbox 2150 1181 3705 1271">
    <p class='ocr_par' dir='ltr' id='par_1_24' title="bbox 2150 1181 3705 1271">
     <span class='ocr_line' id='line_1_24' title="bbox 2150 1181 3705 1271; baseline 0.019 -41"><span class='ocrx_word' id='word_1_211' title='bbox 2150 1181 2263 1271; x_wconf 68' lang='lat' dir='ltr'><strong>hata</strong></span> <span class='ocrx_word' id='word_1_212' title='bbox 2285 1181 2453 1247; x_wconf 87' lang='lat' dir='ltr'><strong>(Cant.</strong></span> <span class='ocrx_word' id='word_1_213' title='bbox 2483 1200 2570 1251; x_wconf 81' lang='grc' dir='ltr'><strong>ιιι,</strong></span> <span class='ocrx_word' id='word_1_214' title='bbox 2594 1187 2743 1257; x_wconf 76' lang='lat' dir='ltr'><strong>vin)?</strong></span> <span class='ocrx_word' id='word_1_215' title='bbox 2772 1188 2962 1259; x_wconf 89' lang='lat' dir='ltr'><strong>Utique</strong></span> <span class='ocrx_word' id='word_1_216' title='bbox 2990 1193 3229 1271; x_wconf 70' lang='lat' dir='ltr'><strong>dealbata</strong></span> <span class='ocrx_word' id='word_1_217' title='bbox 3251 1236 3266 1262; x_wconf 90' lang='lat'><strong>,</strong></span> <span class='ocrx_word' id='word_1_218' title='bbox 3292 1200 3409 1267; x_wconf 87' lang='lat' dir='ltr'><strong>quia</strong></span> <span class='ocrx_word' id='word_1_219' title='bbox 3437 1200 3705 1259; x_wconf 80' lang='lat' dir='ltr'><strong>innovata.</strong></span> 
     </span>
    </p>
   </div>
   <div class='ocr_carea' id='block_1_25' title="bbox 2150 1270 3706 1357">
    <p class='ocr_par' dir='ltr' id='par_1_25' title="bbox 2150 1270 3706 1357">
     <span class='ocr_line' id='line_1_25' title="bbox 2150 1270 3706 1357; baseline 0.014 -31"><span class='ocrx_word' id='word_1_220' title='bbox 2150 1270 2318 1337; x_wconf 89' lang='lat' dir='ltr'><strong>Unde,</strong></span> <span class='ocrx_word' id='word_1_221' title='bbox 2343 1273 2443 1327; x_wconf 90' lang='lat' dir='ltr'><strong>nisi</strong></span> <span class='ocrx_word' id='word_1_222' title='bbox 2467 1278 2713 1357; x_wconf 82' lang='lat' dir='ltr'><strong>mandato</strong></span> <span class='ocrx_word' id='word_1_223' title='bbox 2744 1297 2909 1347; x_wconf 91' lang='lat' dir='ltr'><strong>novo,</strong></span> <span class='ocrx_word' id='word_1_224' title='bbox 2945 1293 3158 1353; x_wconf 90' lang='lat' dir='ltr'><strong>propter</strong></span> <span class='ocrx_word' id='word_1_225' title='bbox 3184 1289 3319 1354; x_wconf 89' lang='lat' dir='ltr'><strong>quod</strong></span> <span class='ocrx_word' id='word_1_226' title='bbox 3353 1305 3447 1357; x_wconf 88' lang='lat' dir='ltr'><strong>pro</strong></span> <span class='ocrx_word' id='word_1_227' title='bbox 3479 1293 3706 1347; x_wconf 88' lang='lat' dir='ltr'><strong>invicem</strong></span> 
     </span>
    </p>
   </div>
   <div class='ocr_carea' id='block_1_26' title="bbox 2150 1354 3707 1452">
    <p class='ocr_par' dir='ltr' id='par_1_26' title="bbox 2150 1354 3707 1452">
     <span class='ocr_line' id='line_1_26' title="bbox 2150 1354 3707 1452; baseline 0.017 -40"><span class='ocrx_word' id='word_1_228' title='bbox 2150 1359 2198 1414; x_wconf 92' lang='lat' dir='ltr'><strong>in</strong></span> <span class='ocrx_word' id='word_1_229' title='bbox 2231 1376 2291 1415; x_wconf 88' lang='lat' dir='ltr'><strong>ea</strong></span> <span class='ocrx_word' id='word_1_230' title='bbox 2323 1364 2559 1418; x_wconf 80' lang='lat' dir='ltr'><strong>sollicita</strong></span> <span class='ocrx_word' id='word_1_231' title='bbox 2596 1354 2720 1422; x_wconf 81' lang='lat' dir='ltr'><strong>sunt</strong></span> <span class='ocrx_word' id='word_1_232' title='bbox 2765 1362 3043 1426; x_wconf 58' lang='lat' dir='ltr'><strong>membra?</strong></span> <span class='ocrx_word' id='word_1_233' title='bbox 3083 1376 3321 1430; x_wconf 78' lang='lat' dir='ltr'><strong>Audiunt</strong></span> <span class='ocrx_word' id='word_1_234' title='bbox 3356 1354 3504 1435; x_wconf 85' lang='lat' dir='ltr'><strong>enim</strong></span> <span class='ocrx_word' id='word_1_235' title='bbox 3546 1394 3707 1452; x_wconf 89' lang='lat' dir='ltr'><strong>atque</strong></span> 
     </span>
    </p>
   </div>
   <div class='ocr_carea' id='block_1_27' title="bbox 2145 1449 3709 1531">
    <p class='ocr_par' dir='ltr' id='par_1_27' title="bbox 2145 1449 3709 1531">
     <span class='ocr_line' id='line_1_27' title="bbox 2145 1449 3709 1531; baseline 0.017 -32"><span class='ocrx_word' id='word_1_236' title='bbox 2145 1449 2464 1505; x_wconf 88' lang='lat' dir='ltr'><strong>custodiunt.</strong></span> <span class='ocrx_word' id='word_1_237' title='bbox 2498 1451 2797 1511; x_wconf 68' lang='lat' dir='ltr'><strong>Mandatum</strong></span> <span class='ocrx_word' id='word_1_238' title='bbox 2820 1457 3002 1531; x_wconf 81' lang='lat' dir='ltr'><strong>navum</strong></span> <span class='ocrx_word' id='word_1_239' title='bbox 3031 1462 3099 1515; x_wconf 87' lang='lat' dir='ltr'><strong>do</strong></span> <span class='ocrx_word' id='word_1_240' title='bbox 3124 1466 3275 1529; x_wconf 81' lang='lat' dir='ltr'><strong>vobis,</strong></span> <span class='ocrx_word' id='word_1_241' title='bbox 3309 1476 3363 1519; x_wconf 82' lang='lat' dir='ltr'><strong>ut</strong></span> <span class='ocrx_word' id='word_1_242' title='bbox 3388 1483 3475 1522; x_wconf 82' lang='lat' dir='ltr'><strong>vos</strong></span> <span class='ocrx_word' id='word_1_243' title='bbox 3497 1449 3709 1526; x_wconf 72' lang='lat' dir='ltr'><strong>invicem</strong></span> 
     </span>
    </p>
   </div>
   <div class='ocr_carea' id='block_1_28' title="bbox 2145 1536 3708 1628">
    <p class='ocr_par' dir='ltr' id='par_1_28' title="bbox 2145 1536 3708 1628">
     <span class='ocr_line' id='line_1_28' title="bbox 2145 1536 3708 1628; baseline 0.019 -38"><span class='ocrx_word' id='word_1_244' title='bbox 2145 1540 2369 1611; x_wconf 83' lang='lat' dir='ltr'><strong>diligatis</strong></span> <span class='ocrx_word' id='word_1_245' title='bbox 2390 1582 2405 1607; x_wconf 93' lang='lat'><strong>,</strong></span> <span class='ocrx_word' id='word_1_246' title='bbox 2432 1559 2535 1598; x_wconf 91' lang='lat' dir='ltr'><strong>non</strong></span> <span class='ocrx_word' id='word_1_247' title='bbox 2566 1548 2706 1601; x_wconf 88' lang='lat' dir='ltr'><strong>sicut</strong></span> <span class='ocrx_word' id='word_1_248' title='bbox 2733 1564 2791 1604; x_wconf 90' lang='lat' dir='ltr'><strong>se</strong></span> <span class='ocrx_word' id='word_1_249' title='bbox 2821 1536 3046 1620; x_wconf 80' lang='lat' dir='ltr'><strong>diligunt</strong></span> <span class='ocrx_word' id='word_1_250' title='bbox 3074 1556 3161 1625; x_wconf 85' lang='lat' dir='ltr'><strong>qui</strong></span> <span class='ocrx_word' id='word_1_251' title='bbox 3200 1571 3579 1628; x_wconf 87' lang='lat' dir='ltr'><strong>corrumpunt,</strong></span> <span class='ocrx_word' id='word_1_252' title='bbox 3610 1579 3708 1618; x_wconf 88' lang='lat' dir='ltr'><strong>nec</strong></span> 
     </span>
    </p>
   </div>
   <div class='ocr_carea' id='block_1_29' title="bbox 2143 1630 3705 1716">
    <p class='ocr_par' dir='ltr' id='par_1_29' title="bbox 2143 1630 3705 1716">
     <span class='ocr_line' id='line_1_29' title="bbox 2143 1630 3705 1716; baseline 0.013 -35"><span class='ocrx_word' id='word_1_253' title='bbox 2143 1630 2277 1683; x_wconf 89' lang='lat' dir='ltr'><strong>sicut</strong></span> <span class='ocrx_word' id='word_1_254' title='bbox 2292 1646 2350 1685; x_wconf 91' lang='lat' dir='ltr'><strong>se</strong></span> <span class='ocrx_word' id='word_1_255' title='bbox 2366 1632 2584 1702; x_wconf 90' lang='lat' dir='ltr'><strong>diligunt</strong></span> <span class='ocrx_word' id='word_1_256' title='bbox 2599 1637 2719 1704; x_wconf 86' lang='lat' dir='ltr'><strong>quia</strong></span> <span class='ocrx_word' id='word_1_257' title='bbox 2743 1639 3001 1708; x_wconf 88' lang='lat' dir='ltr'><strong>homines,</strong></span> <span class='ocrx_word' id='word_1_258' title='bbox 3019 1642 3109 1696; x_wconf 90' lang='lat' dir='ltr'><strong>sed</strong></span> <span class='ocrx_word' id='word_1_259' title='bbox 3126 1656 3183 1698; x_wconf 86' lang='lat' dir='ltr'><strong>se</strong></span> <span class='ocrx_word' id='word_1_260' title='bbox 3201 1645 3441 1714; x_wconf 88' lang='lat' dir='ltr'><strong>diligunt,</strong></span> <span class='ocrx_word' id='word_1_261' title='bbox 3458 1650 3705 1716; x_wconf 88' lang='lat' dir='ltr'><strong>quoniam</strong></span> 
     </span>
    </p>
   </div>
   <div class='ocr_carea' id='block_1_30' title="bbox 2145 1717 3707 1805">
    <p class='ocr_par' dir='ltr' id='par_1_30' title="bbox 2145 1717 3707 1805">
     <span class='ocr_line' id='line_1_30' title="bbox 2145 1717 3707 1805; baseline 0.013 -35"><span class='ocrx_word' id='word_1_262' title='bbox 2145 1717 2215 1771; x_wconf 89' lang='lat' dir='ltr'><strong>dii</strong></span> <span class='ocrx_word' id='word_1_263' title='bbox 2240 1729 2380 1783; x_wconf 90' lang='lat' dir='ltr'><strong>sunt,</strong></span> <span class='ocrx_word' id='word_1_264' title='bbox 2405 1732 2457 1775; x_wconf 89' lang='lat' dir='ltr'><strong>et</strong></span> <span class='ocrx_word' id='word_1_265' title='bbox 2486 1723 2575 1777; x_wconf 83' lang='lat' dir='ltr'><strong>lilii</strong></span> <span class='ocrx_word' id='word_1_266' title='bbox 2604 1725 2859 1781; x_wconf 76' lang='lat' dir='ltr'><strong>Altissimi</strong></span> <span class='ocrx_word' id='word_1_267' title='bbox 2892 1744 3075 1784; x_wconf 89' lang='lat' dir='ltr'><strong>omnes</strong></span> <span class='ocrx_word' id='word_1_268' title='bbox 3102 1771 3115 1796; x_wconf 92' lang='lat'><strong>,</strong></span> <span class='ocrx_word' id='word_1_269' title='bbox 3162 1741 3216 1785; x_wconf 90' lang='lat' dir='ltr'><strong>ut</strong></span> <span class='ocrx_word' id='word_1_270' title='bbox 3264 1732 3369 1787; x_wconf 87' lang='lat' dir='ltr'><strong>sint</strong></span> <span class='ocrx_word' id='word_1_271' title='bbox 3414 1734 3551 1789; x_wconf 87' lang='lat' dir='ltr'><strong>Filio</strong></span> <span class='ocrx_word' id='word_1_272' title='bbox 3590 1740 3707 1805; x_wconf 85' lang='lat' dir='ltr'><strong>ejus</strong></span> 
     </span>
    </p>
   </div>
   <div class='ocr_carea' id='block_1_31' title="bbox 470 1788 2030 1893">
    <p class='ocr_par' dir='ltr' id='par_1_31' title="bbox 470 1788 2030 1882">
     <span class='ocr_line' id='line_1_31' title="bbox 470 1788 2030 1882; baseline 0.007 -20"><span class='ocrx_word' id='word_1_273' title='bbox 470 1788 803 1876; x_wconf 83' lang='lat' dir='ltr'><strong>apertissime</strong></span> <span class='ocrx_word' id='word_1_274' title='bbox 821 1813 975 1881; x_wconf 84' lang='lat' dir='ltr'><strong>paulo</strong></span> <span class='ocrx_word' id='word_1_275' title='bbox 994 1788 1110 1882; x_wconf 81' lang='lat' dir='ltr'><strong>post</strong></span> <span class='ocrx_word' id='word_1_276' title='bbox 1130 1816 1218 1868; x_wconf 87' lang='lat' dir='ltr'><strong>ait.</strong></span> <span class='ocrx_word' id='word_1_277' title='bbox 1240 1812 1368 1869; x_wconf 90' lang='lat' dir='ltr'><strong>Cum</strong></span> <span class='ocrx_word' id='word_1_278' title='bbox 1388 1817 1527 1870; x_wconf 86' lang='lat' dir='ltr'><strong>enim</strong></span> <span class='ocrx_word' id='word_1_279' title='bbox 1550 1788 1767 1872; x_wconf 78' lang='lat' dir='ltr'><strong>dixisset</strong></span> <span class='ocrx_word' id='word_1_280' title='bbox 1798 1821 1918 1873; x_wconf 89' lang='lat' dir='ltr'><strong>ille:</strong></span> <span class='ocrx_word' id='word_1_281' title='bbox 1942 1819 2030 1873; x_wconf 91' lang='lat' dir='ltr'><strong>Do-</strong></span> 
     </span>
    </p>
   </div>
   <div class='ocr_carea' id='block_1_32' title="bbox 2139 1788 3704 1893">
    <p class='ocr_par' dir='ltr' id='par_1_32' title="bbox 2143 1788 3704 1893">
     <span class='ocr_line' id='line_1_32' title="bbox 2143 1788 3704 1893; baseline 0.012 -33"><span class='ocrx_word' id='word_1_282' title='bbox 2143 1808 2294 1861; x_wconf 91' lang='lat' dir='ltr'><strong>unico</strong></span> <span class='ocrx_word' id='word_1_283' title='bbox 2319 1807 2540 1876; x_wconf 79' lang='lat' dir='ltr'><strong>fratres,</strong></span> <span class='ocrx_word' id='word_1_284' title='bbox 2570 1828 2628 1866; x_wconf 90' lang='lat' dir='ltr'><strong>ea</strong></span> <span class='ocrx_word' id='word_1_285' title='bbox 2658 1814 2944 1869; x_wconf 86' lang='lat' dir='ltr'><strong>dilectione</strong></span> <span class='ocrx_word' id='word_1_286' title='bbox 2979 1816 3203 1872; x_wconf 81' lang='lat' dir='ltr'><strong>invicem</strong></span> <span class='ocrx_word' id='word_1_287' title='bbox 3234 1820 3517 1891; x_wconf 84' lang='lat' dir='ltr'><strong>diligentes</strong></span> <span class='ocrx_word' id='word_1_288' title='bbox 3541 1863 3558 1889; x_wconf 91' lang='lat'><strong>,</strong></span> <span class='ocrx_word' id='word_1_289' title='bbox 3602 1788 3704 1893; x_wconf 71' lang='lat' dir='ltr'><strong>qua</strong></span> 
     </span>
    </p>
   </div>
   <div class='ocr_carea' id='block_1_33' title="bbox 470 1904 2038 1981">
    <p class='ocr_par' dir='ltr' id='par_1_33' title="bbox 470 1904 2038 1981">
     <span class='ocr_line' id='line_1_33' title="bbox 470 1904 2038 1981; baseline 0.007 -28"><span class='ocrx_word' id='word_1_290' title='bbox 470 1905 620 1968; x_wconf 78' lang='lat' dir='ltr'><strong>mine,</strong></span> <span class='ocrx_word' id='word_1_291' title='bbox 652 1920 751 1971; x_wconf 79' lang='lat' dir='ltr'><strong>quo</strong></span> <span class='ocrx_word' id='word_1_292' title='bbox 772 1904 950 1958; x_wconf 75' lang='lat' dir='ltr'><strong>vadis?</strong></span> <span class='ocrx_word' id='word_1_293' title='bbox 971 1906 1241 1973; x_wconf 86' lang='lat' dir='ltr'><strong>respondit</strong></span> <span class='ocrx_word' id='word_1_294' title='bbox 1268 1907 1314 1960; x_wconf 89' lang='lat' dir='ltr'><strong>ei</strong></span> <span class='ocrx_word' id='word_1_295' title='bbox 1347 1926 1358 1960; x_wconf 92' lang='lat'><strong>:</strong></span> <span class='ocrx_word' id='word_1_296' title='bbox 1391 1908 1505 1973; x_wconf 84' lang='lat' dir='ltr'><strong>Quo</strong></span> <span class='ocrx_word' id='word_1_297' title='bbox 1526 1925 1616 1979; x_wconf 92' lang='lat' dir='ltr'><strong>ego</strong></span> <span class='ocrx_word' id='word_1_298' title='bbox 1638 1910 1785 1975; x_wconf 71' lang='lat' dir='ltr'><strong>uado,</strong></span> <span class='ocrx_word' id='word_1_299' title='bbox 1818 1928 1917 1963; x_wconf 75' lang='lat' dir='ltr'><strong>non</strong></span> <span class='ocrx_word' id='word_1_300' title='bbox 1948 1927 2038 1981; x_wconf 86' lang='lat' dir='ltr'><strong>po-</strong></span> 
     </span>
    </p>
   </div>
   <div class='ocr_carea' id='block_1_34' title="bbox 467 1993 2035 2069">
    <p class='ocr_par' dir='ltr' id='par_1_34' title="bbox 467 1993 2035 2069">
     <span class='ocr_line' id='line_1_34' title="bbox 467 1993 2035 2069; baseline 0.007 -27"><span class='ocrx_word' id='word_1_301' title='bbox 467 2003 541 2045; x_wconf 91' lang='lat' dir='ltr'><strong>tes</strong></span> <span class='ocrx_word' id='word_1_302' title='bbox 563 2008 643 2045; x_wconf 84' lang='lat' dir='ltr'><strong>me</strong></span> <span class='ocrx_word' id='word_1_303' title='bbox 664 1993 812 2045; x_wconf 84' lang='lat' dir='ltr'><strong>modo</strong></span> <span class='ocrx_word' id='word_1_304' title='bbox 836 1994 994 2062; x_wconf 81' lang='lat' dir='ltr'><strong>sequi,</strong></span> <span class='ocrx_word' id='word_1_305' title='bbox 1019 1997 1243 2064; x_wconf 85' lang='lat' dir='ltr'><strong>sequeris</strong></span> <span class='ocrx_word' id='word_1_306' title='bbox 1268 2007 1435 2051; x_wconf 80' lang='lat' dir='ltr'><strong>autem</strong></span> <span class='ocrx_word' id='word_1_307' title='bbox 1457 2010 1648 2067; x_wconf 76' lang='lat' dir='ltr'><strong>postea.</strong></span> <span class='ocrx_word' id='word_1_308' title='bbox 1664 1998 1768 2055; x_wconf 86' lang='lat' dir='ltr'><strong>Sed</strong></span> <span class='ocrx_word' id='word_1_309' title='bbox 1792 2000 1887 2053; x_wconf 90' lang='lat' dir='ltr'><strong>hoc</strong></span> <span class='ocrx_word' id='word_1_310' title='bbox 1910 2000 2035 2069; x_wconf 89' lang='lat' dir='ltr'><strong>quid</strong></span> 
     </span>
    </p>
   </div>
   <div class='ocr_carea' id='block_1_35' title="bbox 465 2082 2034 2153">
    <p class='ocr_par' dir='ltr' id='par_1_35' title="bbox 465 2082 2034 2153">
     <span class='ocr_line' id='line_1_35' title="bbox 465 2082 2034 2153; baseline 0.005 -19"><span class='ocrx_word' id='word_1_311' title='bbox 465 2082 537 2135; x_wconf 85' lang='lat' dir='ltr'><strong>sit</strong></span> <span class='ocrx_word' id='word_1_312' title='bbox 581 2098 681 2134; x_wconf 86' lang='lat' dir='ltr'><strong>non</strong></span> <span class='ocrx_word' id='word_1_313' title='bbox 733 2083 1056 2151; x_wconf 84' lang='lat' dir='ltr'><strong>negligenter</strong></span> <span class='ocrx_word' id='word_1_314' title='bbox 1101 2096 1182 2138; x_wconf 89' lang='lat' dir='ltr'><strong>est</strong></span> <span class='ocrx_word' id='word_1_315' title='bbox 1233 2088 1677 2153; x_wconf 60' lang='lat' dir='ltr'><strong>praetereundum.</strong></span> <span class='ocrx_word' id='word_1_316' title='bbox 1721 2090 1835 2153; x_wconf 85' lang='lat' dir='ltr'><strong>Quo</strong></span> <span class='ocrx_word' id='word_1_317' title='bbox 1891 2090 2034 2143; x_wconf 85' lang='lat' dir='ltr'><strong>enim</strong></span> 
     </span>
    </p>
   </div>
   <div class='ocr_carea' id='block_1_36' title="bbox 465 2171 2033 2242">
    <p class='ocr_par' dir='ltr' id='par_1_36' title="bbox 465 2171 2033 2242">
     <span class='ocr_line' id='line_1_36' title="bbox 465 2171 2033 2242; baseline 0.006 -20"><span class='ocrx_word' id='word_1_318' title='bbox 465 2171 612 2239; x_wconf 86' lang='lat' dir='ltr'><strong>sequi</strong></span> <span class='ocrx_word' id='word_1_319' title='bbox 661 2181 783 2227; x_wconf 91' lang='lat' dir='ltr'><strong>tunc</strong></span> <span class='ocrx_word' id='word_1_320' title='bbox 832 2186 935 2226; x_wconf 89' lang='lat' dir='ltr'><strong>non</strong></span> <span class='ocrx_word' id='word_1_321' title='bbox 990 2184 1238 2242; x_wconf 79' lang='lat' dir='ltr'><strong>poterant</strong></span> <span class='ocrx_word' id='word_1_322' title='bbox 1281 2176 1524 2242; x_wconf 88' lang='lat' dir='ltr'><strong>discipuli</strong></span> <span class='ocrx_word' id='word_1_323' title='bbox 1572 2177 1885 2241; x_wconf 86' lang='lat' dir='ltr'><strong>Dominum,</strong></span> <span class='ocrx_word' id='word_1_324' title='bbox 1941 2178 2033 2232; x_wconf 90' lang='lat' dir='ltr'><strong>sed</strong></span> 
     </span>
    </p>
   </div>
   <div class='ocr_carea' id='block_1_37' title="bbox 463 2263 2030 2327">
    <p class='ocr_par' dir='ltr' id='par_1_37' title="bbox 463 2263 2030 2327">
     <span class='ocr_line' id='line_1_37' title="bbox 463 2263 2030 2327; baseline 0.005 -15"><span class='ocrx_word' id='word_1_325' title='bbox 463 2269 643 2327; x_wconf 88' lang='lat' dir='ltr'><strong>postea</strong></span> <span class='ocrx_word' id='word_1_326' title='bbox 678 2263 955 2327; x_wconf 76' lang='lat' dir='ltr'><strong>poterant?</strong></span> <span class='ocrx_word' id='word_1_327' title='bbox 999 2263 1051 2318; x_wconf 88' lang='lat' dir='ltr'><strong>Si</strong></span> <span class='ocrx_word' id='word_1_328' title='bbox 1100 2264 1389 2318; x_wconf 72' lang='lat' dir='ltr'><strong>d’xerimus</strong></span> <span class='ocrx_word' id='word_1_329' title='bbox 1434 2266 1497 2318; x_wconf 85' lang='lat' dir='ltr'><strong>ad</strong></span> <span class='ocrx_word' id='word_1_330' title='bbox 1530 2276 1752 2320; x_wconf 88' lang='lat' dir='ltr'><strong>mortem</strong></span> <span class='ocrx_word' id='word_1_331' title='bbox 1779 2306 1795 2326; x_wconf 84' lang='lat'><strong>,</strong></span> <span class='ocrx_word' id='word_1_332' title='bbox 1834 2267 2030 2321; x_wconf 88' lang='lat' dir='ltr'><strong>homini</strong></span> 
     </span>
    </p>
   </div>
   <div class='ocr_carea' id='block_1_38' title="bbox 464 2350 2031 2421">
    <p class='ocr_par' dir='ltr' id='par_1_38' title="bbox 464 2350 2031 2421">
     <span class='ocr_line' id='line_1_38' title="bbox 464 2350 2031 2421; baseline 0.002 -18"><span class='ocrx_word' id='word_1_333' title='bbox 464 2359 589 2403; x_wconf 90' lang='lat' dir='ltr'><strong>nato</strong></span> <span class='ocrx_word' id='word_1_334' title='bbox 616 2350 752 2418; x_wconf 90' lang='lat' dir='ltr'><strong>quod</strong></span> <span class='ocrx_word' id='word_1_335' title='bbox 795 2351 1058 2406; x_wconf 87' lang='lat' dir='ltr'><strong>invenitur</strong></span> <span class='ocrx_word' id='word_1_336' title='bbox 1089 2362 1294 2421; x_wconf 87' lang='lat' dir='ltr'><strong>tempus</strong></span> <span class='ocrx_word' id='word_1_337' title='bbox 1323 2368 1426 2421; x_wconf 91' lang='lat' dir='ltr'><strong>quo</strong></span> <span class='ocrx_word' id='word_1_338' title='bbox 1458 2355 1522 2405; x_wconf 89' lang='lat' dir='ltr'><strong>ad</strong></span> <span class='ocrx_word' id='word_1_339' title='bbox 1553 2353 1882 2407; x_wconf 85' lang='lat' dir='ltr'><strong>moriendum</strong></span> <span class='ocrx_word' id='word_1_340' title='bbox 1928 2368 2031 2407; x_wconf 91' lang='lat' dir='ltr'><strong>non</strong></span> 
     </span>
    </p>
   </div>
   <div class='ocr_carea' id='block_1_39' title="bbox 461 2441 2024 2513">
    <p class='ocr_par' dir='ltr' id='par_1_39' title="bbox 461 2441 2024 2513">
     <span class='ocr_line' id='line_1_39' title="bbox 461 2441 2024 2513; baseline 0.004 -19"><span class='ocrx_word' id='word_1_341' title='bbox 461 2442 530 2495; x_wconf 82' lang='lat' dir='ltr'><strong>sit</strong></span> <span class='ocrx_word' id='word_1_342' title='bbox 554 2441 796 2504; x_wconf 85' lang='lat' dir='ltr'><strong>idoneus,</strong></span> <span class='ocrx_word' id='word_1_343' title='bbox 832 2444 1257 2512; x_wconf 87' lang='lat' dir='ltr'><strong>quandoquidem</strong></span> <span class='ocrx_word' id='word_1_344' title='bbox 1289 2446 1406 2499; x_wconf 89' lang='lat' dir='ltr'><strong>talis</strong></span> <span class='ocrx_word' id='word_1_345' title='bbox 1432 2454 1511 2499; x_wconf 85' lang='lat' dir='ltr'><strong>est</strong></span> <span class='ocrx_word' id='word_1_346' title='bbox 1542 2446 1593 2498; x_wconf 91' lang='lat' dir='ltr'><strong>in</strong></span> <span class='ocrx_word' id='word_1_347' title='bbox 1632 2460 1857 2513; x_wconf 89' lang='lat' dir='ltr'><strong>corpore</strong></span> <span class='ocrx_word' id='word_1_348' title='bbox 1902 2459 2024 2500; x_wconf 86' lang='lat' dir='ltr'><strong>cor-</strong></span> 
     </span>
    </p>
   </div>
   <div class='ocr_carea' id='block_1_40' title="bbox 461 2529 2031 2596">
    <p class='ocr_par' dir='ltr' id='par_1_40' title="bbox 461 2529 2031 2596">
     <span class='ocr_line' id='line_1_40' title="bbox 461 2529 2031 2596; baseline 0.002 -13"><span class='ocrx_word' id='word_1_349' title='bbox 461 2529 697 2596; x_wconf 85' lang='lat' dir='ltr'><strong>ruptibili</strong></span> <span class='ocrx_word' id='word_1_350' title='bbox 730 2531 999 2585; x_wconf 88' lang='lat' dir='ltr'><strong>hominum</strong></span> <span class='ocrx_word' id='word_1_351' title='bbox 1046 2547 1196 2595; x_wconf 86' lang='lat' dir='ltr'><strong>sors,</strong></span> <span class='ocrx_word' id='word_1_352' title='bbox 1233 2542 1289 2585; x_wconf 93' lang='lat' dir='ltr'><strong>ut</strong></span> <span class='ocrx_word' id='word_1_353' title='bbox 1334 2548 1437 2587; x_wconf 92' lang='lat' dir='ltr'><strong>non</strong></span> <span class='ocrx_word' id='word_1_354' title='bbox 1479 2532 1550 2586; x_wconf 89' lang='lat' dir='ltr'><strong>sit</strong></span> <span class='ocrx_word' id='word_1_355' title='bbox 1593 2547 1653 2587; x_wconf 89' lang='lat' dir='ltr'><strong>ea</strong></span> <span class='ocrx_word' id='word_1_356' title='bbox 1696 2532 1897 2586; x_wconf 81' lang='lat' dir='ltr'><strong>facilior</strong></span> <span class='ocrx_word' id='word_1_357' title='bbox 1925 2534 2031 2586; x_wconf 87' lang='lat' dir='ltr'><strong>vita</strong></span> 
     </span>
    </p>
   </div>
   <div class='ocr_carea' id='block_1_41' title="bbox 462 2621 2032 2692">
    <p class='ocr_par' dir='ltr' id='par_1_41' title="bbox 462 2621 2032 2692">
     <span class='ocr_line' id='line_1_41' title="bbox 462 2621 2032 2692; baseline 0.003 -20"><span class='ocrx_word' id='word_1_358' title='bbox 462 2635 618 2688; x_wconf 85' lang='lat' dir='ltr'><strong>quam</strong></span> <span class='ocrx_word' id='word_1_359' title='bbox 650 2621 969 2675; x_wconf 70' lang='lat' dir='ltr'><strong>morslNon</strong></span> <span class='ocrx_word' id='word_1_360' title='bbox 1005 2623 1166 2692; x_wconf 89' lang='lat' dir='ltr'><strong>igitur</strong></span> <span class='ocrx_word' id='word_1_361' title='bbox 1206 2624 1380 2679; x_wconf 87' lang='lat' dir='ltr'><strong>adhuc</strong></span> <span class='ocrx_word' id='word_1_362' title='bbox 1422 2624 1597 2680; x_wconf 86' lang='lat' dir='ltr'><strong>minus</strong></span> <span class='ocrx_word' id='word_1_363' title='bbox 1652 2624 1828 2679; x_wconf 87' lang='lat' dir='ltr'><strong>idonei</strong></span> <span class='ocrx_word' id='word_1_364' title='bbox 1877 2634 2032 2678; x_wconf 85' lang='lat' dir='ltr'><strong>erant</strong></span> 
     </span>
    </p>
   </div>
   <div class='ocr_carea' id='block_1_42' title="bbox 446 2711 2028 2779">
    <p class='ocr_par' dir='ltr' id='par_1_42' title="bbox 446 2711 2028 2779">
     <span class='ocr_line' id='line_1_42' title="bbox 446 2711 2028 2779; baseline 0.004 -17"><span class='ocrx_word' id='word_1_365' title='bbox 446 2711 609 2777; x_wconf 73' lang='lat' dir='ltr'><strong>sequi</strong></span> <span class='ocrx_word' id='word_1_366' title='bbox 644 2711 924 2764; x_wconf 91' lang='lat' dir='ltr'><strong>Dominum</strong></span> <span class='ocrx_word' id='word_1_367' title='bbox 956 2711 1022 2764; x_wconf 87' lang='lat' dir='ltr'><strong>ad</strong></span> <span class='ocrx_word' id='word_1_368' title='bbox 1047 2722 1269 2766; x_wconf 89' lang='lat' dir='ltr'><strong>mortem</strong></span> <span class='ocrx_word' id='word_1_369' title='bbox 1289 2757 1303 2779; x_wconf 90' lang='lat'><strong>,</strong></span> <span class='ocrx_word' id='word_1_370' title='bbox 1334 2713 1428 2767; x_wconf 89' lang='lat' dir='ltr'><strong>sed</strong></span> <span class='ocrx_word' id='word_1_371' title='bbox 1457 2715 1636 2768; x_wconf 90' lang='lat' dir='ltr'><strong>minus</strong></span> <span class='ocrx_word' id='word_1_372' title='bbox 1666 2714 1845 2769; x_wconf 89' lang='lat' dir='ltr'><strong>idonei</strong></span> <span class='ocrx_word' id='word_1_373' title='bbox 1876 2723 2028 2769; x_wconf 86' lang='lat' dir='ltr'><strong>erant</strong></span> 
     </span>
    </p>
   </div>
   <div class='ocr_carea' id='block_1_43' title="bbox 461 2798 2023 2870">
    <p class='ocr_par' dir='ltr' id='par_1_43' title="bbox 461 2798 2023 2870">
     <span class='ocr_line' id='line_1_43' title="bbox 461 2798 2023 2870; baseline 0.005 -18"><span class='ocrx_word' id='word_1_374' title='bbox 461 2800 611 2870; x_wconf 86' lang='lat' dir='ltr'><strong>sequi</strong></span> <span class='ocrx_word' id='word_1_375' title='bbox 643 2798 917 2855; x_wconf 91' lang='lat' dir='ltr'><strong>Dominum</strong></span> <span class='ocrx_word' id='word_1_376' title='bbox 947 2801 1011 2855; x_wconf 88' lang='lat' dir='ltr'><strong>ad</strong></span> <span class='ocrx_word' id='word_1_377' title='bbox 1044 2802 1201 2855; x_wconf 86' lang='lat' dir='ltr'><strong>vitam</strong></span> <span class='ocrx_word' id='word_1_378' title='bbox 1249 2818 1367 2870; x_wconf 78' lang='lat' dir='ltr'><strong>qure</strong></span> <span class='ocrx_word' id='word_1_379' title='bbox 1416 2819 1516 2859; x_wconf 87' lang='lat' dir='ltr'><strong>non</strong></span> <span class='ocrx_word' id='word_1_380' title='bbox 1570 2804 1728 2859; x_wconf 84' lang='lat' dir='ltr'><strong>habet</strong></span> <span class='ocrx_word' id='word_1_381' title='bbox 1776 2816 2023 2860; x_wconf 88' lang='lat' dir='ltr'><strong>mortem.</strong></span> 
     </span>
    </p>
   </div>
   <div class='ocr_carea' id='block_1_44' title="bbox 460 2890 2021 2966">
    <p class='ocr_par' dir='ltr' id='par_1_44' title="bbox 460 2890 2021 2966">
     <span class='ocr_line' id='line_1_44' title="bbox 460 2890 2021 2966; baseline 0.004 -21"><span class='ocrx_word' id='word_1_382' title='bbox 460 2890 556 2946; x_wconf 91' lang='lat' dir='ltr'><strong>Illo</strong></span> <span class='ocrx_word' id='word_1_383' title='bbox 572 2891 772 2961; x_wconf 77' lang='lat' dir='ltr'><strong>quippe</strong></span> <span class='ocrx_word' id='word_1_384' title='bbox 800 2893 908 2946; x_wconf 86' lang='lat' dir='ltr'><strong>ibat</strong></span> <span class='ocrx_word' id='word_1_385' title='bbox 929 2890 1202 2955; x_wconf 70' lang='lat' dir='ltr'><strong>Damiuus.</strong></span> <span class='ocrx_word' id='word_1_386' title='bbox 1232 2906 1286 2948; x_wconf 93' lang='lat' dir='ltr'><strong>ut</strong></span> <span class='ocrx_word' id='word_1_387' title='bbox 1314 2909 1594 2964; x_wconf 88' lang='lat' dir='ltr'><strong>resurgens</strong></span> <span class='ocrx_word' id='word_1_388' title='bbox 1617 2911 1644 2950; x_wconf 91' lang='lat' dir='ltr'><strong>a</strong></span> <span class='ocrx_word' id='word_1_389' title='bbox 1673 2897 1894 2951; x_wconf 89' lang='lat' dir='ltr'><strong>mortuis</strong></span> <span class='ocrx_word' id='word_1_390' title='bbox 1908 2897 2021 2966; x_wconf 75' lang='lat' dir='ltr'><strong>jam</strong></span> 
     </span>
    </p>
   </div>
   <div class='ocr_carea' id='block_1_45' title="bbox 462 2985 2029 3047">
    <p class='ocr_par' dir='ltr' id='par_1_45' title="bbox 462 2985 2029 3047">
     <span class='ocr_line' id='line_1_45' title="bbox 462 2985 2029 3047; baseline 0.006 -14"><span class='ocrx_word' id='word_1_391' title='bbox 462 2994 566 3033; x_wconf 83' lang='lat' dir='ltr'><strong>non</strong></span> <span class='ocrx_word' id='word_1_392' title='bbox 598 2991 915 3047; x_wconf 86' lang='lat' dir='ltr'><strong>moreretur,</strong></span> <span class='ocrx_word' id='word_1_393' title='bbox 958 2991 1009 3036; x_wconf 92' lang='lat' dir='ltr'><strong>et</strong></span> <span class='ocrx_word' id='word_1_394' title='bbox 1040 2998 1181 3036; x_wconf 87' lang='lat' dir='ltr'><strong>mors</strong></span> <span class='ocrx_word' id='word_1_395' title='bbox 1226 2985 1274 3037; x_wconf 91' lang='lat' dir='ltr'><strong>ei</strong></span> <span class='ocrx_word' id='word_1_396' title='bbox 1315 2985 1447 3039; x_wconf 83' lang='lat' dir='ltr'><strong>ultra</strong></span> <span class='ocrx_word' id='word_1_397' title='bbox 1498 3001 1604 3041; x_wconf 91' lang='lat' dir='ltr'><strong>non</strong></span> <span class='ocrx_word' id='word_1_398' title='bbox 1665 2985 2029 3042; x_wconf 74' lang='lat' dir='ltr'><strong>dominaretur</strong></span> 
     </span>
    </p>
   </div>
   <div class='ocr_carea' id='block_1_46' title="bbox 460 3062 2021 3143">
    <p class='ocr_par' dir='ltr' id='par_1_46' title="bbox 460 3062 2021 3143">
     <span class='ocr_line' id='line_1_46' title="bbox 460 3062 2021 3143; baseline 0.006 -22"><span class='ocrx_word' id='word_1_399' title='bbox 460 3069 635 3140; x_wconf 81' lang='lat' dir='ltr'><strong>(Rom.</strong></span> <span class='ocrx_word' id='word_1_400' title='bbox 662 3071 759 3135; x_wconf 89' lang='lat' dir='ltr'><strong>vt).</strong></span> <span class='ocrx_word' id='word_1_401' title='bbox 786 3062 1091 3124; x_wconf 76' lang='lat' dir='ltr'><strong>Moriturum</strong></span> <span class='ocrx_word' id='word_1_402' title='bbox 1122 3073 1311 3140; x_wconf 83' lang='lat' dir='ltr'><strong>quippe</strong></span> <span class='ocrx_word' id='word_1_403' title='bbox 1342 3073 1624 3127; x_wconf 85' lang='lat' dir='ltr'><strong>Dominum</strong></span> <span class='ocrx_word' id='word_1_404' title='bbox 1658 3090 1753 3142; x_wconf 89' lang='lat' dir='ltr'><strong>pro</strong></span> <span class='ocrx_word' id='word_1_405' title='bbox 1780 3075 1986 3143; x_wconf 83' lang='lat' dir='ltr'><strong>justitia</strong></span> <span class='ocrx_word' id='word_1_406' title='bbox 2007 3117 2021 3140; x_wconf 93' lang='lat'><strong>,</strong></span> 
     </span>
    </p>
   </div>
   <div class='ocr_carea' id='block_1_47' title="bbox 458 3161 2025 3233">
    <p class='ocr_par' dir='ltr' id='par_1_47' title="bbox 458 3161 2025 3233">
     <span class='ocr_line' id='line_1_47' title="bbox 458 3161 2025 3233; baseline 0.006 -23"><span class='ocrx_word' id='word_1_407' title='bbox 458 3161 725 3228; x_wconf 86' lang='lat' dir='ltr'><strong>quomodo</strong></span> <span class='ocrx_word' id='word_1_408' title='bbox 745 3161 852 3229; x_wconf 86' lang='lat' dir='ltr'><strong>jam</strong></span> <span class='ocrx_word' id='word_1_409' title='bbox 881 3161 1088 3215; x_wconf 77' lang='lat' dir='ltr'><strong>fuerant</strong></span> <span class='ocrx_word' id='word_1_410' title='bbox 1118 3163 1380 3226; x_wconf 89' lang='lat' dir='ltr'><strong>secnturi‘,</strong></span> <span class='ocrx_word' id='word_1_411' title='bbox 1411 3164 1583 3218; x_wconf 88' lang='lat' dir='ltr'><strong>adhuc</strong></span> <span class='ocrx_word' id='word_1_412' title='bbox 1612 3166 1871 3233; x_wconf 81' lang='lat' dir='ltr'><strong>martyrio</strong></span> <span class='ocrx_word' id='word_1_413' title='bbox 1919 3180 2025 3220; x_wconf 89' lang='lat' dir='ltr'><strong>non</strong></span> 
     </span>
    </p>
   </div>
   <div class='ocr_carea' id='block_1_48' title="bbox 460 3251 2023 3310">
    <p class='ocr_par' dir='ltr' id='par_1_48' title="bbox 460 3251 2023 3310">
     <span class='ocr_line' id='line_1_48' title="bbox 460 3251 2023 3310; baseline 0.004 -8"><span class='ocrx_word' id='word_1_414' title='bbox 460 3252 692 3305; x_wconf 79' lang='lat' dir='ltr'><strong>maturi?</strong></span> <span class='ocrx_word' id='word_1_415' title='bbox 734 3261 824 3305; x_wconf 90' lang='lat' dir='ltr'><strong>aut</strong></span> <span class='ocrx_word' id='word_1_416' title='bbox 874 3251 1060 3305; x_wconf 88' lang='lat' dir='ltr'><strong>iterum</strong></span> <span class='ocrx_word' id='word_1_417' title='bbox 1121 3251 1397 3305; x_wconf 75' lang='lat' dir='ltr'><strong>Dominum</strong></span> <span class='ocrx_word' id='word_1_418' title='bbox 1454 3255 1518 3307; x_wconf 92' lang='lat' dir='ltr'><strong>ad</strong></span> <span class='ocrx_word' id='word_1_419' title='bbox 1572 3255 2023 3310; x_wconf 86' lang='lat' dir='ltr'><strong>immortalitatem</strong></span> 
     </span>
    </p>
   </div>
   <div class='ocr_carea' id='block_1_49' title="bbox 457 3340 2026 3411">
    <p class='ocr_par' dir='ltr' id='par_1_49' title="bbox 457 3340 2026 3411">
     <span class='ocr_line' id='line_1_49' title="bbox 457 3340 2026 3411; baseline 0.004 -18"><span class='ocrx_word' id='word_1_420' title='bbox 457 3343 634 3394; x_wconf 89' lang='lat' dir='ltr'><strong>carnis</strong></span> <span class='ocrx_word' id='word_1_421' title='bbox 664 3340 929 3409; x_wconf 86' lang='lat' dir='ltr'><strong>quomodo</strong></span> <span class='ocrx_word' id='word_1_422' title='bbox 952 3342 1059 3409; x_wconf 90' lang='lat' dir='ltr'><strong>jam</strong></span> <span class='ocrx_word' id='word_1_423' title='bbox 1104 3341 1306 3394; x_wconf 89' lang='lat' dir='ltr'><strong>fuerant</strong></span> <span class='ocrx_word' id='word_1_424' title='bbox 1340 3344 1507 3396; x_wconf 80' lang='lat' dir='ltr'><strong>secuti</strong></span> <span class='ocrx_word' id='word_1_425' title='bbox 1538 3343 1880 3411; x_wconf 86' lang='lat' dir='ltr'><strong>quandolibet</strong></span> <span class='ocrx_word' id='word_1_426' title='bbox 1913 3359 2026 3399; x_wconf 86' lang='lat' dir='ltr'><strong>mo-</strong></span> 
     </span>
    </p>
   </div>
   <div class='ocr_carea' id='block_1_50' title="bbox 459 3428 2022 3492">
    <p class='ocr_par' dir='ltr' id='par_1_50' title="bbox 459 3428 2022 3492">
     <span class='ocr_line' id='line_1_50' title="bbox 459 3428 2022 3492; baseline 0.004 -11"><span class='ocrx_word' id='word_1_427' title='bbox 459 3428 630 3492; x_wconf 86' lang='lat' dir='ltr'><strong>rituri,</strong></span> <span class='ocrx_word' id='word_1_428' title='bbox 659 3430 750 3483; x_wconf 88' lang='lat' dir='ltr'><strong>sed</strong></span> <span class='ocrx_word' id='word_1_429' title='bbox 785 3431 835 3481; x_wconf 91' lang='lat' dir='ltr'><strong>in</strong></span> <span class='ocrx_word' id='word_1_430' title='bbox 863 3429 1045 3483; x_wconf 68' lang='lat' dir='ltr'><strong>saeculi</strong></span> <span class='ocrx_word' id='word_1_431' title='bbox 1092 3429 1197 3486; x_wconf 86' lang='lat' dir='ltr'><strong>line</strong></span> <span class='ocrx_word' id='word_1_432' title='bbox 1244 3432 1639 3486; x_wconf 74' lang='lat' dir='ltr'><strong>resurrecturi?</strong></span> <span class='ocrx_word' id='word_1_433' title='bbox 1677 3435 1781 3487; x_wconf 81' lang='lat' dir='ltr'><strong>Aut</strong></span> <span class='ocrx_word' id='word_1_434' title='bbox 1834 3436 2022 3488; x_wconf 87' lang='lat' dir='ltr'><strong>iterum</strong></span> 
     </span>
    </p>
   </div>
   <div class='ocr_carea' id='block_1_51' title="bbox 462 3518 2023 3588">
    <p class='ocr_par' dir='ltr' id='par_1_51' title="bbox 462 3518 2023 3588">
     <span class='ocr_line' id='line_1_51' title="bbox 462 3518 2023 3588; baseline 0.006 -18"><span class='ocrx_word' id='word_1_435' title='bbox 462 3518 736 3571; x_wconf 85' lang='lat' dir='ltr'><strong>Dominum</strong></span> <span class='ocrx_word' id='word_1_436' title='bbox 761 3519 824 3571; x_wconf 85' lang='lat' dir='ltr'><strong>ad</strong></span> <span class='ocrx_word' id='word_1_437' title='bbox 853 3519 1025 3572; x_wconf 86' lang='lat' dir='ltr'><strong>sinum</strong></span> <span class='ocrx_word' id='word_1_438' title='bbox 1057 3519 1247 3584; x_wconf 79' lang='lat' dir='ltr'><strong>Patris,</strong></span> <span class='ocrx_word' id='word_1_439' title='bbox 1271 3535 1372 3573; x_wconf 78' lang='lat' dir='ltr'><strong>nec</strong></span> <span class='ocrx_word' id='word_1_440' title='bbox 1396 3522 1706 3577; x_wconf 90' lang='lat' dir='ltr'><strong>relicturum</strong></span> <span class='ocrx_word' id='word_1_441' title='bbox 1738 3538 1851 3588; x_wconf 90' lang='lat' dir='ltr'><strong>eos,</strong></span> <span class='ocrx_word' id='word_1_442' title='bbox 1881 3525 2023 3579; x_wconf 90' lang='lat' dir='ltr'><strong>unde</strong></span> 
     </span>
    </p>
   </div>
   <div class='ocr_carea' id='block_1_52' title="bbox 460 3607 2026 3680">
    <p class='ocr_par' dir='ltr' id='par_1_52' title="bbox 460 3607 2026 3680">
     <span class='ocr_line' id='line_1_52' title="bbox 460 3607 2026 3680; baseline 0.006 -21"><span class='ocrx_word' id='word_1_443' title='bbox 460 3621 566 3660; x_wconf 77' lang='lat' dir='ltr'><strong>non</strong></span> <span class='ocrx_word' id='word_1_444' title='bbox 595 3607 814 3661; x_wconf 86' lang='lat' dir='ltr'><strong>recessit</strong></span> <span class='ocrx_word' id='word_1_445' title='bbox 838 3622 959 3663; x_wconf 89' lang='lat' dir='ltr'><strong>cum</strong></span> <span class='ocrx_word' id='word_1_446' title='bbox 983 3609 1212 3663; x_wconf 72' lang='lat' dir='ltr'><strong>venisset</strong></span> <span class='ocrx_word' id='word_1_447' title='bbox 1250 3608 1318 3664; x_wconf 87' lang='lat' dir='ltr'><strong>ad</strong></span> <span class='ocrx_word' id='word_1_448' title='bbox 1355 3613 1887 3680; x_wconf 79' lang='lat' dir='ltr'><strong>eos,‘quomodojam</strong></span> <span class='ocrx_word' id='word_1_449' title='bbox 1920 3614 2026 3669; x_wconf 90' lang='lat' dir='ltr'><strong>fue-</strong></span> 
     </span>
    </p>
   </div>
   <div class='ocr_carea' id='block_1_53' title="bbox 459 3696 2024 3770">
    <p class='ocr_par' dir='ltr' id='par_1_53' title="bbox 459 3696 2024 3770">
     <span class='ocr_line' id='line_1_53' title="bbox 459 3696 2024 3770; baseline 0.005 -21"><span class='ocrx_word' id='word_1_450' title='bbox 459 3706 579 3749; x_wconf 85' lang='lat' dir='ltr'><strong>rant</strong></span> <span class='ocrx_word' id='word_1_451' title='bbox 601 3696 863 3761; x_wconf 87' lang='lat' dir='ltr'><strong>secuturi,</strong></span> <span class='ocrx_word' id='word_1_452' title='bbox 894 3712 1011 3751; x_wconf 86' lang='lat' dir='ltr'><strong>cum</strong></span> <span class='ocrx_word' id='word_1_453' title='bbox 1039 3712 1155 3753; x_wconf 88' lang='lat' dir='ltr'><strong>esse</strong></span> <span class='ocrx_word' id='word_1_454' title='bbox 1179 3714 1335 3753; x_wconf 91' lang='lat' dir='ltr'><strong>nemo</strong></span> <span class='ocrx_word' id='word_1_455' title='bbox 1357 3701 1519 3765; x_wconf 89' lang='lat' dir='ltr'><strong>possit</strong></span> <span class='ocrx_word' id='word_1_456' title='bbox 1550 3701 1599 3754; x_wconf 91' lang='lat' dir='ltr'><strong>in</strong></span> <span class='ocrx_word' id='word_1_457' title='bbox 1629 3701 1714 3755; x_wconf 87' lang='lat' dir='ltr'><strong>illa</strong></span> <span class='ocrx_word' id='word_1_458' title='bbox 1747 3702 2024 3770; x_wconf 77' lang='lat' dir='ltr'><strong>felicitate,</strong></span> 
     </span>
    </p>
   </div>
   <div class='ocr_carea' id='block_1_54' title="bbox 465 3787 2028 3861">
    <p class='ocr_par' dir='ltr' id='par_1_54' title="bbox 465 3787 2028 3861">
     <span class='ocr_line' id='line_1_54' title="bbox 465 3787 2028 3861; baseline 0.006 -23"><span class='ocrx_word' id='word_1_459' title='bbox 465 3788 562 3841; x_wconf 90' lang='lat' dir='ltr'><strong>nisi</strong></span> <span class='ocrx_word' id='word_1_460' title='bbox 591 3787 856 3856; x_wconf 89' lang='lat' dir='ltr'><strong>perfectus</strong></span> <span class='ocrx_word' id='word_1_461' title='bbox 889 3788 941 3841; x_wconf 93' lang='lat' dir='ltr'><strong>in</strong></span> <span class='ocrx_word' id='word_1_462' title='bbox 967 3789 1263 3842; x_wconf 77' lang='lat' dir='ltr'><strong>charitate?</strong></span> <span class='ocrx_word' id='word_1_463' title='bbox 1292 3789 1516 3859; x_wconf 90' lang='lat' dir='ltr'><strong>Ideoque</strong></span> <span class='ocrx_word' id='word_1_464' title='bbox 1546 3791 1739 3846; x_wconf 88' lang='lat' dir='ltr'><strong>docens</strong></span> <span class='ocrx_word' id='word_1_465' title='bbox 1765 3793 2028 3861; x_wconf 89' lang='lat' dir='ltr'><strong>quomodo</strong></span> 
     </span>
    </p>
   </div>
   <div class='ocr_carea' id='block_1_55' title="bbox 466 3876 1949 3950">
    <p class='ocr_par' dir='ltr' id='par_1_55' title="bbox 466 3876 1949 3950">
     <span class='ocr_line' id='line_1_55' title="bbox 466 3876 1949 3950; baseline 0.006 -22"><span class='ocrx_word' id='word_1_466' title='bbox 466 3876 640 3931; x_wconf 88' lang='lat' dir='ltr'><strong>idonei</strong></span> <span class='ocrx_word' id='word_1_467' title='bbox 671 3891 789 3931; x_wconf 88' lang='lat' dir='ltr'><strong>esse</strong></span> <span class='ocrx_word' id='word_1_468' title='bbox 818 3888 1034 3947; x_wconf 89' lang='lat' dir='ltr'><strong>possent</strong></span> <span class='ocrx_word' id='word_1_469' title='bbox 1077 3894 1296 3947; x_wconf 81' lang='lat' dir='ltr'><strong>pergere</strong></span> <span class='ocrx_word' id='word_1_470' title='bbox 1327 3894 1429 3950; x_wconf 92' lang='lat' dir='ltr'><strong>quo</strong></span> <span class='ocrx_word' id='word_1_471' title='bbox 1456 3881 1545 3936; x_wconf 92' lang='lat' dir='ltr'><strong>ille</strong></span> <span class='ocrx_word' id='word_1_472' title='bbox 1570 3883 1909 3937; x_wconf 81' lang='lat' dir='ltr'><strong>antecedebat</strong></span> <span class='ocrx_word' id='word_1_473' title='bbox 1937 3901 1949 3937; x_wconf 88' lang='lat'>:</span> 
     </span>
    </p>
   </div>
   <div class='ocr_carea' id='block_1_56' title="bbox 532 3965 2021 4040">
    <p class='ocr_par' dir='ltr' id='par_1_56' title="bbox 532 3965 2021 4040">
     <span class='ocr_line' id='line_1_56' title="bbox 532 3965 2021 4040; baseline 0.004 -21"><span class='ocrx_word' id='word_1_474' title='bbox 532 3965 837 4020; x_wconf 71' lang='lat' dir='ltr'><strong>Mandatum</strong></span> <span class='ocrx_word' id='word_1_475' title='bbox 859 3984 1061 4033; x_wconf 81' lang='lat' dir='ltr'><strong>nouum,</strong></span> <span class='ocrx_word' id='word_1_476' title='bbox 1083 3968 1270 4034; x_wconf 86' lang='lat' dir='ltr'><strong>inquit,</strong></span> <span class='ocrx_word' id='word_1_477' title='bbox 1300 3968 1367 4021; x_wconf 84' lang='lat' dir='ltr'><strong>do</strong></span> <span class='ocrx_word' id='word_1_478' title='bbox 1391 3969 1546 4033; x_wconf 82' lang='lat' dir='ltr'><strong>vobis,</strong></span> <span class='ocrx_word' id='word_1_479' title='bbox 1571 3979 1624 4021; x_wconf 85' lang='lat' dir='ltr'><strong>ut</strong></span> <span class='ocrx_word' id='word_1_480' title='bbox 1647 3971 1870 4040; x_wconf 83' lang='lat' dir='ltr'><strong>diligatis</strong></span> <span class='ocrx_word' id='word_1_481' title='bbox 1892 3972 2021 4025; x_wconf 83' lang='lat' dir='ltr'><strong>invi-</strong></span> 
     </span>
    </p>
   </div>
   <div class='ocr_carea' id='block_1_57' title="bbox 458 4056 2021 4127">
    <p class='ocr_par' dir='ltr' id='par_1_57' title="bbox 458 4056 2021 4127">
     <span class='ocr_line' id='line_1_57' title="bbox 458 4056 2021 4127; baseline 0.002 -15"><span class='ocrx_word' id='word_1_482' title='bbox 458 4074 587 4113; x_wconf 88' lang='lat' dir='ltr'><strong>cem.</strong></span> <span class='ocrx_word' id='word_1_483' title='bbox 613 4056 673 4110; x_wconf 85' lang='lat' dir='ltr'><strong>lli</strong></span> <span class='ocrx_word' id='word_1_484' title='bbox 703 4065 826 4110; x_wconf 90' lang='lat' dir='ltr'><strong>sunt</strong></span> <span class='ocrx_word' id='word_1_485' title='bbox 855 4072 1067 4126; x_wconf 86' lang='lat' dir='ltr'><strong>gressus</strong></span> <span class='ocrx_word' id='word_1_486' title='bbox 1097 4058 1287 4127; x_wconf 89' lang='lat' dir='ltr'><strong>quibus</strong></span> <span class='ocrx_word' id='word_1_487' title='bbox 1326 4060 1629 4125; x_wconf 86' lang='lat' dir='ltr'><strong>sequendus</strong></span> <span class='ocrx_word' id='word_1_488' title='bbox 1654 4070 1735 4113; x_wconf 88' lang='lat' dir='ltr'><strong>est</strong></span> <span class='ocrx_word' id='word_1_489' title='bbox 1760 4061 2021 4115; x_wconf 86' lang='lat' dir='ltr'><strong>Christus.</strong></span> 
     </span>
    </p>
   </div>
   <div class='ocr_carea' id='block_1_58' title="bbox 458 4145 2020 4217">
    <p class='ocr_par' dir='ltr' id='par_1_58' title="bbox 458 4145 2020 4217">
     <span class='ocr_line' id='line_1_58' title="bbox 458 4145 2020 4217; baseline 0.001 -18"><span class='ocrx_word' id='word_1_490' title='bbox 458 4147 643 4200; x_wconf 79' lang='lat' dir='ltr'><strong>Nonne</strong></span> <span class='ocrx_word' id='word_1_491' title='bbox 680 4145 787 4214; x_wconf 85' lang='lat' dir='ltr'><strong>jam</strong></span> <span class='ocrx_word' id='word_1_492' title='bbox 816 4146 916 4200; x_wconf 90' lang='lat' dir='ltr'><strong>hoc</strong></span> <span class='ocrx_word' id='word_1_493' title='bbox 947 4154 1057 4199; x_wconf 87' lang='lat' dir='ltr'><strong>erat</strong></span> <span class='ocrx_word' id='word_1_494' title='bbox 1092 4147 1395 4199; x_wconf 90' lang='lat' dir='ltr'><strong>mandatum</strong></span> <span class='ocrx_word' id='word_1_495' title='bbox 1424 4147 1477 4199; x_wconf 90' lang='lat' dir='ltr'><strong>in</strong></span> <span class='ocrx_word' id='word_1_496' title='bbox 1507 4147 1717 4215; x_wconf 90' lang='lat' dir='ltr'><strong>antiqua</strong></span> <span class='ocrx_word' id='word_1_497' title='bbox 1751 4148 1840 4201; x_wconf 88' lang='lat' dir='ltr'><strong>Dei</strong></span> <span class='ocrx_word' id='word_1_498' title='bbox 1873 4149 2020 4217; x_wconf 79' lang='lat' dir='ltr'><strong>lege,</strong></span> 
     </span>
    </p>
   </div>
   <div class='ocr_carea' id='block_1_59' title="bbox 456 4232 2023 4306">
    <p class='ocr_par' dir='ltr' id='par_1_59' title="bbox 456 4232 2023 4306">
     <span class='ocr_line' id='line_1_59' title="bbox 456 4232 2023 4306; baseline 0.003 -21"><span class='ocrx_word' id='word_1_499' title='bbox 456 4235 543 4286; x_wconf 86' lang='lat' dir='ltr'><strong>ubi</strong></span> <span class='ocrx_word' id='word_1_500' title='bbox 576 4235 829 4300; x_wconf 80' lang='lat' dir='ltr'><strong>scriptum</strong></span> <span class='ocrx_word' id='word_1_501' title='bbox 871 4242 990 4287; x_wconf 88' lang='lat' dir='ltr'><strong>est:</strong></span> <span class='ocrx_word' id='word_1_502' title='bbox 1034 4232 1226 4304; x_wconf 86' lang='lat' dir='ltr'><strong>Diliges</strong></span> <span class='ocrx_word' id='word_1_503' title='bbox 1272 4235 1557 4302; x_wconf 69' lang='lat' dir='ltr'><strong>proximum</strong></span> <span class='ocrx_word' id='word_1_504' title='bbox 1608 4246 1748 4288; x_wconf 88' lang='lat' dir='ltr'><strong>tuum</strong></span> <span class='ocrx_word' id='word_1_505' title='bbox 1788 4248 2023 4306; x_wconf 86' lang='lat' dir='ltr'><strong>tanquam</strong></span> 
     </span>
    </p>
   </div>
   <div class='ocr_carea' id='block_1_60' title="bbox 456 4320 2023 4394">
    <p class='ocr_par' dir='ltr' id='par_1_60' title="bbox 456 4320 2023 4394">
     <span class='ocr_line' id='line_1_60' title="bbox 456 4320 2023 4394; baseline 0.002 -19"><span class='ocrx_word' id='word_1_506' title='bbox 456 4323 671 4389; x_wconf 79' lang='lat' dir='ltr'><strong>teipsum</strong></span> <span class='ocrx_word' id='word_1_507' title='bbox 701 4320 883 4385; x_wconf 87' lang='lat' dir='ltr'><strong>(Levit.</strong></span> <span class='ocrx_word' id='word_1_508' title='bbox 913 4322 1068 4389; x_wconf 57' lang='grc' dir='ltr'><strong>ων</strong></span> <span class='ocrx_word' id='word_1_509' title='bbox 1096 4322 1198 4376; x_wconf 81' lang='lat' dir='ltr'><strong>Cur</strong></span> <span class='ocrx_word' id='word_1_510' title='bbox 1225 4338 1350 4391; x_wconf 80' lang='lat' dir='ltr'><strong>ergo</strong></span> <span class='ocrx_word' id='word_1_511' title='bbox 1377 4339 1567 4377; x_wconf 80' lang='lat' dir='ltr'><strong>novum</strong></span> <span class='ocrx_word' id='word_1_512' title='bbox 1600 4326 1901 4379; x_wconf 86' lang='lat' dir='ltr'><strong>mandatum</strong></span> <span class='ocrx_word' id='word_1_513' title='bbox 1932 4340 2023 4394; x_wconf 62' lang='lat' dir='ltr'><strong>apo</strong></span> 
     </span>
    </p>
   </div>
   <div class='ocr_carea' id='block_1_61' title="bbox 2141 1899 3705 1986">
    <p class='ocr_par' dir='ltr' id='par_1_61' title="bbox 2141 1899 3705 1986">
     <span class='ocr_line' id='line_1_61' title="bbox 2141 1899 3705 1986; baseline 0.013 -35"><span class='ocrx_word' id='word_1_514' title='bbox 2141 1899 2253 1967; x_wconf 88' lang='lat' dir='ltr'><strong>ipse</strong></span> <span class='ocrx_word' id='word_1_515' title='bbox 2283 1900 2467 1956; x_wconf 79' lang='lat' dir='ltr'><strong>dilexit</strong></span> <span class='ocrx_word' id='word_1_516' title='bbox 2497 1918 2608 1969; x_wconf 84' lang='lat' dir='ltr'><strong>eos,</strong></span> <span class='ocrx_word' id='word_1_517' title='bbox 2644 1906 2990 1974; x_wconf 89' lang='lat' dir='ltr'><strong>perducturus</strong></span> <span class='ocrx_word' id='word_1_518' title='bbox 3021 1924 3115 1964; x_wconf 89' lang='lat' dir='ltr'><strong>eos</strong></span> <span class='ocrx_word' id='word_1_519' title='bbox 3138 1910 3203 1964; x_wconf 90' lang='lat' dir='ltr'><strong>ad</strong></span> <span class='ocrx_word' id='word_1_520' title='bbox 3233 1912 3380 1966; x_wconf 91' lang='lat' dir='ltr'><strong>illum</strong></span> <span class='ocrx_word' id='word_1_521' title='bbox 3426 1913 3585 1968; x_wconf 85' lang='lat' dir='ltr'><strong>linem</strong></span> <span class='ocrx_word' id='word_1_522' title='bbox 3617 1918 3705 1986; x_wconf 91' lang='lat' dir='ltr'><strong>qui</strong></span> 
     </span>
    </p>
   </div>
   <div class='ocr_carea' id='block_1_62' title="bbox 2139 1990 3703 2059">
    <p class='ocr_par' dir='ltr' id='par_1_62' title="bbox 2139 1990 3703 2059">
     <span class='ocr_line' id='line_1_62' title="bbox 2139 1990 3703 2059; baseline 0.012 -18"><span class='ocrx_word' id='word_1_523' title='bbox 2139 1990 2366 2045; x_wconf 77' lang='lat' dir='ltr'><strong>sufﬁciat</strong></span> <span class='ocrx_word' id='word_1_524' title='bbox 2395 1993 2472 2046; x_wconf 86' lang='lat' dir='ltr'><strong>eis</strong></span> <span class='ocrx_word' id='word_1_525' title='bbox 2493 2033 2507 2057; x_wconf 87' lang='lat'><strong>,</strong></span> <span class='ocrx_word' id='word_1_526' title='bbox 2540 1993 2623 2047; x_wconf 89' lang='lat' dir='ltr'><strong>ubi</strong></span> <span class='ocrx_word' id='word_1_527' title='bbox 2647 1998 2867 2050; x_wconf 86' lang='lat' dir='ltr'><strong>satietur</strong></span> <span class='ocrx_word' id='word_1_528' title='bbox 2891 1998 2939 2049; x_wconf 90' lang='lat' dir='ltr'><strong>in</strong></span> <span class='ocrx_word' id='word_1_529' title='bbox 2965 1998 3119 2052; x_wconf 90' lang='lat' dir='ltr'><strong>bonis</strong></span> <span class='ocrx_word' id='word_1_530' title='bbox 3148 2000 3465 2055; x_wconf 85' lang='lat' dir='ltr'><strong>desiderium</strong></span> <span class='ocrx_word' id='word_1_531' title='bbox 3492 2018 3703 2059; x_wconf 86' lang='lat' dir='ltr'><strong>eorum.</strong></span> 
     </span>
    </p>
   </div>
   <div class='ocr_carea' id='block_1_63' title="bbox 2139 2079 3706 2160">
    <p class='ocr_par' dir='ltr' id='par_1_63' title="bbox 2139 2079 3706 2160">
     <span class='ocr_line' id='line_1_63' title="bbox 2139 2079 3706 2160; baseline 0.009 -29"><span class='ocrx_word' id='word_1_532' title='bbox 2139 2079 2287 2132; x_wconf 86' lang='lat' dir='ltr'><strong>Tunc</strong></span> <span class='ocrx_word' id='word_1_533' title='bbox 2315 2081 2455 2134; x_wconf 90' lang='lat' dir='ltr'><strong>enim</strong></span> <span class='ocrx_word' id='word_1_534' title='bbox 2485 2082 2678 2149; x_wconf 90' lang='lat' dir='ltr'><strong>aliquid</strong></span> <span class='ocrx_word' id='word_1_535' title='bbox 2709 2084 2977 2140; x_wconf 87' lang='lat' dir='ltr'><strong>desiderio</strong></span> <span class='ocrx_word' id='word_1_536' title='bbox 3005 2102 3109 2142; x_wconf 92' lang='lat' dir='ltr'><strong>non</strong></span> <span class='ocrx_word' id='word_1_537' title='bbox 3131 2088 3326 2155; x_wconf 88' lang='lat' dir='ltr'><strong>deerit,</strong></span> <span class='ocrx_word' id='word_1_538' title='bbox 3352 2094 3568 2160; x_wconf 87' lang='lat' dir='ltr'><strong>quando</strong></span> <span class='ocrx_word' id='word_1_539' title='bbox 3590 2108 3706 2146; x_wconf 82' lang='lat' dir='ltr'><strong>om-</strong></span> 
     </span>
    </p>
   </div>
   <div class='ocr_carea' id='block_1_64' title="bbox 2140 2167 3703 2249">
    <p class='ocr_par' dir='ltr' id='par_1_64' title="bbox 2140 2167 3703 2249">
     <span class='ocr_line' id='line_1_64' title="bbox 2140 2167 3703 2249; baseline 0.013 -30"><span class='ocrx_word' id='word_1_540' title='bbox 2140 2167 2219 2221; x_wconf 85' lang='lat' dir='ltr'><strong>nia</strong></span> <span class='ocrx_word' id='word_1_541' title='bbox 2248 2170 2297 2222; x_wconf 91' lang='lat' dir='ltr'><strong>in</strong></span> <span class='ocrx_word' id='word_1_542' title='bbox 2330 2174 2575 2227; x_wconf 86' lang='lat' dir='ltr'><strong>omnibus</strong></span> <span class='ocrx_word' id='word_1_543' title='bbox 2611 2173 2747 2228; x_wconf 89' lang='lat' dir='ltr'><strong>Deus</strong></span> <span class='ocrx_word' id='word_1_544' title='bbox 2778 2178 2898 2230; x_wconf 90' lang='lat' dir='ltr'><strong>erit.</strong></span> <span class='ocrx_word' id='word_1_545' title='bbox 2931 2176 3103 2232; x_wconf 89' lang='lat' dir='ltr'><strong>Nolite</strong></span> <span class='ocrx_word' id='word_1_546' title='bbox 3136 2180 3313 2249; x_wconf 86' lang='lat' dir='ltr'><strong>itaque</strong></span> <span class='ocrx_word' id='word_1_547' title='bbox 3345 2194 3563 2249; x_wconf 86' lang='lat' dir='ltr'><strong>putare,</strong></span> <span class='ocrx_word' id='word_1_548' title='bbox 3600 2185 3703 2238; x_wconf 81' lang='lat' dir='ltr'><strong>ira-</strong></span> 
     </span>
    </p>
   </div>
   <div class='ocr_carea' id='block_1_65' title="bbox 2137 2260 3703 2331">
    <p class='ocr_par' dir='ltr' id='par_1_65' title="bbox 2137 2260 3703 2331">
     <span class='ocr_line' id='line_1_65' title="bbox 2137 2260 3703 2331; baseline 0.01 -20"><span class='ocrx_word' id='word_1_549' title='bbox 2137 2266 2243 2311; x_wconf 90' lang='lat' dir='ltr'><strong>tres</strong></span> <span class='ocrx_word' id='word_1_550' title='bbox 2273 2260 2411 2326; x_wconf 90' lang='lat' dir='ltr'><strong>mei,</strong></span> <span class='ocrx_word' id='word_1_551' title='bbox 2452 2261 2504 2315; x_wconf 90' lang='lat' dir='ltr'><strong>in</strong></span> <span class='ocrx_word' id='word_1_552' title='bbox 2538 2261 2636 2315; x_wconf 91' lang='lat' dir='ltr'><strong>hoc</strong></span> <span class='ocrx_word' id='word_1_553' title='bbox 2664 2264 2800 2331; x_wconf 92' lang='lat' dir='ltr'><strong>quod</strong></span> <span class='ocrx_word' id='word_1_554' title='bbox 2833 2266 2906 2317; x_wconf 92' lang='lat' dir='ltr'><strong>ait</strong></span> <span class='ocrx_word' id='word_1_555' title='bbox 2934 2266 3187 2321; x_wconf 90' lang='lat' dir='ltr'><strong>Dominus</strong></span> <span class='ocrx_word' id='word_1_556' title='bbox 3216 2286 3227 2319; x_wconf 90' lang='lat'>:</span> <span class='ocrx_word' id='word_1_557' title='bbox 3266 2269 3566 2328; x_wconf 76' lang='lat' dir='ltr'><strong>Mandatum</strong></span> <span class='ocrx_word' id='word_1_558' title='bbox 3615 2290 3703 2326; x_wconf 84' lang='lat' dir='ltr'><strong>no-</strong></span> 
     </span>
    </p>
   </div>
   <div class='ocr_carea' id='block_1_66' title="bbox 2134 2349 3701 2427">
    <p class='ocr_par' dir='ltr' id='par_1_66' title="bbox 2134 2349 3701 2427">
     <span class='ocr_line' id='line_1_66' title="bbox 2134 2349 3701 2427; baseline 0.009 -26"><span class='ocrx_word' id='word_1_559' title='bbox 2134 2365 2248 2401; x_wconf 84' lang='lat' dir='ltr'><strong>uum</strong></span> <span class='ocrx_word' id='word_1_560' title='bbox 2280 2349 2345 2400; x_wconf 89' lang='lat' dir='ltr'><strong>do</strong></span> <span class='ocrx_word' id='word_1_561' title='bbox 2372 2350 2524 2413; x_wconf 81' lang='lat' dir='ltr'><strong>vobis,</strong></span> <span class='ocrx_word' id='word_1_562' title='bbox 2558 2361 2611 2403; x_wconf 85' lang='lat' dir='ltr'><strong>ut</strong></span> <span class='ocrx_word' id='word_1_563' title='bbox 2636 2367 2720 2405; x_wconf 82' lang='lat' dir='ltr'><strong>vos</strong></span> <span class='ocrx_word' id='word_1_564' title='bbox 2753 2355 2965 2407; x_wconf 79' lang='lat' dir='ltr'><strong>invicem</strong></span> <span class='ocrx_word' id='word_1_565' title='bbox 3008 2357 3263 2424; x_wconf 85' lang='lat' dir='ltr'><strong>diligatis,</strong></span> <span class='ocrx_word' id='word_1_566' title='bbox 3295 2360 3421 2423; x_wconf 87' lang='lat' dir='ltr'><strong>illud</strong></span> <span class='ocrx_word' id='word_1_567' title='bbox 3449 2376 3701 2427; x_wconf 85' lang='lat' dir='ltr'><strong>magnum</strong></span> 
     </span>
    </p>
   </div>
   <div class='ocr_carea' id='block_1_67' title="bbox 2134 2441 3703 2517">
    <p class='ocr_par' dir='ltr' id='par_1_67' title="bbox 2134 2441 3703 2517">
     <span class='ocr_line' id='line_1_67' title="bbox 2134 2441 3703 2517; baseline 0.01 -27"><span class='ocrx_word' id='word_1_568' title='bbox 2134 2441 2547 2507; x_wconf 75' lang='lat' dir='ltr'><strong>przetcrmissum</strong></span> <span class='ocrx_word' id='word_1_569' title='bbox 2597 2457 2751 2509; x_wconf 89' lang='lat' dir='ltr'><strong>esse,</strong></span> <span class='ocrx_word' id='word_1_570' title='bbox 2809 2460 2915 2512; x_wconf 92' lang='lat' dir='ltr'><strong>quo</strong></span> <span class='ocrx_word' id='word_1_571' title='bbox 2967 2450 3267 2513; x_wconf 66' lang='lat' dir='ltr'><strong>praecipitur</strong></span> <span class='ocrx_word' id='word_1_572' title='bbox 3315 2460 3370 2503; x_wconf 90' lang='lat' dir='ltr'><strong>ut</strong></span> <span class='ocrx_word' id='word_1_573' title='bbox 3416 2450 3703 2517; x_wconf 84' lang='lat' dir='ltr'><strong>diligamus</strong></span> 
     </span>
    </p>
   </div>
   <div class='ocr_carea' id='block_1_68' title="bbox 2133 2527 3702 2601">
    <p class='ocr_par' dir='ltr' id='par_1_68' title="bbox 2133 2527 3702 2601">
     <span class='ocr_line' id='line_1_68' title="bbox 2133 2527 3702 2601; baseline 0.007 -20"><span class='ocrx_word' id='word_1_574' title='bbox 2133 2527 2409 2599; x_wconf 90' lang='lat' dir='ltr'><strong>Dominum</strong></span> <span class='ocrx_word' id='word_1_575' title='bbox 2444 2531 2609 2585; x_wconf 90' lang='lat' dir='ltr'><strong>Deum</strong></span> <span class='ocrx_word' id='word_1_576' title='bbox 2654 2541 2892 2591; x_wconf 88' lang='lat' dir='ltr'><strong>nostrum</strong></span> <span class='ocrx_word' id='word_1_577' title='bbox 2939 2550 3004 2588; x_wconf 81' lang='lat' dir='ltr'><strong>ea:</strong></span> <span class='ocrx_word' id='word_1_578' title='bbox 3042 2546 3141 2587; x_wconf 89' lang='lat' dir='ltr'><strong>toto</strong></span> <span class='ocrx_word' id='word_1_579' title='bbox 3191 2538 3369 2601; x_wconf 85' lang='lat' dir='ltr'><strong>corde,</strong></span> <span class='ocrx_word' id='word_1_580' title='bbox 3399 2550 3444 2591; x_wconf 87' lang='lat' dir='ltr'><strong>et</strong></span> <span class='ocrx_word' id='word_1_581' title='bbox 3484 2556 3549 2591; x_wconf 72' lang='lat' dir='ltr'><strong>ex</strong></span> <span class='ocrx_word' id='word_1_582' title='bbox 3596 2550 3702 2592; x_wconf 80' lang='lat' dir='ltr'><strong>tota</strong></span> 
     </span>
    </p>
   </div>
   <div class='ocr_carea' id='block_1_69' title="bbox 2131 2619 3705 2694">
    <p class='ocr_par' dir='ltr' id='par_1_69' title="bbox 2131 2619 3705 2694">
     <span class='ocr_line' id='line_1_69' title="bbox 2131 2619 3705 2694; baseline 0.011 -26"><span class='ocrx_word' id='word_1_583' title='bbox 2131 2619 2334 2679; x_wconf 63' lang='lat' dir='ltr'><strong>anima;</strong></span> <span class='ocrx_word' id='word_1_584' title='bbox 2369 2627 2414 2670; x_wconf 89' lang='lat' dir='ltr'><strong>et</strong></span> <span class='ocrx_word' id='word_1_585' title='bbox 2457 2637 2517 2672; x_wconf 77' lang='lat' dir='ltr'><strong>ex</strong></span> <span class='ocrx_word' id='word_1_586' title='bbox 2550 2630 2654 2673; x_wconf 88' lang='lat' dir='ltr'><strong>tota</strong></span> <span class='ocrx_word' id='word_1_587' title='bbox 2708 2631 2868 2675; x_wconf 80' lang='lat' dir='ltr'><strong>mente</strong></span> <span class='ocrx_word' id='word_1_588' title='bbox 2899 2624 3109 2690; x_wconf 79' lang='lat' dir='ltr'><strong>(Matth.</strong></span> <span class='ocrx_word' id='word_1_589' title='bbox 3141 2629 3293 2694; x_wconf 84' lang='lat' dir='ltr'><strong>xxtt).</strong></span> <span class='ocrx_word' id='word_1_590' title='bbox 3329 2626 3431 2681; x_wconf 87' lang='lat' dir='ltr'><strong>Sed</strong></span> <span class='ocrx_word' id='word_1_591' title='bbox 3458 2629 3597 2683; x_wconf 88' lang='lat' dir='ltr'><strong>bene</strong></span> <span class='ocrx_word' id='word_1_592' title='bbox 3621 2630 3705 2684; x_wconf 84' lang='lat' dir='ltr'><strong>in-</strong></span> 
     </span>
    </p>
   </div>
   <div class='ocr_carea' id='block_1_70' title="bbox 2135 2704 3705 2782">
    <p class='ocr_par' dir='ltr' id='par_1_70' title="bbox 2135 2704 3705 2782">
     <span class='ocr_line' id='line_1_70' title="bbox 2135 2704 3705 2782; baseline 0.01 -26"><span class='ocrx_word' id='word_1_593' title='bbox 2135 2704 2486 2772; x_wconf 88' lang='lat' dir='ltr'><strong>telligentibus</strong></span> <span class='ocrx_word' id='word_1_594' title='bbox 2518 2716 2799 2776; x_wconf 91' lang='lat' dir='ltr'><strong>utrumque</strong></span> <span class='ocrx_word' id='word_1_595' title='bbox 2828 2708 3091 2764; x_wconf 83' lang='lat' dir='ltr'><strong>invenitur</strong></span> <span class='ocrx_word' id='word_1_596' title='bbox 3122 2714 3172 2766; x_wconf 91' lang='lat' dir='ltr'><strong>in</strong></span> <span class='ocrx_word' id='word_1_597' title='bbox 3212 2714 3450 2782; x_wconf 86' lang='lat' dir='ltr'><strong>singulis.</strong></span> <span class='ocrx_word' id='word_1_598' title='bbox 3482 2716 3616 2768; x_wconf 84' lang='lat' dir='ltr'><strong>Nam</strong></span> <span class='ocrx_word' id='word_1_599' title='bbox 3646 2727 3705 2771; x_wconf 86' lang='lat' dir='ltr'><strong>et</strong></span> 
     </span>
    </p>
   </div>
   <div class='ocr_carea' id='block_1_71' title="bbox 2131 2793 3704 2875">
    <p class='ocr_par' dir='ltr' id='par_1_71' title="bbox 2131 2793 3704 2875">
     <span class='ocr_line' id='line_1_71' title="bbox 2131 2793 3704 2875; baseline 0.01 -31"><span class='ocrx_word' id='word_1_600' title='bbox 2131 2794 2218 2861; x_wconf 88' lang='lat' dir='ltr'><strong>qui</strong></span> <span class='ocrx_word' id='word_1_601' title='bbox 2248 2793 2418 2863; x_wconf 91' lang='lat' dir='ltr'><strong>diligit</strong></span> <span class='ocrx_word' id='word_1_602' title='bbox 2447 2796 2630 2861; x_wconf 92' lang='lat' dir='ltr'><strong>Deum,</strong></span> <span class='ocrx_word' id='word_1_603' title='bbox 2659 2813 2761 2851; x_wconf 91' lang='lat' dir='ltr'><strong>non</strong></span> <span class='ocrx_word' id='word_1_604' title='bbox 2792 2807 2966 2866; x_wconf 87' lang='lat' dir='ltr'><strong>potest</strong></span> <span class='ocrx_word' id='word_1_605' title='bbox 2988 2816 3107 2855; x_wconf 91' lang='lat' dir='ltr'><strong>eum</strong></span> <span class='ocrx_word' id='word_1_606' title='bbox 3142 2815 3479 2860; x_wconf 90' lang='lat' dir='ltr'><strong>contemnere</strong></span> <span class='ocrx_word' id='word_1_607' title='bbox 3506 2809 3704 2875; x_wconf 69' lang='lat' dir='ltr'><strong>pracci-</strong></span> 
     </span>
    </p>
   </div>
   <div class='ocr_carea' id='block_1_72' title="bbox 2130 2881 3703 2963">
    <p class='ocr_par' dir='ltr' id='par_1_72' title="bbox 2130 2881 3703 2963">
     <span class='ocr_line' id='line_1_72' title="bbox 2130 2881 3703 2963; baseline 0.008 -26"><span class='ocrx_word' id='word_1_608' title='bbox 2130 2885 2358 2953; x_wconf 86' lang='lat' dir='ltr'><strong>pientem</strong></span> <span class='ocrx_word' id='word_1_609' title='bbox 2388 2897 2441 2938; x_wconf 92' lang='lat' dir='ltr'><strong>ut</strong></span> <span class='ocrx_word' id='word_1_610' title='bbox 2466 2885 2648 2955; x_wconf 88' lang='lat' dir='ltr'><strong>diligat</strong></span> <span class='ocrx_word' id='word_1_611' title='bbox 2681 2888 2975 2955; x_wconf 90' lang='lat' dir='ltr'><strong>proximum</strong></span> <span class='ocrx_word' id='word_1_612' title='bbox 2997 2932 3013 2959; x_wconf 92' lang='lat'><strong>,</strong></span> <span class='ocrx_word' id='word_1_613' title='bbox 3046 2901 3098 2946; x_wconf 90' lang='lat' dir='ltr'><strong>et</strong></span> <span class='ocrx_word' id='word_1_614' title='bbox 3126 2894 3216 2960; x_wconf 86' lang='lat' dir='ltr'><strong>qui</strong></span> <span class='ocrx_word' id='word_1_615' title='bbox 3248 2904 3427 2948; x_wconf 87' lang='lat' dir='ltr'><strong>sancte</strong></span> <span class='ocrx_word' id='word_1_616' title='bbox 3454 2910 3511 2948; x_wconf 88' lang='lat' dir='ltr'><strong>ac</strong></span> <span class='ocrx_word' id='word_1_617' title='bbox 3538 2881 3703 2963; x_wconf 68' lang='lat' dir='ltr'><strong>spirio</strong></span> 
     </span>
    </p>
   </div>
   <div class='ocr_carea' id='block_1_73' title="bbox 2133 2973 3703 3051">
    <p class='ocr_par' dir='ltr' id='par_1_73' title="bbox 2133 2973 3703 3051">
     <span class='ocr_line' id='line_1_73' title="bbox 2133 2973 3703 3051; baseline 0.008 -24"><span class='ocrx_word' id='word_1_618' title='bbox 2133 2973 2342 3028; x_wconf 86' lang='lat' dir='ltr'><strong>tualiter</strong></span> <span class='ocrx_word' id='word_1_619' title='bbox 2387 2975 2555 3043; x_wconf 89' lang='lat' dir='ltr'><strong>diligit</strong></span> <span class='ocrx_word' id='word_1_620' title='bbox 2603 2977 2948 3045; x_wconf 78' lang='lat' dir='ltr'><strong>proximum,</strong></span> <span class='ocrx_word' id='word_1_621' title='bbox 2989 2980 3111 3047; x_wconf 92' lang='lat' dir='ltr'><strong>quid</strong></span> <span class='ocrx_word' id='word_1_622' title='bbox 3165 2983 3215 3034; x_wconf 90' lang='lat' dir='ltr'><strong>in</strong></span> <span class='ocrx_word' id='word_1_623' title='bbox 3266 2996 3331 3036; x_wconf 89' lang='lat' dir='ltr'><strong>eo</strong></span> <span class='ocrx_word' id='word_1_624' title='bbox 3372 2982 3540 3051; x_wconf 88' lang='lat' dir='ltr'><strong>diligit</strong></span> <span class='ocrx_word' id='word_1_625' title='bbox 3594 2987 3703 3040; x_wconf 76' lang='lat' dir='ltr'><strong>nisi</strong></span> 
     </span>
    </p>
   </div>
   <div class='ocr_carea' id='block_1_74' title="bbox 2134 3063 3705 3132">
    <p class='ocr_par' dir='ltr' id='par_1_74' title="bbox 2134 3063 3705 3132">
     <span class='ocr_line' id='line_1_74' title="bbox 2134 3063 3705 3132; baseline 0.008 -15"><span class='ocrx_word' id='word_1_626' title='bbox 2134 3063 2336 3118; x_wconf 71' lang='lat' dir='ltr'><strong>Deum?</strong></span> <span class='ocrx_word' id='word_1_627' title='bbox 2362 3064 2477 3132; x_wconf 84' lang='lat' dir='ltr'><strong>ipsa</strong></span> <span class='ocrx_word' id='word_1_628' title='bbox 2501 3075 2581 3119; x_wconf 88' lang='lat' dir='ltr'><strong>est</strong></span> <span class='ocrx_word' id='word_1_629' title='bbox 2612 3067 2833 3122; x_wconf 91' lang='lat' dir='ltr'><strong>dilectio</strong></span> <span class='ocrx_word' id='word_1_630' title='bbox 2856 3067 2922 3119; x_wconf 91' lang='lat' dir='ltr'><strong>ab</strong></span> <span class='ocrx_word' id='word_1_631' title='bbox 2948 3071 3091 3122; x_wconf 92' lang='lat' dir='ltr'><strong>omni</strong></span> <span class='ocrx_word' id='word_1_632' title='bbox 3118 3070 3379 3125; x_wconf 86' lang='lat' dir='ltr'><strong>mundana</strong></span> <span class='ocrx_word' id='word_1_633' title='bbox 3409 3072 3705 3130; x_wconf 73' lang='lat' dir='ltr'><strong>dilcc1ione</strong></span> 
     </span>
    </p>
   </div>
   <div class='ocr_carea' id='block_1_75' title="bbox 2054 3112 3704 3225">
    <p class='ocr_par' dir='ltr' id='par_1_75' title="bbox 2054 3112 3704 3225">
     <span class='ocr_line' id='line_1_75' title="bbox 2054 3112 3704 3225; baseline 0.005 -17"><span class='ocrx_word' id='word_1_634' title='bbox 2054 3112 2101 3174; x_wconf 63' lang='grc' dir='ltr'>α</span> <span class='ocrx_word' id='word_1_635' title='bbox 2136 3112 2359 3210; x_wconf 62' lang='lat' dir='ltr'><strong>discreta</strong></span> <span class='ocrx_word' id='word_1_636' title='bbox 2388 3112 2586 3222; x_wconf 58' lang='lat' dir='ltr'><strong>:rquam</strong></span> <span class='ocrx_word' id='word_1_637' title='bbox 2610 3156 2982 3225; x_wconf 88' lang='lat' dir='ltr'><strong>distinguendo</strong></span> <span class='ocrx_word' id='word_1_638' title='bbox 3004 3159 3208 3213; x_wconf 85' lang='lat' dir='ltr'><strong>addidit</strong></span> <span class='ocrx_word' id='word_1_639' title='bbox 3231 3161 3478 3215; x_wconf 90' lang='lat' dir='ltr'><strong>Dominus</strong></span> <span class='ocrx_word' id='word_1_640' title='bbox 3504 3180 3516 3215; x_wconf 90' lang='lat'>:</span> <span class='ocrx_word' id='word_1_641' title='bbox 3546 3112 3704 3217; x_wconf 66' lang='grc' dir='ltr'><strong>εἰσιιῖ</strong></span> 
     </span>
    </p>
   </div>
   <div class='ocr_carea' id='block_1_76' title="bbox 2134 3243 3703 3315">
    <p class='ocr_par' dir='ltr' id='par_1_76' title="bbox 2134 3243 3703 3315">
     <span class='ocr_line' id='line_1_76' title="bbox 2134 3243 3703 3315; baseline 0.009 -20"><span class='ocrx_word' id='word_1_642' title='bbox 2134 3243 2291 3296; x_wconf 72' lang='lat' dir='ltr'><strong>dilexi</strong></span> <span class='ocrx_word' id='word_1_643' title='bbox 2318 3260 2424 3297; x_wconf 79' lang='lat' dir='ltr'><strong>uos.</strong></span> <span class='ocrx_word' id='word_1_644' title='bbox 2447 3245 2584 3309; x_wconf 84' lang='lat' dir='ltr'><strong>Quid</strong></span> <span class='ocrx_word' id='word_1_645' title='bbox 2606 3246 2748 3299; x_wconf 88' lang='lat' dir='ltr'><strong>enim</strong></span> <span class='ocrx_word' id='word_1_646' title='bbox 2777 3246 2876 3299; x_wconf 88' lang='lat' dir='ltr'><strong>nisi</strong></span> <span class='ocrx_word' id='word_1_647' title='bbox 2903 3246 3065 3301; x_wconf 91' lang='lat' dir='ltr'><strong>Deum</strong></span> <span class='ocrx_word' id='word_1_648' title='bbox 3093 3248 3275 3304; x_wconf 81' lang='lat' dir='ltr'><strong>dilexit</strong></span> <span class='ocrx_word' id='word_1_649' title='bbox 3301 3251 3352 3303; x_wconf 93' lang='lat' dir='ltr'><strong>in</strong></span> <span class='ocrx_word' id='word_1_650' title='bbox 3374 3250 3545 3315; x_wconf 88' lang='lat' dir='ltr'><strong>nobis,</strong></span> <span class='ocrx_word' id='word_1_651' title='bbox 3582 3269 3703 3309; x_wconf 88' lang='lat' dir='ltr'><strong>non</strong></span> 
     </span>
    </p>
   </div>
   <div class='ocr_carea' id='block_1_77' title="bbox 2131 3333 3701 3409">
    <p class='ocr_par' dir='ltr' id='par_1_77' title="bbox 2131 3333 3701 3409">
     <span class='ocr_line' id='line_1_77' title="bbox 2131 3333 3701 3409; baseline 0.005 -24"><span class='ocrx_word' id='word_1_652' title='bbox 2131 3333 2269 3402; x_wconf 91' lang='lat' dir='ltr'><strong>quod</strong></span> <span class='ocrx_word' id='word_1_653' title='bbox 2300 3334 2638 3398; x_wconf 87' lang='lat' dir='ltr'><strong>habebamus,</strong></span> <span class='ocrx_word' id='word_1_654' title='bbox 2660 3334 2752 3388; x_wconf 89' lang='lat' dir='ltr'><strong>sed</strong></span> <span class='ocrx_word' id='word_1_655' title='bbox 2778 3345 2833 3386; x_wconf 93' lang='lat' dir='ltr'><strong>ut</strong></span> <span class='ocrx_word' id='word_1_656' title='bbox 2855 3335 3186 3399; x_wconf 86' lang='lat' dir='ltr'><strong>haberemus,</strong></span> <span class='ocrx_word' id='word_1_657' title='bbox 3214 3347 3270 3389; x_wconf 92' lang='lat' dir='ltr'><strong>ut</strong></span> <span class='ocrx_word' id='word_1_658' title='bbox 3297 3338 3544 3405; x_wconf 83' lang='lat' dir='ltr'><strong>perducat</strong></span> <span class='ocrx_word' id='word_1_659' title='bbox 3570 3356 3701 3409; x_wconf 82' lang='lat' dir='ltr'><strong>nos,</strong></span> 
     </span>
    </p>
   </div>
   <div class='ocr_carea' id='block_1_78' title="bbox 2131 3422 3704 3489">
    <p class='ocr_par' dir='ltr' id='par_1_78' title="bbox 2131 3422 3704 3489">
     <span class='ocr_line' id='line_1_78' title="bbox 2131 3422 3704 3489; baseline 0.003 -12"><span class='ocrx_word' id='word_1_660' title='bbox 2131 3424 2271 3477; x_wconf 81' lang='lat' dir='ltr'><strong>sicut</strong></span> <span class='ocrx_word' id='word_1_661' title='bbox 2302 3424 2453 3489; x_wconf 89' lang='lat' dir='ltr'><strong>paulo</strong></span> <span class='ocrx_word' id='word_1_662' title='bbox 2484 3431 2605 3476; x_wconf 89' lang='lat' dir='ltr'><strong>ante</strong></span> <span class='ocrx_word' id='word_1_663' title='bbox 2632 3424 2774 3489; x_wconf 83' lang='lat' dir='ltr'><strong>dixi,</strong></span> <span class='ocrx_word' id='word_1_664' title='bbox 2813 3423 2900 3476; x_wconf 90' lang='lat' dir='ltr'><strong>ubi</strong></span> <span class='ocrx_word' id='word_1_665' title='bbox 2930 3426 3000 3476; x_wconf 90' lang='lat' dir='ltr'><strong>sit</strong></span> <span class='ocrx_word' id='word_1_666' title='bbox 3024 3422 3159 3478; x_wconf 73' lang='lat' dir='ltr'><strong>Deus</strong></span> <span class='ocrx_word' id='word_1_667' title='bbox 3182 3426 3347 3479; x_wconf 85' lang='lat' dir='ltr'><strong>omnia</strong></span> <span class='ocrx_word' id='word_1_668' title='bbox 3375 3428 3427 3480; x_wconf 88' lang='lat' dir='ltr'><strong>in</strong></span> <span class='ocrx_word' id='word_1_669' title='bbox 3458 3430 3704 3483; x_wconf 79' lang='lat' dir='ltr'><strong>omnibus</strong></span> 
     </span>
    </p>
   </div>
   <div class='ocr_carea' id='block_1_79' title="bbox 2128 3509 3701 3585">
    <p class='ocr_par' dir='ltr' id='par_1_79' title="bbox 2128 3509 3701 3585">
     <span class='ocr_line' id='line_1_79' title="bbox 2128 3509 3701 3585; baseline 0.005 -22"><span class='ocrx_word' id='word_1_670' title='bbox 2128 3509 2185 3581; x_wconf 83' lang='grc' dir='ltr'><strong>(Ι</strong></span> <span class='ocrx_word' id='word_1_671' title='bbox 2213 3510 2328 3564; x_wconf 85' lang='lat' dir='ltr'><strong>Cor.</strong></span> <span class='ocrx_word' id='word_1_672' title='bbox 2364 3511 2486 3577; x_wconf 77' lang='lat' dir='ltr'><strong>xv)?</strong></span> <span class='ocrx_word' id='word_1_673' title='bbox 2527 3512 2614 3567; x_wconf 84' lang='lat' dir='ltr'><strong>Sic</strong></span> <span class='ocrx_word' id='word_1_674' title='bbox 2651 3510 2810 3566; x_wconf 87' lang='lat' dir='ltr'><strong>etiam</strong></span> <span class='ocrx_word' id='word_1_675' title='bbox 2841 3512 3081 3569; x_wconf 89' lang='lat' dir='ltr'><strong>medicus</strong></span> <span class='ocrx_word' id='word_1_676' title='bbox 3111 3523 3255 3568; x_wconf 90' lang='lat' dir='ltr'><strong>recte</strong></span> <span class='ocrx_word' id='word_1_677' title='bbox 3296 3515 3485 3569; x_wconf 88' lang='lat' dir='ltr'><strong>dicitur</strong></span> <span class='ocrx_word' id='word_1_678' title='bbox 3512 3532 3701 3585; x_wconf 69' lang='lat' dir='ltr'><strong>aegros</strong></span> 
     </span>
    </p>
   </div>
   <div class='ocr_carea' id='block_1_80' title="bbox 2128 3600 3699 3673">
    <p class='ocr_par' dir='ltr' id='par_1_80' title="bbox 2128 3600 3699 3673">
     <span class='ocr_line' id='line_1_80' title="bbox 2128 3600 3699 3673; baseline 0.004 -21"><span class='ocrx_word' id='word_1_679' title='bbox 2128 3600 2385 3667; x_wconf 88' lang='lat' dir='ltr'><strong>diligere;</strong></span> <span class='ocrx_word' id='word_1_680' title='bbox 2417 3600 2618 3669; x_wconf 87' lang='lat' dir='ltr'><strong>etquid</strong></span> <span class='ocrx_word' id='word_1_681' title='bbox 2652 3600 2702 3652; x_wconf 94' lang='lat' dir='ltr'><strong>in</strong></span> <span class='ocrx_word' id='word_1_682' title='bbox 2732 3602 2811 3654; x_wconf 91' lang='lat' dir='ltr'><strong>eis</strong></span> <span class='ocrx_word' id='word_1_683' title='bbox 2841 3600 3010 3670; x_wconf 75' lang='lat' dir='ltr'><strong>diligit</strong></span> <span class='ocrx_word' id='word_1_684' title='bbox 3034 3642 3048 3666; x_wconf 93' lang='lat'><strong>,</strong></span> <span class='ocrx_word' id='word_1_685' title='bbox 3085 3603 3186 3655; x_wconf 90' lang='lat' dir='ltr'><strong>nisi</strong></span> <span class='ocrx_word' id='word_1_686' title='bbox 3236 3603 3456 3658; x_wconf 80' lang='lat' dir='ltr'><strong>salutem</strong></span> <span class='ocrx_word' id='word_1_687' title='bbox 3482 3644 3496 3667; x_wconf 88' lang='lat'><strong>,</strong></span> <span class='ocrx_word' id='word_1_688' title='bbox 3527 3621 3699 3673; x_wconf 83' lang='lat' dir='ltr'><strong>quam</strong></span> 
     </span>
    </p>
   </div>
   <div class='ocr_carea' id='block_1_81' title="bbox 2129 3690 3699 3757">
    <p class='ocr_par' dir='ltr' id='par_1_81' title="bbox 2129 3690 3699 3757">
     <span class='ocr_line' id='line_1_81' title="bbox 2129 3690 3699 3757; baseline 0.003 -15"><span class='ocrx_word' id='word_1_689' title='bbox 2129 3691 2275 3757; x_wconf 88' lang='lat' dir='ltr'><strong>cupit</strong></span> <span class='ocrx_word' id='word_1_690' title='bbox 2304 3691 2485 3756; x_wconf 88' lang='lat' dir='ltr'><strong>utique</strong></span> <span class='ocrx_word' id='word_1_691' title='bbox 2531 3701 2818 3752; x_wconf 86' lang='lat' dir='ltr'><strong>revocare;</strong></span> <span class='ocrx_word' id='word_1_692' title='bbox 2871 3704 2974 3741; x_wconf 91' lang='lat' dir='ltr'><strong>non</strong></span> <span class='ocrx_word' id='word_1_693' title='bbox 3027 3690 3303 3753; x_wconf 89' lang='lat' dir='ltr'><strong>morbum,</strong></span> <span class='ocrx_word' id='word_1_694' title='bbox 3343 3704 3493 3757; x_wconf 89' lang='lat' dir='ltr'><strong>quem</strong></span> <span class='ocrx_word' id='word_1_695' title='bbox 3545 3696 3699 3748; x_wconf 80' lang='lat' dir='ltr'><strong>venit</strong></span> 
     </span>
    </p>
   </div>
   <div class='ocr_carea' id='block_1_82' title="bbox 2128 3776 3694 3849">
    <p class='ocr_par' dir='ltr' id='par_1_82' title="bbox 2128 3776 3694 3849">
     <span class='ocr_line' id='line_1_82' title="bbox 2128 3776 3694 3849; baseline 0.002 -19"><span class='ocrx_word' id='word_1_696' title='bbox 2128 3777 2423 3844; x_wconf 75' lang='lat' dir='ltr'><strong>expellere?</strong></span> <span class='ocrx_word' id='word_1_697' title='bbox 2460 3777 2547 3830; x_wconf 88' lang='lat' dir='ltr'><strong>Sic</strong></span> <span class='ocrx_word' id='word_1_698' title='bbox 2594 3789 2719 3844; x_wconf 88' lang='lat' dir='ltr'><strong>ergo</strong></span> <span class='ocrx_word' id='word_1_699' title='bbox 2762 3785 2815 3829; x_wconf 87' lang='lat' dir='ltr'><strong>et</strong></span> <span class='ocrx_word' id='word_1_700' title='bbox 2846 3790 2941 3829; x_wconf 90' lang='lat' dir='ltr'><strong>nos</strong></span> <span class='ocrx_word' id='word_1_701' title='bbox 2987 3777 3211 3829; x_wconf 83' lang='lat' dir='ltr'><strong>invicem</strong></span> <span class='ocrx_word' id='word_1_702' title='bbox 3258 3776 3560 3846; x_wconf 83' lang='lat' dir='ltr'><strong>diligamus,</strong></span> <span class='ocrx_word' id='word_1_703' title='bbox 3608 3792 3694 3849; x_wconf 75' lang='lat' dir='ltr'><strong>ut,</strong></span> 
     </span>
    </p>
   </div>
   <div class='ocr_carea' id='block_1_83' title="bbox 2128 3864 3697 3934">
    <p class='ocr_par' dir='ltr' id='par_1_83' title="bbox 2128 3864 3697 3934">
     <span class='ocr_line' id='line_1_83' title="bbox 2128 3864 3697 3934; baseline 0.006 -21"><span class='ocrx_word' id='word_1_704' title='bbox 2128 3874 2383 3934; x_wconf 83' lang='lat' dir='ltr'><strong>quantum</strong></span> <span class='ocrx_word' id='word_1_705' title='bbox 2414 3878 2727 3931; x_wconf 83' lang='lat' dir='ltr'><strong>possumus,</strong></span> <span class='ocrx_word' id='word_1_706' title='bbox 2757 3865 2982 3916; x_wconf 82' lang='lat' dir='ltr'><strong>invicem</strong></span> <span class='ocrx_word' id='word_1_707' title='bbox 3028 3864 3091 3917; x_wconf 91' lang='lat' dir='ltr'><strong>ad</strong></span> <span class='ocrx_word' id='word_1_708' title='bbox 3125 3864 3423 3919; x_wconf 87' lang='lat' dir='ltr'><strong>habendum</strong></span> <span class='ocrx_word' id='word_1_709' title='bbox 3452 3868 3501 3920; x_wconf 89' lang='lat' dir='ltr'><strong>in</strong></span> <span class='ocrx_word' id='word_1_710' title='bbox 3533 3872 3697 3923; x_wconf 86' lang='lat' dir='ltr'><strong>nobis</strong></span> 
     </span>
    </p>
   </div>
   <div class='ocr_carea' id='block_1_84' title="bbox 2126 3952 3695 4028">
    <p class='ocr_par' dir='ltr' id='par_1_84' title="bbox 2126 3952 3695 4028">
     <span class='ocr_line' id='line_1_84' title="bbox 2126 3952 3695 4028; baseline 0.005 -20"><span class='ocrx_word' id='word_1_711' title='bbox 2126 3954 2289 4008; x_wconf 88' lang='lat' dir='ltr'><strong>Deum</strong></span> <span class='ocrx_word' id='word_1_712' title='bbox 2315 3968 2437 4007; x_wconf 89' lang='lat' dir='ltr'><strong>cura</strong></span> <span class='ocrx_word' id='word_1_713' title='bbox 2472 3952 3144 4028; x_wconf 75' lang='lat' dir='ltr'><strong>dilectionisattrahamus.</strong></span> <span class='ocrx_word' id='word_1_714' title='bbox 3177 3954 3318 4008; x_wconf 79' lang='lat' dir='ltr'><strong>lianc</strong></span> <span class='ocrx_word' id='word_1_715' title='bbox 3354 3955 3695 4015; x_wconf 85' lang='lat' dir='ltr'><strong>dilectionem</strong></span> 
     </span>
    </p>
   </div>
   <div class='ocr_carea' id='block_1_85' title="bbox 2124 4038 2855 4113">
    <p class='ocr_par' dir='ltr' id='par_1_85' title="bbox 2124 4038 2855 4113">
     <span class='ocr_line' id='line_1_85' title="bbox 2124 4038 2855 4113; baseline -0.003 -14"><span class='ocrx_word' id='word_1_716' title='bbox 2124 4038 2287 4099; x_wconf 88' lang='lat' dir='ltr'><strong>donat</strong></span> <span class='ocrx_word' id='word_1_717' title='bbox 2315 4046 2425 4113; x_wconf 90' lang='lat' dir='ltr'><strong>ipse</strong></span> <span class='ocrx_word' id='word_1_718' title='bbox 2450 4046 2599 4097; x_wconf 88' lang='lat' dir='ltr'><strong>nobis</strong></span> <span class='ocrx_word' id='word_1_719' title='bbox 2629 4045 2715 4112; x_wconf 90' lang='lat' dir='ltr'><strong>qui</strong></span> <span class='ocrx_word' id='word_1_720' title='bbox 2740 4044 2814 4097; x_wconf 90' lang='lat' dir='ltr'><strong>ait</strong></span> <span class='ocrx_word' id='word_1_721' title='bbox 2838 4059 2855 4098; x_wconf 86' lang='lat'><strong>:</strong></span> 
     </span>
    </p>
   </div>
   <div class='ocr_carea' id='block_1_86' title="bbox 2195 4132 3692 4204">
    <p class='ocr_par' dir='ltr' id='par_1_86' title="bbox 2195 4132 3692 4204">
     <span class='ocr_line' id='line_1_86' title="bbox 2195 4132 3692 4204; baseline 0.003 -17"><span class='ocrx_word' id='word_1_722' title='bbox 2195 4134 2338 4187; x_wconf 85' lang='lat' dir='ltr'><strong>Sicut</strong></span> <span class='ocrx_word' id='word_1_723' title='bbox 2387 4134 2540 4187; x_wconf 65' lang='lat' dir='ltr'><strong>difexi</strong></span> <span class='ocrx_word' id='word_1_724' title='bbox 2566 4149 2672 4198; x_wconf 81' lang='lat' dir='ltr'><strong>vos,</strong></span> <span class='ocrx_word' id='word_1_725' title='bbox 2706 4142 2763 4184; x_wconf 87' lang='lat' dir='ltr'><strong>ut</strong></span> <span class='ocrx_word' id='word_1_726' title='bbox 2793 4142 2837 4185; x_wconf 88' lang='lat' dir='ltr'><strong>et</strong></span> <span class='ocrx_word' id='word_1_727' title='bbox 2864 4147 2949 4185; x_wconf 79' lang='lat' dir='ltr'><strong>vos</strong></span> <span class='ocrx_word' id='word_1_728' title='bbox 2972 4132 3197 4204; x_wconf 82' lang='lat' dir='ltr'><strong>diligatis</strong></span> <span class='ocrx_word' id='word_1_729' title='bbox 3218 4132 3439 4187; x_wconf 77' lang='lat' dir='ltr'><strong>invicem.</strong></span> <span class='ocrx_word' id='word_1_730' title='bbox 3472 4135 3549 4188; x_wconf 81' lang='lat' dir='ltr'><strong>Ad</strong></span> <span class='ocrx_word' id='word_1_731' title='bbox 3587 4136 3692 4191; x_wconf 87' lang='lat' dir='ltr'><strong>hoc</strong></span> 
     </span>
    </p>
   </div>
   <div class='ocr_carea' id='block_1_87' title="bbox 2124 4222 3691 4290">
    <p class='ocr_par' dir='ltr' id='par_1_87' title="bbox 2124 4222 3691 4290">
     <span class='ocr_line' id='line_1_87' title="bbox 2124 4222 3691 4290; baseline 0.003 -13"><span class='ocrx_word' id='word_1_732' title='bbox 2124 4235 2251 4290; x_wconf 89' lang='lat' dir='ltr'><strong>ergo</strong></span> <span class='ocrx_word' id='word_1_733' title='bbox 2279 4237 2374 4275; x_wconf 89' lang='lat' dir='ltr'><strong>nos</strong></span> <span class='ocrx_word' id='word_1_734' title='bbox 2402 4222 2608 4289; x_wconf 89' lang='lat' dir='ltr'><strong>dilexit,</strong></span> <span class='ocrx_word' id='word_1_735' title='bbox 2637 4229 2695 4275; x_wconf 91' lang='lat' dir='ltr'><strong>ut</strong></span> <span class='ocrx_word' id='word_1_736' title='bbox 2733 4231 2785 4274; x_wconf 93' lang='lat' dir='ltr'><strong>et</strong></span> <span class='ocrx_word' id='word_1_737' title='bbox 2821 4235 2915 4275; x_wconf 90' lang='lat' dir='ltr'><strong>nos</strong></span> <span class='ocrx_word' id='word_1_738' title='bbox 2962 4224 3237 4289; x_wconf 79' lang='lat' dir='ltr'><strong>diligamus</strong></span> <span class='ocrx_word' id='word_1_739' title='bbox 3280 4224 3532 4290; x_wconf 87' lang='lat' dir='ltr'><strong>invicem,</strong></span> <span class='ocrx_word' id='word_1_740' title='bbox 3587 4232 3691 4282; x_wconf 85' lang='lat' dir='ltr'><strong>hoc</strong></span> 
     </span>
    </p>
   </div>
   <div class='ocr_carea' id='block_1_88' title="bbox 2127 4310 3690 4378">
    <p class='ocr_par' dir='ltr' id='par_1_88' title="bbox 2127 4310 3690 4378">
     <span class='ocr_line' id='line_1_88' title="bbox 2127 4310 3690 4378; baseline 0.002 -12"><span class='ocrx_word' id='word_1_741' title='bbox 2127 4312 2276 4366; x_wconf 90' lang='lat' dir='ltr'><strong>nobis</strong></span> <span class='ocrx_word' id='word_1_742' title='bbox 2339 4310 2618 4365; x_wconf 91' lang='lat' dir='ltr'><strong>conferens</strong></span> <span class='ocrx_word' id='word_1_743' title='bbox 2678 4310 2951 4378; x_wconf 87' lang='lat' dir='ltr'><strong>diligendo</strong></span> <span class='ocrx_word' id='word_1_744' title='bbox 3003 4326 3133 4375; x_wconf 88' lang='lat' dir='ltr'><strong>nos,</strong></span> <span class='ocrx_word' id='word_1_745' title='bbox 3190 4322 3249 4366; x_wconf 92' lang='lat' dir='ltr'><strong>ut</strong></span> <span class='ocrx_word' id='word_1_746' title='bbox 3312 4324 3487 4367; x_wconf 84' lang='lat' dir='ltr'><strong>mutua</strong></span> <span class='ocrx_word' id='word_1_747' title='bbox 3542 4317 3690 4370; x_wconf 84' lang='lat' dir='ltr'><strong>dile-</strong></span> 
     </span>
    </p>
   </div>
   <div class='ocr_carea' id='block_1_89' title="bbox 465 4402 2030 4481">
    <p class='ocr_par' dir='ltr' id='par_1_89' title="bbox 465 4412 2016 4481">
     <span class='ocr_line' id='line_1_89' title="bbox 465 4412 2016 4481; baseline 0.005 -17"><span class='ocrx_word' id='word_1_748' title='bbox 465 4414 683 4481; x_wconf 74' lang='lat' dir='ltr'><strong>pellatur</strong></span> <span class='ocrx_word' id='word_1_749' title='bbox 711 4429 739 4465; x_wconf 86' lang='lat' dir='ltr'><strong>a</strong></span> <span class='ocrx_word' id='word_1_750' title='bbox 773 4413 1011 4476; x_wconf 87' lang='lat' dir='ltr'><strong>Domino,</strong></span> <span class='ocrx_word' id='word_1_751' title='bbox 1033 4412 1169 4481; x_wconf 90' lang='lat' dir='ltr'><strong>quod</strong></span> <span class='ocrx_word' id='word_1_752' title='bbox 1204 4422 1308 4466; x_wconf 87' lang='lat' dir='ltr'><strong>tam</strong></span> <span class='ocrx_word' id='word_1_753' title='bbox 1332 4422 1483 4468; x_wconf 87' lang='lat' dir='ltr'><strong>vetus</strong></span> <span class='ocrx_word' id='word_1_754' title='bbox 1507 4428 1624 4467; x_wconf 84' lang='lat' dir='ltr'><strong>esse</strong></span> <span class='ocrx_word' id='word_1_755' title='bbox 1651 4417 2016 4471; x_wconf 71' lang='lat' dir='ltr'><strong>convincitur?</strong></span> 
     </span>
    </p>
   </div>
   <div class='ocr_carea' id='block_1_90' title="bbox 2139 4402 3694 4481">
    <p class='ocr_par' dir='ltr' id='par_1_90' title="bbox 2139 4402 3694 4470">
     <span class='ocr_line' id='line_1_90' title="bbox 2139 4402 3694 4470; baseline 0.004 -16"><span class='ocrx_word' id='word_1_756' title='bbox 2139 4405 2304 4457; x_wconf 73' lang='lat' dir='ltr'><strong>ctione</strong></span> <span class='ocrx_word' id='word_1_757' title='bbox 2338 4403 2759 4470; x_wconf 80' lang='lat' dir='ltr'><strong>constringatnur</strong></span> <span class='ocrx_word' id='word_1_758' title='bbox 2791 4402 2927 4455; x_wconf 91' lang='lat' dir='ltr'><strong>inter</strong></span> <span class='ocrx_word' id='word_1_759' title='bbox 2978 4416 3096 4463; x_wconf 86' lang='lat' dir='ltr'><strong>nos.</strong></span> <span class='ocrx_word' id='word_1_760' title='bbox 3141 4412 3194 4456; x_wconf 90' lang='lat' dir='ltr'><strong>et</strong></span> <span class='ocrx_word' id='word_1_761' title='bbox 3234 4410 3339 4455; x_wconf 87' lang='lat' dir='ltr'><strong>tam</strong></span> <span class='ocrx_word' id='word_1_762' title='bbox 3389 4403 3524 4458; x_wconf 90' lang='lat' dir='ltr'><strong>dulci</strong></span> <span class='ocrx_word' id='word_1_763' title='bbox 3573 4410 3694 4460; x_wconf 80' lang='lat' dir='ltr'><strong>vin-</strong></span> 
     </span>
    </p>
   </div>
   <div class='ocr_carea' id='block_1_91' title="bbox 470 4502 2023 4569">
    <p class='ocr_par' dir='ltr' id='par_1_91' title="bbox 470 4502 2023 4569">
     <span class='ocr_line' id='line_1_91' title="bbox 470 4502 2023 4569; baseline 0.001 -13"><span class='ocrx_word' id='word_1_764' title='bbox 470 4508 549 4556; x_wconf 75' lang='lat' dir='ltr'><strong>An</strong></span> <span class='ocrx_word' id='word_1_765' title='bbox 590 4502 708 4555; x_wconf 78' lang='lat' dir='ltr'><strong>ideo</strong></span> <span class='ocrx_word' id='word_1_766' title='bbox 738 4510 818 4554; x_wconf 84' lang='lat' dir='ltr'><strong>est</strong></span> <span class='ocrx_word' id='word_1_767' title='bbox 855 4502 1155 4555; x_wconf 81' lang='lat' dir='ltr'><strong>mandatum</strong></span> <span class='ocrx_word' id='word_1_768' title='bbox 1202 4516 1425 4563; x_wconf 89' lang='lat' dir='ltr'><strong>novum,</strong></span> <span class='ocrx_word' id='word_1_769' title='bbox 1477 4504 1596 4569; x_wconf 87' lang='lat' dir='ltr'><strong>quia</strong></span> <span class='ocrx_word' id='word_1_770' title='bbox 1638 4515 1797 4556; x_wconf 84' lang='lat' dir='ltr'><strong>exuto</strong></span> <span class='ocrx_word' id='word_1_771' title='bbox 1846 4513 2023 4559; x_wconf 84' lang='lat' dir='ltr'><strong>vetere</strong></span> 
     </span>
    </p>
   </div>
   <div class='ocr_carea' id='block_1_92' title="bbox 456 4589 2024 4660">
    <p class='ocr_par' dir='ltr' id='par_1_92' title="bbox 456 4589 2024 4660">
     <span class='ocr_line' id='line_1_92' title="bbox 456 4589 2024 4660; baseline 0 -14"><span class='ocrx_word' id='word_1_772' title='bbox 456 4589 629 4646; x_wconf 85' lang='lat' dir='ltr'><strong>induit</strong></span> <span class='ocrx_word' id='word_1_773' title='bbox 660 4605 755 4645; x_wconf 83' lang='lat' dir='ltr'><strong>uos</strong></span> <span class='ocrx_word' id='word_1_774' title='bbox 789 4591 1052 4643; x_wconf 87' lang='lat' dir='ltr'><strong>hominem</strong></span> <span class='ocrx_word' id='word_1_775' title='bbox 1084 4590 1313 4644; x_wconf 75' lang='lat' dir='ltr'><strong>novum?</strong></span> <span class='ocrx_word' id='word_1_776' title='bbox 1345 4590 1560 4644; x_wconf 89' lang='lat' dir='ltr'><strong>lnnovat</strong></span> <span class='ocrx_word' id='word_1_777' title='bbox 1589 4593 1782 4660; x_wconf 91' lang='lat' dir='ltr'><strong>quippe</strong></span> <span class='ocrx_word' id='word_1_778' title='bbox 1808 4592 2024 4646; x_wconf 86' lang='lat' dir='ltr'><strong>audien-</strong></span> 
     </span>
    </p>
   </div>
   <div class='ocr_carea' id='block_1_93' title="bbox 460 4680 2024 4749">
    <p class='ocr_par' dir='ltr' id='par_1_93' title="bbox 460 4680 2024 4749">
     <span class='ocr_line' id='line_1_93' title="bbox 460 4680 2024 4749; baseline -0.003 -12"><span class='ocrx_word' id='word_1_779' title='bbox 460 4694 588 4747; x_wconf 79' lang='lat' dir='ltr'><strong>tem,</strong></span> <span class='ocrx_word' id='word_1_780' title='bbox 618 4682 698 4735; x_wconf 87' lang='lat' dir='ltr'><strong>vel</strong></span> <span class='ocrx_word' id='word_1_781' title='bbox 731 4682 899 4749; x_wconf 89' lang='lat' dir='ltr'><strong>potius</strong></span> <span class='ocrx_word' id='word_1_782' title='bbox 930 4680 1259 4735; x_wconf 88' lang='lat' dir='ltr'><strong>obedientem</strong></span> <span class='ocrx_word' id='word_1_783' title='bbox 1283 4719 1297 4744; x_wconf 95' lang='lat'><strong>,</strong></span> <span class='ocrx_word' id='word_1_784' title='bbox 1329 4695 1433 4733; x_wconf 88' lang='lat' dir='ltr'><strong>non</strong></span> <span class='ocrx_word' id='word_1_785' title='bbox 1460 4682 1663 4744; x_wconf 90' lang='lat' dir='ltr'><strong>omnis,</strong></span> <span class='ocrx_word' id='word_1_786' title='bbox 1694 4681 1785 4733; x_wconf 84' lang='lat' dir='ltr'><strong>sed</strong></span> <span class='ocrx_word' id='word_1_787' title='bbox 1818 4682 1914 4734; x_wconf 88' lang='lat' dir='ltr'><strong>ista</strong></span> <span class='ocrx_word' id='word_1_788' title='bbox 1944 4681 2024 4735; x_wconf 89' lang='lat' dir='ltr'><strong>di-</strong></span> 
     </span>
    </p>
   </div>
   <div class='ocr_carea' id='block_1_94' title="bbox 466 4767 2025 4835">
    <p class='ocr_par' dir='ltr' id='par_1_94' title="bbox 466 4767 2025 4835">
     <span class='ocr_line' id='line_1_94' title="bbox 466 4767 2025 4835; baseline -0.001 -10"><span class='ocrx_word' id='word_1_789' title='bbox 466 4770 621 4825; x_wconf 88' lang='lat' dir='ltr'><strong>lectio</strong></span> <span class='ocrx_word' id='word_1_790' title='bbox 650 4781 807 4835; x_wconf 85' lang='lat' dir='ltr'><strong>quam</strong></span> <span class='ocrx_word' id='word_1_791' title='bbox 839 4767 1091 4821; x_wconf 88' lang='lat' dir='ltr'><strong>Dominus</strong></span> <span class='ocrx_word' id='word_1_792' title='bbox 1123 4777 1177 4822; x_wconf 91' lang='lat' dir='ltr'><strong>ut</strong></span> <span class='ocrx_word' id='word_1_793' title='bbox 1210 4783 1237 4820; x_wconf 88' lang='lat' dir='ltr'><strong>a</strong></span> <span class='ocrx_word' id='word_1_794' title='bbox 1268 4769 1463 4821; x_wconf 86' lang='lat' dir='ltr'><strong>carnali</strong></span> <span class='ocrx_word' id='word_1_795' title='bbox 1510 4768 1792 4822; x_wconf 86' lang='lat' dir='ltr'><strong>dilectione</strong></span> <span class='ocrx_word' id='word_1_796' title='bbox 1838 4768 2025 4823; x_wconf 82' lang='lat' dir='ltr'><strong>distin-</strong></span> 
     </span>
    </p>
   </div>
   <div class='ocr_carea' id='block_1_95' title="bbox 457 4853 2022 4927">
    <p class='ocr_par' dir='ltr' id='par_1_95' title="bbox 457 4853 2022 4927">
     <span class='ocr_line' id='line_1_95' title="bbox 457 4853 2022 4927; baseline 0.001 -17"><span class='ocrx_word' id='word_1_797' title='bbox 457 4866 660 4927; x_wconf 83' lang='lat' dir='ltr'><strong>gueret,</strong></span> <span class='ocrx_word' id='word_1_798' title='bbox 687 4853 880 4910; x_wconf 86' lang='lat' dir='ltr'><strong>addidit</strong></span> <span class='ocrx_word' id='word_1_799' title='bbox 903 4874 913 4907; x_wconf 90' lang='lat'>:</span> <span class='ocrx_word' id='word_1_800' title='bbox 936 4854 1077 4909; x_wconf 84' lang='lat' dir='ltr'><strong>Sicut</strong></span> <span class='ocrx_word' id='word_1_801' title='bbox 1101 4854 1255 4907; x_wconf 70' lang='lat' dir='ltr'><strong>dilexi</strong></span> <span class='ocrx_word' id='word_1_802' title='bbox 1277 4871 1380 4908; x_wconf 82' lang='lat' dir='ltr'><strong>vos.</strong></span> <span class='ocrx_word' id='word_1_803' title='bbox 1403 4854 1531 4907; x_wconf 87' lang='lat' dir='ltr'><strong>Nam</strong></span> <span class='ocrx_word' id='word_1_804' title='bbox 1554 4856 1775 4923; x_wconf 67' lang='lat' dir='ltr'><strong>diligunt</strong></span> <span class='ocrx_word' id='word_1_805' title='bbox 1802 4856 2022 4911; x_wconf 86' lang='lat' dir='ltr'><strong>invicem</strong></span> 
     </span>
    </p>
   </div>
   <div class='ocr_carea' id='block_1_96' title="bbox 460 4944 2024 5014">
    <p class='ocr_par' dir='ltr' id='par_1_96' title="bbox 460 4944 2024 5014">
     <span class='ocr_line' id='line_1_96' title="bbox 460 4944 2024 5014; baseline 0 -13"><span class='ocrx_word' id='word_1_806' title='bbox 460 4948 633 5002; x_wconf 88' lang='lat' dir='ltr'><strong>mariti</strong></span> <span class='ocrx_word' id='word_1_807' title='bbox 662 4957 713 5000; x_wconf 88' lang='lat' dir='ltr'><strong>et</strong></span> <span class='ocrx_word' id='word_1_808' title='bbox 740 4960 868 5000; x_wconf 82' lang='lat' dir='ltr'><strong>uxor</strong></span> <span class='ocrx_word' id='word_1_809' title='bbox 904 4960 950 5007; x_wconf 74' lang='grc' dir='ltr'><strong>ς,</strong></span> <span class='ocrx_word' id='word_1_810' title='bbox 979 4954 1223 5013; x_wconf 84' lang='lat' dir='ltr'><strong>parentes</strong></span> <span class='ocrx_word' id='word_1_811' title='bbox 1254 4954 1306 4999; x_wconf 88' lang='lat' dir='ltr'><strong>et</strong></span> <span class='ocrx_word' id='word_1_812' title='bbox 1335 4944 1457 5009; x_wconf 86' lang='lat' dir='ltr'><strong>lilii,</strong></span> <span class='ocrx_word' id='word_1_813' title='bbox 1488 4955 1539 4998; x_wconf 92' lang='lat' dir='ltr'><strong>et</strong></span> <span class='ocrx_word' id='word_1_814' title='bbox 1569 4961 1895 5014; x_wconf 73' lang='lat' dir='ltr'><strong>qua-cunque</strong></span> <span class='ocrx_word' id='word_1_815' title='bbox 1921 4947 2024 5001; x_wconf 88' lang='lat' dir='ltr'><strong>alia</strong></span> 
     </span>
    </p>
   </div>
   <div class='ocr_carea' id='block_1_97' title="bbox 459 5032 2025 5099">
    <p class='ocr_par' dir='ltr' id='par_1_97' title="bbox 459 5032 2025 5099">
     <span class='ocr_line' id='line_1_97' title="bbox 459 5032 2025 5099; baseline -0.002 -8"><span class='ocrx_word' id='word_1_816' title='bbox 459 5039 702 5091; x_wconf 88' lang='lat' dir='ltr'><strong>homines</strong></span> <span class='ocrx_word' id='word_1_817' title='bbox 731 5036 870 5088; x_wconf 84' lang='lat' dir='ltr'><strong>inter</strong></span> <span class='ocrx_word' id='word_1_818' title='bbox 896 5048 921 5087; x_wconf 90' lang='lat' dir='ltr'><strong>s</strong></span> <span class='ocrx_word' id='word_1_819' title='bbox 984 5032 1320 5087; x_wconf 87' lang='lat' dir='ltr'><strong>necessitudo</strong></span> <span class='ocrx_word' id='word_1_820' title='bbox 1344 5034 1571 5087; x_wconf 86' lang='lat' dir='ltr'><strong>humana</strong></span> <span class='ocrx_word' id='word_1_821' title='bbox 1601 5033 1934 5099; x_wconf 87' lang='lat' dir='ltr'><strong>devinxerit,</strong></span> <span class='ocrx_word' id='word_1_822' title='bbox 1971 5045 2025 5088; x_wconf 94' lang='lat' dir='ltr'><strong>ut</strong></span> 
     </span>
    </p>
   </div>
   <div class='ocr_carea' id='block_1_98' title="bbox 458 5121 2025 5189">
    <p class='ocr_par' dir='ltr' id='par_1_98' title="bbox 458 5121 2025 5189">
     <span class='ocr_line' id='line_1_98' title="bbox 458 5121 2025 5189; baseline 0 -12"><span class='ocrx_word' id='word_1_823' title='bbox 458 5136 730 5180; x_wconf 82' lang='lat' dir='ltr'><strong>taceamus</strong></span> <span class='ocrx_word' id='word_1_824' title='bbox 796 5121 861 5177; x_wconf 89' lang='lat' dir='ltr'><strong>de</strong></span> <span class='ocrx_word' id='word_1_825' title='bbox 927 5121 1206 5176; x_wconf 89' lang='lat' dir='ltr'><strong>dilectione</strong></span> <span class='ocrx_word' id='word_1_826' title='bbox 1251 5121 1496 5189; x_wconf 88' lang='lat' dir='ltr'><strong>culpabili</strong></span> <span class='ocrx_word' id='word_1_827' title='bbox 1546 5131 1701 5189; x_wconf 90' lang='lat' dir='ltr'><strong>atque</strong></span> <span class='ocrx_word' id='word_1_828' title='bbox 1744 5122 2025 5177; x_wconf 86' lang='lat' dir='ltr'><strong>damnabili</strong></span> 
     </span>
    </p>
   </div>
   <div class='ocr_carea' id='block_1_99' title="bbox 467 5210 2025 5284">
    <p class='ocr_par' dir='ltr' id='par_1_99' title="bbox 467 5210 2025 5284">
     <span class='ocr_line' id='line_1_99' title="bbox 467 5210 2025 5284; baseline 0.001 -17"><span class='ocrx_word' id='word_1_829' title='bbox 467 5230 570 5284; x_wconf 82' lang='lat' dir='ltr'><strong>qua</strong></span> <span class='ocrx_word' id='word_1_830' title='bbox 602 5212 821 5282; x_wconf 82' lang='lat' dir='ltr'><strong>diligunt</strong></span> <span class='ocrx_word' id='word_1_831' title='bbox 851 5212 1071 5265; x_wconf 88' lang='lat' dir='ltr'><strong>invicem</strong></span> <span class='ocrx_word' id='word_1_832' title='bbox 1100 5210 1320 5264; x_wconf 88' lang='lat' dir='ltr'><strong>adulteri</strong></span> <span class='ocrx_word' id='word_1_833' title='bbox 1342 5222 1393 5264; x_wconf 92' lang='lat' dir='ltr'><strong>et</strong></span> <span class='ocrx_word' id='word_1_834' title='bbox 1413 5211 1683 5277; x_wconf 66' lang='lat' dir='ltr'><strong>adulterae,</strong></span> <span class='ocrx_word' id='word_1_835' title='bbox 1712 5222 2025 5269; x_wconf 81' lang='lat' dir='ltr'><strong>scortatores</strong></span> 
     </span>
    </p>
   </div>
   <div class='ocr_carea' id='block_1_100' title="bbox 462 5301 2026 5368">
    <p class='ocr_par' dir='ltr' id='par_1_100' title="bbox 462 5301 2026 5368">
     <span class='ocr_line' id='line_1_100' title="bbox 462 5301 2026 5368; baseline -0.003 -8"><span class='ocrx_word' id='word_1_836' title='bbox 462 5320 516 5360; x_wconf 89' lang='lat' dir='ltr'><strong>et</strong></span> <span class='ocrx_word' id='word_1_837' title='bbox 550 5307 885 5367; x_wconf 54' lang='lat' dir='ltr'><strong>meretrices,</strong></span> <span class='ocrx_word' id='word_1_838' title='bbox 916 5310 971 5356; x_wconf 91' lang='lat' dir='ltr'><strong>et</strong></span> <span class='ocrx_word' id='word_1_839' title='bbox 997 5314 1355 5368; x_wconf 88' lang='lat' dir='ltr'><strong>quoscumque</strong></span> <span class='ocrx_word' id='word_1_840' title='bbox 1381 5301 1511 5354; x_wconf 90' lang='lat' dir='ltr'><strong>alios</strong></span> <span class='ocrx_word' id='word_1_841' title='bbox 1542 5316 1643 5354; x_wconf 90' lang='lat' dir='ltr'><strong>non</strong></span> <span class='ocrx_word' id='word_1_842' title='bbox 1683 5301 1905 5354; x_wconf 85' lang='lat' dir='ltr'><strong>humana</strong></span> <span class='ocrx_word' id='word_1_843' title='bbox 1932 5316 2026 5356; x_wconf 83' lang='lat' dir='ltr'><strong>ne-</strong></span> 
     </span>
    </p>
   </div>
   <div class='ocr_carea' id='block_1_101' title="bbox 456 5393 2031 5463">
    <p class='ocr_par' dir='ltr' id='par_1_101' title="bbox 456 5393 2031 5463">
     <span class='ocr_line' id='line_1_101' title="bbox 456 5393 2031 5463; baseline -0.001 -14"><span class='ocrx_word' id='word_1_844' title='bbox 456 5396 751 5459; x_wconf 88' lang='lat' dir='ltr'><strong>cessitudo,</strong></span> <span class='ocrx_word' id='word_1_845' title='bbox 784 5394 876 5449; x_wconf 89' lang='lat' dir='ltr'><strong>sed</strong></span> <span class='ocrx_word' id='word_1_846' title='bbox 911 5394 1151 5447; x_wconf 70' lang='lat' dir='ltr'><strong>humanm</strong></span> <span class='ocrx_word' id='word_1_847' title='bbox 1179 5393 1299 5445; x_wconf 60' lang='lat' dir='ltr'><strong>vita</strong></span> <span class='ocrx_word' id='word_1_848' title='bbox 1331 5394 1487 5445; x_wconf 88' lang='lat' dir='ltr'><strong>noxia</strong></span> <span class='ocrx_word' id='word_1_849' title='bbox 1524 5394 1789 5460; x_wconf 87' lang='lat' dir='ltr'><strong>turpitudo</strong></span> <span class='ocrx_word' id='word_1_850' title='bbox 1811 5393 2031 5463; x_wconf 82' lang='lat' dir='ltr'><strong>conjun-</strong></span> 
     </span>
    </p>
   </div>
   <div class='ocr_carea' id='block_1_102' title="bbox 461 5483 2029 5554">
    <p class='ocr_par' dir='ltr' id='par_1_102' title="bbox 461 5483 2029 5554">
     <span class='ocr_line' id='line_1_102' title="bbox 461 5483 2029 5554; baseline 0.001 -15"><span class='ocrx_word' id='word_1_851' title='bbox 461 5488 556 5554; x_wconf 86' lang='lat' dir='ltr'><strong>git.</strong></span> <span class='ocrx_word' id='word_1_852' title='bbox 590 5486 889 5541; x_wconf 79' lang='lat' dir='ltr'><strong>Mandatum</strong></span> <span class='ocrx_word' id='word_1_853' title='bbox 921 5500 1046 5553; x_wconf 88' lang='lat' dir='ltr'><strong>ergo</strong></span> <span class='ocrx_word' id='word_1_854' title='bbox 1072 5499 1265 5538; x_wconf 89' lang='lat' dir='ltr'><strong>novum</strong></span> <span class='ocrx_word' id='word_1_855' title='bbox 1300 5483 1451 5537; x_wconf 90' lang='lat' dir='ltr'><strong>nobis</strong></span> <span class='ocrx_word' id='word_1_856' title='bbox 1496 5485 1638 5537; x_wconf 91' lang='lat' dir='ltr'><strong>dedit</strong></span> <span class='ocrx_word' id='word_1_857' title='bbox 1668 5485 1939 5549; x_wconf 88' lang='lat' dir='ltr'><strong>Christus,</strong></span> <span class='ocrx_word' id='word_1_858' title='bbox 1974 5496 2029 5540; x_wconf 91' lang='lat' dir='ltr'><strong>ut</strong></span> 
     </span>
    </p>
   </div>
   <div class='ocr_carea' id='block_1_103' title="bbox 457 5574 2027 5645">
    <p class='ocr_par' dir='ltr' id='par_1_103' title="bbox 457 5574 2027 5645">
     <span class='ocr_line' id='line_1_103' title="bbox 457 5574 2027 5645; baseline 0 -16"><span class='ocrx_word' id='word_1_859' title='bbox 457 5579 736 5645; x_wconf 84' lang='lat' dir='ltr'><strong>diligamus</strong></span> <span class='ocrx_word' id='word_1_860' title='bbox 768 5577 989 5629; x_wconf 88' lang='lat' dir='ltr'><strong>invicem</strong></span> <span class='ocrx_word' id='word_1_861' title='bbox 1019 5616 1033 5638; x_wconf 90' lang='lat'><strong>,</strong></span> <span class='ocrx_word' id='word_1_862' title='bbox 1084 5576 1215 5628; x_wconf 85' lang='lat' dir='ltr'><strong>sicut</strong></span> <span class='ocrx_word' id='word_1_863' title='bbox 1261 5575 1375 5642; x_wconf 82' lang='lat' dir='ltr'><strong>ipse</strong></span> <span class='ocrx_word' id='word_1_864' title='bbox 1415 5574 1601 5628; x_wconf 83' lang='lat' dir='ltr'><strong>dilexit</strong></span> <span class='ocrx_word' id='word_1_865' title='bbox 1648 5590 1762 5628; x_wconf 83' lang='lat' dir='ltr'><strong>nos.</strong></span> <span class='ocrx_word' id='word_1_866' title='bbox 1808 5575 2027 5630; x_wconf 90' lang='lat' dir='ltr'><strong>Dilectio</strong></span> 
     </span>
    </p>
   </div>
   <div class='ocr_carea' id='block_1_104' title="bbox 436 5666 2025 5732">
    <p class='ocr_par' dir='ltr' id='par_1_104' title="bbox 436 5666 2025 5732">
     <span class='ocr_line' id='line_1_104' title="bbox 436 5666 2025 5732; baseline -0.001 -7"><span class='ocrx_word' id='word_1_867' title='bbox 436 5674 535 5725; x_wconf 75' lang='lat' dir='ltr'><strong>ista</strong></span> <span class='ocrx_word' id='word_1_868' title='bbox 566 5683 659 5722; x_wconf 77' lang='lat' dir='ltr'><strong>nos</strong></span> <span class='ocrx_word' id='word_1_869' title='bbox 689 5669 935 5731; x_wconf 81' lang='lat' dir='ltr'><strong>innovat,</strong></span> <span class='ocrx_word' id='word_1_870' title='bbox 989 5675 1045 5720; x_wconf 91' lang='lat' dir='ltr'><strong>ut</strong></span> <span class='ocrx_word' id='word_1_871' title='bbox 1074 5668 1234 5720; x_wconf 88' lang='lat' dir='ltr'><strong>simus</strong></span> <span class='ocrx_word' id='word_1_872' title='bbox 1295 5666 1537 5722; x_wconf 80' lang='lat' dir='ltr'><strong>homines</strong></span> <span class='ocrx_word' id='word_1_873' title='bbox 1582 5669 1736 5732; x_wconf 80' lang='lat' dir='ltr'><strong>novi,</strong></span> <span class='ocrx_word' id='word_1_874' title='bbox 1790 5668 2025 5724; x_wconf 69' lang='lat' dir='ltr'><strong>hmredes</strong></span> 
     </span>
    </p>
   </div>
   <div class='ocr_carea' id='block_1_105' title="bbox 2122 4491 3682 4563">
    <p class='ocr_par' dir='ltr' id='par_1_105' title="bbox 2122 4491 3682 4563">
     <span class='ocr_line' id='line_1_105' title="bbox 2122 4491 3682 4563; baseline 0.003 -17"><span class='ocrx_word' id='word_1_875' title='bbox 2122 4493 2242 4546; x_wconf 89' lang='lat' dir='ltr'><strong>culo</strong></span> <span class='ocrx_word' id='word_1_876' title='bbox 2293 4491 2546 4545; x_wconf 78' lang='lat' dir='ltr'><strong>connexis</strong></span> <span class='ocrx_word' id='word_1_877' title='bbox 2599 4491 2884 4554; x_wconf 86' lang='lat' dir='ltr'><strong>membris,</strong></span> <span class='ocrx_word' id='word_1_878' title='bbox 2941 4505 3135 4560; x_wconf 88' lang='lat' dir='ltr'><strong>corpus</strong></span> <span class='ocrx_word' id='word_1_879' title='bbox 3189 4495 3315 4547; x_wconf 86' lang='lat' dir='ltr'><strong>tanti</strong></span> <span class='ocrx_word' id='word_1_880' title='bbox 3366 4496 3557 4563; x_wconf 81' lang='lat' dir='ltr'><strong>capitis</strong></span> <span class='ocrx_word' id='word_1_881' title='bbox 3612 4500 3682 4551; x_wconf 83' lang='lat' dir='ltr'><strong>si-</strong></span> 
     </span>
    </p>
   </div>
   <div class='ocr_carea' id='block_1_106' title="bbox 2124 4595 2258 4634">
    <p class='ocr_par' dir='ltr' id='par_1_106' title="bbox 2124 4595 2258 4634">
     <span class='ocr_line' id='line_1_106' title="bbox 2124 4595 2258 4634; baseline -0.015 0"><span class='ocrx_word' id='word_1_882' title='bbox 2124 4595 2258 4634; x_wconf 90' lang='lat' dir='ltr'><strong>mus.</strong></span> 
     </span>
    </p>
   </div>
   <div class='ocr_carea' id='block_1_107' title="bbox 2221 4671 3689 4740">
    <p class='ocr_par' dir='ltr' id='par_1_107' title="bbox 2221 4671 3689 4740">
     <span class='ocr_line' id='line_1_107' title="bbox 2221 4671 3689 4740; baseline 0.002 -15"><span class='ocrx_word' id='word_1_883' title='bbox 2221 4672 2286 4725; x_wconf 80' lang='lat' dir='ltr'><strong>In</strong></span> <span class='ocrx_word' id='word_1_884' title='bbox 2336 4673 2448 4736; x_wconf 78' lang='lat' dir='ltr'><strong>hoc,</strong></span> <span class='ocrx_word' id='word_1_885' title='bbox 2487 4671 2676 4740; x_wconf 87' lang='lat' dir='ltr'><strong>inquit,</strong></span> <span class='ocrx_word' id='word_1_886' title='bbox 2735 4680 3031 4740; x_wconf 80' lang='lat' dir='ltr'><strong>cognoscent</strong></span> <span class='ocrx_word' id='word_1_887' title='bbox 3087 4688 3257 4725; x_wconf 84' lang='lat' dir='ltr'><strong>omnes</strong></span> <span class='ocrx_word' id='word_1_888' title='bbox 3300 4676 3417 4738; x_wconf 86' lang='lat' dir='ltr'><strong>quia</strong></span> <span class='ocrx_word' id='word_1_889' title='bbox 3469 4678 3566 4727; x_wconf 82' lang='lat' dir='ltr'><strong>mei</strong></span> <span class='ocrx_word' id='word_1_890' title='bbox 3607 4678 3689 4728; x_wconf 87' lang='lat' dir='ltr'><strong>di-</strong></span> 
     </span>
    </p>
   </div>
   <div class='ocr_carea' id='block_1_108' title="bbox 2124 4760 3686 4830">
    <p class='ocr_par' dir='ltr' id='par_1_108' title="bbox 2124 4760 3686 4830">
     <span class='ocr_line' id='line_1_108' title="bbox 2124 4760 3686 4830; baseline 0.001 -14"><span class='ocrx_word' id='word_1_891' title='bbox 2124 4762 2299 4830; x_wconf 83' lang='lat' dir='ltr'><strong>scipuli</strong></span> <span class='ocrx_word' id='word_1_892' title='bbox 2353 4764 2506 4826; x_wconf 83' lang='lat' dir='ltr'><strong>estis,</strong></span> <span class='ocrx_word' id='word_1_893' title='bbox 2558 4765 2602 4814; x_wconf 83' lang='lat' dir='ltr'><strong>si</strong></span> <span class='ocrx_word' id='word_1_894' title='bbox 2644 4762 2961 4813; x_wconf 84' lang='lat' dir='ltr'><strong>dilectionem</strong></span> <span class='ocrx_word' id='word_1_895' title='bbox 3012 4760 3286 4813; x_wconf 80' lang='lat' dir='ltr'><strong>habueritis</strong></span> <span class='ocrx_word' id='word_1_896' title='bbox 3349 4764 3400 4816; x_wconf 82' lang='lat' dir='ltr'><strong>in</strong></span> <span class='ocrx_word' id='word_1_897' title='bbox 3452 4764 3686 4818; x_wconf 75' lang='lat' dir='ltr'><strong>inuicem.</strong></span> 
     </span>
    </p>
   </div>
   <div class='ocr_carea' id='block_1_109' title="bbox 2124 4850 3686 4917">
    <p class='ocr_par' dir='ltr' id='par_1_109' title="bbox 2124 4850 3686 4917">
     <span class='ocr_line' id='line_1_109' title="bbox 2124 4850 3686 4917; baseline -0.001 -12"><span class='ocrx_word' id='word_1_898' title='bbox 2124 4852 2392 4917; x_wconf 84' lang='lat' dir='ltr'><strong>Tanquam</strong></span> <span class='ocrx_word' id='word_1_899' title='bbox 2439 4850 2682 4903; x_wconf 75' lang='lat' dir='ltr'><strong>diceret:</strong></span> <span class='ocrx_word' id='word_1_900' title='bbox 2729 4850 2843 4903; x_wconf 82' lang='lat' dir='ltr'><strong>Alia</strong></span> <span class='ocrx_word' id='word_1_901' title='bbox 2899 4864 3115 4903; x_wconf 83' lang='lat' dir='ltr'><strong>munera</strong></span> <span class='ocrx_word' id='word_1_902' title='bbox 3172 4864 3285 4903; x_wconf 88' lang='lat' dir='ltr'><strong>mea</strong></span> <span class='ocrx_word' id='word_1_903' title='bbox 3336 4851 3529 4903; x_wconf 81' lang='lat' dir='ltr'><strong>habent</strong></span> <span class='ocrx_word' id='word_1_904' title='bbox 3588 4867 3686 4904; x_wconf 86' lang='lat' dir='ltr'><strong>vo-</strong></span> 
     </span>
    </p>
   </div>
   <div class='ocr_carea' id='block_1_110' title="bbox 2125 4938 3687 5004">
    <p class='ocr_par' dir='ltr' id='par_1_110' title="bbox 2125 4938 3687 5004">
     <span class='ocr_line' id='line_1_110' title="bbox 2125 4938 3687 5004; baseline 0.001 -11"><span class='ocrx_word' id='word_1_905' title='bbox 2125 4943 2324 4993; x_wconf 88' lang='lat' dir='ltr'><strong>biscum</strong></span> <span class='ocrx_word' id='word_1_906' title='bbox 2387 4939 2543 4994; x_wconf 86' lang='lat' dir='ltr'><strong>etiam</strong></span> <span class='ocrx_word' id='word_1_907' title='bbox 2591 4954 2694 4993; x_wconf 90' lang='lat' dir='ltr'><strong>non</strong></span> <span class='ocrx_word' id='word_1_908' title='bbox 2754 4938 2878 4998; x_wconf 82' lang='lat' dir='ltr'><strong>mei.</strong></span> <span class='ocrx_word' id='word_1_909' title='bbox 2926 4954 3028 4992; x_wconf 89' lang='lat' dir='ltr'><strong>non</strong></span> <span class='ocrx_word' id='word_1_910' title='bbox 3086 4940 3257 4991; x_wconf 87' lang='lat' dir='ltr'><strong>solum</strong></span> <span class='ocrx_word' id='word_1_911' title='bbox 3310 4948 3580 5004; x_wconf 85' lang='lat' dir='ltr'><strong>naturam,</strong></span> <span class='ocrx_word' id='word_1_912' title='bbox 3611 4946 3687 4995; x_wconf 87' lang='lat' dir='ltr'><strong>vi-</strong></span> 
     </span>
    </p>
   </div>
   <div class='ocr_carea' id='block_1_111' title="bbox 2129 5028 3686 5095">
    <p class='ocr_par' dir='ltr' id='par_1_111' title="bbox 2129 5028 3686 5095">
     <span class='ocr_line' id='line_1_111' title="bbox 2129 5028 3686 5095; baseline -0.001 -12"><span class='ocrx_word' id='word_1_913' title='bbox 2129 5040 2254 5091; x_wconf 85' lang='lat' dir='ltr'><strong>tam,</strong></span> <span class='ocrx_word' id='word_1_914' title='bbox 2283 5043 2515 5093; x_wconf 88' lang='lat' dir='ltr'><strong>sensum,</strong></span> <span class='ocrx_word' id='word_1_915' title='bbox 2546 5029 2835 5095; x_wconf 86' lang='lat' dir='ltr'><strong>rationem,</strong></span> <span class='ocrx_word' id='word_1_916' title='bbox 2867 5037 2919 5081; x_wconf 91' lang='lat' dir='ltr'><strong>et</strong></span> <span class='ocrx_word' id='word_1_917' title='bbox 2951 5042 3065 5080; x_wconf 89' lang='lat' dir='ltr'><strong>eam</strong></span> <span class='ocrx_word' id='word_1_918' title='bbox 3097 5028 3319 5081; x_wconf 89' lang='lat' dir='ltr'><strong>salutem</strong></span> <span class='ocrx_word' id='word_1_919' title='bbox 3372 5042 3489 5095; x_wconf 74' lang='lat' dir='ltr'><strong>quze</strong></span> <span class='ocrx_word' id='word_1_920' title='bbox 3514 5030 3686 5082; x_wconf 82' lang='lat' dir='ltr'><strong>homi-</strong></span> 
     </span>
    </p>
   </div>
   <div class='ocr_carea' id='block_1_112' title="bbox 2127 5115 3687 5185">
    <p class='ocr_par' dir='ltr' id='par_1_112' title="bbox 2127 5115 3687 5185">
     <span class='ocr_line' id='line_1_112' title="bbox 2127 5115 3687 5185; baseline 0.002 -13"><span class='ocrx_word' id='word_1_921' title='bbox 2127 5120 2279 5172; x_wconf 88' lang='lat' dir='ltr'><strong>nibus</strong></span> <span class='ocrx_word' id='word_1_922' title='bbox 2334 5115 2809 5185; x_wconf 85' lang='lat' dir='ltr'><strong>peccatoribusque</strong></span> <span class='ocrx_word' id='word_1_923' title='bbox 2856 5116 3151 5168; x_wconf 88' lang='lat' dir='ltr'><strong>communis</strong></span> <span class='ocrx_word' id='word_1_924' title='bbox 3180 5128 3278 5179; x_wconf 89' lang='lat' dir='ltr'><strong>est,</strong></span> <span class='ocrx_word' id='word_1_925' title='bbox 3311 5131 3493 5171; x_wconf 89' lang='lat' dir='ltr'><strong>verum</strong></span> <span class='ocrx_word' id='word_1_926' title='bbox 3522 5120 3687 5176; x_wconf 79' lang='lat' dir='ltr'><strong>etiam</strong></span> 
     </span>
    </p>
   </div>
   <div class='ocr_carea' id='block_1_113' title="bbox 2129 5208 3682 5276">
    <p class='ocr_par' dir='ltr' id='par_1_113' title="bbox 2129 5208 3682 5276">
     <span class='ocr_line' id='line_1_113' title="bbox 2129 5208 3682 5276; baseline 0.001 -13"><span class='ocrx_word' id='word_1_927' title='bbox 2129 5212 2355 5276; x_wconf 86' lang='lat' dir='ltr'><strong>linguas,</strong></span> <span class='ocrx_word' id='word_1_928' title='bbox 2384 5216 2733 5270; x_wconf 85' lang='lat' dir='ltr'><strong>sacramenta,</strong></span> <span class='ocrx_word' id='word_1_929' title='bbox 2767 5208 3115 5274; x_wconf 83' lang='lat' dir='ltr'><strong>prephetlam,</strong></span> <span class='ocrx_word' id='word_1_930' title='bbox 3147 5208 3445 5272; x_wconf 87' lang='lat' dir='ltr'><strong>scientiam,</strong></span> <span class='ocrx_word' id='word_1_931' title='bbox 3499 5209 3682 5275; x_wconf 78' lang='lat' dir='ltr'><strong>ﬁdem,</strong></span> 
     </span>
    </p>
   </div>
   <div class='ocr_carea' id='block_1_114' title="bbox 2127 5298 3689 5365">
    <p class='ocr_par' dir='ltr' id='par_1_114' title="bbox 2127 5298 3689 5365">
     <span class='ocr_line' id='line_1_114' title="bbox 2127 5298 3689 5365; baseline 0 -14"><span class='ocrx_word' id='word_1_932' title='bbox 2127 5298 2546 5351; x_wconf 82' lang='lat' dir='ltr'><strong>distributionem</strong></span> <span class='ocrx_word' id='word_1_933' title='bbox 2593 5310 2769 5349; x_wconf 89' lang='lat' dir='ltr'><strong>rerum</strong></span> <span class='ocrx_word' id='word_1_934' title='bbox 2826 5309 3040 5349; x_wconf 88' lang='lat' dir='ltr'><strong>suarum</strong></span> <span class='ocrx_word' id='word_1_935' title='bbox 3096 5298 3435 5365; x_wconf 86' lang='lat' dir='ltr'><strong>pauperibus,</strong></span> <span class='ocrx_word' id='word_1_936' title='bbox 3491 5308 3546 5350; x_wconf 90' lang='lat' dir='ltr'><strong>et</strong></span> <span class='ocrx_word' id='word_1_937' title='bbox 3578 5310 3689 5351; x_wconf 81' lang='lat' dir='ltr'><strong>tra-</strong></span> 
     </span>
    </p>
   </div>
   <div class='ocr_carea' id='block_1_115' title="bbox 2127 5386 3687 5454">
    <p class='ocr_par' dir='ltr' id='par_1_115' title="bbox 2127 5386 3687 5454">
     <span class='ocr_line' id='line_1_115' title="bbox 2127 5386 3687 5454; baseline 0 -11"><span class='ocrx_word' id='word_1_938' title='bbox 2127 5389 2379 5445; x_wconf 90' lang='lat' dir='ltr'><strong>ditionem</strong></span> <span class='ocrx_word' id='word_1_939' title='bbox 2433 5386 2668 5454; x_wconf 89' lang='lat' dir='ltr'><strong>corporis</strong></span> <span class='ocrx_word' id='word_1_940' title='bbox 2727 5386 2809 5439; x_wconf 90' lang='lat' dir='ltr'><strong>sui</strong></span> <span class='ocrx_word' id='word_1_941' title='bbox 2866 5395 2919 5439; x_wconf 92' lang='lat' dir='ltr'><strong>ut</strong></span> <span class='ocrx_word' id='word_1_942' title='bbox 2973 5388 3211 5450; x_wconf 87' lang='lat' dir='ltr'><strong>ardeant,</strong></span> <span class='ocrx_word' id='word_1_943' title='bbox 3265 5386 3360 5439; x_wconf 84' lang='lat' dir='ltr'><strong>sed</strong></span> <span class='ocrx_word' id='word_1_944' title='bbox 3434 5389 3687 5454; x_wconf 80' lang='lat' dir='ltr'><strong>quoniam</strong></span> 
     </span>
    </p>
   </div>
   <div class='ocr_carea' id='block_1_116' title="bbox 2127 5474 3685 5546">
    <p class='ocr_par' dir='ltr' id='par_1_116' title="bbox 2127 5474 3685 5546">
     <span class='ocr_line' id='line_1_116' title="bbox 2127 5474 3685 5546; baseline -0.001 -14"><span class='ocrx_word' id='word_1_945' title='bbox 2127 5478 2435 5532; x_wconf 71' lang='lat' dir='ltr'><strong>charitatem</strong></span> <span class='ocrx_word' id='word_1_946' title='bbox 2488 5492 2591 5529; x_wconf 92' lang='lat' dir='ltr'><strong>non</strong></span> <span class='ocrx_word' id='word_1_947' title='bbox 2647 5474 2919 5541; x_wconf 85' lang='lat' dir='ltr'><strong>habentes,</strong></span> <span class='ocrx_word' id='word_1_948' title='bbox 2955 5485 3014 5529; x_wconf 88' lang='lat' dir='ltr'><strong>ut</strong></span> <span class='ocrx_word' id='word_1_949' title='bbox 3040 5476 3278 5546; x_wconf 85' lang='lat' dir='ltr'><strong>cymbala</strong></span> <span class='ocrx_word' id='word_1_950' title='bbox 3335 5488 3685 5543; x_wconf 87' lang='lat' dir='ltr'><strong>concrepant,</strong></span> 
     </span>
    </p>
   </div>
   <div class='ocr_carea' id='block_1_117' title="bbox 2128 5565 3691 5637">
    <p class='ocr_par' dir='ltr' id='par_1_117' title="bbox 2128 5565 3691 5637">
     <span class='ocr_line' id='line_1_117' title="bbox 2128 5565 3691 5637; baseline -0.001 -14"><span class='ocrx_word' id='word_1_951' title='bbox 2128 5568 2253 5623; x_wconf 90' lang='lat' dir='ltr'><strong>nihil</strong></span> <span class='ocrx_word' id='word_1_952' title='bbox 2295 5578 2437 5633; x_wconf 84' lang='lat' dir='ltr'><strong>sunt,</strong></span> <span class='ocrx_word' id='word_1_953' title='bbox 2480 5566 2608 5622; x_wconf 87' lang='lat' dir='ltr'><strong>nihil</strong></span> <span class='ocrx_word' id='word_1_954' title='bbox 2640 5568 2717 5621; x_wconf 87' lang='lat' dir='ltr'><strong>eis</strong></span> <span class='ocrx_word' id='word_1_955' title='bbox 2763 5568 2975 5637; x_wconf 79' lang='lat' dir='ltr'><strong>prodest</strong></span> <span class='ocrx_word' id='word_1_956' title='bbox 3024 5565 3077 5637; x_wconf 88' lang='grc'><strong>(1</strong></span> <span class='ocrx_word' id='word_1_957' title='bbox 3123 5566 3239 5620; x_wconf 83' lang='lat' dir='ltr'><strong>Car.</strong></span> <span class='ocrx_word' id='word_1_958' title='bbox 3270 5566 3367 5635; x_wconf 80' lang='lat' dir='ltr'><strong>xl).</strong></span> <span class='ocrx_word' id='word_1_959' title='bbox 3400 5566 3513 5621; x_wconf 80' lang='lat' dir='ltr'><strong>Non</strong></span> <span class='ocrx_word' id='word_1_960' title='bbox 3557 5584 3691 5635; x_wconf 73' lang='lat' dir='ltr'><strong>ergo</strong></span> 
     </span>
    </p>
   </div>
   <div class='ocr_carea' id='block_1_118' title="bbox 2129 5657 3689 5729">
    <p class='ocr_par' dir='ltr' id='par_1_118' title="bbox 2129 5657 3689 5729">
     <span class='ocr_line' id='line_1_118' title="bbox 2129 5657 3689 5729; baseline -0.003 -12"><span class='ocrx_word' id='word_1_961' title='bbox 2129 5662 2180 5717; x_wconf 92' lang='lat' dir='ltr'><strong>in</strong></span> <span class='ocrx_word' id='word_1_962' title='bbox 2224 5662 2327 5716; x_wconf 85' lang='lat' dir='ltr'><strong>illis</strong></span> <span class='ocrx_word' id='word_1_963' title='bbox 2356 5660 2594 5729; x_wconf 85' lang='lat' dir='ltr'><strong>quamvis</strong></span> <span class='ocrx_word' id='word_1_964' title='bbox 2623 5659 2775 5713; x_wconf 89' lang='lat' dir='ltr'><strong>bonis</strong></span> <span class='ocrx_word' id='word_1_965' title='bbox 2808 5657 3112 5714; x_wconf 88' lang='lat' dir='ltr'><strong>muneribus</strong></span> <span class='ocrx_word' id='word_1_966' title='bbox 3141 5660 3295 5722; x_wconf 86' lang='lat' dir='ltr'><strong>meis,</strong></span> <span class='ocrx_word' id='word_1_967' title='bbox 3327 5673 3449 5726; x_wconf 69' lang='lat' dir='ltr'><strong>qua:</strong></span> <span class='ocrx_word' id='word_1_968' title='bbox 3489 5661 3689 5714; x_wconf 79' lang='lat' dir='ltr'><strong>habere</strong></span> 
     </span>
    </p>
   </div>
  </div>
