3884 6232
154 335 243 391 bl?

1046 321 1109 374 ΙΝ
1148 319 1204 375 S.
1245 316 1523 374 JOANNIS
1563 306 1995 366 εγλδαωωι
2038 311 2412 368 EXPOSITIO.

3255 312 3369 365 κεε

159 451 357 516 possunt
409 441 566 498 etiam
623 453 726 493 non
773 433 1017 503 discipuli
1065 433 1191 498 mei,
1242 430 1336 486 sed
1385 403 1437 482 in
1488 427 1582 479 hoc
1614 441 1698 516 r-o-
1729 424 1771 478 Α
1800 419 2043 516 Christus
2071 424 2228 516 erat;l
2260 420 2523 489 Quidquid
2576 434 2706 516 ergo
2747 422 2862 516 ejus
2913 422 3147 516 negavit,
3191 422 3364 490 ipsum

158 513 370 606 gnoscent
428 545 604 584 omnes
653 527 770 594 quia
822 522 1058 590 discipuli
1101 520 1198 575 mei
1245 519 1362 573 estis
1389 559 1402 584 ,
1465 517 1528 606 si,
1572 513 1700 568 dile-

161 605 356 675 ctionem
383 617 663 671 habueritis
702 615 754 667 in
782 613 1009 667 invicem.
1050 610 1094 664 Ο
1123 623 1316 677 sponsa
1339 605 1558 671 Christi,
1590 606 1701 672 pul-

160 712 272 766 chra
325 709 461 762 inter
510 693 812 760 muliEres!
863 715 896 754 o
959 698 1205 753 dealbata
1268 695 1584 758 ascendens,
1650 703 1705 750 et

158 798 453 854 incumbens
481 810 647 863 super
688 790 992 846 fratruelem
1023 798 1191 853 tuum,
1250 787 1503 856 quoniam
1552 783 1705 851 cujus

149 874 334 943 'lnmine
383 886 664 939 illustraris
721 890 779 936 ut
829 879 1082 944 candeas,
1129 877 1247 944 ejus
1290 873 1553 941 adjutorio
1602 871 1706 925 ful-

158 979 270 1032 ρίιὶε
309 990 370 1028 ne
418 973 624 1028 cadas!
682 986 715 1024 ο
761 984 918 1040 quam
949 967 1084 1023 bene
1125 965 1217 1019 tibi
1265 972 1508 1018 cantatur
1536 960 1588 1014 in
1617 958 1708 1012 illo

158 1067 356 1122 Cantico
391 1066 762 1126 canticorum,
821 1060 965 1114 velut
1026 1053 1368 1124 epithalamio
1415 1048 1708 1115 tuonuia

157 1155 366 1209 cbaritas
427 1151 480 1206 in
550 1151 761 1206 deliciis
807 1149 910 1203 tuis
982 1146 1158 1218 (Cant.
1222 1145 1377 1212 vtu)!
1433 1141 1549 1211 Ipsa
1604 1155 1710 1194 non

159 1241 440 1310 compertlit
485 1256 611 1294 cum
656 1239 830 1308 impiis
868 1239 1110 1291 animam
1132 1247 1296 1289 tuam.
1326 1233 1439 1299 Ipsa
1470 1246 1573 1284 non
1604 1229 1713 1285 dis-

159 1332 309 1387 cernit
352 1346 566 1385 causam
629 1339 809 1392 tuam,
855 1338 908 1382 et
955 1327 1094 1380 sicut
1136 1339 1279 1378 mors
1308 1321 1480 1375 valida
1511 1329 1613 1386 est,
1659 1327 1714 1374 et

158 1423 205 1476 in
256 1422 453 1477 deliciis
511 1424 619 1478 tuis
665 1430 771 1476 est.
826 1420 995 1486 Quam
1047 1415 1274 1471 mirandi
1303 1415 1514 1483 generis
1566 1427 1712 1468 mors

156 1523 246 1577 est,
303 1513 382 1566 cui
447 1527 637 1581 parum
687 1512 783 1564 fuit
813 1524 917 1564 non
949 1523 1070 1564 esse
1097 1507 1149 1560 in
1201 1507 1404 1575 poenis,
1439 1503 1538 1557 nisi
1570 1510 1715 1557 esset

157 1604 352 1670 insuper
407 1601 461 1656 iu
509 1600 765 1655 deliciis?

220 1689 348 1743 Dicit
397 1691 446 1744 si
498 1689 684 1745 Simon
730 1686 937 1751 Petrus,
989 1685 1228 1748 Domine,
1275 1699 1373 1755 quo
1417 1679 1714 1736 cadis.’Sic

1808 513 2060 579 negavit:
2088 511 2360 566 Christum
2405 510 2638 580 negavit,
2673 510 2953 566 Dominum
3002 508 3164 563 Deum
3211 524 3366 564 suum

1805 602 2039 672 negavit,
2093 603 2214 670 quia
2264 609 2316 655 et
2373 600 2462 655 ille
2515 600 2912 669 condiscipulus
2967 599 3084 669 ejus
3134 599 3371 654 Thomas

1804 691 2016 759 quando
2069 691 2407 757 exclamavit,
2459 689 2709 744 Dominus
2764 705 2925 755 meus,
2977 691 3022 744 et
3067 689 3203 743 Deus
3232 705 3375 743 meus

1806 779 1990 850 (Joan.
2025 779 2140 850 xx),
2187 795 2292 834 non
2322 780 2575 844 Verbum,
2626 779 2722 834 sed
2754 794 2971 834 carnem
3020 779 3191 848 tetigit
3220 796 3234 832 :
3269 793 3374 835 non

1806 868 2174 938 incorpoream
2225 869 2320 923 Dei
2351 881 2622 935 naturam,
2651 870 2749 926 sed
2799 869 3030 925 hominis
3061 884 3253 937 corpus
3280 885 3375 925 cu-

1808 960 1966 1014 riosis
1993 960 2238 1015 manibus
2263 960 2633 1015 contrectavit.
2671 961 2949 1016 llominem
2981 961 3158 1029 itaque
3182 962 3377 1031 tetigit,

1811 1058 1865 1105 et
1903 1061 2080 1106 tamen
2114 1050 2280 1106 Deum
2311 1052 2580 1121 cognovit.
2617 1051 2674 1106 Si
2717 1066 2846 1120 ergo
2882 1053 3022 1121 quod
3055 1053 3156 1107 iste
3187 1053 3375 1118 tetigit,

1811 1141 1912 1192 hoc
1944 1139 2133 1193 Petrus
2163 1141 2412 1206 negavit:
2444 1139 2584 1208 quod
2631 1139 2730 1195 iste
2759 1141 3030 1209 clamavit,
3062 1140 3164 1195 hoc
3191 1141 3379 1196 Petrus

1813 1227 2058 1283 offendit.
2095 1227 2214 1282 Non
2264 1229 2489 1284 cantabit
2530 1229 2714 1298 gallus,
2766 1230 2924 1284 donec
2965 1247 3042 1284 me
3089 1241 3164 1286 ter
3207 1247 3378 1303 neges.

1815 1319 1968 1375 Dicas
2025 1321 2164 1384 licet,
2219 1319 2496 1376 Hominem
2529 1321 2750 1386 nescio;
2793 1322 2938 1378 dicas
2991 1323 3148 1378 licet:
3188 1323 3380 1391 Homo,

1815 1413 1981 1466 nescio
2009 1413 2132 1480 quid
2161 1413 2287 1466 dicis
2310 1429 2330 1478 ;
2350 1412 2499 1467 dicas
2523 1413 2645 1468 licet
2671 1431 2681 1466 :
2708 1414 2823 1468 Non
2854 1429 2972 1468 sum
2999 1429 3062 1470 ex
3087 1416 3203 1484 ejus
3227 1415 3388 1470 disci-

1817 1503 1954 1571 pulis
1981 1518 1997 1556 :
2033 1517 2116 1556 me
2147 1505 2388 1572 negabis.
2413 1503 2492 1567 Si,
2521 1503 2660 1572 quod
2689 1504 2935 1558 dubitare
2964 1504 3115 1558 nefas
3152 1520 3183 1558 θ
3216 1514 3255 1570 ι,
3287 1506 3387 1559 hoc

1816 1590 2061 1646 Christus
2084 1591 2238 1656 dixit,
2269 1607 2561 1661 verumque
2592 1593 2858 1660 praedixit,
2895 1593 3078 1662 procul
3101 1593 3262 1649 dubio
3292 1594 3390 1649 l’e-

1819 1689 1930 1735 trus
1970 1680 2238 1736 Christum
2290 1683 2522 1750 negavit.
2570 1680 2686 1736 Non
2736 1697 3048 1739 accusemus
3092 1683 3387 1748 Christum,

156 1783 325 1850 utique
376 1781 474 1834 hoc
524 1782 664 1835 dixit
715 1780 968 1849 magistro
998 1777 1289 1846 discipulus
1315 1820 1331 1843 ,
1374 1782 1428 1830 et
1484 1773 1708 1830 Domino
1742 1768 1787 1825 Β
1817 1785 1939 1826 cum
1968 1769 2305 1825 defendimus
2339 1770 2576 1827 Petrum.
2609 1771 2899 1828 Peccatum
2950 1783 3206 1844 agnoscat
3234 1775 3387 1829 inﬁr-

155 1884 345 1933 serrus,
399 1879 656 1938 tanquam
706 1867 855 1937 sequi
913 1875 1148 1935 paratus.
1199 1865 1489 1932 Pt-Opterea
1521 1862 1718 1932 quippe

161 1960 418 2024 Dominus,
461 1958 553 2027 qui
618 1958 736 2027 ejus
794 1957 1028 2010 animum
1084 1955 1217 2010 vidit
1268 1969 1433 2024 quare
1483 1953 1584 2007 hoc
1633 1952 1716 2005 in-

159 2051 512 2119 tet-rogaverit,
563 2049 646 2103 sic
700 2048 749 2104 ei
795 2047 1115 2114 respondit:

225 2141 329 2206 Quo
353 2158 442 2211 ego
465 2141 622 2205 ratio,
655 2156 756 2193 non
779 2147 918 2210 potes
947 2154 1025 2191 nte
1054 2137 1206 2191 modo
1233 2135 1394 2205 sequi.
1447 2133 1720 2204 Tanquam

157 2228 342 2283 diceret
373 2246 386 2281 :
430 2230 658 2299 Propter
687 2228 825 2300 quod
854 2229 1172 2297 interrogas,
1195 2242 1300 2280 non
1357 2237 1511 2295 potes
1540 2223 1720 2278 modo.

159 2317 260 2383 Non
312 2319 382 2372 ait
422 2317 546 2372 Non
597 2328 777 2388 potes,
821 2317 915 2374 sed
983 2332 1082 2370 non
1133 2326 1272 2386 potes
1343 2315 1514 2371 modo.
1571 2313 1718 2367 Dila-

161 2409 340 2461 tionem
389 2408 588 2476 intulit,
652 2425 756 2464 non
799 2422 946 2477 spem
997 2407 1150 2476 tulit;
1205 2415 1258 2463 et
1307 2405 1546 2460 eamdem
1574 2418 1722 2472 apem

158 2509 298 2562 quam
345 2512 448 2552 non
510 2499 657 2563 tulit,
711 2499 824 2553 sed”
862 2498 1036 2566 potius
1077 2496 1244 2560 dedit,
1299 2497 1539 2568 sequenti
1593 2509 1726 2551 voce

159 2587 492 2651 conﬁrmavit,
540 2587 790 2642 addendo
843 2597 1002 2656 atque
1048 2587 1318 2642 dicendo:

218 2673 445 2743 Sequeris
482 2687 664 2729 autem
692 2688 882 2748 postea.
917 2677 1056 2744 Quid
1085 2676 1324 2745 festinas,
1351 2676 1509 2732 Petre
1536 2677 1558 2730 2
1586 2677 1725 2732 Non.

159 2764 269 2832 dum
332 2776 381 2820 te
435 2781 539 2820 suo
583 2769 771 2838 spiritu
831 2769 1079 2823 solidavit
1132 2777 1302 2837 petra.
1363 2768 1482 2823 Noli
1539 2770 1726 2825 extolli

159 2857 558 2923 praesumendo,
613 2875 714 2912 non
772 2869 912 2928 potes
979 2861 1151 2914 modo.
1217 2859 1334 2915 Noli
1400 2860 1559 2929 dejici
1634 2863 1725 2918 de-

158 2949 421 3014 sperando,
490 2952 720 3019 sequeris
783 2961 977 3020 postea.
1028 2951 1133 3006 Sed
1196 2950 1368 3007 adhuc
1437 2953 1528 3010 ille
1597 2953 1723 3024 quid

155 3042 306 3096 dicit?

226 3133 384 3198 Quare
423 3151 526 3190 non
561 3152 767 3204 passum
799 3145 845 3190 te
867 3137 1006 3205 sequi
1032 3137 1179 3190 modo
1202 3137 1228 3191 .’
1275 3137 1513 3191 Animam
1560 3153 1723 3192 meam

158 3239 240 3290 pro
288 3232 333 3276 te
370 3241 584 3290 ponant.
638 3225 778 3292 Quid
811 3227 863 3280 in
892 3227 1072 3280 animo
1120 3241 1218 3280 suo
1268 3235 1414 3281 esset
1454 3227 1721 3296 cupidita-

160 3315 219 3368 tis
269 3317 498 3384 videbat,
537 3318 668 3387 quid
709 3319 899 3373 virium
951 3335 1058 3375 non
1100 3319 1333 3374 videbat.
1380 3320 1720 3375 Voluntatem

160 3414 294 3455 suam
339 3403 586 3471 jactabat
644 3406 911 3469 inﬁrmus,
961 3406 1054 3460 sed
1109 3407 1422 3474 inspiciebat
1465 3407 1720 3461 valetudi-

161 3504 269 3543 nem
323 3492 588 3551 medicus.
642 3491 746 3548 Iste
802 3494 1164 3562 promittebat,
1193 3495 1280 3549 ille
1337 3497 1718 3564 praenoscebat.

162 3577 249 3641 Qui
307 3581 584 3635 nesciebat
627 3583 896 3648 audiebat,
970 3584 1060 3653 qui
1118 3586 1432 3652 praesciebat
1497 3587 1722 3643 docebat

157 3675 399 3732 quantum
453 3669 560 3724 sibi
619 3681 983 3738 assumpserat
1034 3671 1244 3739 Petrus,
1297 3676 1552 3732 intuendo
1597 3678 1724 3746 quid

161 3755 325 3820 vellet,
359 3759 658 3826 ignorando
687 3760 809 3826 quid
842 3770 1052 3829 posset;
1084 3773 1336 3831 quantum
1381 3765 1479 3820 sibi
1521 3781 1726 3821 assum-

161 3857 347 3912 pserat,
400 3857 457 3902 ut
497 3865 622 3904 cum
687 3850 943 3907 Dominus
1000 3853 1237 3910 venisset
1293 3858 1521 3911 animam
1574 3873 1723 3914 suam

160 3951 345 4003 ponere
392 3954 494 4007 pro
543 3941 729 3996 amicis
769 3943 902 4008 suis,
952 3958 1014 3998 ac
1072 3960 1163 4013 per
1203 3946 1303 4000 hoc
1350 3955 1404 4000 et
1456 3963 1548 4014 pro
1587 3949 1725 4018 ipso,

162 4022 244 4080 ille
290 4027 388 4081 hoc
417 4027 644 4083 Domino
673 4031 869 4087 oﬁerre
923 4033 1245 4100 conﬁderet,
1274 4045 1327 4089 et
1359 4036 1594 4089 nondum
1631 4053 1726 4105 pro

161 4130 214 4168 se
253 4118 422 4184 posita
477 4119 653 4174 anima
711 4121 928 4190 Christi,
971 4123 1202 4179 animam
1253 4140 1403 4180 suam
1451 4127 1729 4195 pollicetur

161 4207 446 4273 positurum
497 4223 616 4264 esse
671 4225 767 4279 pro
822 4213 1059 4268 Christo.

227 4296 508 4369 Respondit
536 4315 657 4370 ergo
681 4300 871 4356 Iesus:
902 4304 1132 4357 Animam
1159 4312 1300 4358 tuam
1329 4323 1419 4374 pro
1452 4323 1528 4361 me
1550 4323 1727 4372 pones.

1819 1864 2012 1919 mitas:
2040 1878 2159 1918 nam
2192 1863 2528 1918 mendacium
2562 1880 2667 1920 non
2715 1865 2879 1920 habet
2907 1868 3126 1921 veritas.
3163 1868 3393 1935 Agnovit

1818 1953 1975 2022 plane
2001 1960 2276 2022 peccatum
2310 1967 2467 2008 suum
2491 1952 2768 2007 inﬁrmitas
2793 1953 2955 2019 Petri,
2983 1969 3199 2022 prorsus
3223 1969 3387 2025 agno-

1819 2045 1913 2106 vit,
1945 2053 1998 2097 et
2027 2049 2280 2111 quantum
2312 2042 2434 2096 mali
2459 2041 2732 2098 Christum
2765 2045 3010 2113 negando
3035 2044 3384 2110 commiserit,

1819 2133 2075 2207 plorando
2124 2135 2463 2190 monstravit.
2503 2131 2622 2201 Ipse
2671 2149 2797 2190 suos
2828 2135 3098 2204 redarguit
3144 2134 3392 2189 defenso-

1821 2239 1928 2289 res,
1988 2233 2042 2278 et
2091 2223 2234 2279 unde
2283 2224 2404 2280 illos
2458 2224 2771 2287 convincat,
2835 2225 3082 2294 producit
3129 2226 3392 2295 lacrymas

1826 2323 2014 2371 testes.
2039 2314 2223 2384 Neque
2254 2329 2495 2389 nos,cum
2531 2316 2629 2368 ista
2654 2315 2901 2379 dicimus,
2927 2316 3152 2383 primum
3180 2326 3393 2384 aposto-

1825 2406 1996 2459 lorum
2023 2418 2279 2459 accusare
2307 2404 2536 2459 delectat
2561 2421 2575 2470 ;
2601 2405 2693 2460 sed
2724 2406 2863 2459 hunc
2892 2404 3174 2471 intuendo,
3209 2407 3393 2459 admo-

1825 2495 1941 2550 neri
1981 2510 2080 2549 nos
2128 2482 2360 2563 oportet,
2416 2508 2484 2548 ne
2544 2494 2704 2549 homo
2734 2496 3009 2565 quisquam
3042 2497 3108 2551 de
3152 2498 3400 2552 humanis

1827 2586 2032 2640 viribus
2063 2584 2213 2640 ﬁdat.
2249 2585 2380 2639 Nam
2410 2584 2537 2654 quid
2569 2585 2710 2639 aliud
2742 2586 2998 2654 pertinuit
3026 2587 3090 2641 ad
3121 2587 3394 2642 doctorem

1826 2677 2261 2745 salvatoremque
2309 2684 2571 2740 nostrum,
2613 2673 2712 2728 nisi
2746 2683 2800 2729 ut
2841 2675 3014 2740 nobis,
3060 2691 3397 2747 nequaquam

1827 2767 1894 2823 de
1931 2781 1993 2824 se
2022 2780 2341 2836 quemquam
2372 2765 2570 2821 debere
2603 2779 2946 2833 praesumere,
2983 2766 3035 2820 in
3071 2768 3186 2836 ipso
3226 2771 3399 2837 primo

1827 2855 2188 2924 apostolorum
2219 2854 2612 2908 demonstraret
2631 2854 2980 2924 exemplum?
3011 2854 3066 2908 In
3091 2855 3267 2910 anima
3297 2857 3400 2911 ita~

1827 2961 1930 3016 que
1961 2946 2183 3016 contigit
2233 2946 2403 3011 Petri,
2437 2945 2577 3014 quod
2625 2945 2890 3003 offerebat
2917 2948 2970 3002 in
3003 2962 3226 3016 corpore
3254 2967 3265 3003 :
3297 2964 3402 3003 non

1750 3071 1794 3128 ϐ
1831 3045 2011 3089 tamen
2043 3049 2138 3104 pro
2169 3035 2417 3099 Domino,
2453 3045 2508 3088 ut
2543 3033 2744 3090 temere
2773 3037 3152 3106 praesumebat,
3179 3052 3404 3107 prteces-

1829 3125 1920 3190 sit,
1953 3124 2049 3178 sed
2071 3124 2224 3178 aliter
2251 3141 2408 3194 quam
2442 3127 2695 3194 putabat?
2716 3127 2846 3182 Nam
2877 3144 2995 3199 qua:
3021 3141 3144 3184 ante
3177 3139 3400 3184 mortem

1828 3226 1883 3271 et
1914 3218 2363 3271 resurrectionem
2399 3219 2635 3287 Domini,
2668 3228 2724 3274 et
2755 3229 2995 3274 mortuus
3024 3227 3108 3276 est
3137 3223 3404 3290 negando,

1829 3317 1882 3363 et
1913 3308 2100 3363 revixit
2131 3309 2423 3377 plorando.
2450 3309 2558 3365 Sed
2603 3319 2847 3366 mortuus
2890 3321 2992 3376 est,
3024 3312 3146 3380 quia
3176 3312 3406 3380 superbe

1829 3400 1942 3469 ipse
1986 3402 2346 3472 praesumpsit,
2400 3403 2590 3458 revixit
2642 3413 2820 3458 autem
2875 3405 2996 3476 quia
3035 3405 3260 3474 benigne
3309 3405 3402 3459 ille

1830 3491 2088 3559 respexit.

2417 3583 2646 3640 CAPUT
2689 3585 2824 3639 XIV.

1905 3669 1974 3724 Et
2001 3671 2072 3725 ait
2119 3671 2425 3740 discipulis:
2456 3673 2580 3728 Non
2623 3676 2848 3729 turbetur
2889 3693 2976 3730 cor
3007 3688 3223 3731 vestrum
3252 3692 3272 3732 :
3293 3693 3409 3732 cre-

1835 3762 1954 3815 ditis
1981 3762 2034 3814 in
2066 3759 2253 3828 Deum,
2285 3773 2332 3816 et
2359 3764 2413 3816 in
2444 3781 2521 3817 me
2555 3766 2764 3819 credite.
2792 3765 2869 3820 Ne
2909 3778 3132 3820 mortem
3163 3769 3263 3822 sibi
3294 3778 3409 3822 tan-

1833 3868 1990 3922 quam
2021 3863 2228 3910 Iantum
2261 3855 2466 3909 homini
2500 3858 2773 3925 timerent,
2804 3868 2857 3914 et
2895 3859 3014 3915 ideo
3045 3863 3406 3930 turbarentur,

1832 3943 2141 3995 consolatur
2191 3957 2307 4007 eos,
2354 3944 2515 4000 etiam
2573 3946 2741 4000 Deum
2794 3962 2854 4002 se
2900 3962 3022 4004 esse
3075 3959 3402 4007 contestans.

1838 4031 2075 4097 Creditis,
2112 4033 2302 4102 inquit,
2337 4037 2390 4088 in
2439 4035 2622 4100 Deum,
2664 4047 2710 4091 et
2759 4041 2810 4092 in
2842 4057 2921 4095 me
2962 4042 3169 4096 credite.
3201 4043 3410 4099 Conse-

1837 4137 2007 4191 quens
2037 4133 2118 4177 est
2167 4126 2327 4188 enim,
2364 4135 2422 4180 ut
2474 4128 2516 4180 si
2572 4129 2624 4183 in
2659 4131 2822 4184 Deum
2853 4131 3089 4197 creditis,
3137 4143 3189 4188 et
3237 4135 3290 4190 in
3323 4151 3410 4190 me

1836 4213 2053 4268 credere
2101 4214 2362 4282 debeatis,
2418 4217 2560 4285 quod
2611 4235 2715 4273 non
2763 4231 2906 4276 esset
2955 4237 3316 4294 consequens,
3361 4227 3408 4282 si

1837 4302 2078 4358 Christus
2106 4319 2208 4358 non
2230 4315 2370 4360 esset
2391 4305 2549 4361 Deus.
2573 4306 2803 4363 Creditis
2832 4312 2882 4365 in
2908 4312 3093 4377 Deum,
3117 4322 3171 4369 et
3199 4315 3251 4368 in
3281 4330 3404 4372 eum

165 4385 348 4440 Itane?
394 4388 560 4443 facies
600 4404 696 4458 pro
724 4405 832 4454 me,
879 4394 1016 4460 quod
1067 4395 1304 4449 nondum
1353 4410 1451 4464 ego
1501 4412 1600 4464 pro
1633 4398 1728 4452 te?
1764 4403 1808 4460 ι)
1840 4393 2036 4448 credite
2089 4395 2171 4448 cui
2222 4404 2405 4451 natura
2456 4404 2574 4462 est,
2620 4413 2720 4451 nan
2774 4401 2979 4468 rapina,
3025 4419 3130 4457 esse
3159 4405 3403 4473 aqualem

164 4475 396 4530 Animam
425 4489 564 4530 tuam
587 4496 679 4548 pro
702 4497 779 4534 ms
799 4484 997 4548 pones?
1028 4483 1223 4538 Praeire
1256 4495 1426 4552 potes,
1458 4486 1545 4553 qui
1580 4485 1726 4555 sequi

170 4580 268 4618 non
294 4569 480 4632 potes?
503 4569 638 4635 Quid
667 4579 871 4626 tantum
907 4574 1228 4641 praesumis?
1259 4575 1396 4642 Quid
1426 4576 1493 4630 de
1528 4585 1578 4631 te
1607 4592 1730 4632 scn-

168 4655 275 4709 tis?
303 4655 440 4723 Quid
465 4674 582 4712 esse
614 4671 664 4713 te
689 4662 906 4716 credis?
935 4662 1070 4717 Audi
1099 4664 1222 4731 quid
1256 4666 1352 4720 sis.

235 4746 418 4812 Amen,
448 4765 592 4800 amen
617 4750 728 4802 dico
751 4751 860 4818 tibi,
885 4769 985 4806 non
1007 4755 1227 4808 cantabit
1252 4756 1441 4826 gallus,
1471 4755 1629 4812 donec
1651 4774 1729 4813 me

168 4845 242 4888 ter
289 4854 458 4907 neges.
508 4841 648 4894 Ecce
689 4843 957 4911 quomodo
1009 4845 1103 4900 tibi
1127 4847 1242 4900 .cilo
1291 4849 1598 4916 apparebis,
1645 4849 1732 4918 qui

172 4941 356 4996 magna
411 4929 657 4998 loqueris,
707 4942 761 4986 et
794 4943 843 4987 te
895 4938 1173 5002 parvulum
1205 4940 1396 4992 nescis.
1446 4939 1548 5006 Qui
1599 4939 1731 4994 mihi

173 5018 435 5083 promittis
467 5030 688 5102 mortem
722 5031 886 5088 tuam,
913 5031 992 5078 ter
1018 5039 1103 5080 me
1132 5028 1347 5096 negabis
1374 5030 1532 5083 vitam
1562 5039 1725 5088 tuam.

174 5109 270 5176 Qui
299 5119 353 5163 te
380 5110 482 5177 jam
507 5124 658 5178 putas
690 5114 826 5169 mori
857 5131 1014 5184 posse
1039 5132 1134 5185 pro
1165 5134 1270 5184 me,
1308 5121 1447 5188 prius
1481 5124 1605 5178 vive
1637 5139 1732 5192 pro

181 5208 249 5251 te.
283 5198 414 5252 Nam
447 5201 681 5254 timendo
713 5215 937 5258 mortem
967 5208 1139 5260 carnis
1173 5221 1296 5274 tum,
1329 5222 1552 5268 mortem
1584 5215 1733 5271 dabis

178 5285 368 5339 animm
400 5297 515 5343 tua).
543 5289 658 5343 Non
681 5291 818 5344 enim
837 5293 907 5346 ait
934 5312 944 5346 :
973 5294 1090 5348 Non
1112 5300 1330 5352 cantabit
1353 5301 1540 5369 gallus,
1566 5304 1735 5360 donec

182 5376 443 5432 hominem
497 5396 703 5449 neges;
738 5395 842 5447 aut,
892 5385 1024 5439 sicut
1063 5389 1200 5455 loqui
1245 5388 1587 5447 familiariora
1614 5409 1732 5450 cum

182 5469 479 5524 hominibus
502 5474 814 5541 dignatione
836 5479 1106 5532 consuevit
1131 5497 1143 5531 :
1173 5479 1288 5533 Non
1307 5486 1524 5537 cantabit
1549 5488 1734 5554 gallus,

183 5560 355 5611 donec
380 5559 563 5612 Filium
597 5561 828 5616 hominis
855 5574 929 5618 ter
956 5581 1134 5636 neges;
1158 5568 1246 5623 sed
1270 5571 1359 5637 ait,
1390 5574 1544 5626 donec
1567 5585 1639 5628 ter
1658 5593 1735 5629 me

183 5663 368 5717 nrgt‘s.
407 5649 540 5714 Quid
593 5657 701 5710 est,
752 5665 848 5715 me,
881 5655 974 5709 nisi
1020 5658 1158 5724 quod
1192 5660 1343 5716 erat?
1385 5672 1435 5715 et
1475 5665 1595 5730 quid
1629 5667 1726 5721 nisi

1839 4482 1965 4538 Deo.
1995 4485 2331 4556 Sentetipsum
2357 4488 2487 4540 enim
2513 4489 2784 4543 exinanivt't
2817 4490 3041 4560 (Philip.
3072 4496 3156 4562 tt),
3189 4511 3294 4548 nou
3323 4506 3404 4550 ta-

1837 4589 1960 4629 men
1999 4575 2220 4629 l'ormam
2265 4575 2358 4630 Dei
2407 4579 2676 4645 amittens,
2719 4581 2810 4634 sed
2845 4584 3064 4651 formam
3108 4586 3234 4638 servi
3271 4586 3406 4640 acci-

1839 4663 2004 4730 piens.
2037 4663 2253 4718 Mortem
2282 4665 2514 4719 metuitis
2544 4667 2664 4723 huic
2697 4669 2881 4724 forma:
2923 4673 3110 4726 servi?
3147 4674 3268 4728 Non
3297 4685 3406 4730 tur-

1840 4754 1980 4807 betur
2032 4771 2117 4808 car
2164 4765 2381 4811 vestrum
2412 4774 2430 4811 :
2461 4758 2600 4813 Deus
2649 4759 2924 4815 suscitabit
2979 4761 3119 4816 illam
3172 4765 3398 4821 formam

1842 4845 1954 4901 Dei.
1983 4848 2085 4902 Sed
2116 4849 2236 4917 quid
2263 4859 2344 4904 est
2372 4849 2514 4919 quod
2543 4851 2781 4919 sequitur
2806 4870 2818 4905 :

1911 4941 1976 4994 In
2003 4942 2151 4996 domo
2193 4941 2364 4996 Patris
2412 4944 2509 4997 mei
2556 4946 2843 5000 mansiones
2891 4948 3065 5002 multa
3106 4952 3266 5004 sunt?
3307 4953 3407 5005 IllSI

1840 5035 1959 5102 quia
1982 5044 2034 5087 et
2059 5034 2156 5088 sibi
2187 5035 2493 5090 metuebant
2520 5054 2530 5089 :
2558 5037 2695 5092 unde
2722 5038 2906 5092 audire
2927 5039 3255 5094 debuerunt:
3284 5042 3406 5096 Non

1841 5125 2065 5177 turbetur
2092 5140 2178 5178 cor
2204 5136 2440 5179 vestrum.
2472 5127 2600 5191 Quis
2621 5127 2765 5181 enim.
2785 5137 2970 5183 eorum
2993 5144 3098 5183 non
3122 5141 3406 5197 metueret,

1840 5230 1956 5269 cum
1988 5215 2142 5270 Petro
2171 5218 2365 5271 dietunt
2388 5229 2548 5282 esset,
2576 5219 2835 5272 lidentiori
2861 5231 3017 5289 atque
3040 5224 3352 5290 promptiori
3385 5241 3398 5275 :

1841 5305 1962 5359 Non
1991 5307 2211 5359 cantabit
2255 5308 2443 5376 gallus,
2489 5311 2647 5361 donec
2678 5317 2752 5361 ter
2793 5327 2870 5364 nte
2918 5314 3105 5381 neges?
3132 5313 3404 5380 Tanquam

1844 5408 1969 5463 ergo
2014 5405 2190 5449 essent
2242 5399 2307 5450 ab
2357 5397 2448 5450 illo
2493 5399 2730 5464 perituri,
2787 5401 2973 5454 merito
3030 5403 3399 5457 turbabantur.

1841 5486 1942 5540 Sed
1992 5503 2110 5541 cum
2159 5489 2419 5543 audiunt:
2457 5487 2519 5541 In
2559 5492 2708 5542 domo
2756 5490 2924 5543 Patris
2973 5493 3070 5545 mei
3117 5497 3403 5551 mansiones

1841 5580 2011 5632 multa!
2033 5589 2168 5642 sunt,

1911 5670 1971 5723 Si
1991 5673 2253 5739 quominus
2292 5673 2526 5729 dixissem
2556 5674 2691 5728 vobis
2720 5675 2838 5742 quia
2886 5677 3011 5727 vatio
3055 5689 3235 5744 parare
3258 5678 3390 5729 vobis
