3884 6232
507 331 609 383 8ι9

926 334 1125 387 ΒΕῡιΕ
1168 334 1611 390 νεΝκιιλΒιωε
1648 336 1792 391 OPP.
1840 334 2016 388 PARS
2053 332 2060 385 l

2168 332 2346 389 SECT.
2391 332 2428 387 l.
2468 364 2539 377 --
2567 330 2948 391 EXEGETICA
2990 334 3312 394 GENUINA.

3640 344 3739 398 820

506 450 706 513 locum,
737 461 765 499 a
794 444 1188 515 perturbatione
1230 458 1559 512 recreantur,
1589 452 1713 503 certi
1746 464 1807 503 ac
1840 448 2060 503 fidentes
2092 448 2135 502 A
2165 442 2404 507 dixisset.
2442 442 2593 499 vado
2622 460 2836 511 parare;
2872 454 2925 500 et
2966 455 3139 503 tamen
3189 449 3310 518 quia
3357 449 3470 505 ista
3518 464 3641 508 sunt
3690 467 3741 510 ut

506 537 663 591 etiam
688 546 807 609 post
842 540 1071 607 pericula
1098 541 1445 594 tentationutn
1481 558 1539 596 se
1581 544 1717 609 apud
1758 543 1919 595 Deum
1943 557 2063 596 cum

505 626 716 681 ChriSto
748 642 869 683 esse
902 644 1181 684 mansuros
1214 648 1230 687 :
1259 630 1379 698 quia
1416 640 1469 685 et
1496 633 1538 685 si
1564 632 1698 685 alius
1728 634 1830 685 alio
1856 632 2064 699 fortior,

506 714 637 768 alius
656 718 759 768 alio
774 719 1084 787 sapientior,
1106 720 1242 775 alius
1265 722 1367 774 alio
1400 720 1611 790 justior,
1642 724 1777 775 alios
1805 722 1907 775 alio
1940 736 2064 776 san-

503 805 661 871 ctior,
679 807 729 859 in
746 806 902 863 domo
925 810 1091 863 Patris
1111 812 1209 866 mei
1235 810 1414 865 multa:
1436 814 1738 865 mansiones
1755 821 1895 866 sunt.
1933 811 2068 866 Nul-

504 892 587 947 lus
604 909 785 948 eorum
803 899 1116 953 alien..bitur
1129 904 1192 953 ab
1210 900 1296 953 illa
1322 902 1500 968 domo,
1522 902 1605 955 ubi
1628 903 1952 957 mansionem
1974 919 2067 970 pro

502 995 599 1035 suo
620 984 844 1053 quisque
868 998 1182 1057 accepturus
1209 1000 1289 1043 est
1315 992 1529 1044 merito.
1574 992 1829 1046 Denarius
1844 992 2061 1059 quidem

504 1074 591 1129 ille
619 1078 837 1143 :equalis
866 1088 948 1131 est
968 1080 1217 1133 omnibus
1236 1121 1249 1143 ,
1292 1074 1850 1150 quem‘paterfamilias
1873 1086 1951 1139 eis
1971 1087 2061 1155 qui

502 1166 705 1231 Operati
737 1176 861 1220 sunt
892 1170 941 1222 in
973 1171 1144 1232 vinea,
1171 1170 1324 1240 jubet
1348 1171 1457 1223 dari
1490 1172 1757 1237 omnibus,
1784 1167 1894 1227 non
1926 1176 1979 1227 in
2001 1190 2066 1229 eo

504 1255 817 1311 discernens
866 1262 954 1328 qui
996 1260 1193 1327 minus,
1252 1273 1302 1315 et
1350 1263 1437 1329 qui
1485 1264 1715 1331 amplius
1757 1264 2063 1318 laborarunt

507 1346 724 1415 (Matth.
782 1349 899 1413 xx).
929 1350 1047 1415 Quo
1089 1353 1269 1417 utique
1314 1352 1533 1405 denario
1585 1354 1685 1407 vita
1739 1355 2067 1423 significatur

506 1439 838 1505 uternantbi
871 1442 1097 1509 amplius
1141 1443 1276 1501 alius
1308 1458 1463 1497 nemo
1499 1444 1648 1509 vivit,
1681 1446 1931 1513 quoniam
1961 1462 2065 1502 non

507 1538 592 1582 est
614 1530 819 1583 vivendi
842 1531 1050 1584 diversa
1080 1530 1134 1607 in
1160 1535 1457 1588 mternitate
1478 1550 1725 1592 mensura
1747 1538 1869 1601 ;sed
1896 1539 2071 1590 multa:

508 1622 813 1675 mansiones
843 1622 1084 1677 diversas
1128 1624 1442 1677 meriturum
1489 1627 1539 1678 io
1583 1642 1682 1679 una
1728 1628 1833 1679 vita
1873 1637 2071 1681 aeterna

505 1710 806 1779 signiﬁcant
831 1712 1137 1782 dignitates.
1165 1713 1278 1765 Alia
1301 1716 1434 1767 enim
1459 1717 1624 1785 gloria
1648 1718 1767 1771 solis
1787 1760 1807 1789 ,_
1824 1718 1925 1771 alia
1958 1718 2070 1787 glo-
2101 1750 2127 1789 ;

2120 523 2126 530 ’
2175 534 2418 601 paranda:
2468 536 2594 599 sint,
2624 549 2727 589 non
2770 546 2859 590 eas
2892 537 3032 591 vadit
3064 553 3248 606 parare
3286 540 3429 595 sicut
3459 551 3616 607 sunt;
3650 545 3738 598 sed

2174 624 2217 677 si
2244 622 2457 688 ‘abierit,
2490 633 2542 678 et
2574 628 2952 693 praeparaverit
2994 630 3130 682 sicut
3158 628 3345 684 futura:
3374 640 3517 697 sunt,
3552 633 3739 689 iterum

2174 713 2388 767 veniens
2417 714 2644 782 accipiet
2690 728 2815 769 suos
2863 717 2930 769 ad
2978 720 3325 785 semetipsum
3360 738 3372 773 :
3406 731 3460 775 ut
3491 722 3576 776 ubi
3632 721 3741 790 ipse

2172 813 2272 867 est,
2306 802 2412 855 sint
2455 805 2612 857 etiam
2646 804 2766 873 ipsi.
2819 805 3094 871 Quomodo
3148 824 3275 879 ergo
3329 812 3637 866 mansiones
3692 815 3740 866 iu

2173 892 2330 945 domo
2362 892 2531 947 Patris
2558 909 2664 947 non
2711 895 2846 960 alia},
2878 897 2974 950 sed
3021 899 3173 964 ipsae,
3206 908 3260 953 et
3303 900 3417 955 sine
3446 900 3607 955 dubio
3633 902 3738 969 jam

2172 997 2297 1040 sum
2345 990 2482 1041 sicut
2513 989 2760 1056 paranda:
2808 1004 2914 1043 non
2959 994 3118 1044 sunt?
3168 993 3443 1058 Quomodo
3479 1004 3737 1061 putamus,

2178 1080 2275 1132 nisi
2304 1080 2572 1148 quomodo
2618 1081 2776 1135 etiam
2812 1083 3071 1151 propheta
3121 1086 3369 1152 pra-dicat
3402 1086 3591 1152 Deam,
3624 1088 3739 1153 quia

2174 1170 2293 1222 facit
2323 1185 2441 1239 quae
2487 1170 2659 1224 futura
2687 1172 2854 1225 sunt?
2897 1172 3010 1226 Non
3043 1174 3184 1227 enim
3231 1176 3326 1242 ait,
3377 1177 3466 1245 qui
3510 1176 3739 1230 facturus

2174 1272 2257 1317 est
2286 1280 2401 1333 qua-
2433 1263 2603 1319 futu‘ra
2634 1276 2776 1332 sunt,
2808 1266 2902 1321 sed
2952 1269 3039 1335 qui
3089 1268 3211 1323 fecit
3246 1286 3364 1337 quae
3396 1271 3567 1325 futura
3600 1283 3738 1338 sunt,

2173 1369 2299 1421 ergo
2327 1363 2380 1407 et
2410 1353 2535 1408 fecit
2563 1368 2647 1420 ea,
2674 1367 2729 1410 et
2758 1356 2991 1411 facturus
3020 1367 3099 1411 est
3127 1374 3208 1413 ea.
3238 1359 3366 1413 Nam
3410 1376 3580 1429 neque
3609 1362 3737 1417 facta

2174 1449 2299 1497 sunt
2326 1446 2367 1497 si
2401 1447 2513 1511 ipse
2542 1460 2648 1499 non
2679 1448 2821 1514 fecit,
2852 1463 3025 1517 neque
3058 1448 3229 1502 futura
3260 1460 3385 1503 sunt
3412 1451 3454 1503 si
3486 1452 3601 1519 ipse
3639 1468 3739 1507 nou

2174 1532 2380 1585 fecerit.
2416 1532 2558 1587 Fecit
2602 1548 2729 1604 ergo
2775 1551 2839 1591 ea
2889 1538 3329 1606 praedestinando,
3379 1538 3612 1594 facturus
3658 1552 3733 1596 est

2174 1623 2489 1691 Operando:
2533 1623 2668 1679 sicut
2712 1624 3007 1694 discipulos
3061 1629 3273 1697 quando
3320 1630 3562 1698 elegerit,
3615 1634 3737 1686 satis

2174 1711 2369 1767 indicat
2397 1714 2731 1785 Evangelium
2767 1713 2979 1785 (Matth.
3013 1720 3109 1787 tv),
3167 1727 3289 1772 tunc
3320 1722 3501 1789 utique
3531 1722 3737 1789 quando

502 1778 582 1852 ria
612 1798 749 1853 ιυηω
771 1842 785 1865 ,
818 1778 918 1853 alia
943 1800 1108 1869 gloria
1138 1804 1420 1865 stellarum.
1459 1778 1631 1857 Stella
1673 1778 1807 1858 enini
1833 1807 1895 1859 ab
1922 1778 2070 1860 stella
2101 1778 2149 1837 Β
2178 1816 2269 1855 eos
2298 1805 2500 1855 vocavit
2519 1778 2617 1868 ;vet
2640 1778 2812 1858 tamen
2840 1806 2911 1858 ait
2936 1778 3219 1873 Apostolus
3249 1825 3261 1859 :
3310 1778 3478 1879 Elegit
3506 1778 3598 1863 nos
3625 1822 3737 1864 ante

504 1888 671 1956 differt
694 1890 745 1942 in
776 1892 959 1961 gloria.
982 1890 1070 1945 Sic
1090 1902 1133 1945 et
1156 1896 1453 1966 resurrectio
1470 1906 1777 1950 mortuarum
1796 1896 1936 1967 (Cor.
1956 1898 2069 1969 xv).

502 1978 777 2047 Tanquam
807 1979 973 2033 stella:
1004 1982 1196 2045 sancti,
1229 1982 1468 2036 diversas
1511 1986 1816 2040 mansiones
1846 1986 2069 2040 diversa:

504 2068 805 2135 charitatis,
838 2078 1085 2139 tanquam
1114 2072 1165 2124 in
1189 2072 1325 2126 caelo
1357 2073 1651 2127 sortiuntur
1679 2074 1729 2126 in
1755 2088 1939 2144 regno.
1962 2074 2066 2129 Sed

502 2172 719 2231 propter
753 2178 913 2215 unum
949 2164 1223 2217 denarium
1276 2164 1451 2218 nullus
1496 2176 1769 2234 separatur
1814 2181 1840 2218 a
1872 2180 2065 2235 regno;

500 2261 659 2321 atque
706 2255 775 2307 ita
804 2254 905 2306 erit
950 2251 1089 2307 Deus
1138 2255 1309 2307 omnia
1344 2255 1395 2307 in
1421 2256 1650 2308 omnibus
1673 2272 1693 2309 :
1724 2268 1779 2309 ut
1816 2256 2065 2323 quoniam

504 2342 643 2397 Deus
669 2343 894 2398 charitas
940 2357 1031 2409 est,
1080 2360 1174 2413 per
1202 2347 1513 2400 cltaritatctn
1548 2348 1654 2411 fiat,
1690 2344 1743 2400 t'tt
1792 2348 1932 2415 quod
1974 2348 2065 2403 ha-

502 2432 629 2488 bent
658 2434 869 2501 singuli,
893 2448 1178 2489 cmumune
1208 2438 1277 2489 sit
1305 2438 1572 2492 omnibus.
1616 2437 1703 2492 Sic
1744 2440 1883 2492 enim
1917 2440 2063 2508 quis-

500 2538 603 2592 que
656 2523 835 2588 habet,
884 2538 1001 2578 cum
1050 2536 1191 2578 amat
1224 2527 1275 2578 in
1329 2526 1521 2590 altero,
1569 2528 1709 2594 quod
1767 2529 1929 2582 inse
1961 2543 2063 2581 non

500 2615 663 2670 etiam
715 2614 829 2683 ipse
870 2614 1059 2670 liabet.
1118 2614 1231 2669 Non
1298 2626 1413 2670 crat
1479 2618 1653 2685 itaque
1705 2618 1807 2673 alia
1860 2618 2063 2672 invidia

497 2706 713 2774 imparis
766 2706 1063 2770 claritatis,
1114 2707 1364 2774 quoniam
1422 2708 1666 2776 regnabit
1704 2709 1753 2761 in
1814 2708 2062 2763 omnibus

496 2797 676 2849 unitas
726 2796 1023 2850 cltaritatis.
1060 2796 1286 2850 Proinde
1339 2800 1623 2865 respuendi
1660 2808 1781 2853 sunt
1825 2814 1853 2853 a
1901 2799 2062 2855 corde

495 2889 820 2951 Christiano,
851 2890 936 2955 qui
963 2897 1147 2955 putant
1182 2889 1296 2943 ideo
1324 2890 1519 2943 dictum
1552 2893 1746 2943 multas
1773 2906 1892 2946 esse
1914 2905 2062 2946 man-

498 2978 677 3031 siones
697 3017 711 3041 ,
739 2978 858 3046 quia
887 2988 1033 3031 extra
1071 2992 1287 3045 regnum
1330 2980 1584 3033 cmlorum
1609 2980 1707 3033 erit
1746 2980 1946 3049 aliquid
1974 2980 2060 3035 ubi

502 3067 656 3121 beate
683 3078 931 3120 maneant
957 3068 1290 3133 innocentes,
1322 3071 1411 3138 qui
1443 3071 1557 3123 sine
1581 3070 1847 3140 baptismo
1875 3086 1938 3126 ex
1963 3072 2060 3128 ltac

502 3158 607 3212 vita
653 3160 1065 3225 ernigrarerunt,
1098 3159 1216 3226 quia
1263 3159 1377 3211 sine
1416 3160 1506 3214 illo
1549 3160 1599 3212 iu
1654 3176 1874 3230 regnum
1900 3164 2063 3218 caalo-

500 3266 620 3303 rum
650 3250 852 3317 ingredi
884 3266 985 3302 non
1012 3260 1321 3318 potuerunt.
1358 3251 1479 3304 "(ec
1513 3252 1640 3306 ﬁdes
1665 3270 1766 3306 non
1798 3264 1881 3307 est
1909 3254 2062 3321 ﬁdes,

497 3342 747 3409 quoniam
783 3356 884 3392 non
916 3353 993 3393 εει
1018 3355 1141 3392 vera
1172 3350 1223 3393 et
1251 3340 1507 3395 catholica
1544 3342 1695 3397 ﬁdes.
1721 3344 1832 3397 Non
1855 3345 1924 3399 ait
1955 3345 2061 3399 Do—

498 3434 711 3485 minus:
751 3433 803 3485 ln
850 3435 1102 3486 Universo
1136 3434 1363 3499 mundo,
1414 3444 1504 3487 aut
1551 3436 1602 3488 in
1643 3437 1884 3490 universa
1914 3451 2061 3491 crea-

496 3535 635 3589 tura,
678 3528 857 3591 autin
909 3530 1009 3580 vita
1059 3530 1137 3581 \cl
1191 3528 1513 3583 beatitudine
1547 3530 1866 3598 sempiterna
1912 3545 2061 3583 man-

499 3617 677 3668 siones
709 3617 887 3670 tnulta:
922 3628 1071 3678 sunt;
1101 3620 1189 3669 sed
1220 3636 1228 3668 :
1260 3616 1322 3669 In
1347 3619 1517 3680 domo,
1549 3620 1733 3688 inquit,
1766 3617 1938 3673 Patris
1966 3622 2061 3673 mei

496 3710 785 3760 mansiones
804 3709 974 3761 multa
986 3721 1100 3761 sunt
1121 3709 1183 3779 (ll
1201 3709 1319 3763 Cor.
1342 3713 1411 3779 v).
1428 3710 1609 3763 Nonne
1634 3713 1727 3765 iSta
1754 3714 2058 3779 estdomus,

496 3804 583 3857 ubi
636 3805 1047 3859 azdilicatiunem
1109 3806 1363 3859 habemus
1405 3823 1467 3859 ex
1515 3807 1641 3871 Deo,
1688 3808 1903 3861 domum
1956 3823 2059 3863 non

500 3894 877 3962 manufactam,
911 3905 1161 3949 mtcrnam
1198 3896 1247 3949 in
1298 3897 1484 3949 caelis?
1508 3896 1693 3950 Nonne
1726 3898 1821 3950 ista
1865 3907 1945 3951 est
1968 3898 2061 3951 do-

496 4000 611 4038 tnus
643 3986 708 4039 de
752 4002 851 4053 qua
896 3998 1167 4041 cantamus
1199 4006 1209 4039 :
1240 3985 1382 4039 Beati
1429 3988 1513 4053 qui
1556 3987 1783 4039 habitant
1816 3989 1866 4040 in
1911 3988 2060 4041 domo

490 4085 595 4141 tua,
626 4079 675 4127 in
706 4078 891 4129 sa’cula
911 4078 1211 4129 alecula-um
1235 4076 1508 4129 laudabunt
1530 4086 1575 4129 te
1600 4075 1768 4144 (Psal.
1800 4075 2060 4145 tum“)?

494 4165 701 4232 ErgOne
746 4180 838 4218 vos
882 4180 983 4218 non
1028 4167 1241 4220 domum
1286 4167 1538 4233 cujusque
1576 4165 1819 4233 baptizati
1855 4167 2055 4229 fratris,

495 4262 585 4314 sed
614 4261 826 4313 domum
863 4261 1025 4327 ipsius
1060 4259 1148 4312 Dei
1184 4259 1379 4325 l'atris,
1416 4264 1496 4310 cui
1542 4272 1723 4311 omnes
1755 4257 1945 4311 fratres
1974 4258 2055 4313 di-

494 4353 694 4418 cimus,
726 4350 882 4403 Pater
922 4360 1086 4402 noster
1130 4350 1215 4417 qui
1262 4364 1315 4401 es
1358 4352 1407 4400 in
1448 4349 1585 4401 caelis
1634 4347 1849 4415 (Matth,
1897 4348 1994 4419 vr),
2028 4362 2054 4400 a

496 4457 658 4519 regno
690 4457 937 4510 separare
962 4440 1242 4504 caelorum,
1276 4449 1364 4492 aut
1385 4454 1499 4494 eam
1524 4443 1599 4492 sic
1628 4440 1863 4493 dividere
1894 4440 2055 4492 aude-
2081 4466 2134 4526 Β

496 4535 639 4600 bitis,
669 4542 720 4585 ut
742 4533 931 4600 aliqua:
965 4534 1266 4585 mansiones
1293 4532 1406 4599 ejus
1456 4534 1559 4583 sint
1602 4532 1653 4583 in
1695 4545 1855 4598 regno
1885 4531 2051 4585 caelo-

495 4640 633 4689 rum,
666 4625 852 4693 aliqua:
885 4638 1059 4676 autem
1100 4634 1248 4675 extra
1289 4638 1505 4690 regnum
1540 4622 1838 4674 calorum?
1876 4622 2049 4685 Absit,

490 4718 652 4783 absit,
684 4730 740 4773 ut
771 4720 860 4788 qui
895 4721 1074 4771 volunt
1105 4717 1155 4768 in
1202 4730 1364 4783 regno
1407 4713 1644 4766 habitare
1685 4714 1963 4775 caelorum,
1999 4712 2049 4767 in

493 4812 591 4865 bac
612 4811 830 4865 stultitia
857 4812 1018 4863 velint
1039 4808 1280 4862 habitare
1303 4806 1595 4859 vobiscum.
1619 4806 1794 4869 Absit,
1819 4806 2051 4871 inquam,

493 4914 549 4957 ut
589 4919 705 4956 cum
734 4902 906 4957 omnis
937 4901 1128 4953 domus
1181 4897 1513 4965 regnantium
1562 4897 1788 4949 filiorum
1838 4911 1941 4949 non
1987 4898 2056 4949 sit

489 4994 635 5055 alibi,
668 4992 765 5046 nisi
806 4992 857 5045 in
890 5005 1053 5062 regno
1098 4989 1265 5059 ipsius
1300 4989 1459 5057 regite
1488 4986 1697 5052 domus,
1731 5002 1850 5055 pars
1878 4987 2054 5055 aliqua

496 5099 600 5140 non
632 5084 698 5138 sit
728 5084 779 5137 in
811 5098 994 5151 regno.

564 5176 629 5230 Et
666 5176 709 5230 si
749 5176 953 5241 abiero,
1015 5183 1060 5227 et
1099 5188 1447 5243 prazparavero
1491 5171 1626 5224 vobis
1661 5172 1846 5236 locum,
1874 5172 2055 5223 iterum

492 5268 653 5333 venio,
688 5276 731 5320 et
761 5266 1009 5335 accipiam
1038 5279 1120 5316 ros
1152 5265 1217 5315 ad
1244 5266 1509 5331 meipsum,
1545 5270 1597 5313 ut
1628 5262 1707 5314 ubi
1736 5278 1824 5329 ego
1850 5277 1983 5325 sum,
2008 5272 2053 5314 et

489 5374 575 5411 vos
614 5359 740 5411 sitis.
767 5356 1040 5424 Quomodo
1059 5355 1199 5407 vadit
1219 5364 1271 5408 et
1292 5362 1440 5423 parat
1467 5356 1654 5415 locum,
1676 5353 1716 5405 si
1742 5362 1846 5405 tam
1876 5351 2055 5405 multa:

489 5450 786 5503 mansiones
824 5448 977 5500 sunt?
1010 5445 1065 5499 Si
1120 5448 1398 5514 quominus
1456 5445 1715 5509 dixisset,
1758 5442 1903 5497 Vado
1954 5457 2050 5512 pa-

485 5553 633 5605 rare;
669 5551 755 5593 aut
801 5542 843 5593 si
896 5540 1067 5593 adhuc
1118 5538 1376 5606 parandus
1420 5546 1519 5603 est,
1570 5544 1665 5591 car
1707 5551 1807 5590 no"
1860 5532 2053 5591 ωενῑςο

482 5630 728 5701 dixisset,
767 5631 913 5687 Vado
947 5632 1175 5701 parare?
1205 5635 1281 5685 An
1324 5631 1438 5684 istae
1488 5628 1782 5683 mansiOnes
1809 5639 1863 5678 ei.
1908 5634 2050 5690 sunt,

482 5737 533 5782 et
603 5729 847 5798 paranda:
918 5727 1085 5783 sunt?
1180 5724 1235 5783 Si
1290 5722 1565 5795 quominus
1628 5720 1767 5775 enim
1824 5726 2050 5787 essent,

2173 1891 2576 1945 constitutionem
2630 1891 2804 1945 mundi
2835 1891 3053 1964 (Ep/tes.
3083 1894 3144 1963 t),
3180 1898 3609 1963 praedestinando
3640 1900 3736 1952 uti-

2172 1967 2293 2047 que,
2314 1996 2415 2033 non
2439 1983 2695 2037 vocando.
2710 1981 2797 2036 Sic
2813 1990 2867 2036 et
2879 1986 3179 2039 mansiones
3199 1988 3533 2054 praeparavit,
3555 1997 3609 2041 et
3626 2005 3739 2057 pra:-

2172 2078 2357 2137 parat;
2388 2086 2483 2123 nec
2510 2070 2674 2133 alias;
2703 2072 2795 2125 sed
2820 2086 2948 2140 quas
2972 2077 3305 2141 praeparavit,
3334 2076 3428 2130 has
3456 2089 3735 2145 praeparat,

2169 2162 2257 2231 qui
2290 2161 2411 2216 fecit
2438 2177 2555 2231 quae
2584 2162 2756 2216 futura
2806 2174 2948 2217 sunt.
2985 2163 3091 2219 Has
3122 2169 3433 2233 praeparavit
3467 2168 3731 2231 praedesti-

2170 2254 2364 2316 nando,
2399 2261 2658 2321 praeparat
2688 2254 2979 2320 Operaodo.
3010 2253 3126 2307 Jam
3169 2268 3295 2322 ergo
3326 2268 3450 2309 sunt
3498 2256 3551 2309 in
3598 2273 3734 2325 prte-

2167 2342 2539 2396 destinatione.
2598 2342 2653 2398 Si
2684 2343 2964 2411 quominus
3006 2342 3246 2407 dixisset,
3298 2344 3396 2399 Ibo
3438 2356 3491 2398 et
3519 2348 3729 2413 parabo,

2167 2431 2219 2485 id
2248 2440 2347 2495 est,
2381 2432 2789 2502 praedestinabo.
2834 2433 2936 2487 Sed
2966 2436 3085 2501 quia
3117 2434 3347 2487 nondum
3379 2445 3501 2488 sunt
3535 2438 3586 2488 in
3617 2452 3736 2505 ope-

2168 2524 2408 2578 ratione:
2444 2524 2510 2576 Et
2555 2525 2598 2577 si
2626 2526 2826 2591 abiero,
2870 2523 3058 2594 inquit,
3112 2535 3158 2579 et
3205 2542 3559 2594 prwparavero
3604 2529 3733 2580 vobis

2170 2617 2351 2683 locutu,
2401 2617 2581 2667 iterum
2628 2616 2804 2682 venio,
2851 2626 2897 2669 et
2944 2617 3193 2686 accipiam
3238 2634 3323 2671 vos
3369 2620 3435 2670 ad
3476 2621 3729 2685 meipsum.

2164 2706 2322 2760 Parat
2351 2716 2522 2758 autem
2554 2708 2877 2771 mansiones,
2916 2710 3279 2782 mansionibus
3314 2713 3547 2778 parando
3596 2728 3734 2766 man-

2166 2809 2333 2850 sorcs.
2362 2796 2567 2863 Quippe
2594 2810 2713 2849 cum
2737 2796 2931 2851 dixerit
2960 2814 2973 2851 :
3004 2798 3069 2851 In
3093 2802 3239 2852 domo
3271 2799 3443 2853 Patris
3471 2803 3564 2854 mei
3591 2818 3733 2856 man-

2163 2887 2329 2939 siones
2360 2885 2533 2938 multaz
2568 2896 2703 2948 sunt,
2736 2887 2858 2953 quid
2896 2888 3197 2954 putabimus
3227 2902 3346 2942 esse
3374 2891 3588 2943 domum
3620 2890 3729 2955 Dei,

2163 2976 2267 3031 nisi
2298 2978 2550 3044 templum
2578 2977 2704 3030 Dei?
2732 2979 2863 3043 Quid
2892 2990 3066 3033 autem
3099 2983 3188 3046 sit,
3218 2982 3571 3049 interrogetur
3594 2985 3732 3050 Apo-

2164 3069 2355 3131 stdlus,
2388 3077 2441 3121 et
2467 3069 2815 3135 respondeat:
2847 3069 3107 3137 Templum
3133 3069 3227 3123 Dei
3246 3084 3477 3125 sanctum
3499 3084 3589 3139 est,
3607 3074 3734 3141 quod

2166 3160 2283 3210 estis
2318 3173 2402 3210 vos
2432 3155 2485 3228 (I
2529 3156 2647 3210 Cor.
2682 3157 2786 3225 tu).
2844 3159 2950 3212 ΙΙοε
2997 3162 3153 3213 etiam
3201 3177 3419 3228 regnum
3464 3164 3551 3215 Dei
3596 3165 3731 3231 quod

2164 3247 2329 3302 Filius
2356 3248 2641 3301 traditurus
2658 3259 2737 3301 est
2766 3249 2927 3315 Patri,
2951 3250 3087 3305 unde
3104 3251 3390 3306 dicitidem
3411 3255 3695 3321 Apostolus
3718 3270 3731 3307 :

2166 3338 2377 3393 Initium
2403 3338 2653 3405 Christus,
2689 3341 2871 3394 deinde
2893 3342 2977 3408 qui
3001 3354 3117 3396 sunt
3148 3342 3339 3396 Christi
3380 3346 3431 3397 in
3474 3346 3735 3412 presentia

2164 3432 2295 3509 ejus,
2324 3432 2503 3483 deinde
2534 3432 2672 3498 ﬁnis,
2706 3447 2820 3483 cum
2848 3432 3113 3485 tradiderit
3136 3450 3342 3502 regnum
3370 3433 3498 3499 Deo,
3520 3448 3562 3488 et
3591 3434 3735 3488 Patri

2164 3518 2213 3590 (1
2248 3518 2365 3572 Cor.
2392 3522 2515 3589 xv);
2552 3520 2599 3572 id
2630 3528 2734 3587 est,
2770 3536 2901 3589 quos
2933 3522 3159 3575 redemit
3184 3524 3439 3591 sanguine
3471 3539 3585 3591 suo,
3622 3533 3730 3577 tra-

2164 3610 2355 3663 diderit
2380 3610 2793 3677 c0utemplando
2825 3611 2983 3663 etiam
3015 3611 3154 3663 Patri
3182 3627 3301 3665 suo.

2232 3703 2311 3754 Ad
2336 3704 2441 3754 luec
2471 3703 2590 3754 dicit
2612 3704 2654 3754 ei
2678 3702 2920 3766 Thomas,
2956 3702 3190 3768 Domine,
3235 3706 3484 3758 nescimus
3514 3721 3613 3774 quo
3650 3722 3729 3758 ra-

2162 3796 2259 3858 dis,
2305 3796 2552 3863 quomodo
2582 3810 2849 3862 possumus
2893 3796 3024 3847 viam
3065 3796 3233 3849 scire?
3280 3794 3575 3864 Utrumque
3617 3798 3731 3852 illos

2162 3885 2415 3938 Dominus
2443 3884 2648 3938 dixerat
2675 3884 2847 3938 scire:
2879 3893 3163 3951 utrumque
3201 3884 3337 3937 dixit
3367 3885 3469 3938 iste
3500 3889 3728 3951 nescire,

2160 3990 2213 4032 et
2244 3979 2413 4031 locum
2446 3991 2549 4045 quo
2578 3976 2704 4039 itur,
2738 3986 2790 4029 et
2836 3975 2969 4028 viam
3001 3991 3100 4044 qua
3133 3977 3256 4032 itur.
3292 3976 3395 4029 Sed
3443 3979 3612 4030 nescit
3644 3978 3732 4031 ille

2166 4072 2373 4123 mentiri
2406 4088 2415 4120 :
2452 4083 2577 4137 ergo
2609 4070 2693 4122 isti
2728 4069 2988 4133 sciebant,
3029 4077 3082 4123 et
3129 4083 3188 4123 se
3236 4069 3374 4123 scire
3407 4071 3727 4122 nesciebant.

2162 4162 2457 4215 Convincat
2480 4174 2572 4214 eos
2598 4159 2703 4227 jam
2727 4160 2862 4214 scire
2895 4160 3031 4228 quod
3068 4174 3126 4214 se
3152 4168 3338 4228 putant
3360 4161 3534 4214 adhuc
3566 4174 3725 4229 usque

2164 4256 2388 4309 nescire.

2233 4346 2364 4399 Dicit
2414 4347 2459 4398 ei
2504 4344 2694 4398 Jesus:
2728 4345 2837 4414 Ego
2882 4360 2994 4396 sum
3042 4344 3150 4411 via,
3199 4353 3246 4398 et
3274 4348 3476 4413 veritas,
3512 4355 3558 4397 et
3610 4346 3728 4398 vita.

2164 4440 2406 4508 Nunquid
2445 4454 2547 4491 non
2577 4447 2818 4506 poterant
2867 4438 2915 4491 ei
2964 4438 3136 4491 dicere
3166 4437 3391 4505 apostoli
3440 4439 3575 4503 cjus,
3608 4452 3724 4489 cum

2164 4533 2352 4601 quibus
2404 4532 2711 4597 loquebatur
2743 4548 2753 4581 ;
2788 4529 3061 4582 Nescimus
3112 4511 3463 4583 te?'.Proinde
3511 4532 3554 4582 si
3604 4545 3721 4583 eum

2164 4622 2422 4685 sciebant,
2446 4632 2497 4674 et
2522 4621 2598 4673 \‘iﬂ
2627 4620 2740 4689 ipse
2766 4631 2865 4683 est,
2900 4622 3033 4673 viam
3066 4620 3320 4673 sciebant.
3355 4620 3409 4674 Si
3440 4635 3558 4671 eum
3589 4619 3722 4672 scie-

2162 4713 2307 4775 bant,
2341 4720 2394 4765 et
2424 4714 2618 4765 veritas
2650 4713 2761 4779 ipse
2790 4720 2893 4771 est,
2927 4712 3199 4762 veritatem
3230 4711 3487 4763 Sciebant.
3521 4709 3571 4763 Si
3603 4726 3722 4763 eum

2159 4802 2412 4863 sciebant,
2446 4812 2499 4855 et
2535 4804 2635 4855 vita
2667 4802 2776 4869 ipse
2806 4811 2907 4865 est,
2941 4803 3099 4853 vitam
3128 4802 3383 4854 sciebant.
3419 4802 3554 4854 Ecce
3584 4803 3721 4854 scire

2158 4894 2381 4949 convicti
2423 4902 2547 4948 sunt
2591 4896 2727 4961 quod
2761 4909 2820 4950 se
2863 4894 2999 4947 scire
3044 4892 3369 4946 nesciebant.
3405 4893 3540 4957 Quid
3572 4894 3728 4961 igitur

2159 4997 2209 5039 et
2241 5000 2337 5039 nos
2368 4985 2418 5039 in
2442 4987 2541 5039 isto
2564 4999 2811 5039 sermone
2839 4986 3209 5053 concipimus?
3231 4984 3354 5052 quid
3378 4985 3591 5052 putatis,
3621 4981 3726 5033 fra-

2159 5086 2266 5129 tres
2312 5076 2449 5129 mei?
2494 5075 2594 5129 nisi
2624 5076 2742 5143 quia
2789 5075 2966 5128 dixit:
3026 5076 3090 5128 Et
3119 5090 3221 5143 quo
3269 5076 3429 5138 vado,
3479 5074 3647 5136 scitis,
3678 5084 3728 5125 et

2158 5169 2293 5221 viam
2317 5168 2481 5222 scitis.
2518 5167 2580 5229 Et
2604 5181 2726 5219 ecce
2749 5166 3093 5231 cognovimus
3114 5164 3251 5233 quod
3273 5164 3513 5217 sciebant
3543 5164 3723 5225 vitam,

2157 5268 2211 5312 ct
2237 5261 2355 5328 quia
2383 5260 2621 5312 sciebant
2666 5258 2837 5327 ipsum
2865 5258 2951 5325 qui
2984 5267 3065 5310 est
3113 5256 3215 5309 via.
3248 5256 3352 5309 Sed
3386 5256 3465 5307 via
3521 5266 3597 5307 est
3629 5268 3727 5323 qua

2157 5351 2281 5413 itur,
2323 5349 2560 5415 nunquid
2594 5349 2675 5399 via
2720 5358 2799 5400 est
2831 5363 2934 5415 quo
2966 5348 3101 5400 itur?
3134 5348 3423 5415 Utrumque
3456 5358 3629 5397 autem
3665 5344 3729 5396 il-

2158 5441 2235 5495 los
2262 5440 2469 5495 dixerat
2508 5442 2665 5501 scire,
2698 5449 2747 5491 et
2792 5454 2895 5506 quo
2942 5440 3102 5503 vadit,
3148 5449 3201 5492 et
3240 5439 3401 5491 viam.
3435 5440 3578 5503 Opus
3603 5449 3730 5502 ergo

2154 5546 2272 5585 ora.
2310 5546 2361 5585 ut
2394 5531 2633 5584 diceret:
2686 5528 2796 5601 Ego
2844 5547 2955 5583 sum
3002 5534 3081 5583 riu
3106 5548 3124 5584 :
3158 5540 3211 5583 ut
3257 5541 3583 5593 ostenderet,
3611 5544 3729 5592 cos,

2158 5626 2273 5694 quia
2323 5623 2519 5678 scirent
2561 5639 2678 5677 eum
2725 5625 2861 5677 viam
2916 5624 3075 5687 scire,
3105 5638 3260 5693 quam
3315 5630 3629 5690 putaverant
3675 5634 3730 5673 se

2159 5715 2385 5772 nescire.
2420 5714 2553 5782 Quid
2583 5722 2759 5770 autem
2785 5726 2915 5781 opus
2944 5725 3057 5771 erat
3083 5724 3138 5770 ut
3168 5714 3368 5769 diceret
3402 5732 3412 5763 :
3476 5710 3587 5783 Ego
3617 5726 3730 5763 sunt
