3884 6232
122 344 208 400 Sil

1031 348 1095 403 IN
1125 349 1183 406 Β.
1224 348 1507 406 JOANNIS
1552 345 1994 403 EVANGELIUM
2037 345 2411 402 EXPOSITIO:

3265 340 3366 396 8-29.

123 467 195 513 ria
231 471 274 514 et
300 462 511 526 veritas,
537 476 584 518 et
607 464 709 516 vita
734 477 754 516 :
783 478 902 517 cum
931 462 1014 517 via
1056 463 1263 530 cognita
1293 477 1396 531 qua
1445 462 1569 529 iret,
1616 474 1700 515 re-
1730 461 1777 519 Α
1806 456 1978 526 imago
2024 457 2112 510 Dei
2159 457 2332 511 Deus?
2380 456 2542 524 Cujus
2568 457 2693 511 illud
2724 472 2829 527 quo
2881 457 2950 513 ad
2997 470 3092 509 nos
3117 470 3366 526 egressus

120 539 272 606 staret
300 566 462 606 nosse
514 567 620 621 quo
673 553 806 606 iret?
836 554 932 608 nisi
987 553 1110 620 quia
1159 552 1269 608 ibat
1295 552 1360 606 ad
1395 551 1692 613 veritatem,

122 642 219 693 ibat
245 643 308 694 ad
341 643 509 696 vitam
531 644 556 696 ?
586 642 697 697 Ibat
718 659 842 711 ergo
871 642 932 696 ad
964 644 1195 711 seipsum
1230 658 1320 711 per
1342 642 1612 710 seipsum;
1643 650 1696 694 et

71 748 212 805 ,ruos
237 747 339 799 quo
369 731 539 798 imus,
592 733 690 787 nisi
718 733 781 787 ad
816 733 1019 801 ipsum?
1047 741 1102 787 et
1139 749 1240 801 qua
1272 733 1426 795 itnus,
1459 731 1559 785 nisi
1601 745 1696 798 per

121 823 319 890 ipsum?
349 823 468 890 Ipse
500 825 662 893 igitur
689 824 754 877 ad
803 824 1035 892 seipsum
1084 839 1178 892 per
1215 823 1471 892 seipsum,
1503 835 1601 874 nos
1629 820 1693 874 ad

121 920 281 985 ipsum
330 929 428 984 per
473 916 653 984 ipsum
689 935 700 968 :
734 915 838 968 imo
869 930 994 970 vero
1043 915 1107 967 ad
1151 913 1357 967 Patrem
1395 922 1450 966 et
1490 913 1602 980 ipse
1628 911 1693 965 ad

119 1026 229 1064 nos.
263 1010 388 1063 Nam
421 1016 479 1062 et
508 1009 581 1064 de
610 1009 785 1077 seipso
810 1007 933 1061 alibi
988 1007 1153 1062 dicit:
1195 1007 1274 1059 Ad
1304 1003 1508 1058 Patrem
1537 1004 1690 1067 vado.

118 1109 169 1155 et
195 1101 294 1152 hoc
314 1099 434 1154 loco
467 1109 692 1166 promer
723 1114 839 1152 nos.

184 1185 366 1250 Nemo,
391 1187 598 1254 inquit,
627 1187 754 1240 venit
784 1187 850 1238 ad
877 1183 1107 1248 Patrem,
1132 1184 1231 1237 nisi
1260 1200 1348 1252 per
1376 1198 1474 1238 me.
1502 1182 1576 1237 Ac
1600 1197 1692 1251 per

119 1278 213 1332 hoc
232 1286 285 1330 et
305 1277 420 1346 ipse
441 1291 539 1345 per
560 1276 815 1345 seipsum,
842 1284 892 1328 et
916 1275 978 1327 ad
1003 1275 1260 1341 seipsum,
1278 1281 1334 1327 et
1360 1276 1424 1326 ad
1455 1273 1686 1335 Patrem;

115 1379 164 1423 et
192 1382 286 1420 nos
317 1382 408 1436 per
453 1369 656 1437 ipsum,
707 1375 761 1418 et
798 1366 863 1418 ad
907 1366 1104 1435 ipsum,
1148 1373 1202 1418 et
1228 1364 1294 1417 ad
1328 1364 1556 1417 Patrem.
1596 1363 1688 1417 Dic

118 1459 260 1525 mihi,
304 1458 536 1512 Domine
581 1460 719 1512 Deus
749 1471 916 1520 meus,
963 1457 1048 1510 dic
1074 1456 1224 1523 mihi,
1265 1455 1508 1522 obsecro,
1559 1470 1690 1523 quo-

113 1548 264 1604 modo
285 1549 432 1602 vadis
468 1549 540 1600 ad
574 1547 664 1602 te?
727 1546 1096 1616 Nunquidnam
1133 1557 1187 1600 ut
1215 1547 1424 1601 venires
1470 1545 1534 1599 ad
1567 1560 1684 1608 nos,

113 1641 396 1710 reliqueras
444 1649 524 1706 te,
571 1638 806 1694 maxime
858 1638 978 1707 quia
1026 1653 1131 1692 nou
1174 1651 1203 1690 a
1250 1646 1301 1691 te
1325 1636 1440 1705 ipso
1472 1635 1683 1699 venisti,

110 1731 196 1787 sed
222 1732 376 1788 Pater
405 1740 460 1786 te
489 1729 677 1784 misit?
705 1729 826 1784 Scio
858 1728 1066 1797 quidem
1097 1728 1238 1798 quod
1289 1736 1340 1782 te
1378 1726 1680 1791 exinanisti,

1796 557 1897 611 est,
1936 555 1989 600 et
2038 549 2088 600 in
2121 563 2226 615 quo
2267 562 2294 600 a
2328 548 2478 603 nobis
2512 563 2790 617 regressus
2835 557 2937 613 est,
2983 561 3208 616 corpus,
3262 563 3367 603 non

1796 638 1932 692 sicut
1959 652 2107 691 meus
2136 639 2345 707 elapsus
2375 649 2454 693 est
2477 653 2662 703 sonus,
2687 638 2780 693 sed
2813 648 2991 694 manet
3017 639 3102 694 ubi
3119 638 3229 709 jam
3261 654 3365 692 non

1795 729 2029 791 moritur,
2051 738 2098 782 et
2125 744 2260 782 mors
2283 731 2328 782 ei
2349 730 2480 783 ultra
2506 746 2605 783 non
2628 729 2986 783 dominabitur.
3012 728 3161 796 Quod
3188 730 3365 798 itaque

1793 819 1901 872 ait:
1936 818 1998 874 Ut
2032 820 2118 872 ubi
2149 833 2247 888 ego
2276 835 2419 883 sum,
2449 829 2500 874 et
2528 836 2621 874 vos
2667 821 2822 885 sitis;
2874 819 2959 873 ubi
2991 830 3141 874 erant
3187 819 3370 886 futuri,

1794 909 1890 964 nisi
1922 912 1973 964 in
2003 909 2157 978 ipso?
2186 925 2247 964 ac
2279 925 2371 980 per
2394 911 2492 965 hoc
2520 921 2599 965 est
2640 911 2810 965 etiam.
2833 911 2945 980 ipse
2991 910 3045 964 in
3074 895 3282 979 seipso;
3317 921 3372 966 et

1793 998 1911 1054 ideo
1940 1000 2011 1054 ibi
2047 1001 2139 1067 illl,
2169 1002 2254 1055 ubi
2285 1010 2338 1056 et
2359 1000 2501 1071 ipse,
2523 1001 2621 1056 hoc
2647 1012 2748 1070 est,
2780 1003 2830 1056 in
2850 1003 2983 1072 ipso.
3023 1002 3138 1071 Ipsa
3166 1011 3247 1057 est
3277 1001 3379 1072 igi-

1794 1100 1878 1144 tur
1907 1090 2009 1144 via
2037 1100 2262 1161 aeterna,
2305 1092 2356 1147 in
2393 1108 2494 1161 qua
2527 1092 2685 1148 futuri
2717 1109 2900 1149 sumus
2942 1109 3064 1148 cum
3108 1095 3374 1164 acceperit

1793 1195 1890 1236 nos
1934 1181 1999 1234 ad
2059 1196 2153 1236 se:
2196 1193 2251 1238 et
2305 1184 2415 1250 ipsa
2469 1183 2576 1236 vita
2624 1191 2820 1238 aeterna
2849 1226 2864 1252 ,
2910 1183 3049 1254 quod
3105 1184 3219 1253 ipse
3268 1191 3370 1244 est.

1792 1270 1843 1324 iu
1885 1272 2001 1340 ipso
2028 1282 2127 1326 est.
2163 1272 2261 1326 Ubi
2289 1283 2361 1326 est
2397 1274 2522 1341 ipse,
2574 1283 2621 1327 et
2650 1291 2742 1328 nos
2787 1274 2943 1328 simus
2972 1314 2987 1340 ,
3022 1274 3123 1329 boc
3174 1275 3370 1341 est,~iu

1789 1361 1942 1430 ipso:
1977 1364 2105 1415 sicut
2155 1361 2307 1416 Pater
2335 1362 2482 1416 habet
2514 1365 2669 1418 vitam
2717 1364 2770 1417 in
2817 1365 3102 1435 semetipso.
3155 1365 3218 1419 Et
3269 1364 3372 1419 uti-

1788 1466 1891 1518 que
1932 1467 2035 1505 non
2066 1452 2209 1506 aliud
2249 1453 2464 1508 estvita
2503 1470 2659 1524 quam
2711 1454 2908 1524 habet,
2957 1455 3058 1509 nisi
3099 1456 3238 1524 quod
3288 1465 3373 1511 est

1789 1541 1901 1608 ipse
1916 1542 2005 1608 qui
2040 1541 2174 1597 hanc
2201 1541 2381 1598 habet.
2406 1543 2494 1598 Sic
2513 1545 2651 1598 dedit
2678 1543 2817 1598 Filio
2840 1542 3022 1597 habere
3045 1545 3195 1598 vitam
3215 1545 3270 1598 in
3290 1560 3374 1598 se-

1788 1633 2019 1702 metipso,
2049 1646 2170 1686 cum
2221 1634 2334 1701 ipse
2375 1634 2443 1687 sit
2472 1633 2656 1688 eadem
2714 1633 2843 1700 vita,
2899 1647 3059 1704 quam
3108 1632 3265 1687 habet
3313 1635 3368 1688 itt

1787 1725 2094 1790 semetipso.
2144 1723 2389 1794 Nunquid
2436 1733 2615 1780 autem
2645 1739 2746 1780 nos
2796 1725 2898 1779 vita
2937 1724 3078 1796 quod
3111 1733 3194 1779 est
3233 1724 3367 1795 ipso,

111 1821 197 1876 sed
241 1822 360 1888 quia
392 1822 625 1875 formam
668 1819 812 1874 servi
843 1796 1128 1888 accepisti,
1161 1833 1263 1872 non
1294 1819 1412 1888 quia
1453 1816 1679 1872 formam
1713 1796 1760 1854 Β
1791 1812 1892 1867 hoc
1930 1815 2152 1879 erimus,
2201 1828 2323 1868 cum
2374 1813 2426 1869 in
2476 1815 2567 1869 illa
2615 1814 2743 1882 vita,
2775 1814 2879 1870 hoc
2912 1824 2996 1870 est
3023 1816 3076 1869 in
3106 1814 3220 1884 ipso
3247 1829 3369 1871 esse

111 1915 196 1970 Dei
223 1913 303 1968 vel
334 1911 401 1966 ad
431 1927 600 1982 quam
633 1911 836 1967 redires
864 1910 1133 1976 dimisisti,
1176 1912 1259 1965 vel
1281 1927 1440 1982 quam
1474 1909 1681 1978 recipe-

109 2022 187 2061 res
213 2006 479 2070 amisisti;
513 2014 570 2060 et
612 2014 787 2060 tamen
831 2003 1042 2070 venisti,
1075 2014 1259 2059 etnon
1303 2003 1475 2058 solum
1519 2017 1685 2070 usque

111 2100 170 2154 ad
197 2099 436 2154 carnales
485 2098 695 2161 oculos,
739 2112 924 2152 verum
953 2095 1110 2150 etiam
1160 2110 1326 2166 usque
1372 2094 1439 2148 ad
1495 2109 1683 2148 manus

112 2192 376 2246 hominum
407 2189 706 2258 pervenisti
736 2209 746 2242 :
778 2189 1067 2260 quomodo,
1121 2187 1221 2242 nisi
1269 2189 1320 2242 in
1360 2187 1553 2242 carne?
1584 2186 1683 2242 Per

112 2283 235 2335 hanc
262 2279 476 2345 venisti,
513 2296 739 2335 manens
763 2280 850 2334 ubi
879 2294 1019 2334 eras.
1045 2280 1143 2334 Per
1175 2280 1310 2333 hanc
1341 2279 1548 2345 redisti,
1575 2292 1680 2331 non

108 2371 403 2441 relinquens
433 2388 546 2438 quo
575 2387 816 2426 veneras.
867 2370 923 2426 Si
962 2386 1090 2439 ergo
1144 2386 1236 2438 per
1287 2371 1421 2423 hanc
1464 2369 1676 2435 venisti,

104 2442 150 2516 et
179 2460 377 2528 redisti,
428 2476 528 2529 per
562 2463 700 2515 hanc
735 2461 917 2530 procul
966 2461 1152 2522 dubio,
1187 2475 1290 2513 non
1319 2460 1493 2512 solum
1524 2459 1678 2514 nobis

107 2568 197 2622 qua
220 2554 529 2608 veniremus
576 2553 643 2606 ad
676 2563 749 2616 te,
792 2567 972 2606 verum
1005 2554 1164 2606 etiam
1214 2551 1304 2605 tibi
1335 2565 1435 2620 qua
1468 2551 1679 2606 venires

106 2653 155 2699 et
196 2643 415 2708 redires,
463 2645 550 2696 via
594 2642 760 2697 fuisti.
803 2643 934 2697 Cum
969 2657 1097 2696 vero
1121 2643 1184 2694 ad
1215 2643 1399 2707 vitam,
1432 2641 1574 2710 quod
1619 2654 1678 2696 es

105 2737 230 2805 ipse,
259 2735 367 2802 isti,
399 2733 652 2789 eamdem
707 2733 945 2802 profecto
973 2747 1186 2787 carnem
1227 2741 1380 2786 tuam.
1410 2733 1674 2785 ad—vitam

107 2827 166 2882 de
189 2828 353 2881 morte
371 2826 596 2881 duxisti.
627 2826 785 2880 Aliud
818 2828 1012 2896 quippe
1041 2824 1265 2880 Verbum
1294 2824 1382 2879 Dei
1403 2833 1504 2890 est,
1529 2823 1673 2878 aliud

108 2919 284 2983 homo;
308 2919 401 2973 sed
441 2917 663 2972 Verbum
688 2934 804 2970 caro
830 2920 1020 2987 factum
1042 2928 1134 2984 est,
1160 2916 1211 2970 id
1235 2925 1333 2980 est,
1361 2915 1671 2971 homo.Non

107 3010 271 3080 itaque
298 3011 402 3064 alia
432 3011 622 3073 Verbi,
643 3011 745 3063 alia
768 3019 848 3063 est
877 3009 1104 3062 hominis
1129 3023 1351 3078 persona
1378 3026 1390 3061 :
1422 3007 1671 3078 quoniam

109 3111 373 3170 utrumque
404 3111 490 3154 est
517 3101 764 3155 Christus
780 3142 806 3178 ,ἡ
828 3116 928 3154 una
955 3111 1035 3154 est
1068 3115 1314 3168 persona.
1346 3099 1420 3153 Ac
1449 3114 1541 3168 per
1568 3098 1668 3154 hoc
1702 3138 1748 3200 C

106 3193 546 3262 quemadmodum
592 3207 718 3247 caro
763 3208 880 3246 cum
939 3201 1142 3246 mortua
1191 3198 1291 3255 est,
1323 3190 1563 3246 Christus
1592 3199 1675 3246 est

108 3293 360 3347 mortuus;
389 3291 446 3337 et
478 3298 601 3336 cum
627 3297 754 3336 caro
793 3282 998 3348 sepulta
1031 3290 1132 3345 est,
1163 3282 1407 3336 Christus
1434 3282 1675 3348 sepultus

105 3382 180 3427 est
221 3375 315 3441 (sic
345 3373 493 3428 enim
525 3374 688 3428 corde
730 3374 998 3428 credimus
1021 3372 1085 3425 atl
1121 3371 1414 3442 justitiam,
1461 3372 1540 3425 sic
1581 3386 1675 3426 ore

103 3465 484 3521 confessionem
538 3466 762 3521 facimus
808 3466 871 3520 ad
919 3465 1191 3537 salutem),
1223 3466 1291 3520 ita
1326 3481 1445 3520 cum
1475 3480 1601 3524 caro
1646 3478 1673 3517 a

105 3565 260 3611 morte
287 3556 434 3612 venit
483 3558 549 3612 ad
583 3560 741 3613 vitam
765 3601 779 3624 ,
825 3556 1067 3613 Christus
1099 3559 1242 3611 venit
1280 3560 1345 3612 ad
1394 3542 1586 3620 vitam;
1621 3563 1675 3610 et

106 3651 214 3718 quia
245 3648 482 3704 Verbum
515 3649 610 3703 Dei
654 3648 896 3701 Christus
923 3658 1025 3711 est,
1058 3647 1302 3701 Christus
1325 3655 1407 3702 est
1435 3646 1564 3701 vita.
1597 3646 1671 3700 Ita

106 3743 229 3796 miro
256 3742 486 3810 qundam
516 3750 570 3793 et
592 3739 844 3795 ineffabili
868 3740 1042 3804 modo,
1073 3740 1158 3808 qui
1185 3755 1448 3808 nunquam
1473 3740 1672 3794 dimisit

103 3833 177 3886 vel
207 3833 416 3887 admisit
445 3833 705 3901 seipsum,
738 3832 882 3886 venit
910 3833 974 3884 ad
1025 3833 1276 3897 seipsum.
1312 3832 1543 3885 Venerat
1572 3847 1667 3884 an-

105 3934 224 3989 tem,
255 3937 309 3980 ut
344 3927 541 3979 dictum
576 3935 677 3988 est,
730 3939 824 3991 per
868 3939 1080 3976 carnem
1112 3924 1248 3976 Deus
1295 3924 1357 3977 ad
1406 3925 1666 3990 homines,

110 4010 304 4066 Veritas
327 4014 392 4066 ad
421 4013 729 4066 mendaces.
765 4012 904 4067 Deus
924 4014 1064 4067 enim
1097 4029 1279 4079 verax,
1309 4016 1468 4066 omnis
1494 4025 1666 4068 autem

104 4105 239 4156 homo
272 4104 508 4156 mendax.
564 4104 698 4156 Cum
750 4104 926 4169 itaque
977 4103 1042 4157 ab
1073 4102 1379 4159 hominibus
1428 4106 1666 4170 abstulit,

105 4202 246 4261 atque
275 4195 402 4248 illuc
424 4196 513 4248 ubi
539 4209 695 4248 nemo
721 4179 994 4259 mentitur,
1020 4210 1231 4248 carnem
1258 4211 1408 4249 suam
1435 4197 1624 4250 levavit
1650 4214 1662 4248 :

107 4285 231 4340 idem
262 4287 374 4355 ipse
405 4287 526 4354 quia
571 4286 790 4339 Verbum
822 4303 938 4338 caro
968 4290 1158 4354 factum
1183 4296 1276 4350 est,
1313 4302 1404 4352 per
1432 4289 1665 4354 seipsum

108 4377 239 4430 velut
281 4393 374 4444 per
413 4392 629 4432 carnem
677 4378 742 4431 ad
789 4378 1087 4443 veritatem,
1134 4378 1274 4445 quod
1304 4387 1386 4432 est
1416 4379 1546 4446 ipse,
1581 4393 1666 4433 re-

109 4467 288 4518 meavit
338 4483 351 4518 :

111 4557 396 4620 mendaces,
449 4565 502 4610 et
563 4558 613 4610 in
663 4566 834 4611 morte
872 4557 1122 4611 servavit.
1174 4557 1469 4627 Aliquando
1521 4559 1663 4611 enim

107 4647 330 4704 Christus
357 4647 454 4701 fuit
483 4657 743 4714 mortuus,
793 4649 887 4702 sed
918 4663 1186 4716 nunquam
1217 4648 1310 4701 fuit
1350 4648 1534 4701 falsus.
1564 4647 1667 4701 Ac-

106 4739 254 4806 cipite
279 4739 521 4807 quamvis
557 4739 826 4793 diversum
859 4747 913 4792 et
938 4738 1092 4806 longe
1137 4738 1304 4806 impar
1334 4739 1662 4806 exemplum,

110 4837 268 4884 tamen
302 4841 584 4898 utcumque
613 4830 676 4883 ad
710 4830 1109 4897 intelligendum
1138 4828 1300 4882 Deum
1348 4843 1408 4882 ex
1445 4829 1525 4882 his
1550 4845 1666 4898 qua:

112 4923 342 4988 prpprius
372 4922 606 4987 subjecta
637 4930 759 4974 sunt
798 4919 927 4975 Deo.
961 4920 1100 4974 Ecce
1139 4933 1237 4988 ego
1270 4920 1380 4987 ipse
1412 4929 1665 4987 quantum

108 5008 280 5062 attinet
300 5011 364 5063 ad
394 5010 625 5063 animum
658 5025 857 5071 meum,
883 5024 1004 5063 cum
1036 5008 1136 5062 hoc
1161 5011 1258 5061 sim
1290 5010 1427 5075 quod
1459 5012 1587 5063 eStis
1616 5019 1668 5064 et

111 5113 215 5162 vos,
244 5100 288 5152 si
327 5109 493 5166 taceo,
523 5101 662 5169 apud
706 5103 964 5170 meipsum
1010 5115 1150 5154 sum.
1180 5101 1231 5156 Si
1263 5112 1437 5155 autem
1479 5102 1669 5171 loquor

107 5190 244 5242 vobis
273 5192 404 5258 quod
436 5192 748 5260 intelligatis
769 5232 782 5256 ,
814 5192 1207 5259 quodammodo
1239 5193 1304 5246 ad
1338 5208 1431 5248 vos
1475 5208 1668 5262 proce-

108 5277 186 5343 do,
216 5294 308 5334 nec
347 5296 429 5335 me
459 5282 719 5350 relinquo,
751 5262 844 5335 sed
869 5292 922 5336 et
948 5283 1012 5336 ad
1045 5298 1137 5336 vos
1187 5283 1384 5337 accedo
1408 5323 1423 5347 ,
1456 5295 1507 5338 et
1554 5299 1657 5337 non

111 5370 288 5424 recedo
316 5373 449 5426 unde
480 5370 736 5442 procede.
763 5373 892 5427 Cum
925 5384 1100 5427 autem
1135 5383 1369 5439 tacuero,
1399 5375 1666 5444 quodam-

114 5460 260 5513 modo
286 5462 348 5515 ad
390 5477 476 5518 me
517 5461 708 5527 redeo,
734 5473 786 5516 et
811 5463 1200 5532 quodammodo
1229 5463 1499 5518 vobiscum
1547 5480 1663 5518 nta-

111 5564 202 5604 nec
243 5552 285 5605 si
326 5553 599 5608 tenueritis
649 5552 790 5621 quod
832 5555 1052 5608 audistis
1098 5556 1150 5609 in
1202 5571 1452 5610 sermone
1502 5572 1664 5622 quem

114 5641 237 5695 dico.
307 5644 359 5697 Si
431 5645 532 5699 hoc
601 5652 778 5713 potest
837 5647 1006 5716 imago
1069 5658 1237 5718 quam
1296 5647 1417 5704 fecit
1481 5647 1662 5712 Deus,

115 5731 224 5794 quid
280 5742 448 5801 potest
501 5749 612 5790 non
670 5749 702 5789 a
752 5737 851 5792 Deo
887 5737 1039 5804 facta,
1099 5739 1189 5795 sed
1249 5756 1311 5794 ex
1369 5738 1475 5795 Deo
1534 5749 1654 5794 nata

1783 1902 2141 1969 cmperinmsl
2193 1902 2304 1956 Non
2347 1903 2547 1972 utique,
2595 1903 2720 1973 quia
2767 1903 2883 1970 ipse
2924 1902 3205 1958 existendo
3233 1903 3364 1968 vita,

1787 1989 1946 2046 habet
1973 1992 2159 2057 vitam,
2210 2001 2262 2047 et
2288 1993 2403 2062 ipse
2441 1993 2691 2060 estquod
2721 1994 2914 2061 habet;
2963 2002 3020 2050 et
3069 1995 3212 2065 quod
3254 1995 3362 2050 vita

1783 2090 1864 2135 est
1888 2081 1937 2135 in
1967 2080 2104 2150 ipso,
2137 2083 2250 2153 ipse
2298 2092 2378 2137 est
2406 2083 2459 2137 in
2500 2083 2698 2153 seipso.
2730 2083 2835 2139 Nos
2867 2094 3046 2140 autem
3095 2100 3201 2140 non
3245 2089 3358 2157 ipsa

1785 2170 1907 2234 vita,
1937 2170 2032 2224 sed
2060 2170 2226 2240 ipsius
2258 2172 2381 2226 vitae
2427 2172 2712 2242 participes
2745 2187 2928 2229 sumus
2953 2185 3157 2242 ;.atque
3189 2177 3384 2233 itaibi.

1782 2259 2002 2324 erimus,
2049 2269 2106 2316 ut
2151 2260 2203 2316 in
2264 2261 2416 2318 nobis
2456 2264 2587 2331 ipsis
2638 2267 2916 2336 nonquod
2950 2267 3062 2336 ipse
3097 2279 3200 2336 est,
3244 2283 3365 2324 esse

1782 2352 2048 2419 possimus
2082 2396 2096 2420 ,
2131 2353 2224 2407 sed
2257 2369 2364 2408 nos.
2386 2355 2484 2423 ipsi
2530 2371 2634 2409 non
2686 2357 2815 2421 vita,
2860 2359 3030 2428 ipsum
3072 2357 3362 2416 habeamus

1781 2441 1964 2505 vitam,
2008 2441 2098 2511 qui
2148 2442 2385 2512 seipsum
2440 2444 2598 2499 habet
2645 2445 2824 2510 vitam,
2872 2460 2936 2501 eo
2964 2447 3105 2516 quod
3142 2449 3255 2514 ipse
3284 2460 3364 2505 est

1781 2533 1906 2587 vita.
1941 2533 2177 2604 Denique
2215 2535 2328 2604 ipse
2369 2545 2420 2591 et
2451 2536 2506 2591 in
2535 2538 2712 2608 seipso
2737 2546 2822 2594 est
2853 2539 2922 2593 im
2936 2539 3282 2606 mutabiliter,
3310 2553 3365 2599 et

1779 2623 1833 2678 in
1865 2622 2020 2678 Patre
2046 2624 2467 2694 inseparabiliter
2493 2645 2506 2680 ε
2540 2643 2638 2684 nos
2667 2643 2793 2684 vero
2821 2645 2942 2684 cum
2971 2628 3028 2685 in
3061 2631 3211 2687 nobis
3231 2635 3364 2702 ipsis

1778 2729 1898 2772 esse
1921 2718 2295 2786 voluissemus,
2328 2718 2395 2774 ad
2434 2735 2529 2774 nos
2560 2719 2705 2788 ipsos
2738 2721 2935 2776 turbati
2958 2736 3181 2778 sumus:
3217 2726 3359 2781 unde

1777 2807 1864 2864 illa
1907 2823 2010 2864 vox
2061 2816 2184 2866 est:
2230 2810 2310 2866 A1
2350 2813 2598 2880 meipsum
2647 2813 2848 2867 turbata
2895 2823 2970 2869 est
3017 2815 3191 2870 animo
3244 2834 3356 2873 mea

1777 2898 1951 2968 (Psal.
1983 2900 2113 2971 xui)
2139 2919 2152 2968 ;
2181 2911 2340 2972 atque
2370 2903 2422 2958 in
2455 2903 2690 2960 deterius
2719 2907 3052 2970 commutati,
3097 2924 3270 2980 neque
3306 2912 3356 2966 id

1776 2991 1917 3059 quod
1951 2990 2144 3045 fuimus
2169 3006 2389 3048 manere
2413 2995 2695 3063 potuimus.
2720 2994 2852 3050 Cum
2874 3008 3048 3052 autem
3074 3013 3166 3066 per
3183 2999 3353 3068 ipsum

1781 3078 2022 3132 venimus
2047 3078 2113 3133 ad
2136 3080 2366 3148 Patrem,
2387 3081 2607 3136 sicutait
2631 3099 2642 3135 :
2674 3081 2837 3137 Nemo
2863 3085 2994 3138 venit
3023 3086 3090 3139 ad
3125 3085 3350 3154 Patrem,

1782 3170 1878 3222 nisi
1917 3186 2004 3238 per
2033 3186 2112 3225 me
2138 3186 2155 3225 :
2188 3180 2461 3227 manentes
2487 3176 2540 3227 in
2574 3172 2693 3240 illo,
2727 3188 2823 3229 nec
2849 3189 2878 3227 a
2905 3174 3060 3231 Patre
3089 3191 3186 3231 nos
3209 3179 3360 3248 quis-

1781 3273 1939 3329 quam
1971 3262 2171 3329 poterit
2205 3275 2474 3329 separare,
2501 3277 2600 3318 nec
2625 3264 2691 3316 ab
2722 3264 2836 3317 illo.

1850 3350 1912 3406 Si
1951 3352 2304 3421 cognovissetis
2326 3368 2424 3417 me,
2453 3353 2643 3422 inquit,
2668 3362 2716 3407 et
2748 3352 2956 3408 Patrem
2987 3371 3151 3409 meum
3183 3357 3352 3426 utique

1779 3439 2155 3509 cognovissetis.
2207 3440 2318 3494 lloc
2345 3449 2447 3505 est,
2480 3442 2618 3510 quod
2648 3442 2740 3503 ait.
2772 3443 2935 3496 Nemo
2981 3446 3114 3498 venit
3151 3447 3219 3498 ad
3254 3445 3357 3503 Pu,-

1780 3537 1927 3593 trem,
1970 3529 2068 3581 nisi
2098 3545 2184 3597 per
2208 3545 2305 3582 me.
2339 3530 2540 3584 Deinde
2569 3529 2842 3599 subjungit

1852 3617 1915 3669 Et
1938 3618 2122 3671 amodo
2150 3617 2453 3687 cognoscitis
2480 3635 2624 3686 eum,
2647 3629 2694 3673 et
2723 3622 2918 3674 vidistis
2939 3640 3072 3677 eum.
3107 3625 3209 3677 Sed
3237 3625 3358 3679 Phi-

1777 3706 1968 3774 lippus,
2005 3722 2140 3762 unus
2169 3723 2232 3764 ex
2269 3708 2524 3778 apostolis
2565 3712 2704 3782 quid.
2740 3712 2972 3771 audierit
3015 3730 3116 3769 non
3149 3718 3351 3772 intelli-

1773 3813 1933 3868 gens;

1844 3886 2080 3958 Domine,
2115 3889 2302 3958 inquit,
2326 3895 2528 3948 ostende
2549 3894 2689 3949 nobis
2715 3895 2938 3966 Patrem,
2967 3909 3012 3953 et
3039 3903 3220 3969 sufﬁcit
3248 3919 3352 3956 no-

1772 3988 1867 4045 bis.
1899 3990 1992 4045 Cui
2025 3992 2270 4048 Dominus
2301 4011 2319 4049 :
2351 3995 2540 4066 Tanta,
2593 4000 2780 4070 inquit,
2829 4011 3052 4073 tempore
3101 4006 3352 4061 uobiscum

1772 4107 1900 4157 sum,
1931 4102 1975 4146 et
2024 4109 2125 4147 non
2164 4096 2604 4166 cognovistis-me,
2640 4099 2925 4170 Philippe?
2964 4103 3053 4171 qui
3082 4104 3212 4159 videt
3253 4123 3352 4170 me,

1771 4193 1900 4245 videt
1927 4203 1972 4245 et
1999 4192 2226 4251 Patrem.
2259 4197 2534 4262 Quomodo
2562 4213 2700 4253 nunc
2727 4199 2854 4254 dicit
2882 4220 2891 4253 :
2933 4200 3097 4256 Tanto
3127 4214 3349 4271 tempore

1770 4283 2021 4336 vobiscum
2047 4301 2178 4352 sum,
2209 4295 2257 4340 et
2285 4306 2386 4342 non
2414 4292 2715 4361 cognovistis
2747 4309 2823 4346 me
2845 4295 2867 4346 ?
2887 4308 3008 4348 cum
3035 4299 3277 4363 profecto.
3300 4311 3354 4352 et

1770 4388 1873 4441 quo
1904 4375 2025 4439 iret,
2054 4387 2105 4429 et
2153 4379 2289 4432 viam
2343 4382 2566 4444 scirent,
2599 4398 2702 4436 non
2738 4383 2806 4437 ob
2851 4384 3018 4448 aliud,
3064 4387 3165 4440 nisi
3208 4390 3348 4456 quod

409 4482 567 4535 quam
614 4467 826 4536 quidem
875 4468 1147 4520 veritatem
1176 4508 1188 4532 ,
1240 4469 1479 4536 quamvis
1529 4468 1666 4522 inter
1696 4479 1745 4537 ι)
1774 4465 1941 4532 ipsum
1965 4465 2145 4532 utique
2167 4470 2403 4521 scirent?
2425 4469 2528 4525 Sed
2555 4471 2709 4526 facile
2732 4472 2832 4526 ista
2855 4475 3075 4527 solvitur
3101 4479 3343 4543 quaestio,

1769 4555 1814 4608 si
1843 4555 2100 4620 dicamus,
2125 4558 2262 4625 quod
2303 4575 2425 4614 eum
2463 4561 2626 4631 aliqui
2656 4577 2842 4616 eorum
2891 4565 3152 4631 sciebant,
3184 4568 3350 4637 aliqui

1769 4648 2095 4714 nesciebant,
2146 4661 2302 4720 atque
2350 4654 2402 4706 in
2440 4654 2519 4708 his
2567 4656 2656 4723 qui
2706 4656 3019 4711 nesciebant
3073 4658 3352 4727 Philippus

1770 4751 1923 4805 erat;
1956 4751 2008 4795 et
2038 4743 2177 4809 quod
2209 4743 2320 4796 ait:
2352 4743 2419 4797 Et
2463 4761 2560 4812 quo
2611 4762 2703 4816 ego
2749 4749 2900 4814 vado,
2940 4750 3106 4815 scitis,
3151 4760 3199 4804 et
3225 4753 3354 4805 ciant

1770 4834 1928 4886 scitis.
1981 4835 2084 4888 lUis
2137 4836 2336 4891 dixisse
2390 4839 2746 4907 intelligatur,
2790 4842 2877 4910 qni
2929 4842 3353 4901 sciebantznon

1771 4925 2033 4993 Philippo,
2087 4928 2171 4979 cui
2221 4929 2416 4983 dictum
2469 4942 2553 4985 est
2583 4949 2595 4986 :
2628 4931 2788 4985 Tanto
2827 4943 3049 5001 tempore
3097 4937 3351 4991 vobiscum

1771 5033 1902 5081 sum,
1930 5028 1974 5070 et
2013 5035 2112 5072 non
2167 5022 2468 5088 cognovistis
2512 5038 2612 5083 me,
2662 5023 2938 5091 Philippe?
2971 5025 3062 5079 llis
3091 5043 3219 5095 ergo
3260 5029 3351 5097 qui

1770 5107 1959 5161 Filium
1978 5111 2083 5175 jam
2111 5121 2386 5175 noverant,
2427 5113 2581 5165 etiam
2611 5114 2733 5167 illud
2757 5115 2821 5169 de
2847 5117 2998 5172 Patre
3016 5118 3125 5188 jam
3149 5123 3349 5176 dictum

1769 5205 1879 5252 est:
1907 5196 1971 5249 Et
2000 5201 2185 5252 umodo
2233 5203 2531 5271 cognoscitis
2576 5219 2714 5269 eum,
2747 5216 2792 5259 et
2837 5208 3036 5261 vidistis
3086 5229 3221 5266 cum.
3259 5213 3344 5267 Di-

1768 5297 1908 5341 ctum
1942 5298 2026 5342 est
2055 5293 2219 5353 enim,
2257 5303 2470 5360 propter
2515 5297 2876 5350 omnimodam
2913 5301 3338 5370 similitudinem,

1769 5395 1886 5448 qua:
1917 5380 1989 5434 illi
2032 5397 2150 5434 cum
2185 5383 2338 5438 Patre
2387 5393 2507 5439 est:
2543 5397 2600 5439 ut
2646 5388 2764 5443 ideo
2798 5390 2990 5445 amodo
3044 5392 3350 5449 dicerentur

1769 5485 1930 5526 nosse
1977 5473 2205 5538 Patrem,
2241 5477 2329 5545 qui
2374 5488 2631 5532 noverant
2666 5482 2896 5537 similem
2943 5483 3156 5537 Filium.
3208 5486 3345 5555 Ergo

1763 5561 1872 5631 jam
1899 5563 2138 5617 sciebant
2169 5564 2385 5629 Filium,
2419 5575 2468 5620 et
2499 5569 2542 5622 si
2577 5585 2677 5623 non
2715 5586 2920 5638 omnes,
2956 5583 3106 5628 certe
3133 5577 3345 5644 quidam

1767 5667 1972 5719 eorum,
2008 5655 2196 5721 quibus
2227 5657 2458 5711 dicitur:
2494 5657 2557 5711 Et
2595 5677 2694 5729 quo
2730 5661 2853 5714 uado
2888 5665 3063 5726 scitis,
3115 5676 3160 5717 et
3208 5667 3341 5719 uiam

1767 5745 1926 5800 scitis.
1978 5745 2091 5814 lpse
2141 5758 2219 5802 est
2267 5750 2405 5803 enim
2441 5750 2539 5803 via.
2595 5752 2697 5807 Sed
2745 5754 2956 5810 Patrem
2990 5758 3335 5812 nesciebant:
