3884 6232
545 340 650 397 νὶὶδ

999 341 1197 396 ιιι-ῖοΕ
1238 342 1681 400 VENERABILIS
1718 343 1866 400 OPP.
1910 340 2083 399 PARS
2124 338 2187 392 Il.
2221 340 2414 396 SECT.
2460 343 2496 396 Ι.
2527 373 2593 382 -
2623 343 3007 401 EXEGETICA
3048 347 3371 405 GENUINA.

3660 354 3747 410 8°26

547 467 665 519 ideo
693 463 912 517 audiunt
946 481 958 516 :
998 463 1060 518 Si
1088 466 1440 534 cagnovissetis
1468 481 1566 528 me,
1597 476 1642 517 et
1688 463 1888 517 Patrem
1934 476 2099 516 neeum
2128 461 2347 517 Alecto
2366 463 2451 529 qui
2476 463 2772 531 proximum
2820 464 3084 535 loquendo
3128 467 3377 532 aediﬁcat,
3411 468 3604 523 bonum
3633 486 3751 537 Opus

552 557 1058 628 cognovissetis:per
1103 571 1188 611 me
1228 557 1409 622 utique
1453 565 1509 611 et
1555 556 1722 611 illum.
1771 556 1917 609 Alius
1960 554 2102 609 enim

552 662 651 720 ego
679 665 816 715 sum,
844 650 977 709 alius
1007 650 1111 704 ille.
1149 650 1253 704 Sed
1283 666 1349 706 ne
1390 660 1631 721 putarent
1660 650 2004 714 dissimilem,
2038 647 2104 700 Et

552 744 754 808 amodo,
788 742 977 811 inquit,
1028 743 1325 811 cognoscitis
1367 758 1501 795 eum.
1532 742 1787 794 Viderunt
1816 740 1955 795 enim
1986 738 2104 809 ejus

553 834 881 891 simillimum
932 833 1142 887 Filium.
1174 833 1281 888 Sed
1330 832 1645 889 admonendi
1689 833 1902 887 fuerant
1946 833 2105 885 talem

556 939 673 979 esse
704 926 861 979 ctiam
888 925 1117 987 Patrem,
1167 938 1322 992 quem
1375 922 1605 978 nondum
1634 922 1901 986 videbant,
1933 921 2105 985 qualis

552 1026 631 1071 est
660 1016 823 1071 Filius
847 1030 1005 1085 quem
1046 1014 1315 1069 videbant.
1358 1014 1420 1069 Et
1452 1015 1515 1068 ad
1551 1016 1649 1068 hoc
1677 1014 1817 1067 valet
1846 1011 1983 1077 quod
2014 1025 2107 1077 po-

555 1118 665 1161 stea
693 1107 935 1177 Philippo
967 1107 1180 1172 dicitur,
1216 1109 1314 1171 Qui
1337 1107 1465 1160 videt
1496 1122 1597 1170 me,
1625 1106 1757 1159 videt
1786 1113 1832 1157 et
1857 1102 2063 1159 Patrem
2088 1118 2107 1157 :

556 1212 660 1251 non
688 1197 828 1266 quod
856 1197 966 1262 imo
989 1199 1056 1251 sit
1084 1206 1137 1252 et
1160 1197 1335 1260 Pater,
1369 1206 1419 1250 et
1447 1190 1609 1250 Filius
1634 1213 1649 1249 ι
1681 1194 1818 1264 quod
1843 1193 1894 1248 in
1920 1193 2105 1247 Sabel-

568 1285 743 1351 lianis,
787 1284 874 1354 qui
907 1294 1163 1339 vocantur
1190 1285 1345 1337 etiam
1395 1283 1795 1352 Patripassiani,
1847 1281 2104 1336 catholica

560 1374 693 1431 ﬁdes
738 1377 951 1429 damnat
977 1392 993 1440 ;
1023 1375 1114 1430 sed
1163 1375 1303 1444 quod
1355 1382 1460 1429 tam
1492 1374 1692 1429 similes
1737 1374 1843 1428 sint
1875 1374 2029 1428 Pater
2055 1382 2109 1429 et

557 1464 741 1529 Filius,
772 1473 828 1517 ut
865 1464 951 1531 qui
998 1480 1159 1518 unum
1208 1465 1366 1532 norit,
1397 1465 1582 1518 ambos
1610 1464 1835 1518 noverit.
1866 1463 2108 1519 Solemus

552 1556 690 1608 enim
724 1554 790 1607 de
836 1554 1119 1609 simillimis
1163 1553 1368 1609 duobus
1417 1554 1485 1608 ita
1533 1554 1673 1623 loqui
1721 1554 1799 1608 eis
1826 1554 1914 1622 qui
1946 1563 2106 1609 unum

558 1643 765 1698 illorum
796 1645 996 1709 vident,
1028 1656 1077 1700 et
1108 1646 1280 1714 qualis
1310 1644 1378 1699 sit
1417 1644 1573 1711 alius,
1614 1645 1797 1700 volunt
1843 1658 2019 1709 nosse,
2051 1653 2108 1699 ut

555 1735 825 1800 dicamus,
852 1736 1068 1791 Vidistis
1099 1738 1253 1792 istum
1273 1738 1297 1789 τ
1319 1737 1468 1791 illum
1503 1737 1725 1792 vidistis.
1760 1735 1848 1791 Sic
1873 1751 2000 1814 ergo
2022 1736 2105 1789 di-

552 1836 695 1880 ctum
726 1835 809 1881 est
830 1867 845 1889 ,
877 1826 977 1894 Qui
1016 1828 1154 1881 videt
1188 1844 1283 1892 me,
1325 1827 1459 1880 videt
1486 1836 1532 1881 et
1581 1826 1829 1882 Patrem:
1857 1842 1961 1881 non
1986 1825 2107 1895 quia

557 1914 673 1982 ipse
699 1922 780 1969 est
810 1914 966 1969 Pater
1010 1917 1095 1985 qui
1142 1916 1326 1981 Filius,
1368 1915 1459 1970 sed
1505 1917 1643 1986 quod
1670 1932 1696 1969 a
1731 1917 1900 1971 Patr's
1924 1916 2113 1971 simili-

557 2004 736 2058 tudine
785 2005 835 2058 in
870 2005 1012 2060 nullo
1058 2018 1271 2074 prorsus
1299 2008 1559 2077 discrepet
1608 2008 1791 2063 Filius.
1838 2007 1968 2062 Nam
2010 2008 2110 2061 nisi

556 2094 662 2148 duo
705 2103 886 2150 essent
937 2095 1090 2149 Pater
1130 2108 1183 2151 et
1234 2097 1409 2161 Filius,
1461 2114 1562 2152 non
1607 2098 1804 2151 dictum
1845 2108 2017 2154 esset:
2049 2098 2109 2155 Si

554 2185 904 2252 cognovissetis
932 2202 1027 2249 me,
1056 2196 1100 2239 et
1133 2184 1334 2240 Patrem
1382 2204 1544 2241 meum
1588 2190 1959 2260 cOgnwissetis.
1994 2189 2109 2245 Uti-

553 2288 656 2341 que
684 2271 851 2339 enim,
894 2276 1010 2343 quia
1041 2291 1205 2339 nemo,
1252 2275 1438 2346 inquit,
1469 2278 1598 2330 venit
1638 2278 1707 2329 ad
1750 2282 1980 2345 Patrem,
2012 2280 2109 2332 nisi

558 2382 646 2436 per
673 2382 791 2424 me:
814 2368 857 2420 si
885 2368 1232 2435 cognovissetis
1275 2385 1374 2433 me,
1413 2379 1462 2422 et
1495 2367 1704 2422 Patrem
1733 2385 1899 2421 meum
1925 2386 2109 2440 cogno-

557 2458 789 2512 vissetis:
818 2460 1064 2526 quoniam
1089 2474 1207 2528 ego,
1244 2474 1335 2527 per
1364 2474 1521 2529 quem
1548 2460 1752 2513 venitur
1779 2460 1845 2513 ad
1878 2460 2108 2527 Patrem,

558 2544 841 2612 perducam
876 2562 966 2600 vos
995 2547 1057 2600 ad
1090 2563 1233 2612 eum,
1267 2556 1321 2600 ut
1352 2549 1524 2616 ipsum
1555 2548 1711 2602 etiam
1756 2551 2109 2619 cognoscatis.

558 2634 663 2689 Sed
714 2636 959 2704 quoniam
1017 2637 1089 2690 ilzi
1140 2652 1256 2691 sum
1308 2638 1527 2692 omnino
1572 2637 1893 2703 simillimus,
1924 2640 2113 2694 amodo

556 2724 873 2792 cognoscitis
923 2740 1065 2793 eum,
1119 2741 1241 2780 cum
1291 2727 1610 2795 cognoscitis
1659 2743 1746 2783 me
1779 2746 1791 2783 :
1824 2740 1877 2783 et
1909 2724 2114 2785 vidistis

563 2826 707 2878 cum,
744 2816 785 2867 si
838 2817 1006 2869 oculis
1060 2818 1237 2871 cordis
1288 2817 1494 2873 vidistis
1525 2833 1629 2873 me.
1673 2818 1804 2883 Quid
1859 2835 1983 2889 ergo
2035 2832 2116 2874 est

562 2903 701 2971 quod
732 2904 880 2969 dicis,
912 2905 1151 2973 Philippe
1174 2951 1187 2972 ,
1221 2906 1441 2961 Ostende
1477 2908 1617 2961 nobis
1666 2906 1894 2976 Patrem,
1932 2919 1977 2963 et
2006 2911 2115 2979 suf—

559 2994 665 3059 ﬁcit
693 2993 873 3048 nobis!
906 2995 1087 3061 Tanto,
1121 2996 1308 3059 inquit,
1349 3007 1566 3066 tempore
1608 2998 1859 3051 vobiscum
1906 3014 2037 3063 sum,
2070 3008 2116 3052 et

556 3101 657 3138 non
690 3088 983 3154 cognovistis
1030 3102 1127 3151 me,
1160 3084 1441 3155 Philippe?
1474 3086 1571 3151 Qui
1602 3104 1678 3141 me
1718 3089 1871 3153 videt,
1912 3090 2042 3141 videt
2070 3098 2115 3142 et

566 3174 786 3229 Patrem.
817 3175 963 3242 Quod
992 3176 1033 3228 si
1063 3190 1092 3228 a
1121 3185 1169 3229 te
1203 3176 1425 3229 multum
1458 3186 1540 3230 est
1569 3177 1669 3233 hoc
1696 3178 1892 3245 videre,
1927 3180 2111 3236 saltem

563 3266 700 3335 quod
741 3281 843 3318 non
874 3266 1036 3330 vides,
1066 3266 1242 3319 crede.
1298 3338 1301 3341 Α

638 3355 903 3419 Quomodo
931 3358 1060 3408 enim
1088 3356 1235 3422 dicis,
1258 3356 1441 3429 inquit,
1470 3359 1687 3412 Ostende
1715 3359 1855 3412 nobis
1880 3357 2119 3413 Patrem?

565 3445 620 3499 Si
656 3460 739 3499 me
770 3444 969 3509 vidi5ti,
1000 3446 1085 3511 qui
1117 3446 1189 3499 illi
1219 3447 1522 3501 omnimodo
1553 3447 1740 3502 similis
1769 3465 1905 3513 sum,
1942 3449 2115 3504 vidisti

567 3537 713 3592 illum
741 3536 823 3589 cui
851 3536 1043 3590 similis
1067 3551 1203 3591 sum.
1228 3536 1375 3603 Quod
1401 3538 1444 3591 si
1470 3537 1645 3591 videre
1674 3553 1776 3591 non
1810 3551 1978 3605 petes,
2013 3554 2116 3592 non

567 3628 752 3681 saltem
783 3626 954 3681 credis
993 3627 1109 3695 quia
1140 3642 1237 3692 ego
1268 3628 1317 3680 in
1353 3628 1527 3693 Patre,
1551 3636 1604 3681 et
1634 3628 1789 3682 Pater
1815 3630 1865 3681 in
1897 3644 1980 3682 me
2005 3628 2119 3682 est?

567 3717 781 3771 Poterat
821 3715 904 3769 hic
942 3716 1120 3772 dicere
1166 3717 1465 3787 Philippus,
1492 3717 1655 3771 Video
1703 3719 1915 3785 quidem
1966 3729 2037 3785 te,
2068 3729 2121 3773 et

568 3809 728 3861 credo
776 3818 827 3861 to
869 3821 987 3861 esse
1029 3807 1356 3860 simillimum
1399 3805 1579 3861 Patri:
1611 3808 1703 3861 sed
1752 3809 1985 3877 nunquid
2028 3826 2118 3863 ar-

558 3898 795 3967 guendos
823 3905 879 3953 et
903 3897 1257 3967 objurgandus
1281 3907 1381 3963 est,
1410 3901 1493 3954 cui
1523 3914 1645 3954 cum
1674 3900 1901 3954 similem
1940 3900 2106 3966 videt,

560 3990 716 4043 etiam
750 3988 893 4041 illum
941 3988 1090 4057 cujus
1132 3997 1213 4042 est
1260 3989 1469 4056 similis,
1496 3990 1609 4043 vult
1638 3990 1853 4045 videre?
1881 3991 2115 4046 Similem

564 4076 775 4142 quidem
809 4075 953 4138 novi,
983 4077 1073 4130 sed
1103 4076 1275 4129 adhuc
1324 4078 1544 4132 alterum
1592 4079 1707 4133 sine
1757 4080 1921 4134 altero
1974 4082 2115 4135 novi.

559 4167 675 4221 Non
707 4167 831 4221 tnibi
872 4167 1083 4233 sufﬁcit,
1113 4168 1214 4221 nisi
1255 4179 1307 4223 et
1336 4169 1480 4223 illum
1526 4170 1611 4222 cui
1654 4172 1751 4224 iste
1796 4179 1879 4224 est
1907 4172 2116 4237 similis,

558 4258 811 4312 noverim.
846 4256 1063 4311 Ostende
1096 4259 1267 4326 itaque
1304 4258 1445 4312 nobis
1479 4258 1705 4323 Patrem,
1734 4269 1779 4313 et
1809 4262 1991 4330 sufﬁcit
2023 4279 2118 4314 no-

560 4348 651 4399 bis.
673 4347 773 4401 Sed
801 4346 918 4401 ideo
945 4349 1193 4417 magister
1218 4348 1531 4415 discipulum
1563 4350 1829 4417 arguebat.
1861 4352 2112 4419 quoniam

2208 563 2475 618 cperatur.
2506 552 2609 607 Sed
2637 553 2761 624 quid
2791 564 2894 621 est,
2926 555 2971 608 Α
2999 572 3079 612 me
3117 558 3225 625 ipso
3249 573 3355 612 non
3382 558 3585 629 loquor,
3631 562 3749 629 nisi,

2207 644 2250 693 Δ
2281 655 2366 695 me
2408 641 2524 709 ipso
2550 657 2651 696 non
2680 658 2795 697 sum
2835 643 2925 714 qui
2968 643 3191 713 loquor!
3231 646 3292 702 Ei
3334 649 3527 718 quippe
3576 649 3750 706 tribuit
3846 654 3849 718 |

2206 729 2344 800 quod
2373 732 2513 797 facit,
2540 732 2605 786 de
2628 748 2730 801 quo
2754 733 2866 802 ipse
2886 745 2968 789 est
2994 736 3091 805 qui,
3120 738 3269 798 facit.

2276 823 2454 886 Amen,
2480 839 2626 877 amen
2649 826 2762 880 dico
2786 826 2921 880 vobis
2938 869 2954 894 ,
2978 830 3065 897 qui
3088 832 3247 885 credit
3275 831 3327 884 in
3355 846 3453 897 me,
3476 848 3637 899 opera
3658 850 3751 902 qua
3848 823 3849 895 ξ

2206 925 2301 982 ego
2328 916 2480 982 facio,
2506 927 2551 970 et
2585 919 2695 986 ipse
2718 919 2893 987 faciet,
2920 934 2963 975 et
2994 926 3190 991 majora
3218 925 3394 979 horum
3430 928 3615 992 faciet,
3651 932 3753 996 quia

2206 1018 2299 1071 ego
2324 1006 2391 1057 ad
2420 1004 2627 1061 Patrem
2653 1012 2802 1064 vado.
2828 1013 2963 1077 Quid
2990 1022 3073 1067 est
3099 1016 3236 1069 hoc?
3263 1018 3361 1082 Qui
3388 1016 3587 1075 faceret
3609 1034 3754 1087 opera

2207 1106 2324 1161 qua:
2368 1092 2611 1150 Christus
2654 1096 2801 1163 fecit,
2858 1115 2962 1153 non
3007 1100 3439 1170 inveniebamus;
3482 1109 3571 1176 qui
3610 1109 3755 1163 etiam

2207 1181 2407 1250 majora
2440 1182 2617 1249 faciet,
2650 1186 2910 1241 inventuri
2940 1190 3164 1244 sumus?
3185 1193 3287 1247 Sed
3321 1194 3626 1252 dixeramus
3652 1212 3753 1253 eer-

2208 1284 2364 1325 mone
2393 1272 2614 1339 pristino
2653 1274 2771 1343 quia
2818 1277 2991 1346 majus
3036 1278 3133 1333 fuit
3164 1282 3362 1336 umbrae
3399 1298 3512 1340 sua
3544 1288 3754 1343 transitu

2208 1360 2370 1428 (quod
2416 1362 2662 1431 discipuli
2706 1364 2967 1437 iecerunt)
3003 1381 3159 1437 quam
3205 1370 3425 1426 ﬁmbrias
3471 1390 3581 1428 sua
3628 1386 3753 1431 tactu

2208 1448 2369 1517 (quod
2402 1450 2516 1519 ipse
2543 1450 2797 1508 Dominus
2826 1455 2974 1525 fecit)
2995 1471 3186 1513 sanare
3215 1459 3521 1529 languentes
3547 1462 3747 1532 (Matth.

2209 1540 2286 1603 ιχ)
2310 1552 2326 1590 :
2351 1548 2405 1592 et
2434 1540 2553 1609 quia
2587 1541 2762 1607 plures
2806 1547 3067 1613 apostolis
3110 1563 3267 1615 quam
3297 1549 3413 1618 ipso
3444 1567 3540 1619 per
3562 1567 3623 1606 as
3652 1569 3759 1621 pro-

2210 1629 2380 1695 prium
2413 1631 2734 1697 praedicante
2766 1632 2996 1690 Domino
3038 1637 3397 1705 crediderunt,
3434 1651 3490 1695 ut
3537 1642 3652 1697 hac
3689 1645 3753 1697 vi-

2211 1718 2462 1775 derentur
2495 1734 2680 1791 opera,
2707 1723 3041 1793 intelligenda
3071 1740 3192 1782 esse
3220 1728 3445 1798 majora,
3485 1744 3593 1785 non
3634 1735 3759 1800 quod

2217 1808 2385 1876 major
2406 1820 2547 1864 esset
2568 1812 2825 1880 magistro
2852 1812 3164 1883 discipulus,
3204 1818 3285 1871 vel
3317 1818 3539 1873 domino
3568 1834 3757 1887 servus,

2216 1898 2295 1952 vel
2343 1898 2624 1966 adeptivus
2665 1902 2954 1972 unigenito,
2986 1906 3080 1960 vel
3127 1907 3285 1963 homo
3335 1910 3466 1975 Deo,
3494 1911 3590 1964 sed
3634 1913 3757 1979 quod

2216 2002 2310 2058 per
2341 1989 2458 2043 illos
2501 1990 2611 2057 ipse
2640 1990 2952 2060 dignaretur
2988 1994 3174 2049 eadem
3208 1998 3423 2065 majora
3459 1997 3657 2063 facere,
3684 1999 3759 2068 qui

2211 2076 2339 2131 dicit
2362 2079 2441 2132 eis
2468 2079 2572 2133 alio
2592 2078 2737 2144 loco,
2761 2079 2885 2135 Sine
2914 2098 2991 2137 me
3020 2084 3148 2135 nihil
3172 2072 3377 2153 potestis
3408 2084 3579 2153 facere
3600 2084 3758 2155 (loco.

2214 2171 2325 2237 xv).
2358 2167 2473 2238 Ipse
2496 2169 2709 2237 quippe,
2732 2179 2790 2224 ut
2818 2171 2920 2225 alia
2950 2172 3212 2237 omittam,
3247 2187 3367 2242 quae
3390 2186 3511 2228 sunt
3539 2175 3760 2229 innume-

2213 2260 2418 2325 rabilia,
2449 2261 2566 2316 sine
2611 2261 2739 2329 ipsis
2780 2259 2907 2317 fecit
2939 2264 3106 2333 ipsos,
3138 2265 3253 2319 sine
3298 2265 3426 2333 ipsis
3472 2264 3596 2322 fecit
3639 2266 3760 2321 hunc

2212 2350 2461 2403 mundum
2489 2367 2501 2403 :
2527 2358 2581 2406 et
2608 2352 2729 2421 quia
2756 2354 2915 2408 homo
2938 2356 3096 2409 etiam
3130 2356 3242 2425 ipse
3270 2356 3387 2411 ﬁeri
3410 2357 3652 2428 dignatus
3672 2369 3760 2423 e5t,

2212 2440 2327 2492 sine
2358 2439 2488 2506 ipsis
2517 2441 2642 2494 iecit
2670 2452 2722 2494 et
2749 2442 3004 2511 seipsum.
3031 2446 3163 2509 Quid
3193 2453 3367 2499 autem
3396 2446 3471 2500 illi
3500 2448 3615 2500 sine
3640 2448 3760 2515 ipso,

2215 2529 2317 2581 nisi
2342 2532 2650 2599 peccatum?
2674 2532 2912 2601 Denique
2933 2545 2985 2587 et
3014 2536 3096 2588 hic
3118 2535 3257 2603 quod
3280 2537 3347 2591 de
3371 2536 3468 2590 hac
3490 2552 3548 2591 re
3571 2547 3760 2605 poterat

2222 2636 2323 2676 nos
2350 2636 2583 2688 movere,
2617 2638 2739 2676 mox
2784 2625 3018 2679 abstulit.
3046 2625 3189 2679 Cum.
3218 2624 3360 2680 enim
3395 2626 3645 2692 dixisset,
3676 2626 3765 2691 Qui

2212 2710 2370 2763 credit
2399 2711 2449 2763 in
2477 2726 2574 2774 me,
2596 2727 2748 2779 spera
2777 2726 2889 2781 qua:
2911 2727 3005 2781 ego
3032 2713 3243 2781 facioet
3270 2714 3379 2775 ipse
3408 2715 3576 2782 faciet,
3604 2723 3648 2767 et
3672 2730 3765 2765 ma-

2206 2802 2325 2869 jora
2366 2802 2545 2854 horum
2592 2802 2764 2871 faciet,
2798 2802 3049 2857 continuo
3081 2812 3297 2859 Secutus
3343 2804 3607 2873 adjunxit,
3643 2806 3761 2870 Quia

2216 2904 2304 2960 ego
2331 2893 2396 2942 ad
2430 2889 2632 2943 Patrem
2655 2893 2783 2945 vado
2804 2907 2825 2945 :

2287 2978 2353 3033 Et
2378 2983 2710 3049 quodcunque
2736 2982 2975 3051 petieritis
2997 2982 3047 3034 in
3067 2983 3269 3037 nomine
3290 3000 3419 3048 meo,
3449 2986 3543 3038 hoc
3568 2987 3759 3055 faciam.

2220 3067 2319 3134 Qui
2347 3068 2566 3134 dixerat,
2597 3070 2765 3137 faciet,
2809 3079 2985 3138 postea
3027 3072 3209 3140 faciam
3236 3073 3385 3128 dicit.
3411 3073 3571 3127 Porro
3601 3085 3761 3127 autem

2222 3158 2420 3227 majora
2452 3174 2542 3227 per
2570 3176 2689 3214 eum
2724 3161 2919 3226 facere,
2962 3177 3115 3230 quam
3150 3174 3341 3232 praeter
3374 3180 3519 3233 eum,
3548 3180 3651 3219 non
3696 3177 3769 3219 est

2218 3249 2461 3314 deiectio,
2503 3252 2595 3306 sed
2640 3253 2893 3320 dignatio.
2937 3254 3072 3321 Quid
3118 3256 3259 3310 enim
3302 3258 3599 3313 retribuant
3639 3260 3766 3312 servi

2220 3338 2441 3405 Domino
2469 3355 2563 3410 pro
2591 3345 2835 3398 omnibus
2869 3362 2983 3414 que
3020 3348 3261 3402 retribuit
3287 3350 3399 3403 eis?
3436 3351 3761 3420 quandoqui-

2219 3431 2338 3486 dem
2370 3434 2505 3488 inter
2534 3446 2720 3491 czetera
2754 3440 2886 3491 bona
2919 3440 3077 3492 etiam
3109 3440 3209 3494 hoc
3237 3440 3316 3494 eis
3345 3442 3547 3497 donare
3590 3443 3764 3509 digna-

2221 3534 2302 3578 tus
2325 3535 2425 3590 est,
2456 3537 2510 3579 ut
2542 3527 2739 3595 majora
2764 3528 2960 3582 faceret
2985 3544 3077 3595 per
3100 3530 3219 3583 illos
3241 3546 3395 3597 quam
3428 3540 3619 3597 prieter
3639 3532 3767 3584 illos.

2220 3616 2403 3671 Nonne
2451 3618 2517 3670 ab
2570 3633 2663 3672 ore
2710 3620 2876 3687 ipsius
2923 3620 3070 3673 dives
3120 3620 3208 3674 ille
3269 3623 3437 3677 tristis
3500 3624 3765 3684 abscessit,

2219 3708 2430 3773 quando
2458 3709 2579 3761 vita:
2607 3718 2816 3771 internae
2845 3711 3124 3765 consilium
3162 3714 3301 3780 quod
3332 3713 3597 3781 quaesivit,
3630 3715 3767 3767 audi-

2222 3805 2329 3850 tum
2370 3798 2561 3867 abjecit
2598 3799 2751 3867 (Luc.
2787 3801 2979 3865 svnt)?
3011 3803 3075 3855 Et
3120 3811 3292 3855 tamen
3345 3814 3683 3873 posteaquam
3710 3807 3769 3856 ab

2221 3886 2311 3940 illo
2338 3888 2578 3941 auditum
2606 3904 2711 3944 non
2741 3890 2864 3944 fecit
2894 3907 3050 3954 unus,
3079 3892 3317 3945 iecerunt
3346 3895 3520 3957 multi,
3550 3909 3669 3949 cum
3701 3895 3769 3946 lo-

2220 3987 2474 4040 queretur
2498 3992 2587 4045 per
2612 3979 2898 4045 discipulos
2928 3981 3175 4050 magister
3197 3984 3385 4036 bonus.
3414 3983 3550 4037 Ecce
3578 3984 3765 4050 majora

2222 4064 2340 4119 fecit
2391 4066 2703 4133 prmdicatus
2740 4082 2767 4119 a
2815 4069 3169 4128 credentibus.
3221 4086 3376 4138 quam
3427 4072 3634 4125 locutus
3681 4086 3767 4123 au-

2220 4156 2506 4209 dientibus.
2539 4156 2730 4211 Verum
2766 4158 2863 4211 hoc
2890 4158 3063 4212 adhuc
3102 4168 3279 4213 movet
3322 4161 3462 4226 quod
3509 4161 3621 4214 haec
3668 4176 3767 4213 me-

2216 4246 2333 4315 jora
2382 4265 2475 4314 per
2514 4250 2785 4317 apostolos
2832 4251 2989 4305 fecit:
3025 4267 3129 4305 non
3178 4261 3357 4306 autem
3402 4256 3543 4319 ipsos
3573 4261 3764 4306 tantum

2219 4340 2521 4407 signiﬁcans
2558 4340 2630 4392 ait
2663 4359 2674 4393 :
2712 4340 2880 4407 Opera
2908 4358 3021 4409 quis
3061 4359 3151 4410 ego
3181 4344 3333 4411 facio,
3364 4352 3411 4395 et
3442 4359 3527 4395 vos
3565 4344 3767 4411 facietis,

561 4453 653 4491 cor
679 4439 988 4507 postulantis
1019 4442 1257 4505 videbat;
1290 4452 1535 4509 tanquam
1567 4444 1706 4495 enim
1742 4444 1929 4497 melior
1960 4446 2112 4500 Pater
2145 4455 2192 4512 ι)
2220 4444 2262 4482 σε
2293 4432 2485 4499 majora
2529 4431 2707 4485 Ῑιοτηηι
2736 4433 2961 4499 ladem;
2987 4432 3076 4487 53d
3109 4448 3290 4487 ⁰¹ηηθε
3329 4433 3394 4486 ad
3425 4450 3575 4487 suam
3617 4434 3765 4487 Ialm"

556 4540 695 4583 esset
725 4545 880 4599 quam
915 4530 1093 4592 Filius,
1126 4534 1193 4584 ita
1238 4532 1507 4599 Philippus
1553 4533 1757 4587 Patrem
1810 4550 1967 4591 nosse
2017 4552 2116 4591 cu-

559 4620 748 4686 piebat,
776 4628 830 4672 et
876 4620 992 4672 ideo
1023 4634 1118 4673 nec
1169 4620 1358 4675 Filium
1406 4622 1628 4686 sciebat,
1657 4638 1760 4689 quo
1796 4624 1981 4677 melius
2011 4625 2111 4677 ali-

556 4714 678 4783 quid
715 4729 831 4768 esse
874 4716 1139 4768 credebat.
1168 4715 1243 4767 Ad
1293 4715 1428 4767 hunc
1479 4731 1691 4769 sensum
1742 4718 2113 4786 corrigendum

557 4806 752 4859 dictum
783 4816 895 4868 est,
927 4806 1024 4870 Qui
1054 4805 1183 4857 videt
1210 4822 1305 4867 me,
1339 4809 1467 4860 videt
1497 4817 1542 4860 et
1579 4806 1781 4860 Patrem
1809 4826 1818 4859 :
1849 4810 2114 4876 quomodo

560 4906 615 4949 tu
657 4897 804 4959 dicis,
843 4898 1059 4949 Ostende
1094 4899 1234 4950 nobis
1270 4898 1510 4951 Patrem?
1541 4899 1702 4953 Video
1750 4901 2021 4968 quomodo.
2060 4912 2111 4954 tu

565 4989 707 5042 dicas
733 5006 745 5039 :
771 5005 869 5039 nou
902 4990 1121 5042 alterum
1148 4989 1343 5057 quaeris
1368 4989 1547 5044 videre
1570 4990 1822 5055 similem,
1846 4990 1937 5045 sed
1965 4990 2109 5043 illum

564 5085 712 5146 putas
739 5091 854 5130 esse
886 5077 1179 5131 meliorem.

636 5168 752 5223 Non
782 5169 941 5223 credis
966 5171 1080 5236 quia
1125 5186 1211 5239 ego
1242 5171 1293 5222 in
1330 5169 1499 5235 Patre,
1531 5185 1575 5223 et
1608 5171 1761 5223 Pater
1786 5173 1837 5224 in
1886 5188 1962 5225 me
2002 5173 2117 5225 est?

570 5261 672 5315 Cur
704 5261 752 5313 in
784 5260 1040 5313 similibus
1089 5261 1388 5313 distantiam
1439 5262 1585 5326 cupis
1628 5262 1876 5315 cernere?
1900 5262 2002 5315 Cur
2034 5263 2114 5315 itt-

569 5354 889 5421 separabiles
916 5355 1195 5421 separatim
1228 5354 1494 5406 desideras
1525 5355 1715 5406 nosse?

637 5448 801 5499 Verba
843 5462 952 5513 qua!
980 5462 1069 5515 ego
1109 5445 1287 5512 loquor
1315 5448 1467 5510 vobis,
1496 5462 1525 5497 α
1554 5447 1743 5514 meipso
1788 5461 1885 5496 non
1917 5446 2110 5514 loquor.

569 5537 718 5590 I’nter
746 5549 909 5588 autem
938 5538 987 5588 in
1013 5552 1090 5587 me
1121 5552 1345 5596 manens,
1378 5538 1478 5605 ipse
1505 5536 1623 5603 facit
1656 5552 1827 5599 opera.
1863 5534 1979 5586 Non
2008 5548 2115 5586 cre-

561 5631 677 5681 ditis
703 5630 817 5697 quia
857 5645 947 5697 ego
987 5628 1040 5680 in
1074 5626 1247 5688 Patre,
1274 5636 1317 5679 et
1353 5626 1502 5678 Pater
1529 5628 1578 5679 in
1612 5643 1687 5676 me
1715 5626 1822 5676 rst.’
1851 5626 2111 5691 Alioquin,

562 5732 665 5777 εις.
685 5723 817 5790 Ergo
832 5730 883 5777 ct
904 5721 1056 5776 verba
1080 5734 1235 5788 opera
1257 5718 1410 5774 sunt?
1434 5720 1594 5775 Plane
1617 5718 1684 5773 ita
1708 5725 1804 5773 est.
1827 5716 1955 5772 Nam
1982 5732 2106 5787 pro-

2218 4523 2336 4584 léam
2386 4523 2703 4589 pertinentes
2748 4522 2967 4590 in'clligi
2999 4523 3199 4586 volens,
3238 4523 3335 4587 Qui
3381 4524 3544 4576 credit
3587 4525 3638 4575 in
3680 4540 3766 4581 me.

2218 4617 2414 4683 inquit,
2440 4633 2589 4684 opera
2621 4632 2733 4685 qua:
2772 4633 2861 4685 ego
2904 4618 3037 4683 facio
3076 4626 3121 4667 et
3151 4616 3255 4683 ipse
3286 4617 3457 4685 faciet,
3487 4628 3532 4669 et
3581 4620 3767 4684 nijra

2216 4706 2396 4762 horum
2440 4710 2607 4777 faciet.
2650 4709 2705 4763 Si
2732 4724 2860 4779 ergo
2900 4710 2988 4776 qui
3033 4708 3197 4762 credit
3246 4707 3423 4775 faciet,
3471 4725 3575 4763 non
3611 4709 3771 4762 credit

2218 4800 2394 4865 utique
2415 4798 2502 4866 qui
2530 4816 2631 4852 non
2655 4799 2841 4862 faciet;
2866 4798 3020 4852 sicuti
3045 4808 3127 4852 est
3154 4817 3165 4850 :
3198 4798 3298 4865 Qui
3319 4800 3485 4870 diligit
3509 4816 3606 4862 me,
3639 4818 3771 4851 man-

2215 4890 2334 4941 data
2355 4905 2464 4942 mea
2493 4890 2704 4943 custodit
2728 4889 2938 4960 (Matth.
2964 4888 3055 4957 vn)
3084 4906 3093 4939 :
3128 4889 3265 4942 unde
3293 4890 3533 4957 profecm
3562 4890 3650 4957 qui
3675 4906 3767 4941 non

2214 4978 2460 5039 custodit,
2493 4994 2593 5031 non
2622 4980 2806 5046 diligit.
2843 4979 2967 5033 Item
2999 4980 3102 5031 alio
3135 4979 3253 5033 loco
3286 4998 3297 5031 :
3337 4979 3437 5045 Qui
3465 4983 3652 5041 audit,
3703 4983 3773 5031 in-

2214 5071 2356 5136 quit,
2388 5071 2533 5123 verba
2563 5087 2671 5123 mea
2718 5072 2846 5135 litl’C,
2881 5080 2924 5122 et
2966 5071 3086 5138 facit
3126 5086 3207 5134 ea,
3233 5071 3462 5123 similabo
3513 5088 3629 5123 eum
3678 5074 3771 5123 tio

2217 5162 2471 5226 prudenti,
2506 5160 2593 5229 qui
2637 5160 2903 5227 aediﬁcavit
2931 5162 3138 5212 domum
3186 5175 3329 5211 suam
3380 5176 3532 5227 super
3562 5171 3769 5229 petram.

2216 5252 2311 5315 Qui
2340 5266 2465 5320 ergo
2509 5265 2613 5303 non
2656 5259 2740 5305 est
2765 5246 2954 5304 similis
3001 5250 3119 5303 huic
3150 5250 3263 5304 viro
3296 5251 3559 5316 prudenti,
3599 5250 3769 5317 procul

2215 5346 2318 5399 dub
2343 5360 2373 5395 o
2421 5354 2508 5397 aut
2538 5345 2695 5398 verba
2752 5358 2865 5395 mea
2900 5343 3010 5395 haec
3064 5343 3208 5396 audit
3249 5352 3302 5396 et
3340 5350 3442 5395 non
3500 5340 3661 5404 facit,
3695 5352 3772 5391 aut

2216 5439 2429 5489 Omnino
2456 5451 2555 5490 nec
2585 5435 2749 5497 audit,
2781 5450 2877 5488 nec
2904 5434 3045 5488 facit.
3074 5436 3172 5500 Qui
3196 5434 3359 5486 credit
3385 5436 3437 5485 in
3460 5450 3560 5498 me,
3587 5432 3769 5501 inquit,

2215 5530 2325 5580 licet
2355 5529 2615 5591 moriatur,
2645 5528 2785 5579 vivet.
2815 5526 2911 5592 Qui
2946 5540 3070 5593 ergo
3108 5527 3157 5577 in
3204 5539 3288 5577 me
3319 5541 3421 5577 non
3452 5525 3650 5588 credit,
3679 5540 3771 5575 non

2216 5621 2390 5684 utique
2412 5619 2571 5671 vivet.
2604 5617 2728 5671 Tale
2756 5618 2915 5669 etiam
2963 5619 3062 5682 hoc
3091 5626 3169 5668 est
3200 5631 3210 5666 :
3247 5615 3347 5680 Qui
3377 5618 3534 5667 credit
3585 5617 3635 5665 in
3680 5630 3772 5673 me,

2212 5709 2359 5778 faciet
2392 5707 2691 5780 (domum).
2736 5707 2850 5762 Non
2893 5707 3067 5778 itaque
3105 5704 3278 5761 credit
3322 5704 3410 5773 qui
3440 5719 3549 5759 non
3599 5702 3769 5756 faciet.
