3884 6232
144 367 236 422 895

1017 361 1084 416 ΙΝ
1121 361 1180 418 S.
1225 359 1510 415 JOANNIS
1551 353 1994 412 EVANGELIUM
2037 357 2412 415 EXPOSITIO.

3273 362 3381 430 820

147 479 267 548 Quid
314 488 393 533 cst
425 479 549 540 hoc,
593 477 818 534 fratres?
855 474 1098 543 Nunquid
1153 476 1288 529 inter
1335 473 1613 528 credentes
1643 471 1694 523 in
1725 469 1769 524 Α
1802 465 2080 535 vigilanter
2105 467 2224 522 andi
2276 469 2415 536 quod
2457 469 2565 524 illic
2614 471 2843 538 positum
2883 480 3009 525 est:
3065 470 3128 525 In
3172 475 3382 529 nomine

146 570 390 624 Curistum
442 581 548 620 non
600 578 688 622 est
743 565 1152 634 computandns,
1207 564 1295 632 qui
1354 574 1460 614 non
1514 557 1697 614 fecerit

146 670 289 723 Opera
318 655 516 722 majora
551 670 712 724 quam
740 653 1015 709 Christus?
1047 653 1241 707 Durum
1272 657 1374 713 est,
1406 647 1696 712 absurdum

146 759 234 812 est,
264 747 381 799 ferri
407 761 512 798 non
541 753 739 812 potest,
769 759 871 800 non
904 743 1182 805 toleratur,
1217 739 1316 794 nisi
1347 737 1693 806 intelligatur.

149 835 436 904 Apostolunt
463 834 633 904 igitur
660 833 935 888 audiamus
961 850 974 884 :
1003 830 1256 895 Credenti,
1287 828 1474 898 inquit,
1501 829 1554 880 iu
1582 841 1694 880 eum

145 929 220 995 qui
231 925 471 998 justiﬁcat
501 924 745 992 impium,
767 923 1033 994 deputatur
1053 922 1179 989 fides
1211 921 1324 989 ejus
1351 918 1417 972 ad
1435 918 1697 987 justitiam

150 1015 307 1087 (Rom.
330 1015 423 1082 tv).
446 1014 506 1068 in
550 1000 683 1069 hoc.
702 1029 863 1081 Opere
888 1012 1110 1066 facimus
1134 1025 1294 1078 opera
1321 1008 1542 1073 Christi,
1571 1006 1696 1076 quia

148 1118 195 1162 et
219 1107 375 1174 ipsum
405 1102 633 1162 credere
662 1105 712 1158 in
743 1101 1034 1165 Christum,
1063 1113 1196 1170 Opus
1226 1107 1310 1154 est
1334 1096 1550 1152 Christi.
1588 1096 1699 1150 lioc

149 1206 376 1266 operatur
402 1199 452 1250 in
474 1196 662 1260 nobis,
695 1210 796 1251 non
837 1196 1022 1265 utique
1064 1193 1180 1248 sine
1211 1191 1387 1247 nobis.
1418 1190 1554 1245 Audi
1585 1188 1694 1258 jcm

147 1302 278 1357 ergo,
300 1296 359 1342 et
390 1287 631 1359 intelligo
665 1304 679 1341 :
710 1286 806 1350 Qui
835 1286 994 1340 credit
1025 1285 1077 1338 in
1105 1297 1185 1337 me
1207 1323 1224 1349 ,
1268 1297 1422 1349 opera
1443 1295 1558 1350 qua
1601 1293 1693 1350 ego

147 1379 285 1448 jacio,
314 1387 358 1430 et
385 1378 500 1445 ipse
513 1378 694 1447 faciet.
725 1376 874 1431 Prius
902 1389 1030 1443 ergo
1059 1373 1267 1437 faciam,
1285 1369 1479 1425 deinde
1503 1369 1698 1436 et'ipso

145 1468 304 1535 faciet,
319 1468 437 1536 quia
455 1467 593 1522 facio
621 1477 676 1522 ut
703 1466 876 1521 faciat.
891 1465 1021 1532 Qua:
1042 1477 1223 1532 opera,
1239 1461 1343 1516 nisi
1367 1471 1423 1515 ut
1449 1475 1513 1514 ex
1534 1461 1697 1527 impio

142 1560 295 1629 justus
312 1558 432 1612 fiat?
451 1557 513 1610 Et
536 1558 744 1628 majora
770 1555 952 1609 horum
979 1553 1149 1624 faciet.
1163 1552 1402 1620 Quorum
1426 1550 1654 1605 obsecro
1673 1549 1698 1602 τ

145 1647 479 1718 nunquidnam
499 1647 740 1702 omnium
763 1659 984 1714 operum
1003 1642 1203 1699 Christi
1221 1639 1422 1710 majora
1440 1637 1586 1704 facit,
1603 1638 1692 1707 qui

143 1753 249 1794 cum
277 1738 460 1792 timore
480 1747 531 1791 et
563 1745 799 1791 tremore
817 1749 965 1789 suam
994 1733 1160 1803 ipsius
1190 1732 1415 1788 salutem
1443 1739 1710 1800 operatur.

1801 574 1932 614 meo.
1985 558 2158 626 ipsum
2188 560 2353 626 enim,
2413 561 2780 629 Quodcunque,
2826 579 2929 618 nou
2972 565 3066 628 ait,
3116 564 3378 632 petieritis,

1801 663 2108 720 utcunque,
2159 653 2252 707 sed
2297 655 2350 707 in
2395 656 2599 708 nomine
2643 671 2776 709 meo.
2807 658 2912 725 Qui
2961 659 3205 727 promisit
3252 673 3383 728 ergo

1801 749 1905 794 tam
1974 757 2221 812 magnum
2275 743 2632 812 beneficium,
2687 747 2808 814 quis
2869 747 3125 802 vocaturi
3182 746 3380 816 Utique

1798 832 2042 886 Christus
2061 833 2236 888 Jesns.
2256 833 2496 889 Christus
2524 833 2786 906 signiﬁcat
2811 851 3016 904 regem,
3033 837 3190 894 Jesns
3213 837 3381 908 signi-

1801 919 2614 994 ilcatSaivatorem.Nonitaqtte
2642 925 2818 980 salvae
2843 941 2940 980 nos
2970 925 3131 982 faciet
3153 929 3377 998 quicun-

1799 1025 1902 1081 que
1921 1028 2012 1068 res
2026 1053 2039 1076 ,
2055 1012 2147 1068 sed
2175 1027 2267 1067 rex
2298 1012 2560 1069 Salvator.
2584 1011 2663 1070 Ac
2688 1031 2782 1084 per
2799 1017 2900 1070 hoc
2917 1017 3267 1085 quodcunque
3285 1032 3382 1088 pc-

1801 1104 1960 1156 timus
1985 1102 2240 1158 adversus
2270 1105 2553 1159 utilitatem
2577 1105 2782 1170 salutis,
2808 1122 2912 1160 non
2944 1105 3174 1175 petimus
3195 1107 3249 1161 in
3277 1122 3378 1162 no-

1800 1193 1944 1246 mine
1959 1191 2254 1247 Salvatoris
2271 1211 2283 1245 :
2300 1203 2353 1248 et
2371 1203 2547 1247 tamen
2564 1194 2677 1262 ipse
2691 1193 2938 1249 Salvator
2957 1203 3059 1260 est,
3079 1211 3183 1249 non
3203 1197 3377 1250 solum

1799 1283 2014 1353 quando
2037 1283 2163 1338 facit
2185 1284 2326 1354 quod
2359 1285 2613 1355 petimus,
2643 1301 2828 1340 verum
2855 1287 3014 1342 etiam
3035 1290 3247 1355 quando
3272 1303 3379 1344 non

1801 1373 1955 1427 facit:
1976 1373 2223 1443 quoniam
2239 1375 2376 1442 quod
2400 1374 2545 1430 videt
2563 1376 2668 1444 peti
2697 1385 2882 1430 contra
2910 1377 3279 1444 salutem,jton
3299 1376 3400 1447 fu,-~

1798 1464 2011 1530 clendo,
2029 1466 2206 1534 potius
2227 1481 2285 1524 se
2303 1467 2522 1522 exhibet
2543 1467 2895 1525 Salvatorem.
2920 1468 3075 1525 Novit
3097 1471 3240 1525 enim
3265 1485 3379 1527 me-

1799 1553 1951 1612 dicus
1973 1557 2102 1626 quid
2130 1572 2228 1625 pro
2248 1573 2362 1624 sua,
2394 1559 2519 1628 quid
2548 1567 2732 1614 contra
2762 1573 2915 1614 suam
2942 1560 3168 1629 salutem
3195 1571 3379 1629 poscat

1800 1657 2035 1716 aegrotus
2069 1663 2084 1702 :
2117 1656 2173 1702 et
2201 1647 2325 1703 ideo
2362 1650 2632 1703 contraria
2666 1651 2933 1718 poscentis
2981 1662 3088 1706 non
3131 1651 3254 1706 facit
3282 1665 3376 1707 vo-

1804 1722 2084 1802 luntatem,
2117 1745 2174 1790 ut
2225 1735 2387 1791 faciat
2437 1738 2740 1794 sanitatem.
2774 1738 3117 1810 Quapropter
3162 1726 3377 1810 quando

142 1828 382 1897 (Philipp.
411 1827 508 1898 ιι),
539 1827 686 1897 quod
737 1826 918 1893 utique
943 1825 995 1880 in
1014 1800 1136 1890 illo,
1168 1821 1261 1878 sed
1303 1835 1410 1877 non
1457 1822 1573 1877 sine
1606 1819 1697 1874 illo

1807 1825 2047 1880 volumus
2070 1800 2134 1881 ut
2162 1825 2320 1881 faciat
2359 1828 2712 1896 quodcunque
2763 1800 3012 1897 petimus;
3054 1819 3158 1882 non
3181 1800 3378 1884 utcun-

141 1919 362 1973 Cbristus
386 1916 685 1986 operatur?
713 1915 934 1971 Prorsus
962 1914 1138 1982 majus
1181 1914 1283 1967 hoc
1302 1926 1422 1968 esse
1449 1910 1696 1977 dixerim,

141 2020 281 2076 quam
322 2016 401 2060 est
427 2004 630 2060 caalutn
673 2014 729 2060 et
768 2013 934 2068 terra,
965 2013 1018 2059 et
1045 2015 1373 2072 quascunque
1409 2011 1700 2057 cernuntur

141 2100 188 2154 in
208 2099 334 2153 creto
349 2107 403 2152 ct
426 2096 478 2150 in
505 2105 674 2151 terra.
693 2096 758 2150 Et
779 2094 972 2150 cmlnm
1001 2093 1147 2148 enim
1175 2103 1230 2147 et
1256 2104 1396 2148 terra
1428 2093 1696 2156 transibit,

140 2189 620 2261 pradestinatorum
649 2195 823 2240 autem
853 2185 996 2240 salus
1041 2197 1094 2239 et
1137 2183 1451 2254 jttstiflcatiu
1480 2199 1693 2252 perma-

145 2280 292 2336 nebit.
327 2279 378 2333 In
426 2278 533 2332 illis
582 2285 790 2331 tantum
845 2290 1004 2345 opera
1039 2275 1154 2340 Dei,
1183 2273 1235 2329 in
1282 2275 1365 2329 his
1409 2285 1584 2329 autem
1615 2283 1697 2330 est

141 2369 284 2422 etiam
313 2369 482 2434 imago
506 2365 626 2419 Dei.
658 2365 760 2419 Sed
798 2364 849 2418 in
877 2365 1027 2420 caelis
1058 2365 1236 2430 sedes,
1285 2363 1692 2427 dominationes,

145 2457 467 2527 principatus,
484 2464 809 2526 potestates,
831 2453 1161 2524 archangeli,
1187 2472 1232 2508 at
1257 2457 1380 2526 geli,
1397 2471 1557 2525 opera
1574 2463 1697 2511 sunt

145 2550 604 2621 Christiznunquid
621 2553 780 2606 etiam
808 2552 892 2606 his
917 2552 1176 2620 operibus
1201 2552 1400 2617 majora
1433 2549 1580 2612 facit,
1606 2549 1696 2618 qui

147 2652 378 2709 operante
407 2642 460 2696 in
490 2657 551 2697 se
579 2643 800 2698 Christo
827 2652 1145 2712 coeperatur
1185 2653 1435 2696 aeternam
1472 2641 1695 2694 salutem

147 2747 200 2786 ac
222 2732 650 2802 justificationetn
677 2734 867 2788 suam?
895 2735 1006 2786 Non
1039 2733 1126 2787 hic
1151 2731 1322 2784 audeo
1368 2730 1697 2799 praecipitare

147 2823 457 2876 sententiam.
481 2822 746 2891 intelligat
768 2823 854 2890 qui
888 2830 1082 2890 potest,
1129 2821 1338 2888 judicet
1371 2819 1458 2888 qui
1495 2827 1694 2888 potest,

149 2924 302 2968 utrum
327 2915 494 2983 majus
516 2914 779 2981 sitjustos
795 2928 975 2968 creare
993 2927 1147 2982 quam
1171 2913 1359 2981 itnpios
1380 2911 1469 2982 jus
1497 2913 1694 2967 ificare.

149 3004 285 3060 Certe
321 3008 457 3059 enim
491 3006 536 3060 si
590 3006 814 3074 aqualis
842 3015 924 3058 est
964 3016 1244 3073 utrumque
1286 3006 1555 3071 potentiae,
1599 3005 1698 3060 hoc

150 3097 344 3163 majoris
373 3105 450 3149 est
478 3094 886 3149 misericordias.
919 3094 1029 3149 iioc
1055 3105 1136 3149 est
1178 3096 1322 3149 enim
1375 3096 1584 3164 pietatis
1611 3109 1696 3148 sa-

150 3194 479 3253 cramentum,
510 3187 657 3253 quod
689 3185 1026 3240 manifestum
1068 3196 1153 3240 est
1211 3186 1263 3239 iu
1302 3200 1480 3250 carne,
1511 3187 1700 3252 justiti-

150 3289 306 3332 catum
333 3286 414 3332 est
452 3277 514 3339 in
563 3277 778 3346 spiritu,
808 3276 1052 3343 apparuit
1089 3275 1314 3344 angelis,
1363 3274 1701 3342 praedicatum

152 3366 484 3435 estgentibus,
512 3367 780 3420 creditum
813 3373 899 3418 est
933 3365 1147 3428 mundo,
1181 3371 1511 3428 assumptum
1540 3373 1621 3417 est
1649 3365 1701 3417 in

151 3457 313 3524 g|0ria.
339 3456 438 3510 Sed
469 3457 651 3509 omnia
682 3470 843 3520 0;:cra
874 3455 1069 3509 Christi
1120 3455 1443 3521 intelligere,
1480 3455 1564 3507 ubi
1607 3455 1703 3516 ait,

156 3547 335 3614 Majora
381 3547 565 3598 horum
621 3545 810 3614 faciet.
869 3544 1010 3596 nulla
1063 3559 1160 3598 nos
1214 3545 1504 3596 necessitas
1544 3544 1702 3610 cogit.

153 3634 326 3688 llorum
356 3633 494 3687 enim
534 3632 756 3685 forsitz-n
789 3633 917 3684 disit
971 3647 1092 3698 qua
1141 3631 1228 3684 ille
1259 3630 1482 3684 faciebat
1515 3648 1528 3684 :
1582 3640 1706 3685 tunc

152 3737 304 3778 autem
336 3725 493 3779 verba
531 3721 654 3776 ﬁdei
686 3723 932 3787 faciebat,
964 3732 1018 3774 ct
1057 3724 1122 3775 de
1151 3722 1233 3776 his
1263 3723 1516 3788 operibus
1540 3721 1707 3776 fuerat

156 3817 462 3884 pralocutus,
493 3814 722 3868 dicens:
768 3812 932 3865 Verba
960 3828 1074 3880 qua:
1119 3829 1209 3880 ego
1263 3813 1441 3877 loquor
1481 3813 1638 3877 vobis,
1677 3828 1706 3865 a

153 3921 221 3957 nte
243 3907 342 3974 ipso
373 3921 469 3957 non
495 3906 679 3971 loquor
703 3918 723 3956 :
757 3901 910 3955 Pater
935 3914 1102 3957 autem
1150 3904 1202 3954 in
1251 3919 1326 3955 nte
1353 3919 1577 3966 manens,
1602 3903 1708 3970 ipse

157 3996 264 4064 facit
283 4011 502 4060 operam.
535 3994 685 4048 Tunc
713 3995 868 4063 igitur
890 3995 1047 4047 verba
1073 3994 1188 4060 ejus
1214 4004 1366 4046 erant
1388 4008 1545 4060 Opera
1569 3994 1705 4062 ejus.

159 4089 214 4141 Et
235 4087 402 4155 utique
445 4087 624 4139 minus
653 4095 736 4139 est
787 4086 945 4138 verba
973 4085 1193 4152 justitia:
1228 4087 1535 4152 Prmdicare,
1569 4087 1707 4152 quod

159 4176 267 4232 fecit
289 4188 471 4246 prreter
502 4191 620 4242 nos,
653 4191 809 4243 quam
864 4176 1055 4245 impios
1108 4177 1422 4244 justificare,
1453 4178 1593 4247 quod
1638 4179 1708 4232 ita

158 4271 268 4324 fecit
303 4271 349 4322 in
381 4269 555 4329 nobis,
592 4278 643 4319 ut
673 4267 925 4319 faciamus
956 4276 1007 4318 et
1040 4280 1156 4319 nos.

225 4359 344 4424 Quia
366 4373 453 4426 ego
470 4359 536 4409 ad
563 4355 768 4408 Patrem
787 4356 948 4408 uado:
979 4357 1366 4422 etquodcunque
1391 4357 1631 4422 petieritis
1655 4357 1708 4410 in

1800 1930 1927 1984 que,
1957 1916 2049 1970 sed
2083 1915 2134 1970 in
2166 1916 2384 1970 nomine
2433 1915 2551 1986 ejus
2595 1925 2859 1986 petamus.
2899 1916 3051 1984 Quod
3088 1917 3132 1971 si
3164 1917 3372 1987 fecerit,

1801 2017 1860 2062 ut
1878 2008 2122 2066 Salvator
2149 2009 2294 2074 facit,
2323 2010 2463 2079 quod
2489 2019 2574 2064 est
2598 2024 2792 2065 nomen
2820 2005 2942 2078 ejus
2965 2009 3208 2064 fidelibus
3233 2009 3373 2079 ejus.

1801 2099 2118 2168 Est'quippe
2147 2099 2322 2167 impiis
2353 2111 2407 2154 et
2436 2100 2836 2169 damnator,qui
2860 2101 3108 2172 dignatur
3130 2100 3374 2157 fidelibus

1797 2197 1918 2244 esse
1949 2189 2206 2244 salvator.
2241 2191 2338 2256 Qui
2362 2204 2490 2259 ergo
2506 2193 2675 2246 credit
2695 2192 2745 2244 in
2762 2183 3268 2261 eum,quodcunquc
3285 2207 3375 2257 pc-

1801 2281 1945 2336 tierit
1977 2283 2027 2335 in
2046 2281 2262 2341 nomine
2290 2283 2430 2350 quod
2452 2290 2535 2336 est
2556 2282 2662 2336 illis
2677 2281 2765 2351 qui
2793 2283 3016 2338 credunt
3039 2283 3090 2338 in
3112 2297 3257 2351 cum,
3274 2282 3378 2338 boc

1802 2371 1956 2437 facit,
1986 2371 2362 2440 quoniamboc
2389 2373 2524 2427 sicut
2545 2373 2791 2429 Salvator
2815 2373 2958 2429 facit.
2989 2372 3044 2429 Si
3065 2383 3242 2429 autem
3285 2375 3377 2443 qui

1800 2463 1854 2517 in
1873 2478 1994 2518 eum
2014 2463 2421 2533 credit,.aliquid
2446 2479 2542 2532 per
2565 2462 2919 2533 ignorantiam
2939 2473 3122 2518 contra
3153 2463 3377 2518 salutem

1797 2566 1950 2606 suam
2003 2553 2174 2623 petit,
2225 2569 2330 2609 non
2383 2555 2434 2607 in
2467 2555 2685 2608 nomine
2736 2552 3041 2608 Saivatoris
3076 2553 3229 2622 petit,
3255 2552 3378 2621 quia

1799 2642 2044 2697 Salvator
2069 2645 2116 2699 ei
2166 2659 2269 2698 non
2297 2645 2424 2708 erit,
2454 2644 2498 2698 si
2522 2644 2664 2712 quod
2710 2645 2827 2711 ejus
2856 2645 3083 2698 salutem
3131 2642 3376 2710 impedit,

1798 2733 2003 2788 fecerit.
2036 2734 2184 2787 Unde
2232 2743 2356 2788 tunc
2397 2735 2613 2802 expedit
2665 2734 2838 2802 potius
2894 2745 2950 2788 ιιι
2979 2749 3083 2788 non
3137 2733 3378 2787 faciendo

1801 2835 2016 2892 propter
2061 2824 2198 2892 quod
2247 2825 2546 2890 invocatur,
2601 2825 2761 2878 faciat
2789 2825 2930 2892 quod
2968 2833 3208 2877 vocatur.
3247 2822 3378 2877 Pro-

1805 2921 1980 2982 pterea
2008 2930 2109 2966 ιιιιιι
2149 2914 2322 2967 solum
2367 2911 2638 2978 Salvator,
2673 2914 2764 2967 sed
2793 2917 2955 2967 etiam
3000 2914 3255 2980 magister
3285 2913 3379 2964 ho-

1804 3018 1924 3068 nus,
1953 3013 2006 3056 ut
2036 3002 2193 3057 faciat
2239 3002 2592 3072 quodcunque
2635 3004 2965 3072 petierimus,
2997 3004 3049 3058 in
3099 3005 3210 3072 ipsa
3251 3017 3377 3056 ora-

1807 3095 1953 3148 tione
1995 3110 2154 3162 quam
2212 3093 2365 3147 nobis
2420 3092 2589 3157 dedit,
2624 3093 2803 3146 docuit
2831 3093 2971 3164 quod
3021 3103 3291 3161 petamus,
3324 3100 3381 3145 ut

1805 3184 1964 3236 etiam
2004 3183 2080 3236 sic
2136 3179 2490 3251 intelligamus
2541 3197 2646 3235 non
2707 3193 3036 3250 petere-nos
3084 3185 3133 3235 in
3166 3183 3383 3236 nomine

1803 3271 2042 3342 tnagistri
2075 3271 2213 3339 quod
2246 3273 2470 3338 petimus
2522 3280 2714 3336 prtcter
2767 3273 3003 3341 regulam
3055 3272 3222 3340 ipsius
3262 3286 3378 3324 nia-

1803 3360 2025 3430 gisterii.
2057 3360 2202 3416 Sane
2233 3361 2477 3430 quaedam
2500 3357 2766 3430 'Quamvis
2792 3361 2844 3414 in
2883 3361 3098 3415 nomine
3125 3362 3242 3429 ejus
3289 3375 3380 3428 pe-

1805 3458 1994 3512 tamus,
2033 3449 2080 3502 id
2131 3460 2237 3512 est,
2271 3450 2564 3502 secundum
2607 3450 2922 3517 magistrum
2980 3459 3242 3518 petamus,
3275 3443 3379 3503 non

1805 3549 1929 3594 tunc
1955 3541 2166 3609 quando
2214 3543 2443 3608 petimus
2495 3541 2640 3604 facit,
2682 3542 2775 3594 sed
2810 3549 2987 3594 tamen
3023 3541 3161 3593 facit.
3198 3539 3379 3606 Neque

1807 3636 1948 3688 enim
1990 3633 2080 3700 qui
2115 3642 2170 3686 et
2199 3633 2324 3686 illud
2363 3634 2593 3700 petimus
2625 3632 2769 3696 facit,
2822 3640 2878 3684 ut
2929 3631 3104 3685 veniat
3161 3644 3380 3698 regnum

1809 3725 1897 3778 Dei
1925 3723 2137 3793 (Matth.
2171 3723 2282 3791 vt),
2331 3730 2616 3791 propterea
2664 3737 2765 3774 non
2811 3720 2931 3775 facit
2963 3720 3102 3790 quod
3132 3719 3380 3787 pedmus,

1806 3815 1926 3884 quia
1959 3832 2062 3868 non
2117 3816 2296 3868 statim
2329 3827 2446 3868 eum
2505 3815 2592 3868 illo
2639 3814 2690 3868 in
2736 3814 3031 3868 mteruitate
3076 3826 3380 3882 regnatnus.

1810 3904 2058 3959 Diﬂertur
2087 3907 2226 3958 enim
2255 3905 2396 3974 quod
2450 3905 2697 3976 petimus,
2733 3920 2836 3957 non
2869 3915 3114 3972 negatur.
3159 3904 3384 3958 Verum-

1809 4005 1984 4070 tamen
2015 4006 2252 4060 orantes,
2291 4006 2538 4061 tanquam
2571 3995 2898 4049 seminantes
2932 4009 3035 4046 non
3068 3994 3384 4047 deficiamus

1811 4087 2006 4160 (ροισι.
2035 4087 2151 4155 vt):
2185 4099 2425 4154 tempore
2467 4086 2609 4140 enim
2669 4085 2886 4152 proprio
2940 4094 3218 4138 metemus.
3267 4082 3381 4137 Non

1811 4187 1986 4232 autem
2021 4179 2353 4248 negligenter
2412 4175 2732 4230 audiendum
2779 4185 2881 4240 est,
2916 4173 3055 4242 quod
3105 4173 3380 4236 Dominus,

1814 4285 1881 4324 ne
1911 4271 2189 4338 quisquam
2221 4284 2344 4322 eum
2395 4279 2598 4335 putaret
2639 4266 2780 4336 quod
2831 4280 2905 4337 se
2940 4264 3179 4333 promisit
3209 4261 3387 4316 facere

1813 4361 2137 4429 petentibus,
2171 4362 2285 4414 sine
2319 4360 2472 4413 Patre
2504 4375 2622 4413 esse
2651 4359 2929 4420 facturum,
2964 4371 3083 4409 cum
3124 4353 3382 4407 dixisset:

161 4452 339 4503 nomine
360 4468 485 4510 meo,
507 4451 600 4502 hoc
621 4448 930 4516 faciam.Sic
962 4462 1088 4517 ergo
1121 4451 1348 4516 perrexit
1374 4451 1439 4503 ad
1473 4451 1700 4514 Patrem,
1741 4469 1786 4526 ι)
1815 4451 2164 4518 Quodcunque
2206 4451 2439 4515 petieritis
2471 4450 2522 4501 in
2571 4449 2770 4500 nomine
2815 4461 2957 4511 meo,
3007 4444 3101 4497 hoc
3153 4443 3335 4499 faciam
3364 4457 3385 4495 :

164 4551 212 4594 ut
262 4557 360 4594 non
397 4540 720 4610 relinqueret
772 4538 1088 4605 indigentes,
1136 4539 1228 4591 sed
1284 4541 1560 4594 exaudiret
1614 4557 1703 4608 pe-

165 4644 336 4689 tentes.
378 4634 480 4687 Sed
532 4633 652 4702 quid
706 4641 822 4695 est,
871 4631 1202 4698 quodcunque
1247 4632 1522 4700 petieritis,
1581 4648 1700 4686 cum

165 4725 412 4778 videamus
476 4724 786 4792 plerumque
824 4721 1005 4774 lideles
1057 4723 1171 4786 ejus
1227 4725 1448 4787 petere,
1502 4732 1554 4775 et
1595 4737 1699 4775 non

167 4816 426 4882 accipere?
457 4819 531 4867 An
565 4813 701 4866 forte
728 4825 1005 4881 propterea
1028 4813 1148 4878 quia
1173 4812 1308 4864 male
1333 4813 1550 4876 petunt?
1585 4827 1701 4864 nam

170 4905 258 4956 boc
284 4903 606 4971 exprobravit
646 4901 918 4968 apostolus
959 4897 1190 4952 Jacohtts
1229 4898 1414 4950 dicens
1455 4917 1465 4950 :
1503 4898 1702 4963 Petitis,

169 5004 208 5048 et
245 5012 334 5047 non
377 4995 617 5062 accipitis,
657 5007 716 5046 eo
745 4991 879 5060 quod
926 4991 1054 5042 male
1106 4990 1306 5059 petatis,
1337 4998 1387 5040 ut
1429 4990 1478 5041 in
1523 5006 1704 5041 concu-

171 5087 400 5150 piscentiis
443 5085 612 5137 vestris
674 5082 937 5134 inmutatis
979 5077 1180 5148 (Iacob.
1233 5079 1329 5139 tv).
1399 5078 1530 5131 Male
1581 5095 1706 5148 ergo

173 5193 342 5232 usurus
370 5193 432 5231 eo
465 5177 605 5246 quod
641 5176 748 5229 vult
781 5176 1042 5240 accipere,
1075 5173 1187 5227 Deo
1229 5173 1399 5239 potius
1424 5173 1706 5227 miserame

175 5283 264 5320 non
302 5267 500 5335 accipit.
559 5265 786 5320 Proinde
837 5265 880 5317 si
925 5262 1022 5316 hoc
1071 5261 1137 5316 ab
1181 5261 1270 5314 illo
1323 5262 1539 5325 petitur,
1573 5263 1709 5316 unde

178 5360 316 5413 homo
345 5360 540 5414 [aditur
583 5356 884 5420 exauditus,
927 5354 1092 5424 magis
1143 5351 1478 5409 metuendum
1510 5363 1612 5415 est,
1644 5370 1711 5408 ne

180 5452 301 5518 quod
343 5461 503 5519 posset
537 5465 644 5503 non
696 5448 822 5500 dare
855 5446 1130 5514 prepitius,
1162 5445 1250 5497 ιΙιιι
1290 5444 1472 5497 iratus.
1521 5447 1708 5497 Annon

183 5544 395 5594 videmus
441 5543 595 5596 israel
624 5552 706 5593 tas
759 5538 896 5590 malo
938 5525 1452 5604 suO'Iimpretrasse?
1509 5537 1712 5590 Concu-

185 5641 373 5696 plerant
399 5631 533 5685 enim
564 5631 811 5683 carnibus
834 5627 1199 5694 vcsci,q:dbus
1216 5627 1491 5696 pinebatur
1521 5642 1708 5680 manna

184 5721 242 5774 de
264 5722 388 5775 cosio
415 5719 596 5773 (Nunt.
648 5719 744 5786 at).
778 5716 972 5786 Evigila
1004 5717 1177 5787 igitur,
1225 5720 1380 5775 homo
1434 5719 1626 5783 ﬁdelis,
1659 5725 1713 5772 et

1808 4540 2060 4594 continuo
2081 4537 2307 4606 subjecit
2340 4555 2352 4591 2

1880 4628 1945 4683 Ut
1966 4627 2276 4697 giori/icetur
2303 4625 2451 4678 Pater
2477 4627 2529 4678 in
2556 4625 2710 4690 Filio,
2735 4622 2779 4675 si
2801 4623 2924 4692 quid
2951 4620 3191 4691 petieritis
3213 4621 3266 4672 in
3292 4634 3386 4672 tto-

1806 4721 1937 4773 mine
1961 4735 2104 4780 meo,
2132 4718 2224 4770 hoc
2254 4717 2459 4783 faciant.
2509 4716 2664 4769 Nullo
2704 4715 2863 4768 modo
2900 4712 3056 4781 igitur
3081 4711 3197 4789 sine
3225 4711 3384 4764 Patro

1809 4811 1950 4874 facit,
1974 4810 2398 4880 quandoquidem
2423 4817 2476 4859 ut
2506 4807 2555 4859 in
2576 4808 2664 4859 illo
2681 4806 2833 4860 Pater
2851 4805 3197 4874 glorificetur,
3230 4816 3388 4868 prop-

1808 4909 1950 4954 terea
1973 4901 2110 4953 facit.
2140 4897 2283 4952 Facit
2313 4913 2440 4967 ergo
2469 4897 2622 4950 Pater
2651 4899 2698 4948 in
2728 4896 2890 4961 Filio,
2915 4903 2971 4946 ιιι
2997 4893 3167 4947 Filius
3191 4890 3390 4961 gloriro

1806 5004 1953 5048 cetur
1982 4995 2032 5048 in
2066 4994 2240 5047 Patre.
2276 4993 2339 5046 Et
2368 4990 2490 5045 facit
2523 4991 2681 5043 Filius
2719 4990 2770 5043 in
2803 4989 2979 5050 Patre.
3013 4997 3068 5042 ut
3097 4988 3249 5042 Pater
3276 4988 3389 5058 glo-

1809 5085 2039 5139 rificetur
2061 5085 2111 5137 in
2138 5085 2270 5137 Filio
2300 5099 2314 5135 :
2344 5083 2588 5150 quoniam
2618 5095 2778 5134 unum
2802 5090 2922 5132 sunt
2943 5079 3094 5132 Pater
3121 5089 3171 5131 et
3197 5076 3381 5133 Filius.

1811 5175 2062 5244 Spiritutn
2116 5173 2434 5242 paracictum
2493 5172 2734 5223 Christus
2796 5168 3038 5238 promisit
3107 5167 3384 5236 apostolis.

1809 5267 1923 5333 Quo
1949 5279 2122 5317 autem
2155 5265 2312 5316 modo
2337 5261 2663 5329 promiserit,
2696 5261 3040 5312 advertamus
3074 5274 3088 5310 :

1883 5357 1942 5410 Si
1981 5358 2190 5427 diligitis
2217 5372 2315 5420 me,
2342 5354 2535 5418 inquit,
2567 5354 2806 5404 mandata
2837 5368 2944 5404 mea
2982 5360 3205 5403 servate:
3229 5357 3274 5401 et
3301 5363 3392 5416 ego

1813 5448 1995 5517 rogabo
2048 5446 2274 5510 Patrem,
2317 5458 2361 5499 et
2399 5442 2560 5498 alium
2604 5442 2926 5495 Paracletttm
2975 5440 3110 5492 dabit
3132 5439 3288 5501 vobis,
3339 5449 3393 5488 ut

1815 5547 2011 5592 maneat
2037 5537 2288 5591 vobiscum
2320 5538 2371 5588 in
2398 5549 2664 5595 aaternum,
2694 5533 2944 5602 Spiritum
2987 5528 3225 5582 veritatis.
3259 5528 3392 5581 Cum

1817 5629 1918 5687 huc
1959 5630 2100 5683 dicat
2129 5630 2194 5683 de
2228 5629 2423 5696 Spiritu
2471 5634 2678 5688 sancto,
2712 5639 2866 5690 quem
2913 5623 3008 5675 ιιῗεί
3073 5620 3386 5679 habeamus,

1817 5733 1916 5775 nec
1972 5719 2194 5787 diligere
2257 5720 2423 5775 Deum
2481 5730 2788 5785 possumus,
2842 5728 2936 5767 nec
2983 5713 3098 5780 ejus
3149 5707 3390 5762 mandata
