3884 6232
516 285 613 340 317

975 289 1170 344 ΒΕυίΕ
1216 288 1654 343 VENERABILIS
1691 288 1839 342 OPP.
1884 286 2054 341 PARS
2096 287 2154 338 ll.
2180 285 2369 339 SECT.
2416 286 2454 339 Ι.
2496 316 2569 329 -ν
2597 288 2979 344 EXEGETICA
3018 292 3339 347 GENUINA.

3627 296 3713 349 818

514 424 649 461 serv,
674 423 729 461 re
764 426 774 460 ί
821 406 1084 474 quamodo
1123 405 1407 475 diligimus,
1442 415 1496 457 ιιι
1540 421 1659 459 eum
1712 406 2052 467 acuipiamus,
2088 399 2372 458 Avidetur
2404 400 2454 451 ἱιι
2521 402 2672 455 ηοιιίε
2699 413 2752 456 et
2786 414 2967 458 nostra
2998 406 3339 460 conscientia.
3390 407 3518 461 Nam
3553 409 3717 466 facient

512 515 669 561 quem
723 498 818 550 nisi
853 496 1158 562 habeamus,
1212 496 1427 564 diligere
1479 510 1580 548 non
1614 498 1880 547 valemus?
1924 494 2093 561 Quo-‘

514 590 671 641 modo
733 586 978 639 mandata
1032 586 1407 647 servabimus,
1464 596 1518 639 ut
1569 600 1687 639 eum
1748 586 2068 653 accipiamus

512 695 667 744 quem
694 677 788 731 nisi
808 677 1092 731 habeamus
1110 677 1354 729 mandata
1379 692 1589 731 servare
1616 693 1718 731 non
1750 677 2068 745 possumus?

513 770 698 823 Restat
727 786 853 840 ergo
882 779 938 823 ut
969 769 1324 834 intelligamus
1370 768 1625 837 Spiritum
1684 780 1920 824 sanctum
1978 770 2071 822 ha.

515 862 639 913 bere
669 863 755 926 qui
804 860 995 927 diligit,
1019 868 1070 910 et
1099 858 1341 911 habendo
1382 860 1571 913 mereri
1619 868 1675 912 ut
1707 860 1823 927 plus
1856 860 2065 925 habeat,

511 959 564 1001 et
590 950 705 1016 plus
737 948 977 1002 habendo
1024 948 1138 1015 plus
1167 948 1368 1017 diligat.
1422 947 1535 1001 Jam
1572 948 1747 1020 itaque
1798 948 2070 1002 habebant

510 1040 764 1108 Spiritum
796 1037 1059 1104 discipuli,
1096 1054 1253 1105 quem
1289 1038 1540 1091 Dominus
1572 1040 1796 1104 promitti
1819 1039 1926 1101 bal,
1955 1039 2069 1093 sine

512 1145 616 1195 quo
644 1146 763 1183 eum
797 1132 1071 1183 Dominum
1105 1146 1207 1183 non
1255 1130 1501 1184 dicebant
1533 1148 1543 1181 :
1588 1145 1683 1183 nec
1728 1140 1900 1183 tamen
1947 1148 2067 1185 eum

511 1218 685 1271 adhuc
708 1224 783 1271 sic
814 1218 1096 1285 habebant,
1125 1218 1261 1271 sicut
1287 1234 1403 1271 eum
1431 1219 1679 1271 Dominus
1705 1220 2065 1285 promittebat.

512 1310 579 1365 Et
606 1309 868 1362 habebant
912 1324 1059 1375 ergo,
1120 1319 1171 1361 et
1223 1323 1325 1361 non
1374 1307 1655 1369 habebant,
1691 1308 1775 1372 qui
1817 1318 2065 1375 quantum

512 1398 783 1453 habendus
809 1398 995 1459 fuerat,
1018 1397 1246 1449 nondum
1280 1396 1559 1449 habebant.
1592 1396 1864 1450 llahebant
1892 1398 2068 1464 itaque

512 1490 707 1553 minus,
745 1490 948 1543 dandus
978 1489 1089 1542 erat
1118 1490 1194 1541 eis
1244 1488 1485 1555 amplius.
1519 1488 1791 1545 Habebam
1838 1492 2062 1557 occulte,

513 1582 775 1646 accepturi
829 1587 980 1632 erant
1030 1578 1306 1641 manifeste
1339 1595 1352 1631 :
1381 1579 1518 1657 quia.
1548 1585 1602 1631 et
1644 1578 1744 1631 hoc
1791 1578 1855 1632 ad
1898 1581 2067 1647 majus

513 1672 709 1723 donum
755 1669 921 1722 sancti
957 1668 1181 1735 Spiritus
1227 1667 1538 1735 pertinebat,
1573 1666 1737 1721 utxeis
1769 1670 2067 1724 innotesce-

2179 491 2388 556 quidem
2439 492 2685 544 vidi-mus
2728 494 2973 560 alterius,
3018 506 3248 550 nostram
3301 513 3405 551 non
3454 498 3714 555 videmus:

2174 582 2549 636 conscientiam
2604 599 2733 639 vero
2781 596 3013 641 nostram
3063 589 3324 653 videmus,
3357 591 3580 646 alterius
3628 609 3716 647 non

2174 672 2427 727 videmus.
2452 673 2555 728 Sed
2586 676 2903 729 conscientia
2930 693 3192 745 nunquam
3220 687 3302 733 est
3331 681 3433 734 nisi
3470 681 3520 733 in
3550 683 3713 742 nobis,

2171 763 2399 829 Spiritus
2421 774 2596 819 autem
2629 778 2842 819 sanctus
2877 776 3045 832 potest
3077 784 3196 824 esse
3226 772 3379 824 etiam
3414 771 3531 825 sine
3565 772 3718 825 nobis.

2176 852 2336 906 Datur
2374 855 2567 923 quippe
2608 863 2664 908 ut
2709 857 2779 908 sit
2812 865 2865 909 ct
2898 857 2948 909 in
2982 858 3151 913 nobis.
3200 860 3301 915 Sed
3333 860 3499 914 videri
3534 872 3587 913 et
3616 861 3716 912 scin

2172 944 2613 1011 quemadmodum
2645 944 2918 999 videndum
2954 956 2976 983 ο
3004 949 3259 1003 videndus
3301 959 3383 1005 est
3412 960 3466 1004 et
3493 950 3720 1005 SCiOlldtb

2173 1042 2269 1091 est,
2303 1048 2405 1085 non
2440 1042 2609 1098 potest
2632 1050 2657 1083 a
2688 1034 2864 1098 nobis,
2896 1036 2938 1089 si
2972 1052 3073 1089 non
3104 1038 3173 1090 sit
3198 1040 3247 1091 in
3278 1040 3454 1094 nobis.

2243 1119 2365 1175 Non
2395 1122 2675 1187 relinquam
2718 1140 2801 1177 vos
2831 1128 3107 1190 orphanos,
3141 1130 3338 1182 veniam
3382 1131 3452 1183 ad
3504 1146 3607 1184 vos.
3638 1130 3720 1183 0r-

2175 1208 2329 1274 phani
2379 1212 2570 1278 pupilli
2601 1223 2744 1264 sunt.
2780 1213 2912 1267 lllud
2943 1216 3081 1267 enim
3113 1213 3358 1271 Graecum
3386 1218 3623 1286 ejusdem
3655 1221 3719 1272 rei

2174 1317 2363 1355 nomen
2392 1313 2493 1368 est,
2522 1302 2620 1357 hoc
2651 1304 2912 1358 Latinum.
2950 1305 3079 1359 Nam
3112 1316 3165 1359 et
3192 1308 3242 1360 in
3273 1307 3480 1361 Psalmo
3512 1310 3599 1361 ubi
3643 1311 3706 1361 le.

2172 1390 2363 1457 gimus,
2396 1390 2605 1457 Pupilla
2641 1401 2694 1444 tu
2738 1396 2841 1448 eris
2888 1396 3095 1465 adjutor
3125 1395 3346 1463 (Psalm.
3373 1397 3473 1466 ts),
3525 1396 3721 1453 Graeut

2176 1480 2335 1533 habet
2386 1481 2653 1548 orphano.
2683 1482 2931 1547 Quamvis
2976 1500 3102 1553 ergo
3152 1501 3247 1540 nos
3288 1486 3457 1540 Filius
3507 1486 3597 1539 Dei
3639 1504 3720 1541 suo

2182 1569 2324 1622 Patri
2358 1570 2694 1637 adoptaverit
2722 1572 2881 1637 ﬁlios,
2907 1582 2961 1628 et
2990 1576 3231 1631 eumdem
3262 1577 3470 1631 Patrem
3510 1591 3604 1631 nos
3642 1593 3719 1630 vo-

2180 1658 2338 1713 luerit
2388 1659 2591 1715 habere
2641 1676 2733 1729 per
2779 1663 3026 1731 gratiam,
3058 1666 3145 1734 qui
3175 1654 3288 1735 ejus
3334 1668 3493 1721 Pater
3524 1675 3600 1720 est
3643 1681 3721 1735 per

512 1771 591 1814 rei
621 1759 759 1826 quod
794 1731 1077 1811 habebant,
1110 1758 1184 1811 De
1220 1731 1327 1824 quo
1378 1771 1597 1810 munere
1651 1757 1936 1823 Apostolus
1988 1759 2063 1811 lo-
2094 1731 2139 1789 Β
2167 1760 2431 1815 naturam,
2468 1762 2641 1809 tamen
2668 1754 2825 1809 etiam
2856 1757 2972 1826 ipse
2998 1773 3120 1828 erga
3154 1774 3251 1815 nos
3282 1770 3562 1829 paternum
3590 1778 3717 1828 quo-

511 1865 677 1919 queos
707 1852 814 1904 ait:
854 1848 960 1901 Nos
983 1857 1145 1901 autem
1174 1863 1269 1899 non
1307 1846 1535 1915 spiritum
1578 1848 1731 1917 hujus
1760 1850 1935 1901 mundi
1988 1866 2069 1901 oc-

515 1942 748 2009 cipimus,
791 1942 875 1992 sed
904 1937 1149 2003 Spiritum
1179 1938 1263 2007 qui
1289 1953 1348 1989 ex
1374 1936 1475 1989 Deo
1504 1948 1595 2001 est,
1625 1947 1676 1989 ut
1702 1942 1917 1991 sciamus
1960 1956 2070 2008 qua:

516 2050 546 2085 a
583 2033 684 2084 Deo
717 2033 903 2083 donata
943 2039 1059 2084 sunt
1088 2029 1225 2082 nobis
1276 2028 1340 2098 (1
1370 2028 1468 2081 Cor
1496 2031 1575 2097 tt).
1600 2086 1605 2093 ,
1630 2031 1759 2083 Nam
1807 2040 1860 2085 et
1905 2032 2066 2097 ipsum

514 2121 847 2175 manifestam
882 2120 1289 2189 impertitionem
1340 2119 1564 2187 Spiritus
1594 2120 1757 2172 sancti
1787 2162 1801 2185 ,
1854 2135 1955 2172 non
1988 2134 2070 2175 se-

511 2214 635 2275 mel,
668 2212 757 2264 sed
791 2212 868 2264 bis
914 2212 1161 2264 Dominus
1217 2225 1436 2263 numero
1475 2211 1597 2276 egit.
1649 2210 1767 2262 Mox
1827 2212 1968 2265 enim
2014 2222 2069 2265 ut

508 2303 799 2356 resurrexit
830 2317 856 2353 a
880 2304 1121 2365 mortuis,
1158 2300 1428 2353 insufﬂans
1471 2300 1539 2352 ait
1573 2320 1583 2351 :
1629 2302 1853 2367 Accipite
1895 2300 2066 2369 Spiri-

510 2403 617 2443 tum
647 2404 872 2443 sanctum
924 2390 1099 2458 (Joan.
1154 2390 1263 2457 xx).
1317 2390 1558 2457 Nunquid
1607 2390 1763 2458 igitur
1808 2390 1894 2458 qui
1947 2400 2067 2443 tunc

511 2484 687 2545 dedit,
722 2484 839 2537 ideo
883 2498 985 2535 non
1032 2482 1171 2533 misit
1202 2482 1357 2533 etiam
1394 2493 1570 2547 pOStea
1602 2494 1754 2547 quem
1787 2480 2068 2547 promisit?

511 2580 617 2630 Aut
650 2590 747 2627 non
779 2574 917 2626 idem
948 2574 1058 2639 ipse
1100 2582 1181 2625 est
1210 2571 1438 2637 Spiritus
1472 2581 1711 2633 sanctus,
1746 2570 1832 2635 qui
1863 2580 1915 2623 et
1948 2579 2070 2623 tunc

509 2676 591 2717 est
617 2662 909 2715 insulﬂatus
964 2676 1029 2715 ex
1088 2660 1240 2725 ipso,
1289 2670 1341 2712 et
1394 2666 1514 2726 post
1557 2660 1622 2710 ab
1655 2659 1767 2723 ipso
1820 2659 2070 2712 missusc

508 2754 683 2809 caelo?
714 2756 1043 2819 Quapropter
1071 2765 1163 2803 eur
1201 2752 1309 2817 ipsa
1340 2764 1455 2817 quae
1487 2747 1619 2800 facta
1664 2759 1744 2801 est
1794 2748 2068 2801 evidenter

507 2846 719 2899 donatio
750 2844 886 2913 ejus,
928 2843 1006 2895 bis
1044 2842 1173 2894 laeta
1203 2842 1378 2904 tuerit,
1411 2840 1507 2891 alia
1538 2841 1757 2906 quaistio
1787 2848 1891 2894 est.
1925 2839 2068 2894 For-

510 2938 661 2989 lassis
688 2935 824 2986 enim
860 2942 1070 3000 propter
1091 2932 1193 2982 duo
1218 2939 1475 2997 prrecepta
1496 2929 1813 2993 dilectionis,
1835 2929 2066 2997 proximi

505 3038 557 3080 et
590 3026 700 3087 Dei,
737 3033 793 3076 ut
821 3022 1284 3077 commendaretur
1312 3020 1373 3070 ad
1406 3019 1655 3083 Spiritum
1689 3028 1925 3073 sanctum
1949 3034 2067 3086 per-

2167 1840 2447 1897 dammodo
2476 1843 2805 1900 demonstrat
2832 1847 3101 1913 allectum,
3128 1864 3249 1903 cum
3282 1851 3412 1904 dicit
3442 1869 3453 1902 :
3484 1848 3598 1903 Non
3638 1868 3710 1904 re-

2167 1933 2394 2001 linquam
2436 1952 2523 1991 vos
2550 1937 2836 2005 orphanos,
2874 1940 3064 1992 veniam
3089 1941 3156 1992 ad
3180 1958 3283 1995 vos.
3318 1942 3451 1996 Hinc
3490 1952 3568 1997 est
3595 1945 3720 2008 quod

2167 2025 2325 2078 etiam
2365 2030 2543 2095 sponsi
2607 2027 2745 2082 ﬁlios
2794 2044 2889 2082 nos
2937 2030 3187 2098 appellat,
3226 2030 3312 2083 ubi
3360 2030 3529 2083 dicit:
3565 2030 3723 2083 Veniet

2170 2115 2295 2167 hora
2326 2124 2379 2167 ut
2419 2117 2685 2185 auferatur
2724 2116 2785 2168 ab
2826 2118 2897 2171 eis
2926 2133 3165 2185 sponsus,
3185 2127 3231 2172 et
3271 2127 3390 2171 tunc
3426 2118 3717 2187 jejunabunt

2169 2205 2264 2271 filii
2285 2207 2455 2272 sponsi
2481 2208 2497 2273 (
2521 2205 2642 2258 Luc.
2668 2207 2741 2274 v).
2776 2207 2905 2271 Quis
2943 2219 3120 2261 autem
3149 2222 3397 2274 sponsus,
3432 2209 3531 2261 nisi
3561 2208 3718 2261 Domi-

2169 2306 2264 2343 nus
2292 2291 2559 2345 Christus?
2591 2292 2789 2346 Deinde
2819 2294 3057 2362 sequitur
3078 2307 3130 2349 et
3160 2295 3290 2347 dicit
3316 2313 3338 2352 ί

2238 2382 2415 2432 Adhuc
2466 2382 2721 2435 modicum
2750 2426 2765 2449 ,
2812 2392 2856 2435 et
2900 2386 3116 2437 mundus
3166 2402 3242 2439 me
3276 2390 3390 2456 jam
3434 2402 3533 2439 non
3579 2389 3716 2439 ridet.

2168 2470 2303 2535 Quid
2350 2471 2528 2525 enim?
2560 2483 2681 2526 tunc
2714 2489 2818 2527 non
2852 2475 3059 2529 videbat
3108 2491 3228 2529 eum
3281 2478 3527 2541 mundus,
3560 2493 3711 2545 quan-

2169 2561 2448 2629 doquidem
2483 2563 2661 2616 mundi
2693 2564 2907 2619 nomine
2937 2566 3048 2621 vult
3076 2566 3289 2635 intelligi
3338 2582 3432 2621 eos
3456 2569 3519 2621 de
3544 2569 3718 2629 quibus

2169 2660 2220 2703 et
2250 2653 2493 2719 superius
2534 2653 2741 2707 locutus
2781 2662 2882 2721 est,
2917 2654 3103 2708 dicens
3147 2656 3212 2709 de
3258 2656 3459 2720 Spiritu
3509 2666 3719 2708 sancto:

2172 2738 2328 2804 Quem
2368 2742 2589 2793 mundus
2630 2743 2860 2807 accipere
2906 2759 3005 2795 non
3057 2754 3239 2811 potest,
3286 2745 3407 2812 quia
3452 2762 3552 2797 non
3600 2746 3723 2796 videt

2169 2843 2299 2893 eum,
2331 2846 2488 2898 neque
2512 2832 2765 2899 coqnosct't
2794 2834 2944 2885 eum?
2973 2832 3200 2886 Videbat
3238 2849 3359 2887 eum
3394 2834 3545 2901 plane
3582 2849 3717 2884 mun-

2170 2917 2266 2970 dus
2301 2919 2467 2971 oculis
2500 2918 2549 2970 in
2579 2933 2739 2971 carne
2770 2920 3152 2987 conspicuum;
3190 2937 3292 2973 non
3322 2934 3501 2975 autem
3530 2922 3727 2975 videbat

2170 3010 2307 3077 quod
2354 3010 2403 3064 in
2442 3025 2598 3064 carne
2629 3010 2853 3065 Verbum
2899 3013 3126 3065 latebat.
3166 3013 3387 3067 Videbat
3443 3014 3719 3077 hominem,

512 3067 700 3168 Euge:
724 3067 867 3179 Quid
898 3128 1022 3165 vero
1052 3113 1121 3163 ait
1149 3128 1160 3161 :
1197 3110 1401 3177 Rogabo
1430 3067 1654 3173 l’atrem,
1688 3117 1733 3159 et
1774 3110 1932 3160 alium
1950 3067 2068 3161 rPa.
2095 3067 2143 3129 Ο
2174 3114 2277 3153 non
2311 3100 2516 3153 videbat
2549 3100 2733 3153 Deum.
2766 3100 2986 3155 Videbat
3033 3102 3425 3170 indumentum,
3457 3119 3558 3156 non
3588 3106 3721 3157 vide-

510 3206 749 3256 rae/etum
777 3204 913 3253 dabit
943 3202 1095 3265 vobis,
1124 3199 1359 3252 ostendit
1390 3210 1441 3251 et
1473 3201 1703 3264 seipsum
1740 3213 1857 3251 esse
1911 3199 2071 3252 Para-

508 3294 700 3345 cletum
730 3309 741 3343 :
777 3290 1075 3343 l’atacletus
1120 3290 1257 3341 enim
1308 3286 1489 3340 Latine
1519 3288 1711 3339 dicitur
1739 3287 2027 3341 advocatus
2055 3306 2066 3339 :

508 3392 561 3435 et
606 3381 799 3431 dictum
842 3388 920 3431 est
969 3378 1034 3431 de
1076 3378 1325 3429 Christo:
1361 3376 1669 3428 Advocatum
1717 3375 1955 3429 habemus
2006 3378 2073 3428 ad

509 3471 736 3534 Patrem,
761 3468 933 3521 Iesum
965 3466 1217 3520 Christum
1247 3470 1445 3535 justum
1478 3464 1535 3532 (Ι
1566 3463 1719 3515 Joan.
1755 3467 1834 3531 tt).
1868 3465 1953 3518 Sic
1981 3481 2073 3518 au-

512 3571 615 3614 tem
672 3558 923 3611 mundum
972 3558 1105 3609 dixit
1159 3571 1262 3609 non
1317 3569 1470 3623 posse
1525 3556 1766 3621 accipere
1820 3556 2069 3621 Spiritum

511 3660 775 3712 sanctum,
812 3649 949 3700 sicut
997 3647 1152 3699 etiam
1185 3646 1383 3697 dictum
1411 3653 1491 3695 est
1524 3662 1533 3695 :
1571 3642 1858 3696 Prudentia
1904 3648 2071 3699 carnis

510 3741 712 3793 inimica
728 3749 795 3790 est
814 3740 863 3789 in
888 3737 1047 3789 Deum
1062 3753 1079 3788 :
1102 3738 1195 3804 legi
1219 3736 1356 3790 enim
1375 3736 1463 3787 Dei
1480 3751 1579 3788 non
1596 3747 1671 3787 est
1686 3736 1925 3803 subjecta
1950 3779 1959 3788 .
1978 3752 2075 3790 nec

510 3830 649 3889 enim
679 3842 869 3902 potest,
899 3832 1040 3887 velut
1062 3831 1105 3887 si
1136 3828 1389 3900 dicamus,
1438 3828 1691 3901 lttjus‘titia
1722 3828 1923 3901 justitia
1956 3846 2073 3889 esse

509 3942 613 3979 non
642 3934 839 3993 potest;
890 3926 1143 3978 tnundum
1176 3925 1366 3993 quippe
1391 3926 1483 3989 ait,
1523 3928 1619 3977 hoc
1648 3928 1696 3977 in
1730 3926 1844 3979 loco
1875 3928 2074 3993 signiti-

509 4033 633 4070 cans
662 4017 943 4070 dilectores
970 4017 1149 4069 mundi
1178 4034 1191 4071 :
1216 4032 1328 4085 qua:
1351 4016 1563 4071 dilectio
1591 4034 1693 4071 non
1720 4026 1803 4073 est
1831 4035 1857 4071 a
1884 4021 2070 4083 Patre;

508 4116 562 4162 et
590 4107 706 4161 ideo
736 4107 1005 4160 dilectioni
1052 4106 1205 4173 hujus
1256 4107 1459 4170 mundi,
1502 4108 1566 4161 de
1621 4124 1719 4175 qua
1765 4110 2071 4178 satagimus,

511 4208 570 4251 ut
620 4199 883 4250 minuatur
914 4206 967 4249 et
998 4205 1337 4249 consumatur
1380 4198 1430 4249 in
1486 4199 1665 4262 nobis,
1696 4201 1958 4253 contraria
1992 4211 2071 4253 est

509 4289 724 4342 di'ectio
769 4289 885 4353 Dei,
909 4304 1025 4356 qua:
1056 4288 1369 4341 diffunditur
1393 4289 1443 4340 in
1474 4290 1718 4343 cordibus
1753 4292 1949 4344 nostris
1981 4306 2073 4359 per

510 4380 758 4446 Spiritum
785 4387 1023 4431 sanctum
1054 4379 1142 4447 qui
1170 4378 1322 4431 datus
1354 4390 1432 4431 est
1463 4380 1615 4433 nobis
1649 4398 1661 4433 ζ
1691 4383 1917 4435 mundus
1944 4397 2070 4450 ergo

514 4484 633 4523 eum
666 4470 905 4535 accipere
946 4485 1049 4522 non
1082 4479 1285 4536 potest;

574 4560 703 4625 Quia
723 4576 819 4611 non
838 4559 965 4611 videt
992 4576 1125 4625 eum,
1146 4576 1299 4625 neque
1325 4560 1415 4613 scit
1449 4578 1578 4614 eum.
1597 4561 1708 4614 Non
1741 4562 1879 4615 enim
1913 4563 2071 4617 habet

505 4650 800 4704 invisibiles
831 4652 1010 4702 oculos
1042 4650 1302 4703 mundana
1334 4652 1568 4718 dilectio,
1618 4669 1707 4720 per
1738 4669 1868 4721 quos
1896 4654 2065 4709 videri

508 4740 735 4807 Spiritus
765 4749 980 4791 sanctus
1011 4740 1109 4791 nisi
1142 4740 1479 4792 invisibiliter
1511 4757 1610 4793 non
1644 4752 1834 4808 [301831.

592 4828 689 4879 l'os
730 4836 912 4892 autem,
958 4828 1150 4895 irrquit,
1178 4832 1482 4895 cognoscitis
1508 4847 1637 4893 eum,
1664 4833 1779 4898 quia
1811 4833 1945 4899 apud
1983 4850 2065 4887 vos

507 4919 743 4981 manebit,
772 4928 813 4969 et
846 4920 895 4970 in
925 4918 1062 4969 vobis
1092 4921 1204 4970 erit.
1241 4920 1350 4971 Erit
1400 4920 1448 4970 in
1495 4920 1571 4971 eis
1620 4930 1673 4971 ut
1704 4931 1932 4983 maneat,
1966 4937 2069 4976 non

507 5009 737 5061 manebit
767 5018 823 5062 ut
853 5010 939 5061 sit.
965 5008 1117 5061 Prius
1147 5010 1284 5061 enim
1317 5018 1397 5061 est
1427 5025 1543 5061 esse
1572 5012 1745 5075 alicui,
1776 5027 1929 5079 quam
1962 5028 2071 5066 ma-

506 5118 653 5156 nere.
702 5103 802 5155 Sed
847 5118 911 5155 ne
948 5111 1187 5169 putarent
1238 5104 1375 5170 quod
1430 5104 1625 5157 dielum
1662 5116 1759 5167 est,
1794 5108 1933 5173 apud
1986 5122 2069 5159 vos

506 5193 746 5253 manebit,
777 5194 842 5243 ita
885 5195 1080 5246 dictum
1127 5195 1568 5262 quemadmodum
1621 5197 1756 5261 apud
1802 5199 2065 5251 hominem

510 5280 700 5346 hospes
742 5283 1022 5337 visibiliter
1064 5300 1277 5338 manere
1319 5287 1614 5349 consuevit,
1648 5290 1894 5352 exposuit
1938 5288 2061 5353 quid

512 5370 741 5437 dixerat,
775 5374 909 5437 apud
948 5389 1050 5439 vos,
1082 5389 1199 5427 cum
1252 5376 1487 5441 adjunxit
1529 5385 1580 5428 et
1629 5376 1790 5439 dixit,
1825 5378 1874 5429 in
1906 5381 2061 5431 vobis.

508 5459 649 5527 Ergo
682 5462 1016 5515 invisibiliter
1048 5465 1289 5517 videtur:
1326 5482 1423 5519 nec
1452 5468 1491 5518 si
1526 5483 1627 5518 non
1672 5467 1734 5520 sit
1786 5468 1835 5520 in
1888 5470 2058 5533 nobis,

509 5559 684 5616 potest
710 5566 827 5604 esse
858 5552 907 5603 in
942 5554 1090 5606 nobis
1122 5554 1235 5621 ejus
1265 5556 1501 5607 scientia.
1547 5554 1634 5609 Sic
1662 5558 1800 5609 enim
1844 5572 1869 5607 a
1910 5559 2058 5612 nobis

2098 4422 2150 4481 Β

2177 3190 2263 3243 bat
2286 3191 2546 3244 indutum.
2564 3191 2669 3245 Sed
2700 3193 2949 3261 quoniam
2974 3205 3089 3261 post
3112 3198 3553 3250 reSurrectionem
3579 3198 3727 3249 etiam

2176 3280 2340 3346 ipsam
2389 3296 2603 3333 carnem
2637 3296 2810 3345 suam,
2852 3298 3005 3350 quam
3059 3299 3161 3337 non
3196 3288 3388 3346 ,solum
3437 3287 3728 3353 videndam,

2176 3386 2353 3425 verum
2389 3372 2546 3425 etiam
2596 3376 3026 3427 contrectandam
3072 3376 3461 3431 demonstravit
3489 3380 3615 3440 suis,
3649 3394 3729 3432 vo-

2156 3446 2268 3515 ‘luit
2301 3462 2667 3518 demonstrare
2699 3481 2800 3518 non
2842 3468 2971 3531 suis,
3007 3468 3124 3522 hinc
3169 3468 3401 3524 fortasse
3444 3472 3728 3539 intelligen-

2174 3552 2295 3604 dunt
2343 3560 2421 3604 est
2465 3566 2586 3606 esse
2634 3556 2831 3607 dictum
2869 3574 2879 3608 :
2916 3558 3095 3609 Adhuc
3142 3562 3419 3625 modicum,
3452 3572 3497 3612 et
3524 3564 3731 3613 mundus

2175 3660 2251 3695 me
2288 3644 2400 3711 jam
2432 3661 2529 3695 non
2572 3647 2719 3697 videt.
2764 3646 2860 3700 Vos
2913 3658 3078 3701 autem
3126 3650 3301 3703 videtis
3350 3668 3425 3703 me
3449 3667 3469 3721 :_
3495 3654 3612 3715 quia
3653 3670 3731 3721 ego

2175 3733 2301 3795 vivo,
2336 3744 2379 3783 et
2412 3749 2492 3785 vos
2524 3734 2858 3805 vivetis.»Cur
2886 3737 2950 3791 de
2985 3739 3229 3804 prtesenti
3260 3756 3314 3793 se
3361 3718 3492 3794 dixit
3540 3758 3727 3803 vivere,

2172 3822 2296 3878 illos
2322 3834 2495 3875 autem
2526 3826 2591 3877 de
2620 3826 2797 3877 futuro
2830 3842 2945 3881 esse
2979 3829 3241 3893 victuros:
3279 3834 3376 3883 nisi
3413 3850 3530 3891 quia
3566 3836 3725 3883 victu-

2174 3932 2261 3969 ros
2294 3913 2450 3971 etiam
2498 3915 2672 3973 carnis
2721 3916 2846 3985 vita,
2880 3916 3059 3990 utique
3103 3915 3449 3998 resurgentis,
3485 3923 3651 3996 qualis
3683 3939 3727 3978 ιιι

2177 4010 2294 4074 ipso
2342 4010 2697 4075 praecedebat,
2733 4022 2783 4064 et
2826 4011 2928 4063 illis
2961 4022 3043 4065 est
3089 4015 3357 4081 pollicitus
3403 4029 3725 4070 secuturam;

2176 4105 2229 4148 et
2258 4098 2376 4163 quia
2428 4100 2591 4165 ipsius
2622 4116 2741 4153 mox
2789 4102 2959 4155 futura
3006 4102 3177 4155 fuerat
3227 4108 3569 4170 resurrectio,
3606 4124 3732 4173 pra:-

2175 4186 2341 4239 sentis
2382 4190 2553 4251 posuit
2600 4191 2856 4257 temporis
2899 4191 3137 4259 verbum,
3175 4205 3391 4261 propter
3436 4180 3727 4264 signilican-

2176 4276 2293 4329 dam
2344 4280 2710 4332 celeritatem;
2757 4280 2967 4334 illorum
3017 4294 3221 4347 autem,
3271 4286 3521 4353 quoniam
3562 4292 3731 4338 amenti

2177 4370 2421 4424 diﬂ‘crtur
2454 4374 2503 4425 in
2554 4374 2733 4436 linem,
2770 4390 2871 4427 non
2900 4377 2974 4426 ait
3006 4374 3211 4439 Vivitis,
3243 4377 3333 4429 sed
3380 4379 3567 4431 vit-etis.
3608 4378 3731 4429 Duas

2178 4478 2303 4532 ergo
2356 4467 2795 4528 resurrectiones,
2828 4483 2976 4520 suam
3022 4470 3223 4521 scilicet
3254 4466 3372 4521 mox
3408 4467 3655 4529 futuram,
3690 4481 3733 4519 et

2176 4567 2409 4607 nostram
2467 4556 2517 4607 in
2578 4558 2755 4609 saeculi
2810 4558 2911 4611 line
2964 4568 3260 4624 venturam,
3308 4560 3517 4613 duobus
3571 4560 3736 4612 verbis

2176 4648 2449 4713 praesentis
2482 4650 2731 4715 temporis
2772 4660 2823 4703 et
2873 4650 3033 4703 futuri
3080 4652 3353 4715 eleganter
3402 4651 3731 4725 breviterque

2179 4739 2441 4805 promisit,
2485 4740 2603 4807 quia
2646 4758 2736 4809 ego
2774 4744 2899 4803 vivo,
2946 4744 3130 4810 inquit,
3162 4754 3207 4793 et
3255 4759 3339 4795 vos
3391 4744 3577 4794 vivetis.
3613 4742 3735 4805 Quia

2176 4830 2323 4892 vivit,
2374 4830 2491 4883 ideo
2533 4842 2586 4883 et
2639 4847 2734 4884 nos
2781 4835 3045 4885 vivemus.
3096 4832 3197 4885 Per
3247 4833 3502 4885 hominem
3550 4836 3737 4899 quippe

2177 4937 2331 4982 mors,
2372 4930 2416 4972 et
2461 4938 2547 4989 per
2594 4922 2842 4975 hominem
2886 4926 3183 4975 resurrectio
3230 4934 3541 4976 mortuorum
3570 4939 3588 4976 ε
3620 4925 3738 4975 sicut

2173 5011 2304 5061 enim
2336 5010 2385 5060 in
2409 5011 2569 5063 Adam
2590 5028 2761 5063 omnes
2791 5014 3089 5076 moriuntur,
3117 5015 3186 5066 ita
3208 5024 3253 5065 et
3280 5015 3330 5065 in
3354 5015 3553 5066 Christo
3579 5029 3739 5065 omnes

2172 5101 2555 5167 viviﬁcabuntur
2579 5100 2630 5169 (Ι
2652 5101 2771 5155 Cor.
2797 5105 2914 5167 xv);
2941 5104 3184 5169 queniatn
3217 5120 3372 5158 nemo
3404 5107 3466 5158 ad
3497 5115 3737 5166 mortem,

2174 5191 2269 5243 nisi
2298 5207 2387 5257 per
2410 5192 2553 5245 illum
2576 5210 2587 5257 ;
2613 5208 2771 5247 nemo
2790 5196 2851 5245 ad
2877 5196 3061 5258 vitam,
3081 5197 3175 5248 nisi
3199 5211 3284 5262 per
3299 5196 3595 5249 Christum.
3615 5201 3739 5261 Quia

2177 5295 2270 5331 nos
2296 5282 2547 5344 viximus,
2583 5284 2773 5334 mortui
2800 5298 3003 5337 sumus.
3030 5286 3157 5350 Quia
3184 5288 3312 5339 vivit
3344 5288 3478 5355 ipse,
3514 5292 3742 5356 vivemus

2177 5385 2289 5422 nos.
2320 5371 2506 5424 Mortui
2540 5389 2719 5425 sumus
2766 5375 2863 5437 illi,
2894 5379 3103 5443 quando
3139 5380 3363 5431 viximus
3408 5379 3588 5431 nobis.
3619 5380 3740 5444 Quia

2174 5479 2298 5516 vero
2330 5476 2569 5520 mortuus
2600 5475 2679 5519 est
2715 5466 2802 5519 ille
2836 5483 2929 5533 pro
2975 5470 3149 5531 nobis,
3176 5479 3227 5521 et
3262 5470 3358 5523 sibi
3389 5471 3537 5527 vivit,
3576 5480 3627 5525 et
3659 5485 3745 5523 no.

2174 5555 2272 5610 bis.
2321 5559 2452 5627 Quia
2482 5558 2623 5613 cnim
2654 5558 2773 5611 vivit
2805 5559 2922 5621 ille,
2958 5568 3009 5611 cl
3043 5576 3136 5612 nos
3176 5560 3427 5614 vivemus.
3457 5562 3586 5613 Nam
3619 5562 3748 5614 sicut

634 5657 884 5729 Espttnge
912 5664 1198 5732 videndum,
1229 5678 1282 5721 ut
1317 5669 1523 5735 syntaxi
1552 5678 1603 5723 et
1635 5671 1809 5724 sensui
1836 5672 2071 5725 Sulisliat.
2120 5671 2271 5725 linit.
