3884 6232
115 297 218 358 829

1039 299 1102 353 IN
1140 300 1196 354 S.
1241 299 1516 355 JOANNIS
1556 297 1997 356 EVANGELIUM
2039 303 2409 362 EXPOSITIO.

3270 315 3374 373 830

116 431 204 484 per
234 428 332 469 nos
362 423 586 468 mortem
616 414 908 482 potuimus,
943 428 1047 466 non
1079 415 1157 468 sic
1197 424 1249 469 et
1281 415 1439 468 vitam
1471 428 1562 484 per
1590 427 1686 466 nos
1715 412 1767 471 Α
1793 423 1843 466 et
1873 415 1918 468 si
1953 417 2232 474 habuerint
2259 419 2614 489 prophetiam,
2645 434 2699 480 et
2721 425 2942 481 scierint
2970 427 3146 483 omnia
3180 444 3369 485 sacra—

115 507 310 562 babcre
338 519 636 576 possemus.
660 503 718 558 In
745 504 835 558 illo
858 504 962 566 die,
994 505 1190 573 inquit,

188 598 291 652 Vos
321 597 628 667 cognoscetis
673 596 792 663 quia
833 612 923 664 ego
953 613 1063 648 sum
1091 598 1142 650 in
1188 595 1344 652 Patre
1372 613 1502 662 meo,
1534 606 1578 650 et
1605 612 1690 649 vos

113 693 160 743 in
190 707 290 756 me,
320 697 368 744 et
413 703 505 759 ego
535 688 587 740 in
614 687 774 741 vobis.
814 687 868 740 In
915 702 1019 756 quo
1048 688 1155 755 die,
1189 689 1288 743 nisi
1319 689 1388 742 de
1426 703 1535 758 quo
1582 689 1685 752 ait,

116 782 181 836 Et
209 797 300 835 eos
328 780 538 834 vinetis?
569 778 716 833 Tunc
754 781 894 834 enim
941 777 1046 834 erit
1093 789 1146 834 ιιι
1192 780 1458 849 possimus
1505 781 1689 834 videre

114 872 251 943 quod
284 870 570 935 credimus,
600 885 722 923 nam
753 879 807 924 et
849 885 987 926 nunc
1027 880 1109 926 est
1139 871 1190 924 in
1223 870 1398 933 nobis,
1428 880 1477 923 et
1511 884 1606 923 nos
1635 869 1687 922 in

114 964 220 1030 illo.
252 961 360 1018 Sed
404 961 503 1015 hoc
535 974 677 1014 nunc
705 961 992 1028 credimus,
1022 972 1146 1014 tunc
1190 970 1367 1014 autem
1401 961 1559 1014 etiam
1599 974 1688 1012 cn-

114 1068 470 1125 gnoscemus:
505 1053 747 1120 quamvis
789 1061 843 1106 et
874 1067 1012 1107 nunc
1042 1052 1311 1107 credendo
1357 1051 1683 1115 noverimus,

111 1145 200 1200 sed
237 1154 366 1198 tunc
414 1143 824 1213 contemplando
870 1157 1173 1206 noscemus.
1206 1142 1263 1196 In
1297 1144 1386 1196 illo
1428 1158 1556 1212 ergo
1603 1141 1688 1196 die

112 1236 323 1305 quando
352 1235 589 1290 vivemus
621 1250 682 1288 ea
734 1235 840 1286 vita
887 1249 990 1302 qua
1037 1245 1182 1288 mors
1227 1233 1560 1297 absorbetur,
1594 1247 1685 1286 co-

110 1342 425 1394 gnoscemus
453 1326 574 1393 quia
601 1328 714 1394 ipse
745 1325 799 1380 in
829 1326 1005 1390 Patre,
1039 1334 1092 1377 et
1122 1340 1217 1379 nos
1246 1328 1295 1378 in
1329 1325 1466 1393 ipso,
1498 1333 1550 1379 et
1573 1326 1686 1393 ipse

112 1417 161 1469 in
195 1416 377 1477 nobis;
412 1415 529 1484 quia
564 1426 684 1468 tunc
713 1415 1016 1484 perficietur
1046 1417 1148 1470 hoc
1174 1416 1346 1482 ipsum
1378 1416 1516 1483 quod
1548 1428 1686 1468 nunc

111 1507 413 1561 inchoatum
443 1517 526 1562 est
552 1507 659 1576 jam
691 1522 783 1576 per
814 1508 1009 1577 ipsum,
1040 1515 1095 1562 ut
1119 1509 1189 1563 sit
1219 1508 1271 1563 in
1299 1509 1474 1576 nobis,
1505 1517 1557 1562 et
1587 1521 1684 1562 nos

111 1601 158 1654 in
188 1603 324 1664 ipso.

181 1690 280 1757 Qui
304 1689 476 1754 habet,
507 1688 698 1757 inquit,
723 1689 962 1743 mandata
1007 1677 1117 1744 mea
1143 1733 1158 1755 ,
1193 1698 1243 1743 et
1268 1698 1430 1744 servat
1459 1706 1519 1745 ea
1544 1729 1558 1754 ,
1587 1688 1675 1742 ille

112 1781 289 1846 estqui
309 1777 481 1847 diligit
502 1795 602 1832 me.
626 1778 723 1845 Qui
759 1779 913 1833 habet
943 1779 994 1833 in
1036 1779 1311 1848 memoria,
1345 1789 1400 1836 et
1427 1788 1606 1834 servat
1629 1781 1678 1833 in

110 1870 208 1920 vita
236 1885 248 1932 ;
279 1869 368 1935 qui
397 1868 557 1923 habet
585 1871 638 1922 in
665 1851 1021 1934 sermonibus,
1048 1881 1099 1924 et
1122 1881 1300 1924 servat
1323 1871 1377 1924 iu
1404 1871 1641 1924 moribus
1667 1889 1678 1923 :

108 1961 190 2026 qui
221 1958 378 2012 habet
407 1959 696 2023 audiendo,
728 1967 783 2013 et
806 1969 984 2012 servat
1018 1959 1298 2023 faciendo;
1353 1969 1444 2012 aut
1467 1960 1558 2026 qui
1589 1961 1684 2012 ha-

112 2055 192 2108 bet
216 2054 477 2117 iaciendo,
496 2066 548 2109 et
571 2065 748 2110 servat
774 2059 1166 2124 perseverando
1193 2074 1204 2110 :
1235 2059 1344 2128 ipse
1364 2069 1461 2122 est,
1485 2057 1682 2127 inquit,

108 2146 189 2214 qui
219 2145 387 2215 diligit
417 2164 513 2200 me.
548 2147 721 2214 Opere
767 2158 846 2203 est
876 2147 1287 2202 demonstranda
1339 2146 1598 2216 dilectio',
1618 2162 1684 2202 ne

113 2237 171 2288 sit
206 2237 535 2290 infructuosa
569 2239 801 2290 nominis
831 2238 1141 2304 appellatio.

179 2326 240 2381 Et
262 2331 355 2428 qui
383 2330 551 2400 diligit
579 2346 678 2394 me,
708 2329 899 2398 inquit,
956 2330 1194 2400 diligetur
1219 2348 1249 2383 a
1291 2327 1450 2385 Patre
1471 2346 1601 2395 meo,
1632 2341 1683 2383 et

111 2436 196 2490 ego
222 2421 431 2486 diligam
471 2436 583 2472 eum
613 2460 628 2484 ,
676 2429 723 2472 et
771 2421 1106 2486 manifestato
1134 2423 1180 2474 ei
1212 2437 1289 2474 me
1314 2423 1500 2492 ipsum.
1541 2423 1680 2488 Quid

109 2519 204 2574 est,
237 2510 495 2578 diligam?
536 2519 791 2577 tanquam
815 2520 938 2564 tunc
995 2511 1284 2566 dilecturus
1315 2514 1386 2566 sit
1415 2555 1430 2578 ,
1456 2523 1508 2567 et
1540 2529 1680 2568 nunc

111 2617 207 2652 non
260 2601 483 2669 diligat?
539 2601 716 2654 Absit.
748 2602 1026 2666 Ουοιηοάι
1066 2603 1208 2656 enim
1243 2618 1339 2657 nos
1371 2603 1527 2658 Pater
1563 2606 1679 2660 sine

110 2688 256 2750 Filio,
287 2700 371 2742 aut
403 2689 564 2742 Filius
589 2690 703 2743 sine
734 2690 887 2743 Patre
912 2691 1148 2756 diligeret
1177 2691 1200 2744 τ
1239 2693 1518 2760 Quomodo
1542 2709 1671 2747 cum

110 2781 532 2848 inseparabiliter
556 2795 864 2850 operentur,
891 2785 1265 2852 separabiliter
1286 2786 1548 2855 diliguntil
1569 2789 1672 2842 Sed

107 2870 164 2921 ad
197 2857 473 2933 hoc-dixit,
529 2872 749 2937 Diligam
779 2890 892 2927 eum
926 2889 945 2927 :
999 2875 1066 2928 ad
1098 2890 1218 2929 eum
1247 2878 1386 2943 quod
1409 2878 1670 2946 sequitur,

106 2969 148 3009 et
169 2960 494 3027 manifestabo
520 2963 567 3013 ei
606 2964 869 3029 meipsum.
925 2961 1167 3033 Diligam,
1199 2974 1246 3017 et
1289 2967 1667 3036 manifestabo:

1795 516 1996 573 menta,
2018 518 2072 563 et
2092 523 2306 564 omnem
2344 513 2646 580 scientiam,
2674 525 2728 569 et
2759 517 3039 584 habuerint
3063 534 3276 576 onmem
3305 522 3371 576 li-

1792 599 1937 665 dem,
1968 614 2024 656 ut
2056 612 2265 659 montes
2291 608 2632 676 transferant,
2667 610 2797 666 nihil
2827 623 2990 668 sunt:
3022 625 3077 668 et
3103 617 3146 670 si
3179 615 3364 671 distri-

1795 691 2010 746 buerint
2033 708 2248 748 omnem
2269 697 2620 752 substantiam
2646 714 2818 766 suam,
2838 712 2891 755 et
2909 704 3227 759 tradiderint
3245 720 3369 761 cor-

1793 793 1890 846 pus
1915 795 2066 835 suum
2093 791 2149 836 ut
2176 784 2415 851 ardeant,
2448 789 2576 842 nihil
2606 789 2685 843 eis
2717 792 2933 858 prodest
2962 793 3018 860 (Ι
3047 795 3165 849 Cor.
3195 811 3289 850 xm
3318 791 3366 867 ).

1792 870 2014 926 Dilectio
2045 885 2257 930 sanctos
2276 877 2528 933 discernit
2554 895 2583 933 a
2614 883 2836 947 mundo,
2870 899 2989 952 quae
3016 886 3142 939 facit
3171 890 3366 942 unani-

1792 978 1906 1017 mes
1935 967 2176 1020 habitare
2208 968 2258 1022 iu
2282 969 2442 1024 domo
2475 969 2644 1040 (Psal.
2680 973 2869 1044 vatt).
2897 974 2951 1028 In
2975 989 3077 1043 qua
3100 977 3258 1031 domo
3290 977 3372 1031 fa-

1789 1056 1862 1108 cit
1888 1056 2046 1111 Pater
2072 1068 2125 1110 et
2151 1058 2316 1112 Filius
2346 1065 2680 1116 mansionem
2711 1103 2725 1126 ,
2757 1065 2850 1132 qui
2879 1064 3084 1118 donant
3115 1076 3170 1119 et
3199 1065 3368 1134 ipsam

1789 1147 2155 1214 dilectionem,
2185 1151 2374 1218 quibus
2399 1151 2600 1205 donent
2623 1154 2674 1205 in
2702 1153 2807 1207 lide
2828 1154 2988 1209 etiam
3017 1169 3170 1209 suam
3202 1158 3374 1212 mani-

1791 1240 2166 1307 festationem;
2219 1241 2286 1295 de
2327 1257 2429 1309 qua
2480 1243 2770 1312 discipulus
2816 1247 3160 1312 interrogavit
3205 1247 3374 1318 magi-

1788 1341 1982 1397 strum,
2021 1341 2073 1383 ut
2103 1346 2205 1384 non
2237 1330 2410 1386 solum
2454 1332 2530 1385 illi
2562 1333 2649 1400 qui
2705 1341 2830 1388 tunc
2867 1334 3159 1389 audiebant
3187 1352 3281 1406 per
3309 1352 3370 1392 os

1789 1419 1923 1488 ejus,
1954 1421 2045 1474 sed
2078 1424 2238 1474 etiam
2270 1437 2367 1475 nos
2397 1437 2492 1490 per
2542 1423 2887 1492 Evangelium
2918 1425 3038 1494 ejus
3079 1426 3178 1480 hoc
3205 1441 3366 1481 nosse

1791 1509 2088 1577 possemus.
2121 1510 2455 1576 Quaesiverat
2494 1514 2635 1566 enim
2662 1514 2729 1568 de
2757 1513 2953 1568 Christi
2984 1513 3372 1570 manifestatio-

1788 1615 1876 1665 ne,
1929 1609 1983 1654 et
2007 1601 2207 1654 audivit
2229 1601 2295 1654 de
2342 1601 2630 1657 dilectione
2677 1613 2732 1657 et
2761 1606 3058 1659 mansione.
3111 1605 3212 1660 Est
3239 1621 3371 1678 ergo

1786 1689 2025 1757 qutedam
2053 1690 2144 1743 Dei
2173 1691 2527 1746 manifestatio
2550 1693 2788 1760 interior,
2814 1709 2974 1763 quam
3011 1697 3368 1762 prorsusim-

1719 1758 1759 1815 Β
1788 1781 1985 1850 piinon
2011 1791 2293 1844 noverunt,
2322 1782 2515 1850 quibus
2546 1783 2636 1837 Dei
2667 1758 2845 1837 Patris
2868 1795 2921 1837 et
2942 1758 3172 1848 Spiritus
3194 1786 3369 1839 sancti

1787 1876 2141 1930 manifestatio
2166 1876 2300 1930 nulla
2327 1885 2430 1939 est,
2465 1878 2584 1930 Filii
2628 1892 2753 1930 vero
2783 1891 2901 1931 esse
2937 1879 3108 1946 potuit
3135 1918 3152 1944 ,
3184 1878 3278 1932 sed
3311 1879 3364 1932 in

1785 1981 1946 2021 carne
1973 1985 1984 2019 :
2019 1981 2138 2034 qua
2170 1982 2267 2020 nec
2297 1967 2416 2021 talis
2443 1976 2522 2020 est
2543 1967 2715 2035 qualis
2738 1967 2859 2031 illa;
2893 1983 2993 2022 nec
3013 1971 3230 2034 semper
3260 1968 3367 2024 illis

1784 2056 1974 2111 adesse
1999 2067 2193 2124 potest,
2220 2056 2704 2126 qualiscunquesit,
2730 2056 2824 2109 sed
2856 2057 2920 2108 ad
2941 2056 3207 2111 modicum
3232 2066 3366 2112 tem-

1783 2162 1905 2216 pus,
1933 2157 1986 2200 et
2015 2147 2114 2200 hoc
2141 2146 2206 2200 ad
2261 2147 2542 2216 judicium,
2576 2161 2681 2200 non
2709 2145 2772 2199 ad
2821 2145 3069 2215 gaudium
3096 2162 3111 2210 ;
3143 2146 3207 2200 ad
3239 2161 3367 2215 sup-

1786 2239 2023 2307 plicium,
2059 2253 2159 2291 non
2194 2240 2257 2290 aii
2293 2237 2592 2305 prtemium.
2625 2237 2773 2291 Nunc
2794 2246 2876 2292 est
2905 2251 3032 2306 ergo
3063 2246 3119 2290 ut
3170 2231 3367 2293 intelli-

1783 2344 1988 2397 gamus,
2032 2341 2284 2396 quantum
2319 2329 2529 2394 aperire
2562 2330 2675 2395 ipse
2730 2327 2981 2398 dignatur
3009 2369 3021 2392 ,
3055 2343 3161 2398 quo
3198 2329 3362 2381 modo

1781 2419 1977 2472 dictttm
2002 2419 2100 2470 sit:
2131 2420 2309 2471 Adhuc
2338 2421 2615 2482 modicum,
2644 2430 2688 2472 et
2712 2421 2929 2472 mundus
2960 2435 3038 2473 me
3069 2435 3172 2472 non
3202 2419 3368 2483 videt;

1779 2527 1865 2564 vos
1887 2522 2050 2564 autem
2080 2509 2256 2564 videtis
2301 2528 2398 2564 me.
2455 2511 2646 2564 Verum
2677 2520 2761 2564 est
2798 2511 3015 2580 quidem
3065 2511 3205 2580 quod
3239 2521 3360 2580 post

1783 2601 2049 2668 paululum
2078 2603 2235 2655 etiam
2296 2616 2486 2668 corpus
2515 2617 2666 2655 suum
2694 2645 2707 2668 ,
2752 2603 2802 2656 in
2830 2617 2935 2672 quo
2959 2618 3079 2658 eum
3114 2613 3362 2671 poterant

1778 2701 1833 2745 et
1861 2692 2006 2760 impii
2041 2693 2252 2756 videre,
2309 2693 2474 2746 oculis
2525 2708 2709 2747 eorum
2742 2694 2911 2748 fuerat
2966 2695 3356 2758 subtracturus,

1778 2781 2202 2850 quandoquidem
2255 2794 2369 2850 post
2398 2784 2844 2837 resurrectionem
2896 2800 3054 2838 nemo
3078 2800 3199 2838 eum
3232 2785 3360 2837 vidit

1779 2873 2008 2927 illorum.
2039 2874 2144 2928 Sed
2167 2875 2413 2942 quoniam
2438 2874 2633 2927 dictum
2667 2885 2772 2938 est,
2799 2876 3114 2929 testantibus
3132 2876 3354 2942 angelis,

1775 2967 1850 3018 sic
1873 2964 2032 3018 veniet
2056 2964 2480 3033 quemadmodum
2511 2981 2627 3018 eum
2656 2966 2853 3018 vidistis
2877 2975 3072 3017 euntem
3103 2967 3153 3016 in
3172 2967 3351 3018 coelum

107 3047 154 3101 id
175 3061 270 3112 est,
297 3051 360 3103 ad
389 3052 488 3105 hoc
517 3051 737 3120 diligam
771 3063 827 3106 ut
855 3053 1212 3109 manifesteru.
1248 3055 1400 3112 Nunc
1430 3059 1572 3112 enim
1602 3059 1666 3113 ad
1698 3096 1742 3152 ϐ
1779 3054 1915 3127 (Act.
1942 3056 1978 3122 ι)
2007 3072 2019 3106 :
2074 3067 2171 3108 nec
2201 3053 2343 3107 aliud
2380 3054 2643 3107 credimus
2673 3069 2830 3121 quam
2883 3053 3030 3106 illum
3059 3057 3110 3106 tn
3162 3054 3352 3108 eodem

107 3141 201 3197 hoc
229 3143 405 3195 dilexit
437 3153 491 3195 ut
521 3145 824 3209 credamus,
873 3155 925 3197 et
957 3146 1265 3201 mandatum
1319 3147 1440 3203 ﬁdei
1487 3159 1667 3204 tenea-

106 3252 251 3300 mus;
283 3248 404 3289 tunc
436 3240 501 3290 ad
538 3240 637 3290 hoc
669 3238 852 3305 diliget
877 3248 930 3290 ut
960 3238 1238 3294 videamus
1260 3282 1276 3307 ,
1312 3253 1363 3296 et
1394 3244 1562 3312 ipsam
1597 3246 1674 3298 vi-

105 3328 296 3380 sionem
331 3328 629 3381 mercedem
676 3328 793 3381 iidei
821 3329 1094 3397 capiamus
1118 3375 1130 3398 ,
1163 3331 1283 3400 quia
1314 3343 1368 3388 et
1399 3348 1496 3388 nos
1527 3350 1671 3390 nunc

104 3419 360 3489 diligimus
390 3421 659 3474 credendo
686 3421 822 3488 quod
847 3421 1164 3486 videbimus,
1191 3433 1314 3478 tunc
1346 3429 1522 3479 autem
1546 3426 1671 3479 dili-

103 3525 276 3578 gemus
323 3513 552 3564 videndo
607 3512 750 3581 quod
807 3515 1103 3570 credimus.
1146 3517 1279 3582 Quia
1307 3533 1434 3586 ergo
1464 3519 1670 3573 dixerat

105 3601 368 3665 Dominus,
394 3603 574 3655 Adhuc
601 3605 883 3670 modicum,
913 3614 960 3657 et
990 3607 1204 3659 mundus
1229 3624 1311 3662 me
1328 3609 1445 3678 jam
1469 3625 1570 3662 non
1593 3608 1669 3662 vi-

104 3693 199 3757 det,
235 3707 324 3747 ros
351 3705 527 3748 autem
556 3695 747 3749 videtis
772 3711 856 3750 me
887 3715 898 3750 :
951 3697 1294 3769 interrogavit
1325 3715 1445 3755 eum
1471 3701 1540 3757 de
1570 3703 1670 3758 hoc

103 3783 210 3849 ipso
253 3783 455 3853 ludas,
513 3802 618 3839 non
673 3787 762 3840 ille
818 3787 1041 3840 traditur
1085 3790 1199 3857 ejus
1248 3792 1336 3857 qui
1391 3789 1670 3847 lscariotes

107 3875 492 3940 cognominatus
524 3885 602 3927 est
635 3915 650 3940 ,
681 3875 772 3928 sed
797 3875 951 3943 cujus
983 3875 1219 3945 Epistula
1248 3878 1389 3932 inter
1418 3877 1666 3949 Scriptu-

103 3978 181 4017 ras
203 3967 478 4018 canonicas
503 3967 715 4032 legitur.

168 4056 393 4124 Domine,
421 4060 543 4126 quid
588 4061 778 4128 factum
804 4068 875 4112 est
911 4061 1028 4128 quia
1072 4058 1214 4118 nobis
1246 4064 1669 4131 mau’festaturus

103 4163 148 4202 es
176 4150 396 4218 teipsum,
432 4162 478 4203 et
507 4168 608 4204 non
639 4150 874 4204 mundo?
909 4151 1086 4206 Simus
1110 4166 1228 4206 cum
1259 4152 1385 4223 ipsis
1416 4165 1665 4222 tanquam

107 4240 475 4311 interrogantes
527 4240 802 4306 discipuli,
858 4256 1306 4310 communemque
1353 4245 1665 4312 magistrum

103 4333 363 4386 audiamus
392 4343 444 4386 et
474 4347 591 4385 nos.
646 4331 811 4386 Judas
838 4334 981 4386 enim
1014 4343 1252 4397 sanctus,
1287 4351 1387 4389 non
1421 4337 1662 4390 immun-

1775 3159 1999 3214 corpore
2027 3143 2092 3198 ad
2119 3144 2376 3212 judicium
2394 3144 2630 3197 vivorum
2651 3153 2702 3196 ct
2726 3152 3056 3196 mortuorum
3081 3156 3200 3197 esse
3227 3158 3358 3197 ven-

1779 3245 1954 3290 turum
1982 3251 1996 3288 :
2029 3237 2212 3304 procul
2256 3234 2415 3288 dubio
2443 3245 2567 3288 tunc
2597 3248 2715 3288 eum
2747 3234 2947 3288 videbit
2970 3233 3218 3298 mundus,
3245 3250 3354 3302 quo

1777 3330 1993 3382 nomine
2039 3327 2317 3402 significati
2346 3336 2469 3378 sunt
2498 3341 2526 3378 a
2572 3327 2734 3393 regno
2778 3324 2894 3390 ejus
2941 3324 3123 3378 alieni.
3153 3325 3229 3378 Ac
3255 3338 3351 3393 per

1777 3421 1876 3471 hoc
1907 3419 2059 3485 longe
2084 3417 2269 3469 melius
2294 3415 2609 3485 intelligitur
2635 3414 2776 3468 aliud
2803 3414 2911 3483 jam
2938 3424 3146 3478 tempus
3175 3416 3342 3483 signi-

1775 3509 1934 3561 ficare
1963 3508 2195 3560 voluisse
2249 3507 2298 3559 in
2329 3521 2392 3559 eo
2428 3506 2564 3575 quod
2604 3505 2696 3567 ait,
2736 3506 2914 3558 Adhuc
2964 3505 3224 3558 modicum
3255 3546 3268 3569 ,
3303 3515 3354 3560 et

1775 3604 2000 3656 mundus
2034 3619 2113 3654 me
2129 3605 2241 3672 jam
2271 3619 2370 3655 non
2399 3602 2533 3655 videt
2568 3641 2581 3664 ,
2605 3602 2816 3667 quando
2844 3603 2893 3655 in
2921 3597 3026 3655 fine
3053 3603 3230 3656 saeculi
3262 3619 3357 3656 au-

1773 3693 1974 3748 feretur
2006 3693 2072 3746 ab
2096 3693 2266 3747 oculis
2283 3692 2670 3756 damnatorum,
2697 3701 2753 3745 ut
2787 3693 2862 3744 illi
2895 3709 3012 3745 cum
3054 3692 3119 3746 de
3151 3704 3350 3748 caetero

1775 3784 1988 3838 videant
2018 3784 2155 3849 apud
2184 3798 2316 3852 quos
2347 3782 2626 3851 diligentes
2654 3796 2774 3836 cum
2825 3781 2949 3835 facit
3005 3782 3161 3836 Pater
3190 3794 3351 3850 atqne

1769 3875 1884 3944 ipse
1909 3877 2260 3928 mansionem.
2320 3872 2584 3926 Modicum
2636 3881 2811 3926 autem
2851 3871 3002 3936 dixit,
3056 3873 3177 3940 quia
3210 3883 3263 3925 et
3293 3873 3347 3927 id

1768 3965 1908 4033 quod
1941 3964 2206 4033 prolixum
2229 3963 2436 4016 videtur
2489 3963 2789 4016 hominibus
2816 4002 2829 4025 ,
2865 3962 3242 4016 brevissimum
3270 3975 3355 4018 est

1770 4048 1892 4109 ante
1919 4054 2101 4107 Oculos
2132 4053 2249 4106 Dei.
2286 4055 2356 4106 De
2389 4053 2486 4107 hoc
2527 4053 2722 4121 quippe
2753 4052 2960 4105 modico
2987 4052 3086 4105 iste
3109 4052 3347 4107 Joannes

1769 4145 2115 4213 evangelista,
2143 4143 2343 4207 Filioli,
2371 4145 2560 4212 inquit,
2579 4143 2855 4196 novissima
2877 4144 3002 4194 hora
3023 4152 3098 4196 est
3119 4143 3166 4213 (I
3189 4143 3348 4198 Joan.

1769 4234 1852 4305 ιι).
1879 4234 1955 4291 Ne
1977 4236 2096 4303 quis
2121 4249 2278 4302 porro
2335 4234 2603 4288 existimet
2635 4233 2842 4286 Patrem
2890 4235 3263 4288 tantummodo
3293 4244 3347 4288 et

1771 4332 1961 4386 Filium
2003 4331 2118 4384 sine
2168 4326 2364 4394 Spiritu
2397 4336 2586 4380 sancto
2611 4326 2748 4392 apud
2779 4326 3072 4381 dilectores
3103 4342 3229 4379 suos
3265 4327 3346 4380 fa-

104 4420 217 4485 dus,
241 4436 330 4474 nec
386 4422 676 4475 insectator
731 4421 938 4475 Domini
968 4464 980 4484 ,
1030 4424 1122 4478 sed
1157 4433 1406 4491 sectator,
1442 4442 1654 4480 causam
1688 4426 1739 4487 Ι)
1767 4437 1888 4477 cere
1932 4421 2286 4483 mansionem,
2341 4418 2540 4471 recolat
2573 4418 2712 4486 quod
2769 4420 3020 4484 superius
3052 4419 3118 4471 de
3151 4418 3350 4486 Spiritu

106 4515 328 4580 quesivit
354 4529 516 4580 quare
549 4528 607 4567 se
642 4530 743 4566 non
778 4514 994 4580 mundo,
1027 4515 1118 4567 sed
1149 4516 1258 4569 suis
1291 4517 1663 4602 Inanif’estatu-

107 4618 190 4656 rus
212 4614 342 4657 esset
367 4602 560 4671 Iesus?
589 4619 750 4672 quare
777 4604 950 4660 adhuc
987 4605 1256 4659 modicum
1291 4647 1305 4670 ,
1341 4615 1389 4658 et
1433 4605 1664 4660 mundus

106 4711 203 4748 non
234 4695 422 4749 videret
450 4695 615 4749 eum?

173 4784 435 4852 Respondit
457 4786 628 4852 Jesus,
653 4797 699 4840 et
729 4788 858 4841 dixit
885 4788 932 4842 ei
959 4804 975 4841 :
1009 4788 1068 4842 Si
1098 4790 1208 4856 quis
1238 4787 1403 4858 diligit
1432 4806 1528 4853 me,
1560 4806 1664 4843 ser-

107 4894 290 4930 monem
315 4895 472 4931 meum
492 4878 725 4945 servabit,
752 4889 798 4931 et
822 4877 976 4932 Pater
1001 4895 1138 4931 meus
1160 4881 1332 4946 diliget
1359 4897 1491 4943 eum,
1521 4893 1566 4933 et
1596 4881 1664 4932 ad

107 4985 214 5020 eum
243 4971 502 5030 veniemus.
527 4979 574 5024 et
603 4972 915 5022 mansionem
939 4973 1076 5059 apud
1102 4987 1213 5023 eum
1240 4971 1499 5037 faciemus.
1530 4972 1666 5025 Ecce

109 5063 328 5127 exposita
358 5071 436 5115 est
459 5075 618 5114 causa
644 5075 808 5129 quare
840 5061 949 5112 suis
994 5076 1052 5114 se
1079 5061 1509 5113 manifestaturus
1551 5071 1661 5127 est,

111 5166 206 5202 non
229 5151 419 5217 alienis,
439 5167 572 5218 quos
590 5152 768 5203 mundi
785 5149 996 5204 nomine
1012 5152 1241 5219 appellat
1262 5167 1275 5216 ;
1300 5162 1353 5204 et
1373 5153 1481 5219 ipsa
1503 5167 1661 5204 causa

109 5243 322 5308 estquod
345 5243 394 5295 hi
416 5241 660 5308 diligant,
689 5243 761 5295 illi
786 5243 1147 5309 nondiligant.
1169 5244 1280 5310 ipsa
1306 5254 1384 5295 est
1408 5258 1564 5296 cntra
1598 5243 1664 5296 de

110 5347 204 5395 qua
226 5348 364 5386 sacer
387 5335 588 5386 insonat
621 5334 875 5400 psalmus,
898 5333 1084 5386 Judica
1107 5350 1186 5386 me
1213 5332 1365 5397 Deus,
1393 5346 1438 5386 et
1465 5334 1661 5385 discer-

113 5439 171 5475 ne
209 5439 395 5477 causam
431 5440 597 5477 meum
639 5425 704 5476 de
745 5433 890 5491 gente
926 5441 1027 5477 non
1054 5433 1233 5476 sancta
1278 5423 1451 5492 (l’sal.
1487 5439 1590 5476 sui
1616 5425 1655 5485 l.

112 5513 202 5576 Qui
230 5515 358 5567 enim
381 5515 690 5583 diliguntur,
709 5517 830 5582 quia
846 5515 1065 5584 diligunt
1084 5513 1403 5582 diliguntur;
1427 5514 1511 5580 qui
1538 5528 1664 5565 vero

117 5619 209 5656 non
229 5605 452 5673 diligunt,
471 5606 514 5660 si
531 5606 734 5674 linguis
749 5605 1016 5659 hominum
1051 5606 1351 5674 loquantur,
1374 5614 1423 5656 et
1450 5602 1664 5670 angelo-

119 5709 248 5760 rntn,
267 5696 382 5750 liunt
402 5704 749 5751 mramentum
775 5710 989 5762 sonans,
1008 5705 1060 5750 et
1079 5695 1377 5766 cymbalum
1404 5695 1657 5750 tinniens:

1770 4525 1958 4570 sancto
1986 4515 2184 4567 dictum
2214 4521 2316 4576 est,
2352 4512 2511 4577 Quem
2539 4511 2755 4562 mundus
2789 4527 2889 4564 non
2913 4522 3072 4577 potest
3093 4514 3346 4580 accipere,

1768 4611 1883 4678 quia
1915 4625 2014 4660 non
2038 4607 2168 4658 videt
2196 4622 2335 4669 eum,
2366 4621 2455 4657 nec
2479 4605 2571 4656 scit
2597 4621 2710 4656 eum
2740 4620 2757 4658 :
2788 4620 2871 4656 vos
2900 4614 3069 4656 autent
3093 4606 3353 4671 cognosci-

1768 4701 1830 4752 tis
1852 4714 1984 4763 eum,
2019 4699 2136 4767 quia
2163 4697 2299 4762 apud
2346 4711 2431 4747 vos
2453 4695 2689 4755 manebit,
2717 4701 2762 4745 et
2793 4694 2844 4744 in
2895 4694 3032 4745 vobis
3062 4695 3177 4746 erit.
3213 4695 3349 4748 Ecce

1770 4785 1896 4840 facit
1926 4786 2189 4838 insanctis
2213 4799 2331 4838 cum
2353 4784 2507 4836 Patre
2535 4791 2590 4834 et
2627 4781 2762 4833 Filio
2789 4791 3015 4834 sanctus
3043 4782 3201 4836 etiam
3224 4783 3344 4850 Spi-

1772 4879 1904 4932 ritus
1958 4878 2336 4930 mansionem:
2399 4874 2540 4926 intus
2573 4872 2775 4940 utique,
2835 4882 3082 4937 tanquam
3128 4872 3339 4927 Deusin

1771 4968 1973 5034 tetnplo
2003 4982 2120 5019 suo.
2159 4967 2297 5018 Deus
2319 4964 2576 5027 Trinitas,
2609 4963 2784 5028 Pater,
2813 4973 2866 5016 et
2896 4961 3092 5028 Filius,
3125 4972 3178 5016 et
3226 4965 3347 5032 Spi-

1769 5061 1899 5113 ritus
1927 5069 2160 5120 sanctus,
2196 5059 2413 5110 veniunt
2442 5056 2509 5110 ad
2537 5069 2650 5116 nos,
2678 5056 2802 5108 dum
2854 5058 3096 5109 venimus
3121 5057 3189 5109 ad
3221 5073 3338 5111 eos.

1769 5151 2385 5205 Veniuntsubveniendo
2414 5190 2428 5213 ,
2478 5151 2717 5202 venimus
2744 5149 3062 5202 obediendo.
3108 5151 3341 5205 Veniunt

1769 5243 2131 5306 iiluminando,
2177 5243 2418 5295 venimus
2449 5240 2728 5294 intuendo.
2789 5241 3333 5308 Veniuntiinplendo,

1771 5334 2011 5387 venimus
2035 5333 2299 5400 capiendo
2333 5350 2344 5385 :
2379 5343 2435 5386 ut
2465 5336 2531 5385 sit
2562 5333 2718 5386 nobis
2748 5347 2932 5386 eorum
2977 5347 3080 5385 non
3109 5335 3339 5388 extraria

1769 5425 1926 5487 visio,
1960 5424 2050 5475 sed
2083 5425 2310 5485 interna,
2362 5435 2411 5477 et
2445 5424 2494 5476 in
2529 5425 2679 5476 nobis
2715 5439 2817 5476 non
2853 5424 3150 5476 transitoria
3187 5439 3332 5477 man-

1768 5517 1869 5579 sio,
1896 5514 1986 5568 sed
2019 5526 2235 5567 aeterna.
2267 5514 2353 5567 Sic
2376 5514 2574 5567 mundo
2605 5529 2706 5566 non
2732 5529 2789 5567 se
2814 5513 2982 5566 Filius
3005 5514 3332 5568 manifestat.

1771 5605 1991 5659 Mundus
2018 5607 2158 5658 enim
2182 5614 2261 5659 cst
2291 5604 2462 5659 dictus
2485 5606 2584 5660 hoc
2609 5605 2741 5668 loco,
2769 5604 2834 5659 de
2858 5603 3046 5675 quibus
3077 5606 3329 5660 continuo

1771 5700 2049 5770 subjunxit
2078 5712 2233 5767 atque
2259 5699 2328 5751 ait
2355 5715 2366 5749 :
