3884 6232
598 334 696 393 851

1036 338 1238 395 usus:
1282 337 1720 394 vensusmus
1755 314 1906 405 ope.
1945 336 2133 397 esus

2249 336 2439 393 διιεῖ.
2475 341 2608 394 l.—
2647 340 3029 396 EXEGETICA
3068 340 3383 427 GENIUINA.
3685 346 3764 401 ιιι

664 449 764 515 Qui
792 464 891 502 non
918 447 1080 519 diligit
1102 464 1195 511 me,
1238 464 1488 501 sermones
1530 465 1663 501 meos
1705 466 1807 503 non
1836 460 2017 503 servat.
2068 448 2129 503 lli
2161 449 2208 507 Δ
2234 450 2351 512 quia
2378 467 2467 527 ego
2497 453 2613 504 misi
2645 468 2730 506 eos
2776 453 2910 515 (Act.
2944 455 3019 518 x).
3064 455 3245 508 Omnis
3292 456 3448 521 igitur
3492 466 3545 511 et
3574 460 3695 513 dicit
3726 476 3763 515 et

590 548 709 590 sunt
739 538 826 605 qui
857 536 1065 590 Patrem
1104 546 1158 591 et
1186 537 1440 605 Spiritum
1472 545 1709 592 sanctum
1753 554 2017 605 nunquam
2049 538 2128 592 vi-

591 628 739 691 dent,
774 627 957 681 Filium
989 637 1181 692 autem,
1214 643 1316 681 non
1348 638 1401 680 ut
1428 627 1821 692 beatiﬂcentur,
1850 629 1941 680 sed
1973 618 2030 680 ut
2050 628 2136 696 ju-

591 718 851 782 dicentur,
896 719 961 771 ad
990 718 1248 775 modicum
1281 718 1495 771 vident:
1529 732 1625 772 nec
1668 719 1837 786 ipsum
1885 719 1937 771 in
1968 718 2135 772 t‘orma

593 806 705 871 Dei,
740 808 825 859 ubi
857 818 937 863 est
962 823 1079 861 cum
1111 806 1261 862 Patre
1302 816 1355 861 et
1381 808 1576 872 Spiritu
1615 816 1800 860 sancto
1829 806 2130 871 invisibilis,

591 895 683 948 sed
712 897 766 948 in
798 896 958 949 forma
988 896 1236 959 hominis,
1268 896 1352 948 ubi
1384 910 1501 949 esse
1548 896 1598 948 in
1628 896 1823 967 mundo
1862 897 2023 949 voluit
2045 910 2136 963 pa-

590 986 771 1037 tiendo
814 984 1256 1053 contemptibilis,
1302 984 1588 1054 iudicando
1642 982 1911 1039 terribilis.
1983 983 2133 1050 Quod

590 1088 715 1129 vero
742 1075 979 1142 adjunxit
1006 1092 1020 1129 :

656 1164 726 1217 Et
746 1180 905 1218 sermo
930 1182 1076 1232 quem
1100 1166 1313 1228 audistis
1332 1205 1355 1230 ι
1377 1174 1577 1235 nonest
1599 1182 1758 1231 meus,
1804 1167 1893 1221 sed
1917 1168 2027 1233 ejus
2048 1168 2135 1232 qui

588 1257 722 1309 misit
750 1273 848 1322 me,
876 1256 1067 1323 Patris,
1099 1273 1200 1311 non
1232 1258 1507 1323 miremur,
1533 1273 1635 1312 non
1665 1273 1948 1327 paveamus
1975 1275 1989 1311 :
2031 1273 2134 1312 non

588 1356 670 1399 est
695 1346 864 1401 minor
895 1347 1067 1414 Patre,
1114 1350 1207 1404 sed
1240 1365 1343 1402 non
1374 1358 1454 1404 est
1479 1350 1579 1405 nisi
1625 1364 1656 1403 a
1684 1350 1875 1413 Patre;
1925 1362 2027 1402 non
2055 1359 2136 1403 est

589 1437 759 1503 impar
785 1436 919 1503 ipso,
947 1437 1037 1490 sed
1071 1451 1174 1490 non
1205 1448 1285 1491 est
1309 1453 1338 1491 a
1368 1439 1563 1505 seipso.
1596 1437 1771 1508 Neque
1799 1440 1942 1494 enim
1988 1454 2137 1492 men-

590 1526 713 1578 titus
739 1534 820 1579 est
840 1526 1083 1593 dicendo,
1116 1528 1215 1592 Qui
1244 1546 1341 1583 non
1370 1531 1537 1600 diligit
1572 1546 1670 1594 me,
1719 1546 1970 1584 sermones
2002 1546 2136 1598 meos

587 1629 686 1666 non
711 1626 891 1688 servat.
920 1616 1057 1670 Ecce
1080 1631 1205 1669 suos
1231 1610 1363 1671 dixit
1405 1633 1524 1672 esse
1548 1632 1839 1673 sermones.
1890 1620 2135 1688 Nunquid

588 1701 687 1755 sibi
715 1711 796 1755 est
822 1704 933 1771 ipse
976 1704 1269 1762 contrarius
1311 1706 1399 1759 ubi
1443 1721 1625 1760 rursus
1669 1707 1848 1761 dixit:
1883 1708 1946 1761 Et
1972 1724 2136 1761 sermo

586 1807 730 1860 quem
757 1795 994 1860 audistis,
1022 1810 1125 1848 non
1152 1804 1223 1849 est
1252 1811 1388 1848 meus
1406 1798 1432 1851 Ρ
1460 1796 1525 1849 Et
1554 1796 1773 1852 fortasse
1802 1808 2013 1866 propter
2041 1799 2138 1871 ali-

586 1898 741 1949 quam
755 1871 1142 1939 distinctionem
1161 1885 1247 1939 ubi
1266 1900 1391 1941 suos
1411 1886 1559 1950 dixit,
1586 1886 1851 1956 pluraliter
1866 1888 2020 1951 dixit,
2038 1888 2137 1945 hoc

588 1982 668 2025 est
686 1958 958 2027 sermones.
987 1972 1083 2028 Ubi
1105 1983 1278 2029 autem
1301 1989 1597 2030 sermonem
1617 2016 1633 2041 ,
1670 1976 1769 2031 boc
1797 1986 1877 2054 est
1898 1977 2132 2044 verbum,

589 2075 693 2114 non
721 2077 874 2115 suum
902 2062 1032 2117 dixit
1054 2078 1196 2130 esse,
1228 2065 1319 2119 sed
1351 2063 1539 2129 Patris,
1566 2068 1796 2141 seipsum
1814 2067 2034 2141 intelligi
2057 2083 2139 2120 vo-

588 2149 701 2202 luit.
737 2145 804 2203 In
830 2152 1078 2220 principio
1104 2162 1209 2207 erat
1255 2152 1468 2206 Verbum
1489 2192 1505 2220 ,
1534 2164 1579 2208 et
1598 2135 1846 2209 'Verbum'
1868 2165 1972 2209 erat
1997 2135 2136 2225 apud

586 2237 778 2304 Deum,
809 2250 853 2295 et
885 2240 1017 2295 Deus
1043 2251 1150 2295 erat
1194 2242 1440 2307 Verbum,
1469 2258 1573 2297 non
1614 2246 1795 2314 utique
1827 2260 2012 2310 suum,
2042 2246 2134 2301 sed

585 2329 756 2405 Patris
790 2339 873 2385 est
900 2331 1173 2386 Verbum:
1222 2334 1483 2399 quomodo
1533 2349 1632 2387 nec
1677 2338 1998 2402 suaiimago,
2040 2337 2135 2389 sed

587 2419 774 2484 Patris,
807 2434 905 2475 nec
925 2434 1051 2475 suus
1077 2420 1239 2475 Filius
1268 2422 1404 2474 idem
1436 2424 1566 2490 ipse,
1616 2423 1707 2477 sed
1742 2423 1934 2479 Patris.
1965 2424 2134 2480 Recte

586 2511 744 2579 igitur
792 2512 954 2564 actori
1005 2513 1184 2580 tribuit
1228 2512 1479 2581 quidquid
1528 2512 1653 2567 facit
1692 2514 1945 2581 aequalis,
1975 2528 2002 2564 a
2032 2529 2135 2579 quo

586 2597 747 2653 habet
775 2596 874 2653 hoc
900 2599 1068 2666 ipsum
1092 2600 1229 2669 quod
1264 2600 1333 2652 illi
1378 2608 1461 2653 est
1506 2599 1868 2669 indifferenter
1896 2600 2133 2667 aequalis.

654 2684 783 2739 licet:
809 2685 1002 2739 locutus
1028 2702 1140 2741 sum
1173 2688 1305 2740 vobis
1327 2689 1466 2756 apud
1512 2704 1596 2740 vos
1628 2704 1856 2741 manens.
1903 2687 1992 2741 llla
2038 2688 2135 2740 uti-

584 2787 688 2843 que
716 2774 916 2830 mansio
938 2776 1041 2831 alia
1068 2785 1166 2842 est,
1222 2790 1375 2846 quam
1430 2777 1670 2845 promisit
1713 2775 1978 2844 futuram;
2022 2778 2135 2833 haec

584 2879 713 2918 vero
741 2866 861 2935 alia,
892 2882 1047 2935 quam
1074 2877 1385 2933 praesentem
1416 2882 1532 2921 esse
1570 2877 1809 2922 testatur.
1863 2868 1952 2922 llla
1978 2868 2134 2936 spiri-

585 2955 707 3008 talis
732 2964 831 3019 est,
873 2965 1032 3024 atque
1074 2956 1385 3011 intrinsecus
1422 2947 1684 3011 mentibus
1715 2957 1986 3021 redditur,
2023 2958 2133 3011 haec

2238 538 2391 593 docet
2420 540 2664 595 Trinitas.
2707 540 2819 601 Sed
2836 544 2939 596 nisi
2969 545 3126 597 etiam
3168 546 3470 613 singillatim
3520 563 3763 605 commen-

2236 628 2471 693 daretur,
2501 644 2616 684 eam
2663 630 2804 683 nullo
2834 631 2991 684 modo
3031 631 3258 687 humana
3297 650 3491 701 capere
3530 649 3764 707 utcunque

2238 726 2415 783 posset
2444 717 2742 773 inﬁrmitas.
2788 718 2919 772 Cum
2959 734 3086 786 ergo
3126 725 3195 775 sit
3221 724 3434 777 omnino
3466 726 3763 793 inseparabi-

2237 805 2322 869 lis,
2349 821 2612 874 nunquam
2642 808 2875 863 Trinitas
2902 823 3020 863 esse
3048 814 3305 885 sciretur,
3335 814 3381 867 si
3410 830 3625 883 semper
3651 819 3764 873 inse-

2239 897 2535 962 parabiliter
2562 898 2851 954 diceretur.
2900 900 3027 954 Nam
3058 913 3110 956 et
3154 918 3273 957 cum
3301 894 3521 961 dicimus
3557 907 3762 973 Patrem,

2235 995 2286 1039 et
2318 986 2530 1056 Filium,
2557 998 2609 1044 et
2639 990 2887 1060 Spiritum
2917 1004 3179 1060 sanctum,
3212 1011 3312 1049 non
3339 1012 3429 1052 eos
3457 1000 3634 1067 utique
3659 1000 3763 1053 dici-

2235 1092 2352 1133 mus
2396 1078 2575 1144 simul,
2616 1094 2734 1134 cum
2786 1080 2878 1148 ipsi
2926 1096 3029 1134 non
3058 1083 3258 1149 possint
3303 1100 3420 1139 esse
3469 1102 3575 1139 non
3613 1088 3762 1140 simul.

2236 1168 2384 1234 Quod
2414 1183 2539 1223 vero
2567 1168 2800 1224 addidit:
2850 1167 3274 1225 Commemorabit
3301 1174 3438 1226 vobis
3456 1219 3471 1237 ,
3499 1175 3765 1243 intelligere

2236 1257 2486 1317 debemus
2512 1258 2671 1311 etiam
2697 1258 2837 1327 quod
2866 1257 3117 1325 iubemur
3139 1274 3239 1312 non
3268 1262 3533 1327 oblivisci,
3560 1267 3766 1319 sa'uber-

2236 1346 2399 1401 rimos
2427 1347 2655 1402 monitus
2689 1348 2754 1401 ad
2786 1349 3003 1417 gratiam
3051 1350 3342 1417 pertinere,
3377 1364 3479 1421 qua
3525 1370 3619 1407 uos
3646 1371 3766 1410 cum-

2236 1445 2493 1490 memorat
2520 1433 2780 1491 Christus.

2306 1523 2522 1590 Pacem,
2552 1524 2743 1595 inquit,
2770 1527 3001 1595 relinquo
3028 1530 3163 1583 vobis
3184 1571 3198 1591 ,
3230 1529 3401 1595 pacem
3429 1547 3592 1584 meant
3619 1534 3679 1587 do
3701 1552 3767 1588 eo-

2237 1614 2330 1682 bis,
2365 1614 2473 1668 Hoc
2499 1622 2581 1669 est
2607 1615 2743 1682 quod
2773 1616 2994 1685 legimus
3034 1619 3169 1683 apud
3215 1622 3557 1687 prophetam:
3609 1622 3765 1677 Pacem

2238 1718 2386 1771 super
2408 1719 2601 1770 pacem.
2644 1704 2829 1759 Pacem
2878 1706 3031 1759 nobis
3079 1705 3325 1777 relinquit
3370 1710 3568 1774 iturus,
3613 1726 3764 1777 pacem
3850 1704 3875 1777 Ιχ

2239 1807 2386 1850 suam
2417 1792 2567 1847 nobis
2594 1784 2742 1847 dabit
2782 1794 2833 1849 in
2862 1793 2966 1848 due
2994 1804 3261 1851 venturus.
3316 1796 3503 1851 Pacem
3533 1800 3676 1852 liOltiS
3701 1814 3766 1855 τεο

2238 1882 2426 1951 linquit
2470 1884 2520 1937 in
2554 1883 2653 1941 hoc
2680 1884 2893 1948 saeculo,
2943 1899 3125 1951 pacem
3173 1902 3322 1940 suam
3366 1871 3518 1942 nobis
3567 1890 3703 1943 dabit
3726 1892 3765 1945 in

2238 1971 2411 2026 luturo
2458 1974 2673 2028 saeculo.
2720 1974 2907 2028 Pacem
2954 1976 3105 2028 nobis
3151 1976 3417 2045 relinquit,
3461 1978 3512 2031 in
3546 1994 3647 2046 qua
3673 1996 3765 2032 ma-

2238 2072 2443 2128 nentes,
2472 2061 2673 2117 bostem
2702 2062 2959 2119 vincimus
2991 2081 3002 2117 :
3042 2080 3223 2133 pacem
3266 2082 3413 2120 suam
3445 2069 3598 2120 nobis
3626 2070 3765 2131 dabit,

2238 2151 2446 2220 quando
2489 2153 2605 2207 sine
2649 2154 2797 2209 bosle
2842 2156 3213 2221 reguabimus;
3261 2157 3386 2225 quid
3425 2169 3599 2211 autem
3640 2161 3767 2215 nobis

2240 2240 2485 2308 relinquit
2526 2241 2817 2295 ascendens
2842 2256 2869 2293 a
2899 2243 3067 2305 nobis,
3100 2244 3197 2296 nisi
3231 2244 3495 2310 seipsum,
3532 2246 3652 2298 dum
3682 2263 3765 2299 non

2239 2332 2435 2385 recedit
2463 2346 2492 2385 a
2534 2331 2727 2384 nobis?
2768 2330 2881 2399 Ipse
2908 2342 2981 2385 est
3006 2334 3137 2384 enim
3174 2349 3277 2398 pax
3310 2345 3501 2399 nostra,
3551 2335 3637 2404 qui
3671 2336 3768 2401 fecit

2236 2428 2448 2488 utraque
2475 2437 2626 2472 unum
2656 2419 2865 2488 (Ephes.
2898 2420 2975 2489 tt).
3007 2420 3112 2474 Pax
3141 2427 3267 2490 ergo
3294 2424 3403 2489 ipse
3428 2424 3580 2476 nobis
3610 2435 3699 2487 est,
3727 2433 3769 2477 et

2236 2522 2354 2562 cum
2384 2509 2644 2560 credimus
2671 2508 2790 2576 quia
2818 2518 2919 2571 est,
2966 2519 3017 2562 et
3055 2524 3175 2561 cum
3206 2510 3443 2563 videmus
3485 2526 3604 2565 eum
3635 2513 3766 2567 sicuti

2238 2605 2337 2649 est.
2364 2596 2464 2648 Sed
2494 2596 2616 2663 quid
2640 2604 2720 2648 est
2739 2597 2874 2663 quod
2910 2597 2993 2648 ubi
3021 2597 3096 2648 ait
3121 2615 3132 2650 :
3168 2596 3350 2651 Pacem
3378 2598 3608 2667 relinquo
3635 2603 3767 2666 vobis,

2237 2698 2341 2737 non
2382 2686 2527 2737 addit
2572 2701 2730 2737 meam
2758 2700 2777 2737 :
2820 2684 2901 2737 ubi
2944 2699 3066 2737 vero
3091 2686 3183 2749 ait,
3232 2686 3296 2738 do
3337 2689 3506 2752 vobis,
3568 2690 3634 2741 ibi
3663 2690 3771 2744 dicit

2235 2774 2442 2827 meam?
2470 2772 2652 2829 Utrum
2693 2773 3103 2828 subaudiendum
3140 2785 3219 2831 est
3260 2793 3421 2831 meum
3453 2818 3468 2843 ,
3512 2788 3565 2833 et
3595 2781 3674 2833 ubi
3700 2782 3765 2833 di-

2234 2877 2372 2921 ctum
2404 2882 2504 2919 non
2533 2876 2631 2931 est,
2678 2867 2800 2935 quia
2834 2877 3010 2934 postea
3039 2867 3236 2920 dictum
3272 2878 3372 2933 est,
3416 2878 3471 2923 et
3513 2881 3675 2937 potest
3700 2886 3768 2922 re-

2234 2956 2358 3011 ferri
2380 2957 2442 3009 ad
2470 2970 2769 3024 utrumque,
2799 2958 2954 3010 etiam
2983 2958 3120 3024 quod
3150 2960 3309 3010 semel
3343 2959 3536 3011 dictum
3570 2960 3676 3012 est?
3701 2963 3765 3012 An

588 3042 875 3111 corporalis
910 3043 1238 3098 extrinsecus
1266 3045 1434 3100 oculis
1478 3055 1634 3114 atque
1679 3048 1891 3101 auribus
1916 3048 2133 3102 exhibe-
2158 3044 2201 3106 C
2236 3044 2369 3098 forte
2394 3053 2447 3098 et
2476 3045 2558 3098 hic
2580 3045 2774 3114 aliquid
2798 3045 2941 3110 latet,
2965 3046 3103 3113 quod
3146 3047 3427 3113 petendum
3457 3057 3538 3099 est
3573 3057 3623 3100 et
3648 3062 3767 3112 qua:-

586 3141 689 3186 tur.
724 3134 813 3186 Illa
842 3134 892 3187 in
920 3142 1171 3189 aternum
1199 3136 1464 3191 beatiﬁcat
1492 3137 1759 3201 liberatos,
1788 3138 1902 3191 haec
1928 3138 1976 3191 in
2001 3145 2135 3191 tem-

585 3235 713 3287 pore
744 3221 915 3275 visitat
952 3222 1268 3277 liberandos.
1319 3214 1617 3279 Secundum
1647 3226 1789 3279 illam
1820 3225 2074 3279 Dominus
2103 3243 2131 3280 a

582 3310 691 3362 suis
720 3310 1056 3365 dilectoribus
1084 3327 1185 3367 non
1219 3312 1466 3378 recedit,
1500 3314 1785 3367 secundum
1815 3315 1947 3367 banc
1971 3354 1987 3378 ,
2018 3314 2056 3367 it
2084 3322 2135 3367 et

583 3396 739 3449 redit.
786 3394 934 3461 Htec,
966 3398 1152 3466 inquit,
1213 3399 1408 3453 locutus
1436 3416 1544 3453 sum
1568 3400 1702 3454 vobis
1747 3402 1885 3467 apud
1911 3418 1995 3455 vos
2019 3418 2131 3455 ma-

584 3501 726 3548 nens,
754 3488 931 3554 utique
981 3490 1258 3555 praesentia
1310 3491 1571 3560 corporali
1593 3529 1607 3554 ,
1648 3506 1748 3560 qua
1780 3506 1897 3545 cum
1930 3492 2031 3546 illis
2060 3493 2135 3546 vi-

582 3574 750 3628 sibilis
792 3576 1118 3644 loquebatur.

654 3664 953 3721 Paracletus
998 3680 1200 3736 autem,
1230 3670 1436 3739 inquit,
1469 3672 1687 3741 Spiritus
1722 3683 1953 3741 sanctus,
1989 3691 2135 3741 quem

582 3753 739 3807 mittet
766 3755 919 3810 Pater
956 3758 1007 3810 in
1035 3760 1233 3812 nomine
1260 3776 1386 3823 meo,
1418 3761 1501 3812 ille
1528 3777 1611 3814 vos
1641 3762 1832 3814 docebit
1863 3765 2030 3816 omnia
2050 3803 2065 3828 ,
2090 3775 2135 3817 et

580 3848 978 3900 conunetnorobit
998 3864 1082 3901 vos
1102 3850 1268 3902 omnia
1290 3866 1591 3918 quaecunque
1610 3852 1783 3904 dixero
1803 3851 1961 3905 vobis.
1988 3850 2133 3905 Nun-

581 3936 830 4000 quidnam
860 3938 983 3990 dicit
1014 3937 1205 4003 Filius,
1258 3949 1311 3991 et
1337 3942 1490 3993 docet
1535 3940 1761 4007 Spiritus
1811 3952 2052 4005 sanctus,
2080 3952 2135 3995 ut

583 4024 793 4078 dicente
834 4024 967 4079 Filio
1013 4028 1164 4080 verba
1193 4029 1493 4095 capiamus,
1538 4030 1765 4083 docente
1808 4040 1983 4084 autem
2011 4030 2133 4098 Spi-

586 4114 690 4168 ritu
719 4126 902 4169 sancto
938 4115 1121 4170 eadem
1168 4120 1325 4170 verba
1371 4117 1770 4187 intelligamus?
1814 4119 1966 4187 quasi
1996 4122 2135 4173 dicat

543 4210 547 4227 ’
582 4205 747 4259 Filius
772 4206 887 4259 sine
912 4207 1106 4273 Spiritu
1127 4217 1330 4269 sancto,
1349 4218 1437 4259 aut
1464 4208 1691 4276 Spiritus
1712 4218 1922 4264 sanctus
1951 4210 2135 4265 doceat

580 4296 697 4350 sine
746 4295 919 4349 Filio?
964 4296 1070 4351 Aut
1098 4312 1223 4350 vero
1264 4314 1367 4351 non
1415 4308 1467 4351 et
1497 4299 1656 4352 Filius
1694 4300 1909 4364 doceat,
1940 4308 1991 4354 et
2016 4299 2135 4367 Spi-

2237 3132 2485 3195 rendum,
2516 3143 2565 3186 et
2592 3133 2655 3185 ad
2680 3132 2820 3201 quod
2867 3133 3190 3199 pulsantibus
3227 3137 3610 3209 aperiendum?
3654 3136 3767 3200 Quid

2235 3224 2375 3278 enim
2399 3222 2445 3276 si
2466 3236 2646 3291 pacem
2663 3236 2807 3275 suam
2828 3238 2943 3276 eam
2966 3223 3128 3277 voluit
3151 3225 3389 3291 intelligi,
3409 3227 3615 3292 qualem
3637 3226 3772 3278 habet

2236 3313 2374 3381 ipse?
2398 3312 2503 3366 Pax
2527 3326 2653 3366 vero
2676 3314 2770 3364 ista
2790 3326 2942 3381 quam
2958 3312 3107 3365 nobis
3130 3312 3375 3382 relinquit
3398 3316 3447 3366 in
3464 3314 3561 3368 hoc
3578 3316 3770 3377 saeculo,

2236 3414 2412 3458 nostra
2441 3404 2608 3471 potius
2636 3413 2718 3456 est
2743 3402 2961 3456 dicenda
2988 3417 3139 3469 quam
3169 3404 3351 3469 ipsius.
3384 3401 3460 3456 llli
3492 3404 3682 3471 quippe
3707 3406 3770 3455 ui-

2236 3493 2307 3546 hil
2334 3501 2585 3560 repugnat
2615 3491 2663 3542 in
2680 3491 2875 3557 seipso,
2896 3490 3013 3558 quia
3039 3490 3233 3542 nullum
3255 3489 3412 3541 habet
3431 3492 3646 3543 omnino
3672 3506 3773 3558 pce-

2235 3589 2428 3635 catum.
2448 3581 2552 3634 Nos
2574 3590 2750 3634 autem
2775 3580 2930 3632 talem
2956 3593 3134 3645 pacem
3159 3593 3295 3630 nunc
3321 3577 3596 3641 habemus,
3615 3580 3662 3630 in
3686 3595 3772 3647 qua

2235 3675 2404 3727 adhuc
2421 3672 2654 3725 dicamus
2673 3688 2688 3722 :
2709 3669 2913 3722 Dimitte
2929 3670 3071 3722 nobis
3091 3669 3255 3720 debita
3276 3678 3445 3721 nostra
3467 3668 3674 3737 (Matth.
3693 3673 3772 3735 tt).

2239 3765 2329 3816 Est
2355 3777 2483 3829 ergo
2513 3762 2659 3817 nobis
2704 3776 2801 3829 pax
2847 3761 3041 3827 aliqua,
3090 3758 3335 3826 quoniam
3370 3760 3775 3813 condelectamur

2234 3852 2334 3922 legi
2370 3852 2458 3906 Dei
2491 3850 2777 3905 secundum
2810 3852 3117 3903 interiorem
3147 3847 3412 3901 hominem
3449 3848 3629 3914 (Rom.
3658 3854 3772 3912 vn):

2233 3942 2322 3994 sed
2352 3955 2454 3993 non
2473 3949 2552 3993 est
2573 3939 2746 4006 plena,
2769 3937 2888 4003 quia
2914 3936 3153 3989 videmus
3174 3936 3329 3988 aliam
3354 3936 3524 4010 legem
3552 3937 3605 3990 in
3631 3953 3775 3990 meme

2234 4028 2342 4082 bris
2363 4028 2555 4081 nostris
2580 4033 2952 4094 repugnantem
2978 4025 3075 4090 legi
3100 4026 3287 4076 mentis
3311 4038 3526 4079 nostrai.
3560 4023 3773 4091 Itemque

2235 4119 2368 4173 inter
2395 4133 2490 4171 nos
2514 4120 2623 4184 ipse
2645 4125 2725 4171 est
2748 4116 2895 4169 nobis
2916 4129 3032 4181 pax,
3052 4113 3173 4183 quia
3199 4115 3421 4169 invicem
3449 4117 3603 4169 nobis
3625 4116 3776 4169 credi-

2234 4221 2370 4269 mus,
2401 4206 2538 4276 quod
2563 4206 2781 4260 invicem
2815 4205 3111 4273 diligamus.
3138 4204 3239 4257 Sed
3264 4218 3361 4259 nec
3389 4206 3489 4260 ista
3517 4207 3668 4274 plena
3688 4216 3773 4268 est.

2234 4298 2353 4365 quia
2381 4298 2731 4367 cogitationes
2752 4295 2926 4350 cordis
2954 4298 3116 4349 nostri
3140 4296 3364 4349 invicem
3389 4312 3495 4349 non
3518 4297 3775 4361 videmus;
3874 4326 3875 4331 η

582 4385 712 4439 ritus
740 4395 951 4440 sanctus
985 4386 1163 4440 dicat?
1189 4399 1239 4441 et
1266 4402 1386 4440 cum
1418 4389 1553 4440 Deus
1576 4388 1769 4455 aliquid
1798 4390 1925 4442 dicit
1953 4401 2005 4446 et
2031 4390 2129 4443 doc
2159 4396 2213 4456 Ῑ)
2236 4394 2289 4442 ει
2312 4387 2547 4456 quaedam
2574 4388 2642 4440 de
2664 4387 2837 4449 nobis,
2867 4400 2985 4454 qua:
3016 4399 3117 4439 non
3149 4395 3267 4438 sunt
3313 4386 3364 4439 in
3398 4386 3554 4439 nobis
3573 4427 3590 4451 ,
3632 4387 3711 4441 vel
3733 4389 3774 4438 in

581 4482 687 4537 cet,
715 4473 941 4527 Trinitas
967 4474 1075 4542 ipsa
1105 4474 1242 4527 dicat
1268 4486 1321 4528 et
1356 4475 1579 4529 doceat?
1618 4477 1719 4531 Sed
1750 4478 1997 4544 quoniam
2021 4478 2132 4533 Tri-

582 4564 721 4613 nitas
745 4570 846 4623 est,
868 4560 1142 4628 oportebat
1163 4561 1277 4630 ejus
1301 4563 1534 4632 singulas
1558 4565 1825 4619 insinuare
1855 4581 2131 4633 personas,

582 4651 870 4716 eademque
924 4666 1018 4706 nos
1059 4652 1303 4706 distincte
1350 4655 1567 4721 audire,
1608 4655 2026 4723 inseparabiliter
2055 4659 2135 4711 in-

584 4739 836 4806 telligere.
873 4740 1001 4793 Audi
1035 4740 1244 4793 Patrem
1277 4741 1538 4796 dicentem
1570 4742 1656 4796 ubi
1688 4744 1817 4813 legis
1841 4786 1854 4805 ,
1886 4744 2132 4799 Dominus

582 4829 709 4880 dixit
738 4831 804 4881 ad
831 4845 926 4892 me,
956 4828 1121 4884 Filius
1142 4848 1278 4884 meus
1302 4848 1351 4885 es
1376 4842 1427 4884 tu
1462 4833 1632 4901 (Psal.
1664 4836 1743 4902 tt).
1796 4836 1931 4890 Audi
1960 4846 2014 4891 et
2037 4839 2132 4892 do-

580 4931 785 4973 centem
813 4921 897 4974 ubi
926 4922 1071 4989 legis,
1105 4922 1277 4975 Omnis
1300 4925 1382 4991 qui
1412 4925 1600 4977 audivit
1631 4942 1660 4976 a
1689 4925 1840 4980 Patre
1866 4937 1911 4980 et
1933 4929 2131 4995 didicit,

582 5010 713 5059 venit
738 5009 804 5059 ad
844 5026 917 5062 me
945 5010 1126 5078 (Joun.
1158 5011 1250 5080 vt).
1293 5011 1479 5065 Filium
1522 5028 1648 5065 vero
1690 5015 1947 5070 dicentem
1979 5019 2131 5071 modo

579 5098 797 5160 audisti;
828 5100 893 5151 de
919 5114 975 5153 se
1002 5103 1193 5168 quippe
1230 5105 1331 5155 ait:
1383 5102 1706 5173 Quaecunque
1752 5106 1926 5159 dixero
1957 5110 2088 5161 vobis
2112 5125 2131 5163 :

581 5200 732 5252 quem
763 5196 814 5240 et
840 5187 884 5241 si
915 5188 1187 5242 docentem
1238 5192 1318 5244 vis
1349 5206 1526 5256 nosse,
1578 5194 1885 5259 magistrum
1934 5186 2127 5251 recole.

584 5276 725 5330 Unus
767 5289 837 5332 est
864 5320 877 5343 ,
920 5282 1123 5349 inquit,
1154 5286 1391 5353 magister
1432 5295 1587 5337 vester
1632 5283 1857 5337 Christus
1909 5286 2126 5356 (Matth.

578 5368 753 5436 χχιιι).
786 5368 1035 5436 Spiritum
1069 5389 1222 5437 porro
1253 5383 1487 5427 sanctum
1509 5414 1523 5437 ,
1559 5390 1712 5441 quem
1746 5375 1899 5429 modo
1938 5378 2127 5431 audisti

576 5459 880 5524 docentem,
926 5461 1011 5515 ubi
1040 5462 1231 5516 dictum
1273 5476 1383 5518 est:
1429 5465 1546 5531 Ipse
1579 5483 1661 5518 vos
1695 5466 1885 5518 docebit
1926 5471 2127 5523 omnia:

578 5546 695 5599 audi
718 5548 873 5602 etiam
896 5550 1181 5623 dicentem,
1206 5555 1293 5607 ubi
1314 5553 1444 5619 legis
1473 5556 1522 5608 in
1542 5556 1751 5608 Actibus
1775 5559 2125 5623 :tpOsltthl‘ltll]

580 5635 636 5692 Β.
668 5639 821 5693 Petro
848 5641 1044 5697 dixisse
1086 5644 1332 5714 Spiritum
1359 5655 1629 5701 sanctum:
1668 5645 1801 5699 νριιιυ
1845 5664 1953 5700 cum
2003 5648 2122 5713 illis,

2234 4476 2421 4530 melius
2452 4475 2675 4529 invicem
2705 4475 2788 4529 vel
2820 4474 2870 4527 in
2900 4474 3129 4527 deterius
3159 4473 3455 4540 Opiuamur.
3492 4474 3672 4541 Itaque
3693 4476 3775 4527 ista

2235 4567 2393 4621 etiam
2421 4566 2467 4619 si
2488 4566 2555 4619 ab
2574 4566 2664 4619 illo
2690 4564 2841 4618 nobis
2869 4565 3046 4619 relicta
3078 4574 3160 4618 est
3182 4578 3282 4632 pax
3304 4609 3317 4630 ,
3351 4576 3533 4633 nostra
3560 4578 3659 4620 est.
3682 4566 3774 4619 Nisi

2233 4656 2373 4711 enim
2422 4656 2489 4709 ab
2534 4657 2656 4720 illo,
2706 4670 2811 4709 non
2856 4654 3168 4709 haberemus
3212 4664 3265 4709 et
3312 4655 3509 4710 talem:
3558 4659 3649 4709 sed
3679 4657 3775 4723 ipse

2234 4760 2335 4799 non
2385 4744 2541 4799 habet
2588 4745 2766 4798 talem.
2825 4744 2881 4799 Si
2924 4746 3249 4797 tenuerimus
3296 4759 3462 4812 usque
3510 4746 3564 4797 in
3612 4744 3775 4805 ﬁnem,

2232 4835 2437 4904 qualem
2482 4834 2802 4903 accepimus,
2854 4834 3064 4902 qualem
3114 4832 3271 4887 habet
3322 4835 3660 4898 habebimus,
3704 4836 3775 4884 ubi
3874 4826 3875 4831 “

2233 4924 2358 4977 nihil
2390 4924 2537 4977 nobis
2564 4930 2821 4989 repugnet
2846 4936 2909 4976 ex
2952 4922 3103 4976 nobis
3124 4965 3138 4987 ,
3170 4931 3220 4975 et
3250 4923 3382 4975 nihil
3420 4937 3519 4975 nos
3567 4924 3774 4975 invicem

2232 5015 2391 5067 lateat
2422 5013 2469 5065 itt
2500 5011 2748 5065 cordibus
2794 5013 3007 5065 nostris.
3060 5011 3167 5065 Nec
3216 5016 3399 5079 ignoro
3451 5013 3556 5065 ista
3590 5012 3777 5065 Domini

2232 5104 2385 5157 verba
2416 5104 2571 5157 etiam
2603 5104 2682 5156 sic
2707 5103 2873 5170 accipi
2916 5117 3105 5172 posse,
3156 5112 3210 5156 ut
3239 5102 3475 5169 ejusdem
3519 5104 3778 5158 sententia:

2231 5192 2470 5259 repetitio
2497 5192 2751 5246 videatur.
2837 5179 2839 5181 ’

2303 5284 2487 5337 Puccnt
2533 5285 2763 5354 relinquo
2804 5282 2962 5348 vobis,
3004 5298 3173 5351 pacem
3221 5299 3380 5335 meam
3420 5284 3489 5335 do
3534 5284 3691 5337 vobis.
3725 5281 3780 5336 Ut

2228 5377 2365 5446 quod
2394 5376 2596 5429 dixerat
2626 5390 2802 5442 parem
2825 5412 2837 5436 ,
2870 5372 2969 5425 hoc
3000 5372 3335 5439 repetiverit,
3368 5371 3587 5435 dicens,
3619 5386 3778 5441 pacem
3874 5404 3875 5407 η

2227 5482 2407 5527 meum;
2434 5475 2485 5517 et
2513 5464 2649 5532 quod
2671 5462 2896 5525 dixerat,
2918 5462 3144 5527 relinquo
3175 5460 3329 5523 vobis,
3363 5460 3464 5511 hoc
3498 5459 3775 5528 repetierit,
3874 5482 3875 5499 ι

2227 5557 2433 5609 dicens:
2464 5554 2537 5606 Do
2552 5551 2705 5604 vobis.
2738 5549 2804 5604 Ut
2826 5551 2965 5602 Volet
2985 5550 3201 5618 quisque
3224 5549 3476 5614 accipiat:
3509 5566 3597 5604 me
3620 5561 3775 5601 tamen
3874 5548 3875 5587 ἒ

2228 5649 2453 5703 delectat
2496 5644 2672 5715 (credo
2703 5642 2840 5712 quod
2878 5652 2928 5696 ct
2958 5616 3049 5697 vos
3071 5684 3083 5707 ,
3117 5616 3301 5696 lratres
3330 5641 3431 5693 ιιιεὶ
3458 5641 3683 5707 dilecti),
3714 5642 3778 5692 sic

3852 1856 3875 2403 ι
