3884 6232
78 379 177 435 833

990 374 1051 424 IN
1093 372 1150 425 s.
1192 350 1470 423 Joannis
1508 364 1941 419 EVANCELIUM
1986 362 2354 417 EXi‘ttSlTltt.

3186 362 3291 414 834

82 501 256 545 tenere
285 486 441 542 istam
490 500 667 552 pacem
692 526 706 548 ,
766 484 853 540 ubi
895 483 1250 536 adversarium
1302 479 1632 533 concorditer
1661 476 1706 533 Α
1738 475 1797 529 Si
1829 477 2099 543 diligenti:
2125 492 2219 536 mc,
2250 476 2529 543 gaudentis
2556 478 2748 542 utique,
2779 477 2897 543 quia
2928 477 3059 533 vado
3082 480 3147 527 ad
3184 477 3288 528 Pa-

81 582 333 635 vincimus
356 618 371 643 ,
406 587 466 631 ut
494 577 856 632 desideremus
895 587 1076 642 pacem
1103 614 1117 637 ,
1143 573 1232 629 ubi
1268 572 1331 623 ad
1344 570 1633 623 versarium

81 685 181 724 non
213 668 545 723 habebimus.
581 666 729 734 Quod
753 678 881 719 vero
904 663 1154 718 Dominus
1179 658 1454 730 adjupxit,
1478 665 1637 725 atque

80 763 145 813 ait
174 777 186 811 :

148 846 267 899 Non
288 844 537 915 quomodo
567 842 781 894 mundus
809 842 923 904 dat,
971 854 1061 907 ego
1096 840 1161 891 do
1195 836 1361 899 vobis,
1391 834 1515 903 quid
1556 842 1639 887 est

80 936 237 998 aliud,
262 935 383 997 nisi,
408 930 672 1000 quomodo
695 929 932 982 homines
954 927 1101 990 dant,
1128 927 1216 995 qui
1238 926 1461 999 diligunt
1486 937 1638 975 mun-

80 1030 223 1085 dum,
253 1026 323 1077 ita
346 1024 415 1076 do
445 1021 629 1074 vobis?
673 1020 763 1089 qui
796 1027 1071 1086 propterea
1115 1015 1217 1069 sibi
1263 1013 1390 1066 dant
1432 1026 1633 1080 pacem,

82 1131 127 1168 tll
162 1117 279 1168 sine
310 1114 549 1167 molestia
580 1114 746 1167 litium
768 1120 924 1179 atque
946 1109 1225 1171 bellorum,
1251 1120 1355 1159 non
1385 1102 1517 1169 Deo,
1543 1104 1635 1159 sed

80 1208 245 1259 amico
275 1220 374 1259 suo
404 1204 599 1258 mundo
640 1204 969 1271 perfruantur
997 1218 1008 1252 :
1050 1208 1100 1255 et
1132 1197 1348 1265 quando
1366 1196 1490 1261 justi
1512 1196 1638 1248 dant

82 1310 283 1364 pacem,
314 1305 369 1349 ut
393 1310 495 1347 non
521 1309 613 1349 eos
639 1300 1043 1360 persequantur,
1069 1303 1167 1357 pax
1198 1301 1317 1342 esse
1339 1300 1442 1345 non
1468 1296 1643 1353 potest

80 1400 221 1449 vera,
252 1384 341 1439 ubi
374 1400 475 1439 non
500 1395 583 1441 est
608 1399 728 1438 vera
760 1382 1061 1445 concordia,
1087 1379 1207 1448 quia
1232 1376 1491 1447 disjuncta
1515 1384 1638 1430 sunt

78 1474 253 1527 corda.
304 1473 579 1538 Quomodo
627 1472 769 1525 enim
810 1484 1029 1523 consors
1077 1468 1271 1525 dicitur
1311 1466 1403 1535 qui
1440 1474 1635 1523 sortem

75 1562 263 1631 jungit,
298 1562 369 1613 ita
396 1562 483 1614 ille
510 1573 727 1615 concors
769 1557 1027 1613 dicendus
1065 1566 1147 1611 est
1194 1556 1281 1625 qui
1319 1570 1409 1609 cur
1444 1556 1633 1626 jungit.

78 1654 179 1709 Nos
198 1668 350 1721 ergo,
373 1650 690 1710 charissimi.
716 1649 907 1715 quibus
925 1648 1164 1702 Christus
1192 1660 1372 1714 pacem
1402 1644 1634 1713 reliquit,

77 1755 125 1799 et
149 1758 335 1812 pacem
361 1756 508 1797 suam
540 1756 642 1794 non
675 1739 826 1793 nobis
856 1740 945 1791 dat
973 1738 1109 1791 sicut
1134 1736 1381 1800 mundus,
1410 1734 1503 1787 sed
1530 1734 1637 1787 sic-

1737 574 1879 627 trem,
1919 563 2037 632 qﬁia
2080 564 2231 615 Pater
2274 566 2435 633 major
2466 580 2544 617 me
2579 574 2670 616 est.
2721 566 3079 631 [ignoscamus
3123 568 3293 631 gemi-

1737 667 1854 704 nam
1876 653 2218 707 substantiam
2252 650 2468 716 Christi,
2496 652 2723 704 divinam
2745 652 2967 715 scilicet,
2991 668 3089 721 qua
3110 669 3287 719 aequa-

1737 741 1800 795 lis
1832 751 1911 795 est
1943 743 2113 805 Patri;
2138 736 2438 807 humanam,
2463 755 2564 810 qua
2588 741 2755 808 major
2776 751 2855 795 est
2884 742 3051 794 Pater:
3078 752 3283 795 utrum-

1736 846 1837 899 que
1865 841 2039 909 autem
2082 832 2259 894 simul,
2315 848 2417 885 non
2442 832 2567 895 duo,
2616 832 2709 885 sed
2740 847 2872 885 unus
2910 831 3176 894 Christus,
3222 846 3290 884 ne

1736 923 1805 975 s't
1830 920 2177 992 quaternitas,
2207 936 2308 976 non
2349 922 2578 989 Trinitas
2610 922 2767 974 Deus.
2815 922 2959 976 Sicut
2984 920 3123 975 enim
3153 937 3288 976 unus

1736 1022 1814 1065 est
1840 1012 1998 1065 homo
2028 1013 2201 1064 anima
2230 1008 2499 1064 rationalis
2524 1017 2577 1061 et
2606 1024 2753 1073 caro,
2782 1010 2858 1063 sic
2882 1024 3014 1062 unus
3034 1018 3115 1063 est
3135 1010 3290 1063 Chri-

1736 1111 1847 1156 stus
1874 1101 2010 1155 Deus
2052 1109 2103 1155 et
2131 1100 2307 1153 homo.
2358 1102 2434 1153 Ac
2460 1113 2553 1167 per
2594 1098 2692 1151 hoc
2738 1095 2978 1151 Christus
3022 1107 3103 1151 est
3150 1098 3290 1152 Deus

1735 1192 1907 1262 anima
1943 1190 2212 1245 rationalis
2255 1196 2310 1242 et
2334 1202 2477 1241 caro.
2529 1186 2774 1240 Christus
2810 1187 2859 1239 in
2894 1186 2973 1239 his
3018 1186 3287 1248 omnibus,

1736 1292 1790 1335 et
1814 1279 2078 1335 Christum
2125 1279 2177 1333 in
2220 1276 2439 1345 singulis
2484 1280 2817 1329 confitemur.
2869 1276 2999 1342 Quis
3040 1284 3120 1330 est
3161 1291 3291 1344 ergo

1738 1383 1833 1437 per
1858 1383 2015 1438 quem
2060 1368 2225 1421 factus
2255 1376 2335 1425 est
2383 1364 2651 1417 mundus?
2700 1364 2944 1419 Christus
2973 1364 3127 1418 Jesus
3148 1402 3163 1427 ,
3194 1364 3288 1418 sed

1737 1458 1789 1513 in
1816 1458 1983 1514 forma
2023 1457 2134 1513 Dei.
2178 1457 2307 1523 Quis
2334 1464 2416 1510 est
2443 1455 2544 1509 sub
2574 1455 2758 1509 Pontio
2785 1453 2952 1508 Pilato
2981 1453 3289 1509 cruciﬁxus?

1736 1549 1972 1604 Christus
1994 1548 2165 1612 Jesus,
2196 1546 2289 1601 sed
2320 1546 2369 1599 in
2396 1544 2561 1600 forma
2606 1544 2765 1600 servi.
2818 1543 2946 1597 Item
2986 1543 3051 1599 de
3070 1544 3290 1612 singulis

1738 1639 1926 1707 quibus
1955 1640 2116 1693 homo
2145 1646 2365 1692 constat.
2406 1636 2532 1702 Quis
2558 1651 2659 1689 non
2702 1645 2783 1689 est
2818 1634 3102 1689 derelictus
3133 1637 3182 1687 in
3211 1636 3291 1687 in-

1740 1730 1925 1785 ferno?
1973 1729 2214 1784 Christus
2240 1728 2412 1790 Jesus,
2464 1727 2556 1781 sed
2591 1726 2640 1779 in
2668 1727 2841 1778 anima
2870 1723 3006 1779 sola.
3055 1724 3183 1790 Quis
3210 1738 3291 1778 re-

80 1846 130 1887 ut
150 1804 258 1887 'ille
307 1848 400 1900 per
437 1847 591 1900 quem
625 1831 791 1884 factus
831 1837 915 1883 est
954 1828 1211 1891 mundus;
1260 1834 1319 1880 ut
1344 1824 1633 1881 concordes
1664 1804 1708 1866 Β
1734 1818 2260 1872 surrecturus‘triduo
2299 1819 2464 1886 jacuit
2512 1818 2561 1870 in
2604 1816 2887 1883 sepulcro?
2928 1816 3169 1870 Christus
3198 1815 3287 1871 Je-

77 1926 258 1988 simus,
290 1924 571 1990 iungamus
592 1920 813 1972 invicem
846 1917 1028 1981 corda,
1054 1926 1109 1971 et
1134 1930 1226 1970 cor
1254 1924 1495 1969 nostrum
1517 1928 1635 1967 sur-

77 2028 186 2068 sum
214 2014 525 2077 habeamus,
557 2025 622 2064 ne
649 2015 1015 2074 corrumpatur
1054 2008 1106 2059 in
1138 2015 1298 2066 terra.

145 2104 265 2158 Non
299 2103 528 2156 turbetur
549 2116 635 2154 eor
659 2109 897 2161 vestrum,
929 2112 1089 2163 neque
1119 2096 1372 2165 formidet.
1414 2094 1637 2147 Audistis

79 2195 188 2260 quia
207 2209 304 2262 ego
327 2194 437 2246 dixi
455 2191 592 2244 vobis
614 2232 627 2255 ,
668 2188 812 2241 Vada
840 2197 886 2241 et
907 2190 1047 2242 mia
1074 2188 1141 2238 ad
1171 2202 1274 2239 vos.
1320 2184 1379 2239 Si
1402 2184 1637 2253 diligere-

79 2284 137 2332 tis
165 2296 267 2336 use.
308 2279 595 2347 gauderem
622 2277 795 2345 utique
816 2317 831 2341 ,
854 2278 972 2343 quia
1000 2276 1125 2341 vado
1162 2275 1229 2327 ad
1260 2272 1483 2336 Patrem,
1518 2273 1636 2337 quia

82 2368 231 2421 Pater
258 2370 426 2436 major
453 2382 531 2418 me
560 2375 650 2418 est.
695 2365 825 2418 liinc
857 2378 981 2431 ergo
1033 2364 1229 2416 turbari
1270 2371 1322 2416 et
1353 2362 1635 2415 formidare

80 2464 277 2522 poterat
305 2469 396 2507 cor
426 2454 657 2515 illorum,
688 2453 829 2520 quod
859 2452 964 2503 ibat
1009 2452 1074 2503 ab
1102 2452 1179 2503 eis
1198 2490 1211 2514 ,
1239 2450 1479 2517 quamvis
1506 2464 1631 2503 ven-

82 2558 220 2599 turus
248 2544 310 2597 ad
338 2558 450 2605 eos,
500 2558 566 2596 ne
599 2543 813 2596 forsitan
860 2556 1073 2610 gregem
1118 2542 1273 2607 lupus
1326 2540 1426 2593 hoc
1474 2540 1635 2593 inter-

80 2635 213 2686 sallo
238 2632 510 2688 invaderet
540 2632 765 2699 pastoris
787 2632 1043 2683 absentia.
1070 2629 1174 2682 Sed
1206 2643 1232 2680 a
1264 2627 1451 2695 quibus
1477 2626 1636 2681 homo

80 2722 411 2785 abscedebat,
446 2722 583 2774 Deus
621 2735 725 2773 non
756 2719 1115 2787 relinquebat:
1166 2716 1302 2770 idem
1347 2718 1457 2784 ipse
1485 2716 1634 2771 Chri-

80 2823 209 2872 stus,
240 2809 400 2862 homo
429 2816 483 2860 et
505 2808 659 2860 Deus.
696 2807 832 2873 Ergo
858 2817 911 2859 et
944 2806 1050 2857 ibat
1077 2820 1168 2872 per
1209 2806 1258 2857 id
1304 2805 1443 2871 quod
1476 2805 1634 2859 homo

80 2913 204 2961 erat,
231 2907 284 2949 et
312 2898 556 2949 manebat
587 2910 680 2963 per
708 2894 757 2949 id
788 2894 923 2961 quod
968 2894 1106 2947 Deus
1132 2902 1264 2947 erat.
1318 2893 1427 2946 Ibat
1457 2910 1549 2959 per
1581 2893 1633 2947 id

82 2988 211 3051 quod
242 3000 346 3038 uno
370 2984 488 3038 loco
531 2994 665 3048 erat,
719 2984 964 3037 manebat
1008 2997 1099 3050 per
1149 2983 1202 3035 id
1251 2982 1391 3050 quod
1440 2982 1633 3047 ubique

80 3085 206 3127 erat.
236 3072 341 3127 Cur
368 3075 542 3141 itaque
572 3073 907 3126 turbarentur
940 3080 994 3125 et
1016 3070 1390 3135 formidarent,
1422 3070 1628 3138 quando

81 3164 154 3215 sic
180 3161 455 3215 deserebat
482 3160 683 3222 oculos,
718 3168 775 3212 ut
803 3174 905 3212 non
936 3160 1206 3214 desereret
1243 3157 1369 3211 cor?
1396 3158 1634 3226 quamvis

86 3253 213 3302 Deus
237 3250 395 3304 etiam
437 3249 523 3315 qui
572 3248 714 3301 nullo
758 3248 1057 3301 continetur
1098 3247 1234 3313 loco,
1287 3246 1523 3301 discedat
1571 3246 1637 3305 ab

85 3355 257 3393 eorum
284 3338 539 3392 cordibus
585 3336 673 3405 qui
720 3352 842 3389 eum
882 3336 1185 3404 relinquunt
1231 3334 1501 3399 moribus,
1535 3347 1636 3388 non

84 3432 320 3497 pedibus,
347 3438 403 3484 et
429 3428 601 3481 veniat
631 3427 696 3480 ad
729 3428 846 3481 illos
885 3427 974 3494 qui
1006 3434 1387 3479 convertuntur
1416 3424 1481 3477 ad
1517 3437 1637 3480 eum

84 3536 180 3571 mm
210 3519 360 3583 iacie,
390 3518 483 3571 sed
514 3517 638 3582 ﬁde,
669 3525 723 3571 et
751 3516 1009 3569 accedunt
1051 3515 1114 3567 ad
1146 3529 1264 3568 eum
1308 3524 1503 3577 mente,
1533 3528 1637 3567 non

86 3622 254 3659 carne.
301 3605 365 3660 Ut
393 3615 569 3658 autem
600 3604 950 3671 intelligerent
980 3602 1271 3655 sccundum
1302 3600 1351 3653 id
1377 3601 1516 3668 quod
1545 3601 1638 3653 ho-

86 3712 168 3750 mo
194 3707 329 3761 erat,
356 3709 476 3750 cum
508 3694 721 3747 dixisset
749 3711 761 3745 :
803 3692 949 3747 Vada
967 3701 1013 3745 et
1038 3691 1181 3745 venio
1200 3693 1265 3744 ad
1294 3706 1400 3753 vos,
1444 3690 1641 3758 adjecit

85 3797 233 3851 atque
258 3786 361 3837 ait:
391 3782 455 3838 Si
490 3782 761 3851 diligentis
793 3797 898 3843 me,
948 3781 1235 3850 gaudentis
1283 3779 1472 3847 utique,
1522 3779 1642 3848 quia

87 3877 206 3927 uado
228 3876 293 3926 ad
324 3874 552 3937 Patrem,
583 3874 701 3940 quia
742 3870 898 3924 Pater
924 3868 1088 3939 major
1127 3885 1207 3922 me
1231 3878 1326 3923 est.
1375 3868 1476 3922 Per
1500 3869 1639 3937 quod

86 3980 209 4034 ergo
240 3964 402 4018 Filius
432 3978 535 4017 non
564 3976 645 4015 est
674 3961 892 4030 mqualis
926 3960 1101 4025 Patri,
1152 3974 1243 4027 per
1271 3960 1369 4011 hoc
1402 3970 1515 4014 erat
1542 3960 1641 4013 itu-

88 4068 173 4106 rus
198 4054 259 4107 ad
295 4053 525 4116 Patrem,
585 4065 617 4103 a
657 4064 762 4118 quo
797 4058 850 4104 et
895 4056 1147 4103 venturus
1189 4057 1271 4102 est
1310 4046 1639 4116 judicaturus

89 4144 234 4197 vivos
279 4149 333 4196 et
380 4149 638 4193 mortuos.
700 4138 813 4205 lpse
849 4151 976 4205 ergo
1028 4135 1269 4189 Christus
1319 4134 1481 4189 Filius
1526 4136 1638 4202 Dei,

91 4230 298 4299 aqualis
327 4228 466 4282 Patri
492 4229 543 4281 in
572 4227 737 4280 forma
777 4226 894 4289 Dei,
938 4224 1059 4291 quia
1086 4226 1426 4292 semetipsum
1459 4223 1639 4278 exina-

92 4319 240 4383 uivit,
285 4332 388 4371 non
416 4316 636 4371 formam
669 4316 761 4369 Dei
794 4316 1069 4380 amittens,
1122 4314 1216 4369 sed
1248 4314 1468 4368 formam
1497 4314 1639 4369 servi

1732 1924 1844 1976 sus,
1874 1911 1964 1962 sed
1994 1907 2046 1962 iu
2067 1924 2225 1962 carne
2267 1910 2401 1963 sola.
2444 1910 2640 1962 Dicitur
2665 1924 2789 1979 ergo
2834 1921 2888 1962 et
2916 1910 2969 1963 in
2998 1908 3079 1961 bis
3107 1910 3286 1975 singu-

1734 1998 1798 2051 lis
1822 1997 2060 2052 Christus
2105 1997 2293 2052 Iesus:
2322 2014 2503 2052 verum
2552 2000 2663 2053 huic
2709 2001 2881 2051 omnia
2929 2015 3030 2051 non
3070 2000 3173 2051 duo
3207 1998 3287 2052 vel

1737 2098 1865 2159 tres,
1892 2089 1984 2145 sed
2013 2104 2149 2144 unus
2174 2100 2253 2144 est
2278 2090 2538 2144 Christus.
2584 2090 2707 2143 ideo
2734 2104 2862 2159 ergo
2884 2089 3009 2141 dixit
3034 2106 3046 2141 :
3080 2089 3139 2142 Si
3170 2088 3288 2141 diti-

1736 2184 1913 2250 garetis
1940 2198 2016 2234 tne
2044 2222 2058 2245 ,
2091 2181 2373 2250 gauderctis
2420 2185 2609 2250 utique,
2652 2182 2769 2247 quia
2796 2182 2920 2233 vado
2946 2180 3013 2231 ad
3047 2178 3288 2239 Patrem;

1735 2273 1981 2339 quoniam
2009 2283 2210 2324 natura:
2236 2270 2474 2323 humanm
2503 2268 2867 2337 gratulandum
2900 2277 3001 2331 est,
3044 2282 3109 2322 eo
3148 2268 3291 2336 quod

1734 2359 1811 2414 sic
1839 2369 2103 2427 assumpta
2152 2368 2237 2412 est
2282 2373 2312 2411 a
2364 2358 2532 2412 Verbo
2578 2357 2863 2425 unigenito,
2894 2367 2949 2410 ut
2980 2358 3290 2411 immortalis

1734 2447 2142 2501 constitueretur
2190 2449 2239 2499 in
2271 2448 2439 2501 caelo:
2488 2456 2644 2515 atque
2686 2450 2752 2499 ita
2787 2445 2933 2499 ﬁeret
2964 2456 3099 2499 terra
3128 2448 3291 2499 subli-

1738 2534 1855 2598 mis,
1889 2545 1944 2587 ut
1989 2534 2400 2601 incorruptibilis
2447 2535 2611 2600 pulvis
2656 2535 2867 2589 sederet
2907 2534 3285 2588 ad-dexteram

1738 2622 1926 2677 Patris.
1960 2623 2069 2691 ῌοε
2095 2626 2233 2676 enim
2267 2622 2420 2677 modo
2448 2638 2505 2676 se
2544 2623 2733 2675 iturum
2776 2622 2906 2676 dixit
2945 2610 3007 2676 ad
3039 2623 3245 2677 Patrem
3275 2642 3286 2676 :

1735 2727 1853 2766 nam
1882 2713 2115 2782 profecto
2159 2713 2221 2765 ad
2252 2715 2394 2767 illum
2425 2714 2551 2777 ibat,
2596 2714 2683 2780 qui
2727 2728 2845 2766 cum
2876 2714 2966 2766 illo
2993 2723 3127 2766 erat.
3180 2712 3286 2767 Sed

1734 2802 1835 2857 hoc
1864 2813 1979 2857 erat
2018 2806 2094 2856 ire
2140 2804 2203 2856 ad
2232 2819 2374 2865 eum,
2421 2813 2473 2855 et
2502 2804 2751 2859 recedere
2789 2820 2818 2856 a
2864 2806 3035 2870 nobis,
3087 2814 3290 2860 mutare

1734 2902 1892 2958 atque
1939 2896 2233 2948 immortale
2282 2894 2633 2962 facererquod
2685 2896 2904 2949 mortale
2952 2896 3180 2962 suscepit
3224 2910 3291 2949 ex

1737 2982 1906 3045 nobis,
1946 2993 1993 3036 et
2029 2984 2205 3041 levare
2236 2984 2286 3036 in
2310 2984 2499 3040 calum
2531 2997 2621 3050 per
2666 2982 2804 3052 quod
2835 2982 2931 3036 fuit
2957 2986 3006 3037 in
3031 2994 3165 3037 terra
3190 2999 3288 3051 pro

1737 3071 1904 3124 nobis.
1926 3070 2054 3136 Quis
2078 3086 2179 3123 non
2201 3070 2321 3124 hinc
2341 3071 2583 3139 gaudeat,
2608 3074 2693 3140 qui
2721 3072 2798 3126 sic
2818 3071 3289 3143 diligitChristum,

1736 3168 1794 3213 ut
1832 3173 1979 3212 suam
2027 3169 2266 3215 naturam
2312 3161 2419 3229 jam
2481 3160 2833 3217 immortalem
2896 3161 3188 3227 gratuletur
3235 3162 3286 3214 in

1735 3248 1969 3313 Christo,
2001 3261 2159 3317 atque
2203 3249 2253 3301 id
2282 3258 2457 3316 speret
2481 3248 2708 3302 futurum
2738 3263 2856 3302 esse
2886 3264 2974 3315 per
2998 3249 3290 3301 Christum?

1805 3337 1873 3392 Et
1900 3354 2031 3391 nunc
2071 3338 2180 3392 dixi
2223 3338 2361 3391 vobis
2406 3342 2696 3409 priusquam
2722 3338 2830 3402 ﬁat,
2863 3346 2916 3389 ut
2942 3354 3057 3389 cum
3102 3342 3291 3405 factum

1739 3430 1887 3497 fuerit
1911 3430 2149 3482 credatis.
2179 3426 2311 3493 Quid
2342 3436 2427 3482 est
2456 3429 2574 3489 hoc,
2608 3422 2723 3480 cudi
2756 3428 2916 3496 magis
2941 3427 3160 3479 credere
3190 3427 3288 3480 bo-

1741 3532 1825 3571 nio
1854 3518 2047 3572 debeat
2102 3528 2381 3585 antequam
2430 3517 2517 3571 fiat
2547 3520 2597 3571 id
2624 3517 2763 3585 quod
2812 3516 3131 3570 credendum
3164 3518 3291 3570 cst?

1740 3606 1863 3659 Hu-c
1887 3616 1966 3659 est
1992 3605 2129 3658 enim
2155 3605 2267 3659 laus
2299 3606 2439 3670 fidei,
2465 3607 2509 3659 si
2546 3608 2683 3676 quod
2710 3606 2943 3660 creditur
2962 3649 2977 3672 ,
3007 3623 3108 3659 non
3144 3608 3287 3660 vide-

1742 3703 1845 3747 tur.
1902 3695 2030 3748 Nam
2089 3696 2210 3764 qttid
2288 3710 2534 3765 magnum
2592 3704 2714 3760 est,
2771 3696 2815 3753 si
2872 3697 3105 3749 creditur
3152 3697 3289 3765 quod

1744 3783 1989 3838 videtur?
2055 3786 2340 3839 secundum
2410 3786 2547 3837 illam
2606 3784 2843 3852 ejusdem
2906 3785 3115 3837 Domini
3172 3800 3295 3838 seu-

1742 3878 1993 3938 Ientiant,
2049 3875 2257 3943 quando
2304 3875 2617 3941 discipulum
2667 3872 2862 3941 arguit,
2892 3874 3105 3940 dicens,
3160 3874 3293 3939 Quia

1740 3962 1927 4029 vidisti,
1973 3964 2230 4016 credidisti
2264 3979 2281 4015 :
2312 3964 2440 4015 beati
2478 3964 2566 4032 qui
2620 3978 2719 4015 non
2765 3963 2951 4028 silent,
2997 3975 3044 4015 et
3082 3967 3294 4015 credunt

1742 4051 1919 4119 (Joan.
1966 4052 2076 4122 xx).
2112 4054 2175 4106 Et
2226 4056 2407 4107 nescio
2462 4064 2631 4107 utrum
2678 4056 2894 4107 credere
2937 4054 3191 4107 dicendus
3213 4062 3297 4108 est

1744 4143 2017 4209 quisquam
2074 4144 2210 4209 quod
2260 4128 2418 4195 videt:
2479 4142 2607 4196 Nam
2663 4146 2773 4211 ipsa
2808 4143 2933 4196 ﬁdes
2972 4145 3022 4197 in
3060 4145 3291 4211 Epistula

1741 4244 1857 4298 qua:
1888 4230 2135 4283 scribitur
2156 4232 2219 4283 ad
2251 4232 2518 4296 Hebraeos,
2549 4232 2615 4285 ita
2641 4245 2721 4285 est
2741 4232 2972 4295 definita,
3005 4232 3097 4286 Est
3118 4244 3290 4285 autem

1739 4319 1885 4385 ﬁdes,
1918 4323 2224 4387 spuantium
2253 4321 2549 4382 substantia,
2583 4324 2826 4373 convictio
2852 4336 3017 4373 rerum
3042 4336 3156 4388 quis
3185 4337 3286 4373 non

92 4407 369 4473 accipiens,
399 4406 566 4473 major
592 4413 675 4459 est
715 4414 768 4459 et
798 4405 995 4472 seipse,
1038 4406 1158 4472 quia
1188 4403 1356 4469 major
1398 4414 1477 4457 est
1527 4404 1635 4458 for-
1669 4447 1717 4503 υ
1742 4408 1973 4462 ridentur
2004 4408 2188 4477 (Hebr.
2236 4409 2331 4477 xi).
2391 4408 2721 4475 Quaprojter
2770 4410 2813 4461 si
2840 4409 2968 4462 fides
3006 4420 3089 4462 est
3118 4424 3291 4462 rerum

94 4510 172 4547 tua
198 4493 286 4547 Dei
314 4509 427 4561 qum
457 4492 647 4545 amissa
674 4506 780 4544 non
812 4500 914 4555 est,
949 4505 1104 4559 quam
1134 4492 1296 4553 servi,
1344 4506 1462 4558 qua:
1492 4506 1615 4544 acce

95 4594 176 4651 pta
222 4592 299 4635 est
327 4580 544 4650 (Philip.
581 4582 660 4648 ιι).
712 4579 845 4645 Quid
898 4581 1072 4647 itaque
1119 4580 1328 4640 mirum,
1383 4580 1463 4631 vel
1510 4580 1641 4631 indi-

94 4686 270 4739 gnum,
300 4668 657 4735 sisecundunt
705 4669 839 4720 hanc
868 4670 1004 4722 servi
1046 4667 1265 4719 fortnam
1300 4667 1522 4734 loquens
1570 4670 1643 4721 ait

99 4764 182 4816 Dei
208 4763 381 4829 Filius,
415 4762 572 4813 Pater
591 4762 755 4831 major
781 4777 859 4814 me
885 4761 994 4813 est?
1022 4760 1084 4813 Et
1111 4760 1395 4814 secundum
1422 4761 1639 4817 formam

100 4854 184 4906 Dei
215 4856 422 4921 loquens
465 4854 538 4903 ait
584 4852 722 4904 idem
753 4852 863 4916 ipse
894 4850 986 4903 Dei
1032 4850 1230 4904 Filius:
1285 4849 1390 4918 Ego
1418 4862 1465 4903 et
1488 4850 1643 4905 Pater

96 4960 246 4995 unum
273 4957 442 4995 sumtis
481 4941 664 5010 (Joar.
694 4941 787 5008 x)?
814 4939 989 4995 Unum
1023 4955 1142 4995 aunt
1171 4943 1310 4994 enim
1349 4944 1639 4997 secundum

100 5037 145 5088 id
174 5037 305 5103 quod
341 5034 470 5085 Deus
514 5041 618 5083 erat
657 5030 903 5095 Verbum;
951 5042 1004 5084 et
1035 5033 1201 5099 major
1243 5043 1324 5085 est
1353 5034 1508 5087 Pater
1552 5052 1638 5089 sc-

100 5125 315 5177 cundum
344 5123 389 5173 id
422 5122 560 5187 quod
617 5118 829 5171 Vtri'um
855 5137 971 5173 caro
1003 5121 1190 5188 factum
1218 5132 1311 5174 est.
1342 5123 1639 5177 Secundum

104 5219 231 5268 banc
258 5213 387 5267 servi
416 5215 641 5264 fortnam
660 5250 675 5273 ,
718 5224 845 5277 puer
875 5211 1114 5264 Christus
1142 5214 1301 5263 etiam
1335 5214 1640 5278 parentibus

100 5307 205 5358 suis
250 5305 414 5356 minor
458 5311 601 5362 erat,
650 5302 859 5366 quando
905 5316 1100 5369 parvus
1141 5302 1459 5369 majoribus,
1508 5306 1643 5357 sicut

101 5397 340 5463 scriptum
368 5403 481 5458 est,
526 5393 753 5444 subditus
781 5401 882 5442 erat
923 5391 1069 5458 (an.
1102 5391 1180 5459 tt).
1235 5392 1475 5461 Eqnalis
1503 5397 1639 5448 enim

104 5484 239 5538 Patri
270 5482 443 5547 Filius,
491 5496 585 5549 per
612 5494 766 5549 quem
814 5477 977 5530 factus
1018 5486 1102 5532 est
1150 5480 1328 5543 botno,
1379 5492 1433 5534 ut
1470 5482 1643 5537 minor

102 5585 241 5632 esset
267 5574 435 5633 Patre,
471 5574 643 5623 factus
670 5578 749 5622 est
776 5566 948 5619 homo.
994 5568 1141 5632 Quod
1173 5570 1273 5620 nisi
1315 5570 1483 5632 fleret,
1515 5575 1639 5639 quid

105 5675 181 5721 est
204 5664 401 5720 homo?
429 5660 585 5715 Dicat
616 5660 769 5727 plane
796 5660 1035 5712 Dominus
1064 5669 1116 5712 et
1146 5662 1393 5730 magister
1429 5672 1636 5717 noster:

1744 4514 1860 4567 quae
1884 4500 2193 4563 creduntur,
2224 4499 2514 4565 eademque
2530 4499 2661 4551 fides
2689 4512 2870 4551 earum
2887 4512 3060 4550 rerum
3075 4506 3156 4549 est
3172 4511 3289 4565 qua:

1742 4606 1845 4644 non
1878 4592 2121 4644 videntur
2146 4634 2160 4656 ,
2193 4595 2313 4658 quid
2343 4592 2440 4644 sibi
2472 4593 2579 4643 vult
2611 4591 2748 4658 quod
2786 4592 3036 4643 Dominus
3062 4593 3136 4643 ait
3169 4606 3184 4643 :
3225 4590 3293 4643 Et

1742 4697 1872 4733 nunc
1898 4683 2003 4734 dixi
2025 4685 2161 4735 vobis
2187 4684 2482 4751 priusquam
2512 4684 2625 4750 ﬁat,
2651 4695 2704 4733 ut
2746 4698 2858 4735 cum
2893 4686 3082 4747 factum
3112 4686 3281 4750 fuerit,

1741 4770 1989 4822 credatis?
2010 4771 2189 4824 Nonne
2215 4774 2382 4838 potius
2406 4774 2679 4825 dicendum
2707 4772 2821 4837 fuit,
2845 4772 2908 4824 Et
2923 4790 3053 4825 nunc
3070 4774 3176 4825 dixi
3198 4789 3291 4825 vo-

1742 4860 1814 4913 bis
1831 4862 1968 4929 prius
1988 4878 2137 4930 quam
2160 4864 2274 4929 ﬁat,
2301 4864 2437 4931 quod
2468 4880 2583 4915 cum
2607 4863 2796 4931 factum
2821 4865 2993 4932 fuerit,
3026 4864 3251 4917 videatis
3268 4864 3293 4915 ?

1742 4954 1870 5006 Nam
1896 4964 1947 5006 et
1966 4954 2052 5007 ille
2070 4955 2151 5005 cui
2176 4955 2369 5007 dictum
2392 4965 2493 5021 est,
2512 4955 2645 5021 Quia
2676 4956 2865 5017 vidisti,
2892 4955 3169 5021 credidisti,
3186 4970 3288 5006 non

1744 5042 1841 5096 hoc
1872 5043 2037 5095 credit
2082 5044 2226 5110 quod
2282 5046 2431 5104 vidit,
2488 5045 2577 5097 sed
2605 5045 2744 5095 aliud
2778 5044 2927 5107 vidit,
2960 5045 3097 5095 aliud
3126 5044 3292 5097 credi-

1741 5132 1835 5186 dit.
1865 5132 2003 5186 Vidit
2031 5135 2169 5185 enim
2200 5134 2492 5196 hominum,
2550 5136 2775 5186 credidit
2824 5136 3006 5187 Deum.
3038 5135 3139 5187 Sed
3162 5146 3213 5187 cl
3244 5136 3288 5187 si

1744 5223 1988 5277 dicuntur
2010 5223 2150 5277 credi
2176 5240 2291 5285 qua:
2316 5226 2575 5288 videntur,
2612 5224 2748 5277 sicut
2778 5225 2899 5277 dicit
2930 5226 3285 5292 unusquisque

1742 5314 1906 5366 oculis
1936 5314 2042 5365 suis
2072 5328 2129 5365 se
2152 5314 2435 5366 credidisse
2456 5355 2471 5378 ,
2514 5330 2613 5365 non
2648 5322 2817 5365 tamen
2854 5315 2961 5380 ipsa
2985 5324 3067 5366 est
3091 5329 3207 5381 qua:
3234 5316 3286 5365 in

1745 5402 1893 5453 nobis
1932 5401 2217 5453 aedificatur
2268 5402 2428 5465 fides,
2463 5401 2551 5452 sed
2586 5416 2647 5452 ex
2680 5401 2834 5457 rebus
2864 5415 2980 5466 qua:
3011 5400 3286 5460 videntur,

1744 5491 1912 5558 agitur
1934 5492 2082 5543 nobis
2102 5498 2155 5541 ut
2182 5504 2240 5541 ea
2270 5492 2548 5541 credantur
2569 5505 2683 5555 quzu
2715 5496 2817 5541 non
2842 5490 3107 5543 videntur.
3136 5490 3277 5551 Quo-

1743 5596 1771 5632 c
1796 5594 1900 5639 rca,
1920 5577 2267 5647 dilectissimi,
2294 5577 2430 5629 unde
2461 5592 2595 5630 nunc
2624 5591 2801 5628 sermo
2817 5587 2915 5640 est,
2940 5576 3076 5641 quod
3096 5577 3281 5627 Domi—

1745 5683 1841 5721 nus
1868 5669 1967 5732 ait,
2025 5666 2087 5717 Et
2117 5682 2244 5717 nunc
2272 5667 2378 5717 dixi
2420 5666 2553 5717 vobis
2598 5668 2736 5733 prius
2768 5683 2911 5736 quam
2937 5666 3027 5733 ﬁat
3051 5704 3065 5731 ,
3099 5678 3148 5717 ut
3175 5681 3291 5716 cum
