3884 6232
121 357 215 408 ΧΠ

1039 351 1101 404 ΙΝ
1144 350 1200 404 S.
1247 345 1526 403 JOANNIS
1567 341 2009 398 EVANGI‘ILIUM
2056 341 2427 395 EXPOSI'I‘IO.

3258 338 3363 389 838

122 483 271 520 uinus
309 467 432 532 quia
464 475 715 534 peccatum
748 480 848 516 non
900 462 1171 522 habemus,
1225 459 1453 527 nosipsos
1498 454 1695 508 seduci-
1725 459 1767 512 Α
1805 454 2015 517 mittent,
2048 462 2093 504 et
2122 453 2282 505 ardet.
2321 453 2481 520 Ligna
2517 451 2689 520 itaque
2739 451 2858 503 vitis
2901 461 3045 504 tanto
3074 462 3197 505 sunt
3232 467 3361 504 tou-

123 575 250 621 ntns,
298 567 343 608 et
389 559 574 609 veritas
626 557 679 608 in
721 555 860 608 nobis
902 569 1002 605 non
1029 560 1123 606 est.
1177 549 1236 605 Si
1276 559 1441 601 autem
1475 546 1689 612 confessi

123 649 368 714 fuerimus
391 656 598 714 peccata
629 653 821 707 nostra,
851 641 1015 708 fidelis
1037 650 1108 694 est
1130 650 1174 693 et
1192 641 1386 709 justus,
1411 635 1497 704 qui
1520 636 1691 687 dimit-

125 749 190 787 tut
238 736 381 788 nobis
425 747 660 801 peccata,
705 744 752 788 et
779 733 984 786 mandet
1030 748 1120 785 nos
1149 731 1210 784 ab
1250 729 1393 784 omni
1431 728 1692 794 iniquitate

130 822 179 891 (1
211 822 367 875 Joan.
396 823 452 892 t).
487 824 703 878 Mundet
731 825 909 888 utique
941 821 1184 884 mundos,
1220 820 1318 871 hoc
1347 827 1428 870 est
1457 815 1692 868 fructuo-

131 928 238 975 sos,
269 922 324 967 ut
347 925 494 967 tanto
519 914 623 967 sint
650 914 1052 975 fructuosiores,
1084 921 1281 979 quanto
1308 907 1503 961 fuerim
1535 922 1687 958 mun-

125 1006 317 1056 dtores.
372 1003 493 1057 Jam
518 1021 605 1056 vos
641 1004 818 1056 mundi
846 1002 964 1056 estis
996 1011 1199 1070 propter
1226 1001 1424 1052 uerbum
1452 997 1588 1064 quod
1613 996 1689 1047 lo-

124 1104 265 1146 cutus
295 1111 406 1146 sum
438 1094 597 1146 vobis.
643 1096 817 1158 Quare
847 1108 952 1146 non
990 1093 1083 1157 ait,
1117 1089 1294 1144 Mundi
1323 1088 1451 1142 estis
1473 1095 1689 1154 propter

127 1185 447 1250 baptismum
483 1198 587 1250 quo
617 1183 780 1237 abluti
807 1184 956 1247 estis,
987 1182 1080 1237 sed
1109 1181 1217 1233 ait:
1253 1180 1465 1249 Propter
1487 1183 1690 1232 verbum

126 1272 256 1338 quod
286 1270 488 1325 locutus
517 1287 627 1324 sum
657 1272 837 1325 vobis?
873 1273 970 1325 nisi
1000 1272 1118 1339 quia
1147 1282 1196 1324 et
1223 1269 1276 1323 in
1308 1284 1441 1336 aqua
1471 1268 1687 1321 verbum

126 1360 360 1414 mundat.
419 1360 649 1415 Detrahe
694 1361 932 1426 verbum,
977 1371 1030 1414 et
1077 1359 1199 1428 quid
1245 1371 1326 1413 est
1376 1374 1552 1426 aqua»
1587 1357 1689 1411 nisi

126 1449 301 1516 amat
345 1450 562 1504 Accedit
589 1453 808 1504 verbum
836 1450 900 1503 ad
940 1450 1285 1514 elementum,
1331 1459 1386 1503 et
1435 1449 1690 1503 litsacra-

131 1552 366 1594 mentum
397 1542 555 1594 etiam
582 1542 752 1606 ipsum
784 1551 1030 1608 tanquam
1056 1540 1261 1592 visibile
1286 1540 1524 1593 verbum.
1559 1539 1686 1592 Nam

126 1629 186 1681 de
216 1627 315 1681 hoc
341 1629 518 1695 utique
544 1627 771 1693 dixerat,
802 1629 1010 1696 quando
1036 1629 1196 1696 pedes
1225 1629 1500 1697 discipulis
1532 1629 1682 1693 lavit,

128 1719 224 1784 Qui
251 1719 388 1772 lotus
429 1729 520 1782 est,
567 1735 669 1771 non
715 1721 903 1785 indiget
926 1720 1023 1772 nisi
1061 1730 1113 1772 ut
1141 1720 1287 1788 pedes
1315 1721 1469 1780 lavet,
1499 1718 1588 1770 sed
1615 1727 1688 1769 est

1802 544 2182 612 temptibiliora
2215 544 2258 596 si
2299 544 2348 596 in
2377 544 2485 595 vite
2529 558 2630 594 non
2665 545 2978 606 manserint,
3027 552 3225 611 quanto
3254 543 3367 612 glo-

1798 631 2015 684 riosiora
2065 631 2108 685 si
2155 629 2468 684 manserint.
2525 630 2760 699 Denique
2804 631 2941 684 sicut
2988 631 3052 685 de
3093 632 3175 686 his
3201 634 3364 687 etiam

1796 737 1890 792 per
1919 714 2249 776 Ezechielem
2292 724 2600 791 prOphetam
2650 723 2904 777 Dominus
2952 725 3098 792 dicit,
3152 728 3366 792 praecisa

1794 812 1948 863 uallis
1995 813 2332 880 agricolarum
2380 812 2553 865 usibus
2596 822 2844 880 prosunt,
2890 813 3049 866 ttullis
3100 815 3365 880 fabrilibus

1793 903 2022 968 aperibus
2048 905 2354 972 deputantur
2381 901 2592 970 (Ezech.
2624 902 2731 970 xv).
2762 904 2932 957 Unum
2961 918 2992 958 e
3025 904 3229 979 duobus
3258 907 3365 973 pal-

1795 993 1907 1047 miti
1939 995 2205 1060 congruit,
2237 1005 2326 1047 aut
2353 996 2494 1060 vitis,
2525 1005 2613 1047 ant
2647 993 2779 1061 ignis
2808 1011 2820 1046 :
2850 995 2893 1047 si
2922 996 2975 1047 in
3000 995 3101 1048 vite
3121 1011 3223 1048 nun
3261 1004 3366 1058 est,

1796 1082 1847 1134 in
1876 1082 1994 1150 igne
2024 1083 2147 1136 erit.
2184 1079 2254 1136 Ut
2281 1098 2406 1151 ergo
2434 1083 2487 1136 in
2523 1083 2643 1151 igne
2673 1098 2776 1136 non
2808 1085 2895 1148 sit,
2930 1085 2979 1136 in
3011 1084 3116 1137 vite
3141 1084 3231 1137 sit.

1876 1170 1936 1225 Si
1964 1174 2249 1226 manseritis
2281 1175 2332 1226 in
2372 1189 2470 1240 me,
2519 1173 2708 1242 inquit,
2746 1184 2792 1226 et
2819 1176 2964 1227 verba
3001 1192 3110 1229 mea
3141 1177 3190 1229 in
3231 1176 3368 1230 vobis

1788 1263 2110 1334 manserint:
2141 1264 2476 1329 quodcunque
2507 1263 2761 1315 volueritis
2782 1265 2980 1330 petetis,
3011 1277 3058 1316 et
3089 1266 3174 1331 ﬁet
3207 1282 3246 1317 υ.
3269 1269 3362 1319 bis.

1797 1351 2059 1405 Manendo
2084 1354 2277 1420 quippe
2304 1353 2354 1404 in
2387 1353 2620 1415 Christo,
2657 1352 2780 1418 quid
2812 1353 2947 1405 velle
2980 1366 3217 1420 possunt,
3268 1356 3366 1408 nisi

1801 1443 1941 1509 quod
1973 1443 2219 1496 convenit
2242 1441 2453 1495 Christo
2475 1441 2498 1493 τ
2521 1441 2654 1507 Quid
2689 1440 2822 1495 velle
2855 1453 3078 1510 possunt
3105 1449 3369 1498 manendo

1798 1531 1850 1583 in
1882 1530 2176 1596 Salvatore,
2226 1532 2324 1584 nisi
2374 1533 2511 1598 quod
2542 1547 2644 1584 non
2692 1532 2922 1592 alienum
2967 1543 3048 1585 est
3078 1547 3106 1585 a
3156 1534 3370 1587 salute?

1793 1617 1944 1670 Aliud
1997 1620 2194 1686 quippe
2247 1620 2512 1684 volumus,
2562 1623 2680 1688 quia
2721 1634 2903 1674 sumus
2949 1623 2999 1673 in
3030 1621 3266 1690 Christo,
3312 1634 3365 1678 et

1790 1710 1930 1763 ahud
1963 1713 2207 1765 volumus
2238 1714 2357 1780 quia
2418 1728 2601 1766 sumus
2624 1713 2798 1767 adhuc
2827 1713 2877 1766 itt
2906 1713 3006 1772 hoc
3034 1717 3248 1767 sacculo.
3295 1715 3370 1772 De

127 1811 343 1863 mundus
366 1820 524 1863 totas.
574 1810 726 1865 Unde
767 1812 865 1865 ista
898 1822 1041 1866 tanta
1071 1814 1240 1866 virtus
1269 1827 1439 1880 aqum,
1485 1821 1541 1864 υι
1566 1826 1683 1865 cur.
1721 1793 1764 1850 Β
1792 1807 2063 1860 mansione
2092 1820 2318 1873 namque
2346 1807 2500 1874 hujus
2529 1807 2710 1860 stt-culi
2742 1807 2894 1860 nobis
2917 1807 3202 1873 aliquando
3239 1810 3366 1861 Sub-

126 1915 216 1964 pus
248 1910 444 1970 tangat,
475 1909 527 1955 et
558 1915 652 1954 cor
680 1903 875 1968 abluat,
927 1902 1028 1955 nisi
1068 1900 1295 1956 faciente
1327 1901 1532 1956 verba?
1582 1916 1686 1955 non

125 1990 240 2054 quia
288 1989 504 2054 dicitur,
560 1991 651 2043 sed
700 1993 821 2059 quia
876 1992 1130 2044 creditur.
1179 1989 1308 2042 Nam
1373 2000 1427 2044 et
1471 1989 1523 2042 in
1575 1989 1691 2056 ipso

127 2081 280 2131 verbo
319 2079 463 2131 aliud
494 2089 573 2133 est
625 2094 785 2133 sonus
843 2082 1130 2144 transiens,
1172 2079 1314 2134 aliud
1361 2080 1528 2133 virtus
1579 2095 1690 2132 πιθα

127 2183 269 2220 nens.
327 2167 436 2221 Hoc
483 2181 552 2223 est
599 2171 802 2223 verbum
849 2171 990 2236 ﬁdei,
1041 2172 1175 2240 quod
1219 2171 1576 2240 praedicamus,
1619 2170 1691 2222 ait

127 2262 405 2325 Apostolus
429 2276 444 2312 :
473 2261 591 2329 quia
614 2263 657 2314 si
682 2264 943 2329 confessus
972 2262 1129 2338 fiterig
1148 2263 1197 2315 in
1226 2278 1309 2316 ore
1331 2272 1413 2315 tuo
1440 2265 1558 2331 quia
1588 2260 1691 2314 Do-

127 2352 280 2402 minus
309 2363 377 2404 est
405 2351 577 2416 Jesus,
631 2363 676 2404 et
713 2355 985 2406 credideris
1038 2355 1088 2406 in
1116 2355 1266 2406 corde
1294 2363 1379 2405 tuo
1405 2355 1524 2423 quia
1553 2353 1689 2405 Deus

126 2444 260 2492 illum
288 2444 542 2494 suscitavit
574 2460 604 2495 a
629 2446 862 2512 mortuis,
892 2446 1058 2498 salvus
1085 2447 1203 2499 eris.
1237 2445 1398 2499 Corde
1426 2445 1558 2498 enim
1586 2460 1692 2496 cre-

128 2535 256 2584 ditur
283 2536 346 2584 ad
374 2535 646 2598 iustitiam,
678 2551 764 2588 ore
789 2547 956 2588 autent
996 2537 1242 2605 confessio
1282 2535 1340 2603 ﬁt
1378 2535 1444 2587 ad
1476 2534 1690 2588 salutem

132 2622 298 2682 (Rom.
337 2624 412 2691 λ).
460 2623 611 2677 Unde
642 2633 694 2677 et
747 2626 796 2677 in
834 2627 1052 2678 Actibus
1078 2626 1441 2692 apostolorum
1475 2625 1687 2691 legitur,

137 2706 259 2762 Fide
298 2713 544 2764 inundans
568 2713 724 2764 corda
752 2729 923 2766 eorum
967 2716 1102 2783 (Act.
1133 2718 1220 2784 xv)
1249 2733 1262 2778 ;
1311 2715 1434 2769 etin
1466 2716 1690 2783 epistula

131 2813 221 2848 sua
253 2800 431 2851 beatus
456 2799 662 2865 Petrus,
699 2800 786 2855 Sic
816 2814 862 2855 et
893 2819 998 2867 vos,
1033 2804 1222 2873 inquit,
1258 2805 1501 2872 baptisma
1524 2807 1690 2857 salvos

133 2891 264 2953 fact,
315 2909 413 2944 non
463 2896 632 2946 carnis
679 2887 927 2964 depositio
955 2898 1205 2963 sordium,
1253 2899 1342 2949 sed
1371 2898 1690 2949 conscientia:

134 2982 265 3032 bona
291 2981 639 3050 interrogatio.
684 2981 797 3034 Hoc
825 2993 899 3036 est
928 2984 1129 3037 verbum
1175 2986 1314 3052 ﬁdei,
1343 2986 1477 3052 quod
1505 2986 1690 3050 prcedi-
1725 2994 1733 3024 ε

134 3085 302 3120 cannis
353 3069 405 3139 (Ι
440 3068 580 3123 Pelr.
619 3072 736 3139 tt):
790 3089 894 3141 quo
933 3076 1049 3127 sine
1095 3075 1279 3143 dubio,
1334 3085 1389 3129 nt
1434 3077 1686 3129 mundare

132 3157 318 3222 possit,
361 3136 712 3215 consecratur
740 3136 1151 3232 et—baptisntus.
1199 3136 1442 3220 Christus
1493 3171 1686 3236 quippe
1716 3136 1761 3196 Ο

132 3251 393 3304 nobiseum
429 3252 550 3305 vitis
573 3293 586 3317 ,
617 3268 737 3307 cum
788 3255 944 3310 Patre
989 3259 1245 3331 agricola,
1296 3258 1479 3313 dilexit
1509 3262 1689 3316 Eccle-

131 3354 278 3404 stam,
323 3352 371 3394 et
401 3343 744 3411 semetipsum
780 3347 999 3401 tradidit
1022 3362 1120 3416 pro
1150 3363 1232 3403 ea.
1285 3349 1425 3419 Lege
1457 3351 1686 3418 Aposto-

131 3431 256 3493 lnnt,
307 3443 357 3487 et
401 3435 518 3489 vide
559 3436 683 3504 quid
732 3437 1021 3506 adjttngal:
1075 3438 1141 3493 Ut
1171 3456 1282 3493 eam
1322 3443 1685 3510 sanctiﬁcaret,

133 3518 312 3587 inquit,
341 3525 594 3576 mandans
617 3541 727 3578 eam
745 3529 946 3581 lavacro
969 3545 1113 3597 aqua:
1135 3533 1184 3582 in
1206 3530 1350 3584 verbo
1369 3529 1578 3599 (Ep/tes.
1606 3532 1683 3600 ν).

136 3608 390 3665 Mundatio
420 3614 578 3681 igitur
612 3632 950 3686 nequaquam
985 3620 1126 3674 ﬂuxo
1154 3631 1206 3676 et
1237 3621 1380 3677 labili
1421 3622 1686 3680 tribuere-

134 3707 214 3750 tur
236 3702 508 3768 elementn,
546 3707 647 3759 nisi
673 3708 961 3764 adderetur
990 3713 1041 3764 in
1063 3714 1231 3765 verba.

204 3788 411 3856 Munere,
444 3794 634 3862 inquit,
678 3800 730 3850 in
757 3815 858 3864 me,
887 3812 932 3853 et
955 3818 1046 3870 ego
1087 3803 1141 3855 in
1183 3803 1338 3856 vobis.
1388 3803 1501 3858 Non
1552 3821 1676 3874 quo-

141 3881 286 3934 modo
315 3883 386 3937 illi
417 3885 467 3938 iit
497 3887 636 3953 ipso,
668 3892 746 3943 sic
777 3890 888 3958 ipse
939 3895 988 3946 in
1018 3894 1117 3946 izlis
1144 3909 1159 3957 ;
1213 3908 1494 3964 utrumque
1541 3897 1684 3951 enim

141 3972 358 4037 prodest,
391 3989 491 4028 non
526 3978 648 4045 ipsi,
697 3981 791 4034 sed
823 3982 950 4035 illis.
1005 3984 1077 4036 Ita
1104 3997 1222 4037 sunt
1254 3987 1444 4053 quippe
1477 3989 1528 4040 itt
1581 3988 1687 4043 vite

141 4062 384 4127 palmites,
420 4076 475 4118 ut
501 4067 594 4121 viti
649 4084 752 4123 non
801 4069 1097 4136 conferant,
1149 4075 1242 4128 sed
1277 4076 1396 4130 inde
1424 4078 1688 4143 accipiant

148 4150 279 4204 unde
307 4153 499 4209 vivant.
535 4157 605 4210 Ita
651 4173 778 4213 vero
808 4161 925 4214 vitis
956 4164 1110 4216 estin
1152 4165 1476 4232 palmitibus,
1531 4176 1584 4220 ut
1614 4168 1688 4222 vi-

140 4240 237 4291 tale
262 4242 558 4299 alimentum
592 4249 962 4305 sulnninistret
1009 4252 1112 4317 eis,
1146 4269 1246 4307 non
1278 4265 1449 4307 sumat
1479 4254 1546 4319 ab
1587 4255 1683 4309 eis.

141 4332 213 4382 Ac
241 4345 327 4397 per
351 4333 447 4387 hoc
490 4348 540 4388 et
576 4351 885 4394 manentem
918 4344 967 4394 itt
996 4356 1056 4396 se
1087 4343 1283 4397 habere
1311 4344 1601 4411 Christum,
1634 4355 1688 4400 ct

143 4434 340 4475 manere
364 4423 411 4476 in
444 4424 676 4493 Christo,
705 4428 983 4498 discipulis
1006 4432 1221 4500 prodest
1245 4445 1549 4504 utrumque,
1584 4453 1687 4491 non

141 4506 372 4563 Christo:
405 4528 522 4566 nam
577 4518 799 4583 praeciso
851 4522 1100 4588 palmite,
1148 4534 1323 4592 patest
1353 4524 1418 4578 de
1450 4527 1569 4578 viva
1603 4541 1687 4579 ra-

141 4599 251 4652 dice
284 4603 410 4657 alios
448 4605 752 4673 pullulare;
799 4611 887 4677 qtti
913 4622 1091 4665 autem
1135 4613 1386 4681 praecisus
1416 4624 1519 4680 est,
1572 4616 1684 4670 sine

143 4691 304 4746 radice
334 4711 430 4748 non
458 4705 638 4766 potest
669 4700 866 4754 vivere.
930 4701 1165 4771 Denique
1187 4703 1426 4773 adjungit
1447 4718 1498 4758 et
1523 4704 1684 4759 dicit:

210 4785 338 4836 hicat
366 4788 555 4854 palmes
585 4805 689 4840 non
714 4802 872 4856 potest
915 4793 1045 4861 ferre
1079 4793 1300 4863 fructum
1340 4811 1371 4846 a
1400 4796 1684 4864 semetipso,

149 4871 236 4923 nisi
264 4876 487 4927 manserit
509 4877 560 4929 in
586 4879 703 4943 vite,
730 4884 802 4931 sic
831 4896 920 4933 nec
940 4891 1045 4948 vos;
1077 4885 1175 4936 nisi
1201 4887 1251 4936 in
1274 4901 1353 4937 me
1375 4888 1683 4940 manseritis.

149 4959 310 5030 Magna
337 4969 515 5033 gratim
549 4973 964 5038 commendatio,
997 4972 1186 5027 fratres
1214 4975 1336 5029 mei.
1370 4973 1538 5029 Corda
1573 4977 1686 5030 illu-

147 5055 312 5107 stravit
356 5057 655 5125 humilium,
709 5077 798 5113 ora
847 5065 1072 5118 obstruit
1125 5070 1496 5135 superborum.
1559 5070 1680 5124 Sive

148 5157 258 5212 ergo
284 5163 482 5214 parum,
524 5154 636 5205 sive
672 5154 913 5219 multum,
947 5156 1059 5207 sine
1106 5156 1196 5209 illo
1224 5158 1335 5211 lieti
1367 5174 1470 5211 non
1519 5171 1688 5227 potest

153 5237 253 5289 sine
278 5256 373 5307 quo
397 5243 520 5294 ntbil
547 5245 657 5296 lirri
689 5255 860 5311 potest
886 5263 898 5311 ;
932 5247 1052 5314 quia
1078 5252 1173 5300 εικῆ
1208 5264 1429 5317 parvum
1453 5252 1690 5306 attulerit

91 5347 94 5353 -
159 5328 339 5392 palmes
367 5347 481 5384 tnnt
517 5345 703 5404 purgat
741 5339 970 5404 agricola
1005 5352 1052 5389 ttt
1091 5341 1208 5407 plus
1253 5339 1459 5405 alTerat,
1513 5353 1687 5397 tamen

160 5418 245 5469 nisi
273 5421 318 5470 in
346 5423 442 5474 vite
468 5427 746 5490 manserit,
795 5439 846 5479 et
874 5427 1059 5480 vixerit
1108 5430 1174 5482 de
1206 5432 1382 5484 radice
1412 5442 1689 5498 quantum-

162 5506 270 5558 libet
297 5510 511 5566 lructum
536 5530 564 5567 a
591 5519 879 5582 semetipso
909 5533 1009 5570 non
1039 5529 1161 5585 pote
1193 5529 1212 5572 t
1247 5518 1414 5574 ferre.

223 5597 394 5667 Siquis
416 5606 462 5655 in
491 5622 585 5668 me,
632 5608 819 5674 inquit,
868 5625 963 5660 non
1006 5613 1266 5671 manserit,
1302 5613 1528 5665 mittetur
1554 5615 1690 5681 foras

155 5682 265 5738 sicut
287 5692 486 5758 palmes,
519 5707 561 5746 et
587 5710 797 5761 arescet,
826 5711 874 5750 et
915 5702 1149 5769 colligent
1181 5718 1311 5770 sunt,
1358 5716 1405 5758 et
1446 5707 1495 5757 in
1529 5709 1688 5777 ignem

1716 4479 1768 4536 D

1793 1895 1976 1961 repit,
2030 1907 2086 1948 ut
2134 1897 2236 1948 hoc
2286 1906 2525 1962 petamus
2575 1895 2712 1963 quod
2766 1896 2919 1949 nobis
2960 1911 3067 1948 non
3121 1897 3370 1964 expedire

1798 1983 2104 2037 nescimus:
2146 1983 2240 2036 sed
2286 1983 2423 2035 absit
2457 1991 2511 2035 ut
2555 1983 2843 2047 ﬁatnobis,
2896 1984 2938 2036 si
2993 2000 3265 2039 manemus
3317 1989 3368 2039 in

1792 2071 2027 2138 Christo,
2079 2073 2168 2140 qui
2215 2088 2317 2125 non
2350 2073 2490 2138 facit,
2540 2073 2750 2140 quando
2783 2073 3029 2141 petimus,
3083 2075 3183 2127 nisi
3226 2079 3365 2144 quod

1793 2161 2013 2226 exredit
2040 2162 2215 2216 nobis.
2273 2162 2545 2215 Manentes
2568 2176 2694 2228 ergo
2726 2162 2774 2214 in
2805 2177 2891 2225 eo,
2920 2177 3037 2215 cum
3070 2165 3225 2218 verba
3255 2168 3368 2231 ejus

1796 2250 1846 2302 in
1881 2252 2032 2303 nobis
2063 2257 2303 2314 manent,
2353 2253 2708 2319 quodcunque
2758 2253 3085 2305 voluerimus
3119 2256 3365 2321 petimus,

1795 2353 1846 2395 et
1873 2341 2145 2396 liet'nobis
2172 2358 2187 2405 ;
2235 2342 2355 2409 quia
2385 2341 2430 2395 si
2462 2346 2709 2408 petimus,
2744 2352 2796 2395 et
2825 2359 2929 2396 non
2958 2343 3066 2408 ﬁet,
3114 2361 3216 2398 non
3269 2346 3369 2401 hoc

1798 2436 2026 2501 petimus
2065 2435 2201 2502 quod
2234 2434 2393 2488 habet
2424 2434 2628 2486 mansio
2661 2434 2828 2504 ineo,
2863 2450 2962 2488 nec
2992 2436 3130 2504 quod
3175 2439 3370 2491 habent

1800 2525 1960 2578 verba
1992 2525 2107 2593 ejus
2150 2540 2269 2595 quin
2313 2534 2531 2579 manent
2584 2529 2631 2576 in
2676 2527 2848 2590 nobis,
2899 2527 2989 2580 scd
3035 2529 3174 2597 quod
3211 2531 3370 2583 habet

1798 2614 2058 2681 cupiditas
2087 2625 2138 2668 et
2170 2615 2451 2668 infirmitas
2484 2616 2683 2681 carnis,
2713 2631 2832 2682 quae
2862 2631 2964 2670 non
2996 2619 3149 2673 estin
3176 2634 3262 2681 eo,
3313 2632 3368 2673 et

1801 2701 1850 2753 in
1882 2718 1983 2772 qua
2009 2718 2113 2754 non
2138 2714 2352 2754 manent
2382 2703 2542 2756 verba
2573 2703 2720 2771 ejus:
2758 2719 2876 2756 nam
2910 2707 3086 2774 utique
3114 2710 3175 2759 ad
3209 2708 3365 2760 verba

1795 2794 1908 2861 ejus
1940 2794 2165 2862 pertinet
2201 2795 2371 2847 oratio
2401 2794 2484 2846 illa
2535 2809 2690 2863 quant
2726 2795 2927 2862 docuit,
2986 2799 3070 2851 ubi
3117 2799 3365 2862 dicimus,

1802 2883 1952 2938 Pater
1979 2897 2162 2949 noster,
2191 2886 2278 2954 qui
2297 2903 2349 2938 es
2374 2886 2424 2937 in
2447 2886 2582 2937 ralis
2606 2885 2814 2955 (.llattlt.
2841 2888 2939 2956 Vl);
2974 2891 3039 2940 ab
3069 2888 3220 2956 hujus
3246 2904 3366 2943 ora-

1798 2976 1959 3030 tionis
1987 2978 2159 3030 verbis
2187 2985 2240 3029 et
2269 2975 2514 3030 sensibus
2558 2991 2662 3028 non
2710 2978 3018 3032 recedamus
3051 2980 3100 3032 in
3153 2983 3366 3046 μεὶιιίοσ

1797 3067 1949 3121 nibus
1981 3068 2199 3132 nostris,
2246 3077 2298 3121 et
2327 3065 2581 3136 quidquid
2617 3071 2865 3134 petimus,
2900 3068 2987 3120 liet
3018 3068 3187 3122 nobis.
3216 3069 3367 3124 Tunc

1793 3159 1932 3210 enim
1983 3157 2202 3209 dicenda
2252 3162 2374 3209 sunt
2423 3157 2581 3209 verba
2637 3160 2753 3224 ejus
2808 3158 2859 3209 in
2915 3157 3069 3211 nobis
3121 3173 3363 3230 manere,

1791 3245 2004 3315 quando
2033 3245 2256 3299 facimus
2284 3261 2402 3314 quae
2427 3246 2694 3314 przttcr‘pil,
2727 3255 2779 3300 et
2807 3246 3077 3315 diligimus
3101 3263 3218 3317 qua:
3243 3264 3368 3317 pro-

1791 3339 1952 3391 misit.
1981 3337 2201 3404 Quando
2228 3347 2405 3391 autem
2437 3335 2595 3391 verba
2624 3335 2740 3404 ejus
2765 3347 2982 3392 manent
3009 3337 3062 3390 iit
3083 3342 3362 3405 memoria,

1793 3444 1891 3483 nec
1923 3430 2265 3483 invoniuntur
2314 3430 2367 3481 in
2401 3429 2529 3494 vita,
2580 3445 2681 3481 tton
2715 3437 3018 3498 amputatur
3064 3432 3266 3496 palntes
3315 3429 3367 3481 itt

1791 3523 1921 3586 vite,
1949 3523 2070 3591 quia
2100 3524 2258 3575 vitant
2291 3537 2395 3575 non
2425 3521 2646 3574 attrahit
2674 3535 2740 3574 ex
2773 3521 2970 3575 radice.
3004 3521 3056 3574 In
3089 3521 3169 3573 bis
3209 3523 3367 3574 verba

1790 3613 1988 3667 Christi
2013 3627 2115 3666 tton
2141 3619 2383 3679 manent,
2414 3628 2500 3682 qut
2535 3621 2755 3681 tangunt
2794 3612 3208 3681 quodammodo,
3263 3629 3366 3667 non

1792 3705 2061 3758 cohaarent
2085 3722 2096 3756 ε
2118 3715 2169 3757 et
2193 3704 2315 3758 ideo
2342 3706 2442 3758 illis
2462 3720 2563 3758 non
2585 3716 2733 3758 ciunt
2758 3705 2808 3757 in
2835 3705 3176 3773 beneﬁcium,
3199 3708 3290 3759 sed
3314 3707 3366 3759 in

1790 3799 2174 3861 testiinonium;
2200 3807 2253 3850 et
2276 3798 2398 3865 quia
2431 3798 2506 3849 sic
2531 3801 2709 3849 insunt
2734 3797 2782 3847 in
2800 3798 2898 3860 eis,
2919 3804 3096 3850 utnon
3121 3810 3372 3852 maneant.

1795 3885 1845 3939 itt
1870 3885 1969 3950 eis,
1995 3886 2059 3938 ad
2093 3887 2190 3938 hoc
2213 3895 2456 3939 tenentur
2485 3885 2550 3936 ab
2575 3887 2649 3938 cis
2678 3897 2728 3937 ut
2749 3884 3053 3955 judicentur
3085 3901 3146 3939 ex
3174 3888 3275 3948 eis.

1865 3973 1930 4028 In
1959 3977 2076 4040 ltoc,
2103 3974 2294 4044 inquit,
2321 3974 2632 4044 glorificatus
2671 3983 2741 4026 est
2779 3975 2930 4026 l’ater
2967 3989 3125 4039 meus,
3170 3984 3222 4028 ut
3252 3972 3368 4043 [ru-7

1795 4077 1928 4121 ctum
1956 4067 2228 4137 plurimum
2252 4066 2505 4131 offeratis,
2553 4074 2600 4117 et
2631 4067 2924 4133 efﬁciamini
2979 4067 3077 4120 mei
3105 4067 3367 4136 discipuli.

1793 4159 1920 4221 Δόξα
1967 4157 2106 4210 enim
2161 4169 2278 4225 quae
2337 4154 2524 4208 Graece
2570 4155 2798 4216 dicitur,
2848 4155 3031 4211 Latine
3067 4157 3234 4224 gloria
3265 4169 3366 4211 est.

1793 4248 1942 4314 Quod
1975 4247 2091 4300 ideo
2137 4244 2666 4300 commemorandum
2713 4245 3043 4308 existimavi,
3090 4250 3208 4317 quia
3240 4247 3370 4302 dicit

1800 4340 2118 4406 Apostolus,
2168 4337 2230 4391 Si
2259 4337 2511 4389 Abraham
2561 4353 2623 4389 ex
2667 4338 2900 4405 aperibus
2931 4338 3242 4406 justi/iratus
3270 4349 3366 4404 est,

1800 4430 1947 4482 habet
1969 4429 2209 4498 gloriam,
2249 4429 2341 4481 sed
2367 4445 2468 4482 non
2506 4430 2644 4498 apud
2687 4427 2847 4480 Deum
2895 4429 3066 4496 (Rom.
3102 4429 3197 4496 tv).
3247 4431 3370 4485 lla'c

1795 4529 1882 4573 est
1913 4521 1975 4573 ad
2006 4521 2168 4575 Deum
2197 4521 2364 4588 gloria
2407 4525 2531 4588 (qua
2561 4521 2884 4588 gloriﬁcatur
2932 4537 3034 4572 non
3062 4521 3243 4586 homo,
3274 4525 3368 4577 sed

1796 4611 1955 4678 Deus)
1989 4611 2034 4664 si
2063 4627 2166 4664 non
2191 4625 2254 4666 ex
2289 4611 2561 4679 operibus,
2594 4612 2685 4664 sed
2721 4627 2782 4665 ex
2810 4612 2912 4666 lide
2936 4611 3276 4679 justilicatur,
3312 4626 3368 4669 ut

1791 4716 1856 4754 cx
1893 4701 2004 4756 Duo
2035 4700 2105 4754 illi
2138 4700 2207 4754 sit
2244 4702 2403 4754 etiam
2437 4701 2575 4769 quod
2608 4701 2744 4768 bene
2791 4713 3059 4769 Operatur,
3110 4707 3363 4771 quoniam

1793 4794 1993 4860 palmes
2025 4807 2149 4854 ,non
2195 4802 2373 4861 posset
2417 4792 2558 4846 ferre
2603 4793 2826 4845 fruetutn
2875 4808 2902 4844 a
2951 4798 3259 4863 semetipso.
3310 4797 3367 4851 Si

1791 4900 1918 4952 ergo
1965 4886 2014 4938 itt
2049 4885 2147 4938 hoc
2179 4884 2506 4953 gloriﬁcatus
2532 4895 2613 4938 cst
2660 4885 2798 4937 Deus
2843 4885 3020 4950 Pater,
3055 4898 3106 4938 ut
3141 4880 3364 4942 fraetum

1794 4977 2077 5044 plurimum
2116 4978 2422 5039 aderamus,
2458 4988 2510 5030 et
2541 4974 2832 5031 elliciatnur
2858 4978 3055 5031 Christi
3095 4980 3364 5047 discipuli,

1799 5084 1903 5121 non
1937 5071 2035 5121 hoc
2071 5078 2266 5121 nostra:
2292 5067 2475 5137 gloriae
2509 5069 2824 5133 tribuamus,
2878 5077 3125 5135 tanquam
3157 5072 3254 5123 hoc
3300 5089 3363 5124 ex

1799 5157 1949 5211 nobis
1975 5158 2104 5224 ipsis
2136 5157 2446 5210 habeamus.
2471 5158 2594 5224 Ejus
2623 5166 2704 5210 est
2736 5158 2876 5210 enim
2920 5159 3032 5211 lttrc
3058 5163 3220 5227 gratia
3251 5179 3261 5212 :
3312 5173 3367 5214 et

1792 5250 1910 5304 ideo
1944 5254 1992 5303 itt
2025 5253 2123 5303 hoc
2153 5266 2255 5303 non
2289 5261 2493 5316 nosm,
2520 5249 2612 5302 sed
2644 5249 2756 5316 ejus
2801 5260 2882 5302 est
2911 5250 3101 5316 gloria.
3135 5251 3281 5305 Und:
3313 5264 3368 5307 ct

1791 5341 1914 5392 alibi
1961 5357 2078 5392 ('Utll
2127 5341 2370 5402 dixisset,
2424 5339 2513 5393 Sic
2561 5338 2721 5389 luceat
2748 5339 2915 5390 lunten
2946 5346 3160 5390 uestrum
3192 5357 3366 5395 coram

1791 5429 2096 5488 hominibus,
2129 5441 2180 5480 ut
2215 5432 2414 5480 t'ltlt‘alll
2457 5443 2608 5491 opera
2637 5437 2798 5479 vestra
2837 5429 2968 5479 bona
3019 5428 3233 5498 (blatta.
3268 5437 3317 5499 v)
3348 5449 3360 5483 :

1793 5535 1856 5572 ne
1889 5536 1916 5572 a
1949 5522 2246 5589 semetipsis
2282 5532 2528 5588 putari-nt
2565 5536 2684 5572 esse
2737 5523 2869 5573 bona
2899 5534 3057 5587 Opera
3090 5536 3205 5584 sua,
3239 5538 3359 5576 mox

1792 5612 2015 5676 addidit,
2050 5611 2112 5663 Et
2139 5611 2422 5680 glori/irent
2453 5611 2657 5664 Patrem
2681 5620 2918 5676 uestrum,
2942 5610 3028 5679 qui
3055 5611 3104 5662 in
3128 5612 3267 5665 salis
3289 5623 3364 5667 est

1798 5684 1969 5774 (Ps‘al.
2021 5710 2260 5775 Luam).
2316 5708 2366 5760 lit
2406 5706 2504 5760 hoc
2549 5707 2687 5761 cnim
2734 5705 3055 5774 gloriﬁcatur
3085 5707 3261 5763 Patet.
3309 5719 3365 5764 ut
