3884 6232
543 370 647 427 859

1004 362 1203 416 [11ἶοᾹί
1247 357 1687 412 VENEllAllIUS
1725 356 1870 408 (ll’P.
1915 352 2081 405 PARS

2211 347 2399 401 SECT.
2434 348 2473 402 l.
2511 376 2578 388 ——
2606 346 2986 405 EXEGETICA
3026 343 3340 401 GENUINA.

3647 342 3752 397 850

546 482 769 537 fructum
804 476 1085 545 plurimum
1134 471 1432 531 offeramus,
1483 480 1534 521 et
1572 468 1864 520 elliciamur
1898 462 2089 515 ChrlSti
2124 466 2168 518 Λ
2198 458 2260 508 ad
2296 470 2573 523 personam
2609 464 2782 507 tamen
2831 453 3082 521 unigeniti
3118 452 3230 503 Filii
3263 450 3351 501 Dei
3398 462 3488 515 per
3527 449 3753 516 gratiam

545 566 805 633 discipuli.
838 568 875 617 Α
908 580 1013 631 quo
1042 563 1349 624 efficiamur,
1382 559 1476 612 nisi
1510 558 1576 611 ab
1605 558 1695 610 illo
1720 557 1867 623 cujus
1896 555 2097 607 miseri-

545 656 717 710 cordia
753 655 988 717 prarvenit
1019 652 1153 704 nos?
1190 649 1353 716 Ipsius
1394 651 1523 701 enim
1561 662 1733 700 sumus
1779 647 2095 711 ﬁgmentum,

545 746 699 799 creati
739 744 791 796 in
833 742 1029 795 Christo
1068 740 1190 792 Jetu
1228 740 1278 790 in
1321 739 1549 805 aperibus
1598 737 1734 788 bonis
1769 733 1978 801 (Ephes.
2017 732 2097 797 ιι).

545 835 693 901 Quod
726 843 898 885 autem
929 831 1020 893 ait,
1055 829 1200 881 Sicut
1227 826 1401 880 dilexit
1438 825 1610 891 Pater,
1636 833 1683 875 et
1708 839 1796 891 ego
1821 821 1973 873 dilexi
1993 835 2096 881 vos,

548 939 650 978 non
682 921 1039 991 aequalitatem
1069 928 1267 971 natura:
1288 918 1515 971 ostendit
1546 924 1738 969 nostra:
1758 924 1811 966 et
1839 926 1970 973 suae,
1995 912 2101 964 sic-

545 1024 602 1066 ut
650 1023 726 1065 eSI
767 1010 936 1064 Patris
981 1018 1034 1062 et
1066 1009 1261 1075 ipsius,
1292 1007 1382 1061 sed
1425 1006 1642 1075 gratiam
1687 1020 1787 1074 qua
1838 1002 2098 1056 mediator

545 1113 626 1156 est
659 1101 747 1153 Dei
779 1110 831 1154 et
858 1098 1131 1153 hominum
1165 1097 1320 1149 homo
1350 1096 1590 1149 Christus
1618 1094 1792 1149 Jesus.
1838 1090 2101 1144 Mediator

544 1193 739 1260 quippe
767 1197 1109 1251 monstratur,
1149 1202 1267 1241 cum
1292 1187 1448 1245 dicit,
1501 1184 1676 1253 Diligit
1710 1199 1786 1236 me
1823 1181 2002 1245 Pater,
2052 1187 2099 1233 et

545 1297 637 1351 ego
667 1297 770 1335 vos.
802 1280 929 1335 Nam
958 1281 1106 1334 Pater
1127 1279 1304 1344 utique.
1329 1276 1497 1343 diligit
1522 1286 1575 1328 et
1599 1288 1723 1337 nos,
1749 1271 1840 1326 sed
1874 1272 1925 1323 in
1952 1271 2099 1337 ipso;

542 1372 666 1437 quia
697 1371 747 1421 in
779 1370 878 1421 hoc
903 1368 1226 1437 gloriﬁcatur
1259 1367 1431 1428 Pater,
1463 1373 1518 1417 ut
1560 1364 1785 1416 fructum
1816 1360 2100 1413 all'eramus

544 1463 597 1516 in
625 1464 755 1523 vite,
788 1460 886 1513 hoc
912 1470 989 1512 est
1010 1460 1059 1512 in
1095 1459 1247 1519 Filio,
1274 1466 1325 1511 et
1349 1455 1636 1510 efficiamur
1656 1454 1769 1520 ejus
1797 1450 2059 1516 discipuli.

615 1549 832 1611 Manete,
858 1551 1053 1618 inquit,
1080 1551 1132 1601 in
1181 1548 1445 1599 dilectione
1493 1561 1623 1597 mea.
1681 1541 1957 1607 Quomodo
1990 1553 2105 1592 ma-

546 1639 788 1692 nebimus
814 1636 837 1688 ?
868 1638 999 1691 Audi
1030 1636 1155 1705 quid
1186 1635 1422 1700 sequitur
1456 1652 1467 1685 :
1503 1632 1560 1688 Si
1584 1641 1830 1701 pra’cepta
1860 1646 1969 1681 mea
1994 1644 2103 1680 ser-

544 1728 790 1788 vat'eritis,
837 1726 1097 1777 manebitis
1152 1725 1203 1775 in
1234 1723 1496 1774 dilectione
1548 1736 1679 1772 mea.
1726 1717 1967 1771 Ostendit
1998 1732 2097 1769 non

2202 546 2424 613 perdnet
2454 546 2677 597 humana
2714 554 2920 605 natura,
2944 555 2996 597 et
3025 552 3220 594 tantam
3253 540 3495 608 gratiam,
3526 550 3583 593 ut
3611 540 3754 594 nulla

2198 635 2268 686 sit
2301 633 2496 701 major,
2531 634 2669 686 nulla
2703 646 2918 700 prorsus
2946 631 3183 699 utqualis.
3217 629 3397 695 Neque
3436 630 3579 681 enim
3615 630 3757 681 illam

2199 724 2582 789 susceptionem
2605 722 2832 774 hominis
2859 722 2963 773 ulla
2998 721 3181 773 merita
3217 727 3629 787 praecesserunt,
3668 718 3758 770 sed

2198 810 2265 862 ab
2308 810 2393 862 illa
2445 812 2779 878 susceptione
2835 812 3019 863 merita
3070 809 3184 877 ejus
3224 816 3410 861 cuncta
3451 818 3753 876 cmperunt.

2200 900 2367 953 Manet
2421 916 2548 968 ergo
2595 901 2754 954 Filius
2818 901 2867 952 in
2925 900 3204 953 dilectione
3249 912 3350 964 qua
3407 912 3524 949 eum
3566 897 3757 949 dilexit

2202 990 2378 1051 Pater,
2402 998 2455 1044 et
2484 991 2600 1042 ideo
2646 989 2875 1042 servavit
2904 1002 3163 1057 praecepta
3188 988 3321 1055 ejus.
3343 986 3473 1053 Quid
3504 995 3582 1038 est
3612 986 3755 1038 enin:

2200 1086 2255 1141 et
2276 1078 2359 1129 ille
2378 1077 2557 1142 homo,
2580 1076 2677 1131 nisi
2707 1079 2842 1144 quod
2864 1076 2996 1129 Deus
3024 1090 3303 1144 susceptor
3326 1087 3406 1131 est
3433 1076 3585 1145 ejus?
3624 1076 3758 1128 Deus

2201 1165 2339 1219 enim
2362 1176 2465 1218 erat
2496 1165 2721 1231 Verbum,
2746 1166 3291 1233 unigenitusgignenti
3313 1177 3627 1219 coaeternus.
3656 1164 3755 1219 Sed

2203 1264 2264 1308 ut
2308 1256 2568 1308 mediator
2597 1256 2816 1309 daretur
2861 1255 3035 1318 nobis,
3070 1270 3163 1321 per
3196 1255 3507 1309 inelfabilem
3534 1255 3754 1324 gratiam

2210 1344 2426 1398 Verbum
2456 1360 2570 1397 caro
2600 1346 2786 1411 factum
2814 1354 2905 1405 est,
2930 1355 2975 1396 et
3001 1343 3239 1395 habitavit
3267 1345 3317 1395 in
3344 1343 3506 1397 nobis.

2272 1431 2398 1484 Hice
2422 1430 2622 1485 locutus
2648 1448 2756 1484 sum
2784 1432 2943 1494 vobis,
2991 1439 3045 1483 ut
3082 1429 3322 1498 gaudium
3351 1447 3516 1482 meum
3541 1432 3591 1482 in
3623 1431 3755 1484 vobis

2201 1521 2287 1583 sit,
2318 1529 2364 1573 et
2387 1520 2625 1588 gaudium
2652 1529 2868 1573 vestrum
2900 1522 3189 1588 impleatur.
3214 1518 3361 1585 Quod
3405 1531 3482 1573 est
3510 1522 3754 1589 gaudium

2202 1609 2397 1661 Christi
2431 1610 2480 1661 in
2507 1608 2685 1670 nobis,
2711 1608 2807 1661 nisi
2839 1623 2943 1675 quo
2964 1610 3210 1676 dignatur
3233 1610 3459 1676 gaudere
3478 1609 3543 1661 de
3570 1610 3754 1661 nobis?

2206 1698 2273 1751 Et
2302 1698 2437 1765 quod
2470 1707 2552 1751 est
2610 1699 2859 1765 gaudium
2890 1708 3156 1758 nostrum,
3190 1696 3327 1765 quod
3370 1697 3500 1749 dicit
3533 1697 3749 1763 implen-

545 1814 683 1866 unde
733 1813 949 1864 dilectio
975 1819 1274 1878 generetur,
1305 1810 1397 1863 sed
1439 1809 1576 1861 unde
1614 1815 1953 1868 monstretur,
1988 1814 2098 1856 tan-

2212 1792 2358 1855 dum,
2407 1792 2504 1844 nisi
2569 1790 2685 1855 ejus
2746 1790 2938 1842 habere
2980 1788 3350 1841 consortium?
3381 1796 3591 1855 prapter
3617 1788 3752 1854 quod

544 1916 699 1966 quam
728 1900 927 1953 diceret
951 1916 964 1953 :
993 1900 1160 1953 Nolite
1182 1914 1273 1951 vos
1306 1908 1487 1963 putare
1512 1912 1723 1949 manere
1746 1896 1796 1948 in
1821 1894 2104 1946 dilectione

545 2004 683 2049 mea,
713 1990 755 2040 si
787 2002 887 2039 non
934 1989 1153 2043 servatis
1207 1997 1469 2054 praecepta
1505 2000 1641 2038 mea.
1672 1985 1725 2037 Si
1760 1985 1897 2035 enim
1931 1998 2101 2035 serva-

546 2078 751 2141 veritis,
786 2078 1100 2141 manebitis;
1137 2078 1232 2129 hoc
1261 2085 1358 2138 est,
1395 2077 1516 2129 hinc
1562 2074 1838 2142 apparebit
1867 2072 2004 2138 quod
2050 2075 2099 2123 in

544 2166 827 2219 dilectione
851 2180 965 2218 mea
992 2166 1287 2229 manebitis,
1314 2168 1356 2218 si
1385 2181 1496 2218 mea
1520 2174 1780 2233 praecepta
1805 2162 2101 2225 servabitis,

543 2262 601 2307 ut
631 2268 785 2306 nemo
814 2268 871 2306 se
900 2255 1041 2307 fallat
1070 2254 1293 2307 dicendo
1321 2254 1459 2321 quod
1508 2270 1626 2307 eum
1686 2254 1887 2318 diligat,
1920 2254 1961 2304 si
1993 2253 2105 2315 ejus

542 2350 801 2409 praecepta
832 2355 932 2393 non
964 2351 1159 2393 servat.
1188 2342 1314 2392 Nam
1347 2341 1395 2391 in
1422 2348 1623 2391 tantum
1660 2354 1779 2391 eum
1813 2339 2101 2404 diligimus,

542 2427 595 2483 in
624 2437 873 2496 quantum
901 2429 1013 2494 ejus
1038 2439 1299 2494 praecepta
1325 2442 1614 2480 servamus.
1650 2426 1703 2478 In
1735 2438 1983 2491 quantum
2013 2441 2105 2479 au-

545 2530 650 2571 tem
674 2519 846 2569 minus
868 2532 1162 2577 servamus,
1191 2518 1361 2568 minus
1391 2518 1673 2583 diligimus.
1701 2516 1947 2579 Quamvis
1967 2513 2104 2581 quod

544 2609 635 2670 ait,
668 2606 866 2659 Manete
919 2607 969 2658 in
1004 2608 1265 2658 dilectione
1292 2622 1418 2668 mea,
1464 2620 1564 2656 [ιι-ιι
1595 2613 1813 2670 apparet
1847 2619 2000 2671 quam
2029 2602 2109 2655 di--

547 2694 680 2745 xerit
710 2694 1067 2755 dilectionem,
1100 2704 1271 2743 utrum
1320 2708 1417 2757 qua
1452 2706 1570 2744 eum
1597 2691 1879 2759 diligimus,
1907 2706 1970 2743 an
2004 2705 2103 2759 qua

545 2780 660 2845 ipse
693 2797 786 2833 nos
819 2781 1016 2847 diligit;
1049 2782 1137 2833 sed
1170 2797 1231 2833 ex
1264 2781 1421 2832 verbo
1460 2781 1731 2847 snperiore
1759 2780 2103 2848 dignoscitur.

550 2871 755 2924 Dixerat
787 2874 998 2939 quippe,
1039 2870 1099 2921 Et
1124 2888 1211 2940 ego
1243 2873 1394 2923 dilexi
1416 2886 1519 2931 vos,
1549 2872 1631 2925 cui
1667 2872 1829 2924 verba
1859 2871 2108 2923 continuo

545 2963 834 3030 subiunxit,
851 2962 897 3015 Μ
908 2976 1046 3015 aucte
1069 2966 1117 3014 in
1136 2965 1398 3015 dilectione
1410 2979 1535 3015 mea.
1554 2963 1645 3015 Illa
1657 2977 1801 3032 ergo,
1817 2977 1914 3029 qua
1929 2961 2111 3016 dilexit

545 3071 657 3109 eos.
675 3056 805 3120 Quid
830 3066 908 3108 est
929 3071 1074 3123 ergo,
1106 3056 1304 3108 Manete
1331 3058 1378 3107 in
1400 3057 1665 3108 dilectione
1694 3072 1819 3117 mea,
1853 3055 1969 3116 nisi,
1997 3068 2107 3107 ma-
2138 3092 2182 3154 Ο

549 3155 669 3197 nete
692 3144 743 3196 in
764 3144 925 3212 gratia
946 3144 1096 3197 mea?
1123 3146 1184 3197 Et
1205 3144 1325 3211 quid
1355 3154 1455 3209 est,
1473 3146 1515 3196 si
1531 3153 1782 3215 prtccepta
1810 3160 1916 3196 mea
1934 3160 2104 3197 serva-

548 3235 695 3295 veris,
718 3236 980 3287 ntanebitis
1005 3236 1055 3285 in
1082 3234 1341 3287 dilectione
1363 3251 1489 3297 mea,
1517 3234 1634 3296 nisi,
1660 3235 1756 3288 hoc
1776 3234 1950 3287 scietis
1967 3234 2105 3302 quod

548 3321 599 3373 iu
615 3322 888 3375 dilectione
908 3336 1019 3374 mea
1047 3336 1145 3388 qua
1172 3338 1262 3373 vus
1284 3323 1443 3389 diligo
1466 3322 1765 3387 manebitis,
1784 3324 1825 3374 si
1850 3338 1963 3375 mea
1981 3338 2109 3388 prae-

548 3418 698 3472 cepta
726 3408 1002 3462 servabitis
1027 3408 1047 3459 ?
1077 3409 1186 3461 Non
1214 3423 1339 3476 erg-i
1372 3420 1427 3460 ut
1457 3423 1550 3462 nos
1586 3408 1783 3477 diligat,
1814 3411 1953 3475 prius
1993 3410 2107 3476 ejus

550 3503 807 3563 praici’pta
824 3510 1110 3557 servamus,
1127 3496 1216 3549 sed
1239 3494 1337 3548 nisi
1368 3510 1463 3549 nos
1491 3494 1692 3565 diligat,
1718 3509 1974 3563 prtecepta
1989 3498 2104 3565 ejus

548 3601 758 3641 serwre
785 3605 885 3640 non
919 3603 1215 3655 possumus.
1242 3589 1362 3641 llaec
1387 3598 1466 3642 est
1495 3592 1661 3657 gratia
1679 3606 1792 3659 qua:
1809 3591 2103 3645 humilibus

553 3688 711 3743 patet,
745 3676 997 3744 superbos
1042 3678 1311 3732 latet.Sed
1340 3678 1461 3745 quid
1487 3676 1615 3731 illud
1638 3688 1718 3734 est
1745 3680 1883 3748 quod
1918 3681 2106 3748 adjun-

547 3769 683 3835 gitur

622 3857 765 3911 Sicut
786 3867 828 3909 et
846 3874 934 3927 ego
960 3867 1207 3925 pra'cepta
1245 3856 1412 3911 Patris
1434 3859 1529 3911 mei
1550 3860 1756 3923 servavi,
1781 3869 1827 3911 et
1858 3875 2030 3911 maneo
2055 3860 2103 3911 in

549 3948 655 4015 ejus
680 3946 962 3998 dilectione.
986 3945 1175 4014 Utique
1204 3947 1359 3999 etiam
1392 3946 1474 3998 hic
1500 3948 1632 4000 hanc
1652 3948 1983 4001 dilectionem
2006 3947 2102 3998 Pa-

550 4035 645 4086 tris
676 4035 893 4101 intelligi
944 4036 1110 4087 voluit
1140 4050 1239 4101 qua
1271 4050 1387 4088 eum
1425 4035 1592 4103 diligit
1619 4036 1790 4089 Pater.
1816 4034 1886 4087 Ita
1911 4036 2105 4103 quippe

550 4122 771 4185 dixeiat,
809 4121 954 4175 Sicut
994 4123 1166 4173 dilexit
1196 4138 1272 4175 me
1308 4123 1480 4190 Pater,
1505 4133 1548 4176 et
1579 4141 1667 4193 ego
1696 4126 1848 4176 dilexi
1886 4134 2103 4185 vos;at-

549 4225 651 4276 que
699 4212 777 4262 his
826 4210 997 4263 verbis
1049 4211 1132 4263 illa
1183 4210 1470 4279 suhjnnxit,
1501 4212 1697 4264 Manete
1748 4213 1803 4263 in
1841 4211 2104 4263 dilectione

552 4315 659 4351 mea
679 4316 697 4353 :
728 4298 812 4351 ιιι..
845 4301 1029 4367 procul
1057 4300 1214 4351 dubio
1243 4316 1341 4368 qua
1381 4302 1539 4354 dilexi
1566 4314 1677 4353 vos.
1706 4301 1838 4367 Ergo
1862 4300 1999 4367 quod
2031 4302 2105 4351 ait

550 4391 708 4443 etiam
739 4388 804 4442 de
836 4388 1008 4452 Patre,
1060 4406 1234 4442 maneo
1286 4392 1337 4442 in
1402 4393 1508 4459 ejus
1556 4391 1840 4453 dilectione,
1877 4389 1962 4441 illa
1996 4389 2102 4441 sci-

553 4479 671 4532 licet
702 4478 1004 4545 accipienda
1026 4488 1127 4545 est,
1159 4496 1257 4546 qua
1286 4480 1462 4532 dilexit
1488 4496 1608 4533 eum
1639 4480 1810 4532 Pater.
1840 4481 1944 4533 Sed
1976 4496 2106 4532 nuu-

552 4571 675 4637 quid
704 4582 755 4623 ct
803 4572 882 4623 hic
929 4574 1093 4635 gratia
1129 4571 1471 4637 intelligenda
1502 4580 1582 4623 est
1611 4586 1707 4637 qua
1746 4570 1900 4623 Pater
1930 4570 2103 4636 diligit

557 4661 765 4724 Filium,
798 4661 932 4712 sicut
963 4661 1122 4729 gratia
1174 4671 1254 4713 est
1302 4677 1401 4728 qua
1435 4675 1528 4713 nos
1575 4661 1741 4729 diligit
1772 4660 1955 4723 Filius,
1981 4676 2101 4713 cum

554 4755 719 4805 simus
759 4767 852 4804 nos
883 4750 974 4804 lilii
1025 4754 1208 4819 gratia,
1247 4769 1351 4805 non
1394 4762 1576 4807 natura
1610 4771 1621 4805 :
1659 4754 1966 4822 Unigenitus
2004 4769 2102 4806 au-

556 4853 682 4905 tem,
719 4850 926 4903 natura,
967 4856 1067 4892 non
1095 4845 1257 4909 gratia
1286 4841 1309 4893 ?
1337 4843 1414 4893 An
1443 4844 1538 4895 hoc.
1560 4846 1716 4896 etiam
1744 4844 1792 4895 in
1823 4844 1934 4910 ipso
1968 4844 2101 4897 Filio

555 4931 618 4980 ad
654 4930 916 4981 hominem
952 4928 1288 4982 referendum
1319 4932 1432 4983 est?
1466 4931 1533 4983 Ita
1578 4949 1703 4985 sane
1731 4950 1743 4983 :
1772 4950 1886 4984 nam
1935 4934 2110 4986 dicen-

556 5020 644 5079 do,
676 5020 801 5071 sicut
825 5020 994 5071 dilexit
1024 5036 1099 5071 me
1147 5018 1315 5084 Pater,
1349 5031 1391 5072 et
1418 5038 1506 5089 ego
1550 5022 1703 5073 dilexi
1733 5038 1814 5073 vos
1845 5038 1862 5075 :
1892 5024 2105 5089 gratiam

560 5108 862 5159 Mediatoris
891 5109 1141 5161 ostendit.
1177 5110 1437 5163 Mediatur
1490 5124 1660 5163 autem
1710 5113 1796 5164 Dei
1856 5124 1907 5164 et
1942 5114 2108 5165 homi-

562 5214 703 5257 tium,
730 5213 833 5249 non
885 5198 933 5250 in
962 5210 1210 5266 quantum
1247 5200 1405 5262 Deus,
1440 5203 1529 5253 sed
1580 5202 1629 5253 iii
1671 5214 1919 5269 quantum
1953 5203 2108 5255 homo

562 5300 645 5340 est
698 5290 941 5341 Christus
988 5289 1163 5344 Jesus.
1191 5290 1255 5342 Et
1298 5292 1532 5358 proletto
1574 5298 1860 5345 Secundum
1893 5294 1938 5346 id
1971 5294 2106 5360 quod

562 5378 716 5429 homo
739 5380 921 5439 est,de
951 5379 1042 5431 illo
1070 5382 1293 5447 legitur:
1323 5380 1388 5432 Et
1413 5381 1563 5434 Jesus
1589 5384 1877 5449 proﬁciebat
1906 5387 2109 5449 sapien-

561 5478 630 5518 tiu
662 5478 703 5518 et
727 5479 866 5519 mtate
889 5479 931 5520 et
962 5470 1123 5537 gratia
1145 5473 1284 5537 apud
1310 5472 1467 5524 Deum
1499 5484 1541 5524 et
1573 5474 1793 5525 homines
1850 5472 1998 5542 (Luc.
2030 5474 2107 5539 tt).

558 5559 853 5609 Secundum
902 5558 1000 5611 hoc
1055 5558 1209 5627 igitur
1252 5570 1393 5616 recte
1442 5577 1717 5628 possumus
1772 5564 1946 5616 dicere
1973 5563 2111 5630 quod

566 5664 683 5701 cum
711 5654 773 5701 ad
807 5658 1041 5703 naturam
1078 5651 1167 5706 Dei
1200 5668 1301 5706 non
1344 5656 1603 5723 pertineat
1636 5656 1861 5709 humana
1898 5666 2105 5721 natura,

2208 1883 2360 1935 beato
2392 1879 2550 1933 Petro
2576 1880 2782 1933 dixerat
2815 1921 2829 1945 ,
2875 1879 2932 1933 Si
2979 1894 3077 1930 non
3109 1881 3277 1931 lavero
3309 1888 3376 1942 te,
3424 1894 3522 1929 non
3561 1879 3753 1929 habebis

2203 1982 2392 2040 partem
2419 1986 2631 2024 mecum.
2650 1967 2907 2023 Gaudium
2932 1983 3057 2037 ergo
3088 1970 3200 2035 ejus
3227 1974 3275 2021 in
3303 1968 3471 2030 nobis,
3490 1968 3653 2035 gratia
3680 1976 3753 2020 est

2204 2072 2360 2129 quam
2391 2058 2638 2126 prazstitit
2668 2057 2816 2109 nobis
2851 2074 2863 2107 :
2893 2058 2999 2123 ipsa
3028 2065 3109 2109 est
3137 2067 3192 2108 ut
3216 2056 3464 2125 gaudium
3493 2068 3751 2117 nostrum;

2203 2148 2295 2201 sed
2326 2147 2391 2200 de
2422 2148 2517 2200 hac
2545 2147 2629 2213 ille
2656 2147 2811 2199 etiam
2840 2158 2900 2199 ex
2928 2147 3221 2198 miernitate
3242 2146 3526 2212 gaudebat,
3553 2144 3751 2212 quando

2208 2252 2302 2290 nos
2330 2238 2473 2307 elegit
2505 2249 2621 2290 ante
2652 2237 2827 2288 mundi
2868 2237 3268 2288 constitutionem
3301 2235 3512 2303 (Ephes.
3546 2236 3604 2301 t).
3657 2234 3752 2287 Nec

2207 2335 2350 2380 recte
2374 2340 2653 2392 possumus
2697 2325 2875 2377 dicere
2918 2324 3059 2391 quod
3111 2325 3359 2391 gaudium
3389 2324 3501 2390 ejus
3554 2323 3751 2389 plenum

2207 2428 2309 2466 non
2339 2423 2473 2467 erat.
2498 2413 2609 2466 Non
2642 2413 2780 2465 enim
2810 2412 2947 2465 Deus
2974 2412 3280 2477 imperfecte
3310 2411 3593 2477 aliquando
3624 2428 3748 2478 gau-

2207 2505 2400 2567 debat;
2434 2504 2524 2556 sed
2579 2503 2706 2556 illud
2750 2503 2863 2570 ejus
2914 2503 3159 2569 gaudium
3201 2503 3251 2553 in
3300 2502 3449 2554 nobis
3490 2518 3590 2554 non
3626 2510 3749 2563 erat,

2210 2595 2330 2661 quia
2366 2607 2463 2645 nec
2506 2606 2624 2653 nos,
2662 2590 2713 2642 in
2744 2591 2936 2657 quibus
2966 2604 3084 2643 esse
3116 2598 3292 2655 posset
3323 2628 3337 2653 ,
3365 2589 3474 2658 jam
3510 2604 3749 2647 eramus;

2211 2695 2308 2733 nec
2336 2680 2545 2747 quando
2578 2694 2695 2733 esse
2724 2680 3001 2745 cuspimus,
3032 2691 3148 2729 cum
3182 2678 3274 2729 illo
3321 2692 3440 2730 esse
3486 2680 3750 2744 cmpiuius.

2210 2771 2265 2824 In
2320 2771 2435 2837 ipso
2470 2780 2644 2824 autem
2677 2785 2890 2837 semper
2927 2779 3061 2833 erat,
3102 2768 3186 2835 qui
3244 2782 3337 2820 nos
3392 2782 3514 2819 suos
3563 2768 3750 2821 futurus

2209 2858 2500 2912 certissima
2529 2874 2637 2911 sure
2668 2857 3011 2924 prmscientite
3057 2858 3277 2909 veritate
3306 2856 3585 2924 gaudebat.
3618 2856 3753 2909 Gau-

2211 2948 2356 3003 dium
2383 2950 2537 3017 igitur
2562 2950 2676 3016 ejus
2706 2949 2769 3001 de
2820 2946 2991 3001 salute
3022 2957 3224 3008 nostra,
3257 2946 3393 3012 quod
3422 2946 3471 2997 in
3500 2945 3585 2998 illo
3626 2959 3753 2998 sem-

2211 3054 2307 3109 per
2338 3040 2432 3092 fuit
2476 3054 2599 3092 cum
2634 3039 2898 3106 prteseivit
2927 3046 2979 3091 et
3010 3038 3403 3104 praedestinavit
3449 3052 3562 3101 nos,
3604 3038 3753 3103 capit

2213 3146 2332 3186 esse
2351 3134 2409 3185 -in
2454 3129 2604 3183 nobis
2646 3129 2853 3198 quando
2892 3130 3099 3181 vocavit
3130 3142 3246 3182 nos.
3282 3129 3345 3181 Et
3394 3128 3492 3181 hoc
3520 3130 3751 3197 gaudium

2211 3221 2399 3275 metito
2430 3228 2664 3273 nostrum
2696 3218 3073 3286 dicimus,'quo
3095 3227 3146 3270 et
3175 3222 3271 3270 tios
3306 3219 3443 3272 beati
3479 3220 3629 3270 tuturi
3667 3234 3750 3270 su-

2209 3310 2461 3365 mus.Sed
2496 3313 2594 3363 hoc
2622 3310 2868 3378 gaudium
2894 3321 3127 3361 nostrum
3155 3310 3347 3362 crescit
3369 3319 3423 3362 et
3454 3310 3672 3376 proficit,
3702 3319 3752 3361 et

2209 3402 2273 3453 ad
2303 3415 2451 3455 suam
2503 3401 2875 3466 perfectionem
2905 3400 3290 3467 perseverando
3319 3399 3599 3466 pertendit.
3623 3400 3753 3466 Ergo

2212 3489 2492 3544 inchoatur
2522 3489 2575 3541 in
2612 3487 2716 3543 fide
2743 3488 3131 3541 renascentium
3158 3528 3173 3550 ,
3207 3488 3505 3555 implebitur
3544 3490 3590 3540 in
3630 3504 3755 3554 prte-

2208 3582 2313 3635 mio
2337 3578 2743 3648 resurgentium.
2775 3577 2913 3633 Ecce
2940 3579 3076 3633 unde
3104 3578 3296 3631 dictum
3330 3580 3570 3632 existimo
3598 3595 3608 3629 :
3637 3578 3751 3629 Ηωε

2208 3670 2408 3722 locutus
2437 3685 2549 3721 sum
2570 3670 2724 3732 vobis,
2756 3678 2810 3720 ut
2841 3669 3082 3735 gaudium
3135 3683 3298 3720 meum
3350 3668 3401 3719 in
3432 3669 3561 3721 vobis
3588 3669 3671 3733 sit,
3709 3677 3751 3719 et

2208 3760 2456 3830 gaudium
2486 3770 2701 3813 vestrum
2728 3761 3017 3828 impleatur.
3050 3761 3103 3813 lu
3134 3762 3283 3815 vobis
3310 3762 3380 3814 sit
3428 3776 3595 3815 meum
3617 3806 3629 3829 ,
3663 3764 3750 3814 im-

2210 3849 2417 3917 pleatur
2443 3858 2700 3902 vestrum.
2735 3850 2957 3917 Semper
3006 3852 3143 3903 enim
3178 3862 3289 3904 erat
3332 3866 3505 3905 meum
3529 3853 3743 3919 plenum,

2208 3948 2262 3991 et
2307 3948 2591 4005 antequam
2625 3938 2969 4003 vocareniiui,
3019 3952 3135 3992 cum
3185 3940 3404 3993 voeandi
3456 3956 3484 3993 a
3515 3957 3593 3993 me
3624 3956 3747 4008 pra:-

2210 4030 2499 4083 seiremini.
2540 4030 2640 4083 Sed
2691 4030 2757 4082 sit
2805 4041 2858 4083 et
2897 4031 2946 4083 in
2979 4031 3149 4091 vnbis,
3177 4044 3298 4084 cum
3340 4032 3440 4085 hoc
3464 4032 3744 4087 efliciemini

2208 4121 2349 4187 quod
2384 4121 2623 4187 prazscivi
2650 4120 2713 4174 de
2743 4121 2910 4173 vobis.
2976 4121 3254 4188 lmplealur
3282 4134 3457 4175 autem
3511 4133 3744 4183 vestrum,

2212 4212 2332 4276 quia
2383 4210 2518 4262 beati
2551 4210 2699 4263 eritis
2725 4250 2740 4273 ,
2773 4210 2913 4277 quod
2969 4212 3199 4264 nondum
3240 4213 3368 4265 estis
3393 4254 3409 4278 ,
3444 4213 3570 4265 sicut
3597 4212 3746 4265 ereati

2205 4302 2333 4355 estis
2355 4300 2441 4367 qui
2468 4316 2566 4351 non
2592 4299 2782 4354 fuistis.
2809 4300 2922 4353 Iloc
2942 4310 3033 4361 est,
3058 4300 3241 4368 inquit,
3262 4311 3559 4369 prleceptum
3576 4315 3745 4360 nteant,

2210 4402 2261 4441 ut
2290 4391 2511 4459 diligatis
2568 4392 2797 4454 invicem,
2852 4391 2980 4442 sicut
3008 4391 3163 4442 dilexi
3219 4406 3325 4443 vos.
3383 4391 3506 4443 Sive
3560 4391 3747 4441 dicatur

2220 4492 2555 4547 pra-ceptum,
2603 4482 2713 4533 sive
2767 4481 3090 4543 mandatum,
3134 4495 3196 4532 ex
3250 4495 3352 4532 uno
3384 4480 3543 4533 verbo
3574 4477 3744 4531 Grarco

2217 4583 2493 4639 utrumque
2523 4574 2915 4637 interpretatur,
2949 4571 3087 4640 quod
3127 4583 3206 4623 est
3246 4572 3437 4627 ἐντολὴ.
3490 4570 3597 4621 Jani
3627 4584 3741 4620 vero

2216 4663 2368 4714 istam
2399 4663 2718 4715 sententiam
2750 4674 2804 4715 et
2829 4673 2951 4716 ante
2982 4664 3183 4715 dixerat
3216 4678 3229 4714 :
3265 4664 3556 4713 Mandatum
3580 4675 3743 4712 norum

2212 4753 2275 4803 do
2310 4752 2479 4813 nobis,
2516 4761 2569 4802 ut
2622 4752 2845 4819 diligatis
2884 4751 3112 4811 invicem,
3144 4753 3268 4801 sicut
3302 4750 3459 4801 dilexi
3489 4765 3587 4809 vos,
3627 4757 3676 4797 ut
3707 4757 3745 4795 et

2212 4861 2295 4896 vos
2321 4845 2525 4894 invicem
2560 4842 2789 4907 diligatis
2817 4840 2995 4904 (Joan.
3031 4839 3169 4907 xm).
3224 4838 3385 4904 llujus
3417 4838 3585 4902 itaque
3614 4850 3745 4886 nian-

2214 4933 2318 4987 dati
2355 4932 2616 4998 tepetitio,
2649 4931 3038 4982 commendatio
3069 4940 3169 4993 est,
3206 4931 3303 4979 nisi
3344 4930 3478 4995 quod
3513 4928 3575 4980 ibi
3618 4944 3746 4977 man-

2214 5022 2387 5073 datum
2418 5036 2617 5084 novum,
2649 5019 2834 5085 inquit,
2866 5018 2931 5070 do
2962 5018 3138 5081 vobis;
3186 5017 3269 5069 hic
3318 5029 3515 5081 autem,
3545 5018 3627 5066 hoc
3655 5024 3745 5073 est,

2213 5110 2399 5177 inquit,
2436 5110 2723 5160 mandatum
2749 5123 2931 5158 meum.
2972 5107 3044 5158 lbi
3076 5117 3321 5173 tanquam
3350 5121 3453 5157 non
3487 5105 3638 5156 fuerit
3664 5118 3743 5154 an-

2215 5211 2294 5254 tea
2323 5198 2425 5251 tale
2475 5196 2779 5249 mandatum
2808 5237 2819 5258 ,
2856 5198 2941 5249 hic
2970 5206 3213 5260 tanquam
3252 5212 3355 5248 nun
3388 5196 3457 5247 sit
3486 5194 3615 5246 aliud
3646 5194 3745 5259 ejus

2215 5292 2534 5343 mandatum.
2559 5288 2659 5343 Sed
2686 5289 2753 5341 ibi
2776 5288 2971 5341 dictum
2997 5299 3075 5341 est
3104 5303 3283 5339 norum
3303 5327 3317 5349 ,
3350 5300 3414 5338 ne
3438 5288 3485 5338 in
3510 5293 3744 5337 vetustate

2214 5392 2387 5435 nostra
2420 5394 2817 5449 perseveremus
2843 5397 2854 5443 ;
2886 5380 2969 5433 hic
2991 5381 3182 5431 dictum
3214 5390 3290 5432 est
3320 5394 3485 5430 meum
3510 5420 3524 5443 ,
3549 5391 3609 5428 ne
3626 5390 3743 5427 eon-

2216 5472 2551 5523 temnendum
2583 5481 2843 5538 putemus.
2872 5469 3019 5533 Quod
3054 5479 3229 5521 autem
3280 5468 3363 5520 hic
3392 5469 3455 5519 ita
3490 5469 3627 5525 dixit,
3662 5466 3743 5513 hoc

2215 5570 2289 5615 est
2314 5562 2607 5612 mandatum
2642 5577 2824 5622 meum,
2850 5563 2988 5612 velut
3032 5574 3133 5611 non
3162 5562 3227 5612 sit
3264 5561 3424 5617 aliud,
3467 5559 3583 5623 quid
3610 5566 3741 5620 puta-

2220 5668 2353 5721 mus,
2385 5653 2571 5707 fratrcs
2615 5652 2751 5706 mei?
2795 5652 3036 5721 Nunquid
3080 5668 3181 5705 non
3227 5653 3396 5705 solum
3428 5652 3538 5717 ejus
3564 5649 3623 5700 de
3657 5649 3739 5698 ista
