3884 6232
132 364 220 423 8i]

1053 367 1113 421 IN
1154 366 1211 423 S.
1252 361 1530 419 JOANNIS
1575 357 2019 415 EVANGELIUM
2064 356 2448 414 EXPUSITIO.

3280 356 3384 412 8H

128 472 190 528 de
224 471 330 524 sola
362 471 519 525 nobis
555 472 692 526 Deus
721 474 824 529 dife
862 474 1005 527 tione
1032 476 1323 543 mandavit,
1356 484 1410 527 ut
1440 476 1541 528 alia
1591 486 1693 526 non

1805 481 1923 520 esse
1954 481 2057 520 non
2104 468 2271 535 possit
2326 468 2423 520 nisi
2483 477 2741 535 [tramenta
2800 470 3008 524 Domini
3055 470 3134 523 sui
3180 469 3381 533 fecerit,

128 563 485 631 inquiramus?
538 566 657 619 Tria
705 576 850 619 certe
897 568 1235 620 commendat
1281 569 1566 635 Apostolus
1614 567 1699 620 di-

128 671 246 710 cens
281 674 292 708 z
324 655 545 710 Manent
578 669 746 711 autem
802 660 948 725 ﬁdes,
978 675 1112 729 spes,
1144 660 1389 728 charitas,
1443 661 1541 713 tria
1572 660 1699 723 hiec,

130 748 285 815 major
311 758 484 801 autem
519 751 598 803 Itis
636 761 708 802 est
738 750 961 804 charitus
1016 750 1067 822 (Ι
1117 750 1235 806 Cor.
1280 756 1416 818 xm).
1478 754 1587 807 Etsi
1650 753 1701 805 in

131 840 395 901 claritate,
449 843 556 895 hoc
591 853 669 895 est
709 842 761 894 in
805 842 1111 907 dilectione,
1159 846 1549 899 concluduntur
1596 847 1702 900 duo

135 932 210 985 illa
241 942 501 1001 percepta
539 977 553 999 ,
601 933 770 1002 major
818 945 993 989 tamen
1048 937 1187 990 dicta
1227 948 1307 991 est
1374 926 1493 991 esse
1522 980 1534 1003 ,
1597 954 1700 991 non

131 1022 255 1075 sola.
312 1022 382 1075 De
437 1022 547 1075 fide
632 1024 788 1092 igitur
841 1026 990 1079 nobis
1035 1042 1190 1094 quam
1258 1030 1420 1081 multa
1484 1029 1703 1081 manda-

136 1125 179 1168 ta
226 1122 363 1178 sunt,
414 1130 579 1182 quam
633 1117 793 1170 multa
846 1118 912 1171 de
942 1132 1077 1187 Spe,
1132 1122 1249 1188 quis
1298 1132 1469 1187 potest
1509 1130 1701 1173 cuncta

133 1207 223 1260 coll
246 1206 408 1273 gere?
438 1209 563 1275 quis
614 1210 979 1264 enumerando
1018 1212 1306 1265 sufficere?
1354 1212 1458 1267 Sed
1494 1215 1699 1268 intuen-

134 1312 241 1349 mur
260 1297 393 1364 quod
424 1298 500 1349 ait
532 1299 673 1352 idem
709 1301 994 1367 Apostolus
1022 1321 1034 1353 :
1072 1301 1349 1355 Plenitudo
1377 1303 1500 1371 legis
1530 1306 1702 1357 chari-

133 1400 202 1439 ωε
254 1388 423 1454 (fiam.
472 1390 615 1457 xm).
672 1390 769 1445 Ubi
816 1408 946 1460 ergo
997 1393 1229 1447 charitas
1286 1406 1389 1460 εει,
1443 1396 1569 1463 quid
1621 1405 1704 1451 est

129 1480 259 1549 quod
321 1481 487 1550 possit
544 1484 781 1540 deesset
833 1485 932 1539 Ubi
966 1495 1143 1541 autem
1196 1504 1297 1542 non
1330 1499 1431 1557 est,
1464 1490 1589 1558 quid
1621 1498 1703 1543 est

131 1573 256 1639 quod
302 1575 468 1641 possit
526 1578 823 1642 prodesse?
871 1578 1086 1633 Daemon
1134 1581 1335 1644 credit,
1386 1597 1483 1636 nee
1532 1584 1703 1653 diligit

132 1659 260 1729 (Jac.
291 1664 371 1732 ιι).
402 1666 578 1720 Nemo
624 1669 796 1738 diligit
827 1670 913 1739 qui
962 1685 1066 1724 non
1114 1673 1303 1727 credit.
1337 1671 1555 1729 Frustra
1587 1678 1701 1744 qui-

132 1752 265 1818 dem,
297 1754 387 1808 sed
419 1766 601 1811 tamen
634 1768 811 1827 potest
848 1771 1068 1830 sperare
1108 1766 1315 1818 veniam
1349 1770 1436 1835 qui
1479 1782 1581 1820 non
1615 1769 1699 1821 di-

1814 561 1937 613 hiuc
1988 560 2188 613 amicos
2220 575 2344 614 suos
2396 560 2562 614 voluit
2613 560 2852 631 intelligi,
2887 562 3027 617 unde
3079 560 3203 618 boni
3245 564 3386 617 servi

1814 660 2033 720 possunt
2081 650 2313 718 probari.
2364 652 2489 715 Sed,
2526 660 2580 705 ut
2610 651 2716 706 dixi
2738 691 2755 717 ,
2788 653 2886 707 ista
2929 654 3164 721 dignatio
3194 663 3297 717 est,
3330 663 3389 707 ut

1816 744 2070 796 Dominus
2101 758 2234 809 quos
2287 744 2435 797 novit
2486 759 2671 797 servos
2714 758 2860 810 suos,
2910 745 3159 814 dignetur
3206 744 3386 799 dicere

1811 836 2013 888 amicos
2052 850 2195 889 suos.
2230 836 2359 889 Nam
2391 846 2445 889 ut
2494 838 2674 890 sciatis
2725 838 2789 890 ad
2837 852 3111 891 servorum
3154 837 3385 892 officium

1813 928 2083 997 pertinere
2114 942 2375 996 pratcepta
2408 931 2487 982 sui
2522 930 2727 983 Domini
2762 930 2957 994 facere,
2990 931 3097 984 alio
3127 932 3245 984 loco
3273 946 3385 984 ser-

1812 1037 1906 1073 vos
1938 1022 2045 1089 utiq
2072 1037 2117 1075 ιε
2146 1022 2385 1091 nbjurgat
2416 1022 2600 1077 dicens
2630 1040 2643 1075 ;
2682 1023 2820 1087 Quid
2860 1034 3029 1076 autem
3056 1025 3248 1075 vocatis
3283 1038 3382 1083 me,

1812 1110 2047 1176 Domine,
2102 1112 2177 1165 Do
2199 1115 2336 1179 sine,
2369 1124 2414 1168 et
2444 1132 2544 1167 non
2590 1116 2759 1184 facitis
2789 1132 2901 1185 qua:
2932 1116 3044 1167 dico
3087 1113 3241 1183 (Luc.
3270 1114 3389 1183 vr)?

1811 1204 1939 1256 tium
1991 1219 2117 1270 ergo
2166 1204 2363 1267 dicitis,
2414 1207 2601 1272 inquit,
2647 1208 2890 1271 Domine,
2942 1208 3092 1275 jussa
3146 1205 3389 1261 faciendo

1809 1294 1934 1360 quid
1968 1294 2159 1348 dicatis
2189 1296 2476 1349 ostendite.
2528 1298 2713 1351 Nonne
2761 1313 2925 1352 servo
2958 1297 3223 1353 obedicnti
3276 1299 3387 1364 ipse

1810 1385 2046 1438 dicturus
2078 1396 2201 1438 est:
2239 1385 2401 1455 Euge,
2447 1403 2584 1441 serve
2628 1389 2773 1454 bone,
2818 1390 3063 1459 quoniam
3116 1391 3171 1443 in
3215 1392 3389 1457 paucis

1810 1477 1977 1544 ﬁdelis
2008 1479 2173 1546 fuisti,
2207 1496 2361 1547 super
2390 1481 2552 1534 multa
2584 1492 2628 1536 te
2651 1483 2959 1535 constituam
2983 1502 3002 1538 .'
3023 1487 3157 1535 intra
3186 1484 3235 1535 in
3262 1502 3389 1552 gou-

1809 1572 1952 1623 dium
1986 1570 2187 1625 Domini
2213 1574 2289 1625 tui
2318 1571 2531 1641 (Matth.
2569 1576 2739 1641 xxv)?
2779 1575 2960 1629 Potest
2990 1575 3150 1645 igitur
3186 1590 3304 1629 esse
3333 1587 3388 1629 et

1808 1678 2019 1723 servus.
2053 1672 2106 1716 et
2135 1667 2361 1724 amicus,
2393 1665 2515 1733 quia
2545 1680 2732 1720 servus
2760 1667 2950 1720 bonus.
2981 1664 3082 1721 Sed
3121 1666 3261 1735 quod
3300 1680 3387 1721 se-

1808 1756 1987 1822 quitur
2017 1755 2355 1811 attendamus
2382 1774 2394 1810 :

132 1843 251 1911 ligit.
277 1844 441 1901 Nemo
465 1860 647 1904 autem
676 1860 851 1919 potest
875 1853 1162 1921 desperare
1189 1859 1276 1924 qui
1304 1858 1487 1926 diligit.
1521 1860 1698 1929 Itaque
1736 1837 1777 1894 η
1874 1846 1995 1899 λαηι
2043 1864 2142 1899 "0"
2191 1849 2305 1901 άίεθ
2336 1865 2418 1905 ιὀδ
2464 1866 2656 1914 εθνυοεν
2687 1852 2808 1921 qm.“
2838 1867 3012 1905 εεηυε
3063 1854 3221 1907 πεδοῖ(
3264 1854 3388 1921 Ψίίά

130 1935 208 1987 ubi
247 1936 458 1990 dilectio
512 1951 619 2004 est,
682 1942 751 1995 ibi
804 1944 1110 1998 necessario
1165 1945 1298 2000 fidus
1336 1958 1390 2001 et
1428 1964 1590 2017 spes;
1646 1961 1701 2005 et

131 2025 207 2077 ubi
256 2025 469 2081 dilectio
502 2030 758 2099 proximi,
812 2032 883 2085 ibi
935 2036 1239 2091 necessario
1289 2039 1448 2092 etiam
1482 2040 1702 2096 dilectio

133 2115 235 2171 Dei.
276 2116 372 2185 Qui
404 2120 553 2175 enim
610 2137 714 2174 non
765 2122 939 2192 diligit
991 2124 1179 2189 Deum,
1232 2129 1502 2195 quomodo
1532 2131 1701 2202 diligit

132 2210 413 2276 proximum
460 2220 715 2283 tanquam
748 2218 1029 2285 seipsum?
1062 2220 1153 2273 Est
1183 2222 1379 2290 quippe
1411 2221 1605 2290 impius
1647 2235 1702 2279 et

131 2301 343 2370 Iniquus.
374 2302 477 2367 Qui
506 2316 689 2359 autem
723 2309 889 2380 diligit
920 2310 1261 2377 iniquitatem,
1296 2329 1399 2367 non
1431 2314 1585 2383 plane
1613 2316 1698 2369 di-

132 2390 253 2459 ligit,
292 2395 381 2447 sed
425 2397 812 2451 odit'animam
856 2417 1001 2454 suam
1048 2401 1201 2468 (Tob.
1239 2406 1354 2471 xu).
1413 2406 1522 2460 lloc
1571 2424 1700 2477 ergo

132 2492 434 2553 praeceptum
490 2486 707 2541 Domini
760 2501 1055 2557 teneamus,
1094 2503 1150 2546 ut
1194 2509 1289 2548 nos
1322 2495 1550 2552 invicem
1584 2499 1703 2551 d.li-

134 2588 317 2639 gamus,
365 2585 421 2631 et
450 2579 710 2648 quidquid
742 2582 883 2636 aliud
929 2585 1190 2653 praecipit,
1244 2584 1521 2654 faciemus,
1568 2605 1701 2656 quo-

135 2666 259 2720 niam
288 2670 541 2739 quidquid
593 2683 674 2726 est
723 2675 891 2740 aliud,
930 2676 1020 2731 hic
1052 2678 1331 2735 habemus.
1368 2680 1701 2738 Diseernitur

134 2759 310 2827 quippe
348 2762 447 2815 ista
477 2763 699 2818 dilectio
729 2766 797 2820 ab
827 2782 887 2820 ea
917 2768 1202 2825 dilectione
1230 2788 1332 2841 qua
1374 2788 1434 2829 se
1471 2774 1699 2831 invicem

136 2846 339 2919 diligunt
365 2850 615 2907 homines
645 2856 782 2910 sicut
812 2857 1075 2914 homines.
1109 2861 1239 2917 Nam
1277 2872 1332 2917 ut
1358 2866 1697 2922 discernere-

136 2946 227 3001 tur,
258 2939 562 3008 adjunctum
593 2955 676 2998 est
708 2948 874 2999 :sicut
919 2949 1078 3002 dilexi
1116 2967 1220 3007 vos.
1274 2954 1339 3008 Ut
1384 2936 1509 3023 quid
1555 2959 1699 3013 enim

138 3041 224 3080 nos
248 3029 425 3083 dilexit
456 3032 730 3103 Christus,
777 3038 874 3092 nisi
910 3050 965 3092 ut
1012 3043 1279 3109 possimus
1310 3061 1532 3113 regnare
1577 3064 1696 3103 cum

136 3120 373 3176 Christo?
404 3124 483 3179 Ad
525 3126 629 3181 hoc
656 3144 784 3194 ergo
814 3142 868 3184 et
901 3148 997 3187 nus
1029 3134 1255 3189 invicem
1292 3137 1597 3207 (litigamus,
1645 3153 1698 3196 ut

1806 1938 1959 2003 faciat
1992 1938 2228 1990 dominus
2280 1941 2410 2009 ejus.
2443 1940 2512 1995 ita
2557 1956 2749 1995 nomen
2780 1945 3057 2018 constituit
3084 1943 3282 2010 amici,
3330 1954 3387 1996 ut

1805 2032 2010 2083 auferat
2039 2031 2201 2095 servi,
2234 2046 2338 2085 non
2368 2042 2422 2085 ut
2453 2033 2505 2085 in
2547 2047 2652 2087 uno
2686 2042 2970 2101 utrumque
3014 2044 3245 2101 tnaneat,
3289 2042 3380 2090 scil

1807 2130 1862 2172 ut
1898 2122 2125 2174 alterum
2154 2122 2321 2175 altero
2347 2121 2656 2177 discedente
2678 2124 2950 2179 succedat.
2981 2126 3116 2191 Quid
3141 2136 3223 2180 est
3244 2126 3384 2180 hoc?

1805 2226 1903 2264 nec
1949 2226 2068 2264 cum
2126 2224 2389 2281 prtecepta
2446 2214 2654 2267 Domini
2716 2216 3020 2281 fecerimus,
3078 2218 3217 2273 servi
3276 2214 3385 2273 eri-

1805 2305 1957 2358 mus?
2005 2305 2150 2360 itane
2189 2315 2312 2361 tunc
2357 2310 2496 2363 servi
2544 2324 2647 2363 non
2699 2310 2933 2373 erimus,
2989 2312 3201 2381 quando
3260 2312 3385 2365 boui

1803 2397 1942 2451 servi
1977 2394 2231 2452 fuerimus
2268 2404 2291 2451 ἰ
2342 2401 2402 2454 Et
2430 2400 2547 2470 quis
2582 2411 2761 2469 potest
2805 2402 3173 2458 contradicere
3226 2404 3380 2458 Veri-

1806 2491 1919 2551 tati,
1952 2504 2070 2558 qua!
2100 2491 2173 2543 ait
2200 2509 2210 2542 :
2244 2488 2366 2544 lam
2399 2508 2502 2545 non
2530 2492 2645 2546 dico
2694 2510 2777 2547 vos
2826 2496 3030 2548 seri-os?
3054 2504 3106 2549 et
3136 2511 3231 2549 cur
3282 2498 3387 2551 hoc

1802 2577 1998 2634 dixerit
2028 2578 2217 2635 docet:
2255 2584 2386 2647 Quia
2412 2599 2605 2647 servus,
2641 2583 2829 2653 inquit,
2866 2588 3021 2639 nes'it
3057 2587 3185 2655 quid
3224 2591 3387 2656 faciat

1804 2672 2042 2727 dominus
2097 2678 2229 2748 ejus.
2264 2676 2634 2745 Nunquidnam
2688 2694 2845 2733 servo
2889 2680 3027 2733 b:mo
3059 2691 3111 2735 et
3162 2684 3383 2749 probat»

1802 2766 2053 2821 dominus
2102 2768 2219 2836 ejus
2272 2784 2375 2820 non
2428 2776 2585 2822 etiam
2645 2784 2740 2823 sua
2798 2780 3001 2826 secreta
3052 2774 3383 2826 committit?

1801 2859 1934 2927 Quid
1968 2872 2049 2915 est
2094 2877 2219 2930 ergo
2265 2863 2401 2931 quod
2448 2864 2561 2915 ait:
2614 2863 2803 2916 Servus
2852 2865 3008 2917 nescit
3057 2866 3181 2933 quid
3228 2866 3386 2933 {acini

1802 2952 2038 3005 dominus
2086 2953 2237 3021 ejus?
2294 2951 2488 3005 Verum
2518 2964 2633 3005 esto
2665 2953 2833 3006 nescit
2863 2952 2989 3022 quid
3021 2950 3197 3017 faciat,
3247 2970 3384 3007 nun-

1802 3044 1928 3113 quid
1960 3047 2127 3097 nescit
2154 3046 2315 3099 etiam
2350 3044 2473 3114 quid
2504 3045 2812 3112 ρτιευίρίίιιῖ
2843 3045 2970 3098 Nam
3003 3055 3057 3099 et
3084 3047 3122 3099 si
3157 3046 3261 3101 hoc
3288 3063 3378 3100 ne-

1803 3138 1930 3201 scit,
1959 3136 2225 3205 quomodo
2272 3136 2469 3190 servit?
2506 3148 2595 3190 aut
2627 3136 2895 3205 quomodo
2927 3152 3112 3191 servus
3141 3146 3243 3199 est,
3289 3137 3384 3206 qui

136 3210 451 3269 dilectionem
484 3231 727 3273 nostram
758 3220 1131 3281 discernamus
1158 3242 1186 3280 a
1212 3231 1445 3295 caeteris,
1476 3234 1563 3301 qui
1589 3249 1691 3287 non
1725 3212 1771 3274 (ἶ
1804 3246 1909 3283 non
1945 3230 2144 3283 survit?
2173 3231 2232 3282 lit
2260 3239 2437 3282 tamen
2470 3228 2585 3298 ipse
2614 3228 2749 3281 Deus
2782 3228 3016 3299 loquitur
3046 3246 3057 3281 :
3106 3228 3201 3282 Vos
3224 3229 3383 3281 amici

135 3304 189 3357 ad
216 3305 306 3360 hoc
338 3324 396 3362 se
428 3308 658 3366 invicem
686 3314 933 3384 diligunt,
968 3323 1085 3387 quia
1111 3339 1207 3377 nec
1235 3324 1481 3393 diligunt.
1519 3327 1695 3381 Pleni-

140 3394 351 3450 tudinem
384 3400 718 3468 dilectionis,
749 3422 849 3475 qua
876 3423 973 3463 nos
1016 3410 1244 3467 invicem
1275 3416 1497 3485 diligere
1528 3418 1693 3473 debeo

136 3501 261 3555 mus,
307 3487 499 3547 fratres
530 3495 853 3565 charissimi,
887 3503 1127 3558 definivit
1179 3506 1433 3563 Dominus
1464 3510 1650 3565 dicens
1679 3528 1693 3563 :

144 3578 371 3649 lajorem
393 3586 491 3638 hac
511 3589 568 3640 di
579 3591 832 3646 ’ectionem
858 3611 1003 3650 nemo
1023 3598 1193 3664 liabet,
1217 3618 1370 3669 quam
1401 3614 1452 3655 ut
1471 3606 1696 3658 animum

142 3688 271 3726 suam
298 3690 449 3745 ponat
478 3683 594 3748 qu's
624 3700 717 3750 pro
760 3690 941 3742 amicis
968 3692 1091 3744 suis.
1126 3694 1256 3757 Quia
1286 3710 1413 3761 ergo
1453 3700 1695 3761 superius

142 3762 364 3819 dixerat:
401 3769 517 3823 Hoc
567 3782 640 3825 est
685 3778 980 3832 mandatum
1019 3798 1181 3835 meum
1219 3795 1271 3836 ut
1311 3787 1539 3858 diligatis
1568 3788 1698 3842 invi-

141 3870 253 3921 cem,
293 3859 416 3913 sicut
470 3863 631 3917 dilexi
689 3883 792 3930 vos,
851 3872 1041 3938 quibus
1096 3876 1272 3929 verbis
1305 3880 1507 3931 adddit
1554 3882 1695 3948 quid

143 3960 267 4003 nunc.
302 3952 561 4007 audistis:
596 3954 850 4023 Majorem
889 3960 983 4013 hac
1012 3964 1326 4019 dilectionem
1351 3984 1495 4019 nemo
1520 3968 1692 4034 liabet,

139 4052 275 4104 quam
311 4051 362 4094 ut
401 4046 628 4098 animant
665 4064 812 4101 suam
850 4062 1004 4118 ponat
1052 4056 1166 4123 quis
1208 4075 1302 4125 pro
1343 4060 1521 4112 amicis
1565 4062 1693 4125 suis,

146 4134 193 4223 fit
234 4151 290 4189 ex
342 4136 439 4192 hoc
470 4156 830 4211 consequens,
864 4152 1005 4215 quod
1055 4148 1195 4204 idem
1241 4153 1337 4206 iste
1367 4155 1694 4223 evangelista

142 4220 350 4279 Joannes
381 4229 432 4282 in
466 4230 704 4298 Epistula
736 4250 831 4289 sua
863 4238 989 4291 dicit
1016 4239 1065 4309 (1
1099 4240 1257 4295 Joan.
1294 4246 1395 4311 ιιι),
1432 4220 1697 4313 utquent-

144 4314 401 4371 sdmodnm
434 4321 677 4375 Christus
724 4340 819 4392 pro
865 4328 1019 4382 nobis
1063 4334 1294 4385 animam
1324 4350 1473 4388 suam
1501 4340 1693 4404 posuit,

145 4404 211 4456 sic
245 4415 293 4459 et
320 4425 413 4463 nos
445 4412 735 4469 debeamus
785 4420 993 4474 animas
1041 4437 1137 4489 pro
1187 4422 1440 4479 fratribus
1474 4446 1690 4496 ponere,

144 4492 401 4563 diligentes
431 4504 613 4572 utique
652 4506 880 4562 invicem
913 4512 1051 4565 sicut
1084 4513 1199 4582 ipse
1232 4518 1419 4572 dilexit
1452 4492 1569 4581 nos,
1604 4492 1690 4590 qui

1804 3321 1900 3373 mei
1930 3321 2071 3386 estis,
2106 3320 2150 3373 si
2178 3319 2399 3390 feceritis
2423 3335 2534 3388 quin
2561 3335 2653 3389 ego
2682 3320 3105 3391 pracipfonobis.
3133 3320 3255 3373 lam
3276 3337 3378 3373 nou

1801 3414 1915 3465 dico
1962 3428 2046 3465 vos
2097 3428 2288 3468 servos.
2322 3412 2365 3468 Ο
2415 3430 2525 3467 rem
2574 3414 2873 3470 mirabilem
2921 3419 2933 3468 ι
2992 3413 3123 3469 Cum
3177 3416 3381 3470 servire

1786 3521 1906 3566 ,uou
1959 3504 2262 3574 possimus,
2320 3507 2421 3560 nisi
2478 3516 2744 3576 praecepta
2800 3507 3007 3561 Domini
3068 3507 3375 3570 fecerimus,

1783 3576 2067 3666 .quomodo
2100 3606 2365 3667 prrecepta
2415 3597 2658 3651 faciendo
2708 3598 2851 3652 servi
2897 3615 3001 3652 non
3035 3598 3275 3653 erimus?
3316 3600 3375 3653 Si

1800 3703 1986 3743 servus
2017 3702 2124 3741 non
2156 3702 2251 3742 ero
2283 3696 2549 3757 praecepta
2585 3689 2850 3753 faciendo,
2886 3699 2940 3743 et
2971 3690 3073 3743 nisi
3106 3701 3372 3759 praecepti

1802 3780 2001 3845 fecero,
2029 3782 2235 3835 servire
2266 3797 2369 3835 non
2424 3792 2645 3851 potero;
2679 3798 2808 3853 ergo
2858 3783 3143 3838 serviendo
3189 3800 3376 3838 servus

1804 3886 1907 3923 non
1940 3885 2053 3924 ero.
2085 3870 2233 3924 Sicut
2263 3871 2406 3924 enim
2458 3872 2564 3923 duo
2596 3880 2720 3925 sunt
2770 3874 2990 3927 timores
3037 3875 3125 3943 qui
3178 3876 3381 3929 faciunt

1802 3960 1905 4014 duo
1937 3976 2131 4028 genera
2164 3962 2488 4027 timentium,
2521 3963 2601 4017 sic
2626 3962 2746 4017 dua:
2776 3976 2899 4017 sunt
2930 3968 3217 4021 servitutes
3258 3982 3379 4036 quas

1802 4054 2000 4108 faciunt
2034 4056 2138 4109 duo
2166 4070 2363 4124 genera
2392 4069 2689 4109 servorum.
2728 4055 2821 4109 Est
2848 4058 2997 4111 timor
3029 4074 3174 4127 quem
3208 4065 3380 4128 perfe-

1800 4156 1880 4196 cta
1908 4146 2133 4199 charitas
2155 4150 2295 4215 foras
2317 4147 2471 4198 mittit
2500 4144 2553 4215 (1
2569 4138 2725 4199 Joan.
2761 4145 2860 4217 tv),
2892 4156 2940 4200 et
2970 4159 3043 4201 est
3073 4149 3203 4202 alius
3229 4152 3384 4204 timor

1801 4243 1971 4294 castus
2002 4256 2304 4312 permanens
2350 4240 2402 4293 in
2448 4240 2691 4294 saxulum
2742 4242 2914 4293 swculi
2971 4238 3143 4309 (Psal.
3206 4245 3376 4311 xvtlt).

1803 4334 1952 4399 Illum
2005 4334 2249 4385 timorem
2278 4330 2365 4399 qui
2393 4346 2496 4382 nou
2539 4340 2619 4383 est
2652 4330 2701 4383 in
2734 4330 3015 4397 charitate,
3066 4333 3376 4388 attendebat

1803 4424 2090 4490 Apostolus
2124 4438 2242 4477 cum
2273 4424 2479 4475 dicebat
2504 4440 2515 4474 :
2550 4422 2668 4475 Non
2698 4423 2829 4475 enim
2856 4425 3116 4493 accepistis
3142 4428 3377 4495 spiritum

1800 4519 2055 4571 servitutis
2082 4519 2262 4571 iterant
2308 4518 2360 4569 in
2396 4519 2573 4570 limare
2616 4515 2791 4587 (Rom.
2830 4520 2975 4585 VIII).
3029 4519 3174 4573 Illum
3207 4531 3383 4575 autc-nt

146 4598 228 4649 pro
254 4592 396 4643 nobis
426 4595 661 4648 animam
707 4613 859 4652 suam
895 4578 1308 4675 posuit.vl\‘eque
1360 4610 1461 4663 hoc
1513 4578 1581 4664 ita
1613 4578 1695 4667 «ΙΙῙ-
1729 4578 1775 4635 D
1804 4610 2044 4661 timorem
2093 4618 2296 4660 castum
2324 4607 2669 4670 attendebat,
2699 4622 2819 4660 cum
2850 4608 3059 4661 dicebat
3100 4626 3111 4660 :
3151 4608 3276 4661 Noli
3306 4615 3381 4663 at-

148 4687 269 4729 ctnm
297 4682 381 4745 sit,
407 4686 552 4751 quasi
584 4698 862 4755 propterea
893 4693 1115 4748 Domino
1142 4698 1355 4750 Christo
1386 4715 1539 4765 pares
1571 4717 1691 4757 esse

153 4780 425 4839 possumus,
451 4777 493 4827 si
524 4792 615 4844 pro
638 4780 728 4832 il'o
752 4797 915 4850 usque
944 4784 1006 4836 ad
1040 4789 1348 4856 sanguinem
1378 4794 1688 4860 martyrimu

153 4858 456 4921 duxerimus.
490 4868 573 4923 llle
604 4882 918 4939 potestatem
969 4877 1153 4933 habuit
1197 4885 1425 4949 ponendi
1459 4858 1691 4941 animam

152 4966 302 5018 suain,
326 4968 375 5009 et
404 4960 589 5014 iterum
621 4968 862 5019 sumendi
904 4984 1043 5022 eam.
1078 4971 1181 5026 Nos
1207 4984 1382 5029 autem
1416 4992 1511 5030 nec
1535 4995 1699 5047 quan-

154 5058 245 5100 tum
270 5054 507 5106 volumus
532 5059 775 5123 vivimus,
807 5071 862 5114 et
892 5065 1153 5118 morimur
1181 5069 1389 5122 etiamsi
1422 5072 1688 5126 nolumus.

156 5138 255 5206 Ipse
279 5156 333 5195 se
362 5146 511 5200 nobis
539 5148 760 5215 przebuit
798 5152 1103 5217 palmitibus
1140 5156 1323 5220 vitem,
1366 5174 1462 5211 nos
1499 5161 1696 5216 habere

158 5243 324 5296 preter
371 5237 514 5292 illum
563 5256 667 5293 non
719 5256 999 5308 possumus
1046 5246 1227 5300 vitam.
1282 5249 1558 5305 Postremo
1588 5256 1694 5308 etsi

158 5322 323 5378 fratres
352 5344 440 5395 pro
465 5331 707 5391 fratribus
736 5337 1043 5400 moriamur,
1069 5348 1244 5393 tamen
1276 5343 1325 5393 in
1354 5355 1693 5410 peccatorum

160 5411 483 5473 fraternarum
523 5424 889 5479 remissionem
942 5429 1139 5482 nullius
1186 5438 1399 5501 sanguis
1449 5438 1695 5508 martyris

163 5506 539 5599 iuntiitur,qtt0d
567 5518 692 5569 fecit
715 5520 803 5572 ille
834 5538 926 5586 pro
958 5525 1142 5589 nobis;
1171 5542 1339 5595 neque
1372 5530 1421 5582 in
1455 5506 1696 5599 hocquid

162 5594 237 5649 imi
261 5614 480 5667 aretnur,
529 5612 617 5663 sed
660 5610 784 5677 quid
816 5615 1233 5683 gratularemur,
1268 5623 1492 5674 contulit
1518 5624 1691 5677 nobis.

229 5686 342 5754 Vcs,
372 5695 546 5762 inquit,
597 5703 745 5752 amici
794 5704 890 5755 mei
936 5707 1075 5771 estis,
1118 5709 1160 5760 si
1203 5708 1423 5777 feceritis
1461 5729 1575 5781 qua:
1608 5730 1699 5783 ego

168 5783 379 5851 prtrcipio
408 5787 560 5843 vobis.
598 5790 779 5857 Magna
826 5792 1081 5867 dignatio,
1130 5813 1253 5857 cum
1291 5814 1477 5855 servus
1526 5803 1698 5860 bonus

423 5881 684 5942 PATROL.
723 5882 909 5947 XCII.

1802 4710 1907 4753 tum
1934 4717 2135 4767 sapere,
2160 4702 2246 4753 sed
2290 4700 2407 4752 time
2434 4700 2611 4765 (liam.
2649 4700 2752 4766 ιιι).
2789 4701 2840 4753 In
2870 4699 2959 4753 illo
2992 4699 3182 4755 tinmre
3210 4718 3369 4770 quem

1801 4794 1947 4848 foras
1977 4794 2207 4847 charitas
2238 4793 2419 4855 mittit,
2456 4802 2537 4845 est
2577 4793 2737 4846 etiam
2770 4794 2999 4845 servitus
3028 4792 3187 4847 simul
3232 4796 3371 4848 forat

1803 4900 1922 4939 cum
1977 4886 2089 4954 ipso
2120 4885 2313 4939 timore
2363 4882 2638 4937 mittenda.
2691 4882 2985 4952 Utrumque
3030 4885 3377 4953 enimjunxit

1807 4979 2111 5044 Apostolus,
2148 4978 2250 5031 hoc
2277 4989 2359 5031 est
2389 4976 2698 5031 servitutem
2730 4988 2779 5032 et
2808 4979 3075 5040 timorem,
3103 4979 3328 5033 dicendo
3356 4997 3369 5034 :

1806 5069 1925 5122 Non
1956 5070 2087 5122 enim
2117 5068 2384 5133 accepistis
2424 5070 2660 5135 spiritum
2706 5070 2962 5121 servitutis
2994 5068 3181 5123 iterum
3224 5072 3276 5123 in
3320 5076 3390 5125 ti-

1803 5177 1960 5214 more.
1996 5159 2071 5213 Ad
2107 5160 2241 5213 hanc
2287 5160 2600 5213 servitutem
2644 5160 2707 5212 ad
2757 5174 2970 5213 servum
3014 5164 3371 5229 pertinentem

1802 5254 2104 5307 intuebatur
2136 5261 2185 5304 et
2220 5253 2471 5305 Dominus
2514 5252 2697 5304 dicens
2740 5268 2750 5302 :
2802 5252 2923 5304 .lam
2975 5270 3073 5305 non
3126 5256 3241 5307 dico
3287 5272 3373 5307 nos

1802 5360 1987 5405 servos,
2038 5346 2153 5411 quia
2195 5359 2364 5396 servus
2412 5344 2564 5395 nescit
2594 5344 2715 5411 quid
2766 5343 2921 5413 faciat
2968 5345 3205 5398 dominus
3245 5347 3374 5416 ejus.

1807 5436 1919 5489 Non
1973 5436 2059 5488 ille
2096 5438 2276 5503 utique
2320 5452 2506 5490 servus
2552 5436 2616 5488 ad
2664 5438 2907 5489 timorem
2962 5438 3237 5502 pertinens
3288 5452 3385 5490 ea-

1808 5538 1971 5590 stum,
2004 5528 2085 5580 cui
2132 5528 2360 5581 dicitur:
2411 5526 2574 5596 Euge,
2612 5544 2749 5579 serve
2784 5531 2927 5593 bene,
2979 5528 3113 5579 intra
3155 5528 3205 5579 in
3248 5543 3377 5597 gau-

1807 5620 1947 5671 dium
1974 5620 2167 5671 domini
2215 5621 2288 5671 tui
2334 5620 2547 5689 (Matt/1.
2588 5621 2745 5687 xxv);
2780 5622 2869 5673 sed
2902 5619 2989 5673 ille
3027 5634 3211 5671 servus
3257 5634 3378 5687 per-

1808 5711 1981 5763 tinens
2010 5713 2072 5766 ad
2107 5714 2351 5767 timorem
2384 5712 2522 5765 foras
2553 5727 2579 5763 a
2612 5712 2869 5765 charitate
2919 5712 3260 5772 mittendum,
3310 5711 3377 5761 de

1809 5820 1911 5875 quo
1940 5804 2062 5861 alibi
2089 5806 2216 5862 dicit
2258 5824 2271 5859 :
2307 5806 2495 5863 Servus
2526 5822 2622 5861 non
2655 5816 2817 5860 manet
2860 5805 2912 5859 in
2942 5805 3093 5859 domo
3133 5807 3183 5859 in
3220 5816 3380 5858 atter-

2904 5898 2979 5958 27
