3884 6232
534 378 635 435 845

944 373 1142 431 Βιζυῶ
1182 372 1631 429 YENERMNLIS
1668 372 1816 428 OPP.
1861 365 2038 425 PARS
2073 367 2140 422 ll.
2196 368 2389 425 SECT.
2422 371 2464 425 ι.
2494 400 2565 416 --
2598 366 2990 425 EXEGETICA
3038 365 3365 421 GENUINA.
3660 363 3750 421 ιιι

527 509 684 560 nunt;
711 492 845 560 ﬁlius
890 498 1058 541 autem
1111 496 1274 541 manet
1323 487 1376 540 in
1419 494 1662 540 tetemum
1717 482 1896 553 (Joan.
1948 482 2086 550 vttt).
2118 481 2165 539 Α
2193 479 2404 547 quando
2434 479 2708 534 Christum
2743 476 2973 533 nondum
3003 478 3359 545 elegeratnus,
3408 484 3459 529 et
3488 474 3612 531 ideo
3660 492 3754 534 lett

528 583 789 649 Quoniam
838 580 1015 648 itaque
1039 570 1190 632 dedit
1241 576 1393 632 nobis
1440 577 1758 646 potestatem
1809 573 1945 628 tilios
1992 572 2087 627 Dei

531 673 643 728 ﬁeri
672 671 851 742 (Joan.
902 673 964 738 t),
998 682 1050 725 ut
1101 683 1204 724 non
1234 668 1395 738 servi,
1425 668 1519 724 sed
1563 668 1653 722 lilii
1696 667 1862 723 simus
1899 683 1911 718 :
1957 664 2093 719 miro

530 763 758 833 quodam
824 772 879 819 et
937 760 1232 827 lneﬂ'abili,
1297 760 1391 816 sed
1448 742 1622 814 tainen
1691 750 1825 813 vero
1887 756 2089 823 modo,

530 854 691 921 servi,
728 868 836 909 non
862 855 1003 909 servi
1032 867 1152 908 esse
1173 865 1475 923 possumus.
1499 849 1651 906 Servi
1674 848 1877 903 scilicet
1903 848 2093 901 timore

464 990 467 991 ν
530 955 703 1011 casto,
733 945 799 999 ad
838 958 994 1014 quem
1027 942 1253 1012 pertinet
1301 932 1489 999 servus
1536 942 1739 996 intrans
1799 939 1851 994 in
1891 934 2093 993 domini

534 1036 612 1090 sui
638 1037 919 1107 gaudium;
950 1048 1053 1088 non
1086 1034 1226 1088 servi
1270 1043 1472 1099 autem,
1504 1034 1747 1102 timorem
1798 1033 1938 1085 foras
1972 1031 2094 1083 mit-

531 1127 714 1191 tendo,
738 1126 803 1179 ad
832 1140 987 1194 quem
1011 1125 1238 1195 pertinet
1258 1139 1442 1179 servus
1468 1140 1574 1179 non
1606 1136 1826 1178 manens
1849 1122 1900 1177 in
1928 1122 2091 1175 domo

533 1224 585 1276 in
622 1230 901 1275 sternam.
934 1218 1001 1275 Ut
1028 1229 1203 1273 autem
1231 1215 1361 1271 tales
1414 1214 1555 1269 servi
1587 1229 1690 1267 non
1734 1214 1872 1267 servi
1902 1211 2091 1276 simus,

525 1314 802 1369 dominum
844 1310 1019 1366 facere
1049 1309 1263 1365 scimus.
1297 1308 1407 1362 lloc
1435 1320 1627 1361 servus
1654 1302 1743 1359 ille
1785 1301 1975 1367 nescit,
2001 1300 2089 1372 qui

525 1408 703 1463 nescit
728 1406 852 1476 quid
903 1406 1060 1461 faciat
1097 1404 1341 1459 dominus
1390 1400 1507 1470 ejus
1557 1414 1570 1453 :
1621 1407 1676 1454 et
1720 1411 1841 1452 cum
1892 1396 2091 1465 aliquid

531 1496 655 1553 boni
696 1498 841 1563 facit,
869 1498 947 1551 sic
966 1494 1235 1551 extollitur
1260 1491 1407 1563 quasi
1442 1490 1542 1545 hoc
1591 1488 1707 1559 ipse
1753 1488 1931 1551 iaciat,
1981 1502 2086 1541 non

529 1585 777 1641 dominus
820 1585 967 1655 ejus;
1015 1592 1073 1639 et
1119 1582 1374 1658 gloriatur
1411 1582 1462 1635 in
1509 1594 1588 1645 se,
1634 1594 1740 1633 non
1774 1579 1827 1634 in
1862 1578 2091 1633 Domino

530 1675 808 1745 gloriatur,
836 1688 957 1730 cum
1007 1687 1065 1727 se
1093 1673 1206 1743 ipse
1249 1671 1538 1741 deceperit,
1570 1668 1689 1739 quia
1734 1669 1810 1723 sic
1836 1669 2094 1738 gloriatur

529 1765 680 1833 quasi
726 1780 831 1820 non
885 1763 1166 1833 acuperit.
1212 1762 1318 1816 Nos
1358 1750 1585 1827 autem,
1640 1760 1982 1824 cliarissimi,
2034 1765 2095 1812 ut

2194 559 2587 638 diligebamus?
2616 570 2747 625 Nam
2780 571 2869 638 qui
2899 583 3002 623 non
3032 583 3151 624 eum
3184 569 3353 638 eligit,
3384 568 3653 647 quomodo
3674 571 3758 626 di-

2194 657 2340 728 ligit?
2387 657 2633 729 Nunquid
2658 658 2767 729 jam
2813 662 2866 714 in
2908 658 3065 713 nobis
3118 668 3232 713 erat
3283 659 3426 726 quod
3475 657 3527 712 in
3557 660 3757 727 psalmo

2193 752 2425 806 canitur:
2458 750 2608 823 Elegi
2636 751 2862 821 cbjecttts
2887 767 2996 805 esse
3021 752 3076 804 in
3097 750 3249 803 domo
3280 748 3401 816 Dei,
3428 751 3595 821 magis
3614 766 3755 818 qua.

2195 843 2418 897 habitare
2467 843 2520 895 in
2549 841 2888 895 tabernaculis
2916 852 3242 910 peccatorum
3287 839 3462 913 (Psal.
3494 846 3751 913 Luam)?

2194 937 2309 992 Non
2336 938 2535 1008 utique.
2564 935 2701 1002 Quid
2729 951 2855 1005 ergo
2881 950 3117 1001 eramus,
3137 936 3239 991 nisi
3269 937 3431 1006 iniqui
3453 945 3507 991 et
3537 937 3755 1004 perditi?

2195 1026 2375 1095 Neque
2390 1028 2535 1082 enim
2546 1027 2657 1097 jam
2678 1026 3077 1081 credideramus
3100 1027 3311 1090 ineunt,
3330 1037 3383 1080 ut
3398 1028 3627 1096 eligeret
3650 1042 3752 1081 nos.

2194 1115 2323 1171 Nam
2346 1116 2390 1172 si
2416 1120 2525 1185 jam
2553 1117 2836 1173 credentes
2864 1118 3041 1187 elegit,
3067 1118 3270 1173 electos
3296 1117 3472 1187 elegit.
3503 1118 3614 1173 Cur
3638 1133 3755 1187 ergo

2194 1207 2396 1264 diceret
2427 1226 2439 1262 :
2474 1206 2594 1263 Non
2622 1224 2708 1262 vos
2731 1223 2810 1261 me
2839 1208 3086 1280 elegistis,
3118 1210 3218 1263 nisi
3244 1208 3366 1279 quia
3399 1210 3752 1264 misericordis

2194 1296 2310 1367 ejus
2338 1296 2597 1367 praevenit
2641 1312 2739 1352 nos
2768 1296 2938 1369 (Paul.
2992 1296 3183 1368 stitit)?
3212 1298 3327 1353 Non
3357 1309 3441 1354 est
3485 1310 3541 1353 ut
3567 1300 3712 1353 dicas
3742 1318 3753 1351 :

2196 1392 2491 1458 Antequam
2522 1388 2825 1455 crederem,
2850 1389 2962 1457 jam
2999 1391 3137 1443 bona
3165 1391 3450 1458 operabar,
3484 1390 3609 1447 ideo
3652 1392 3758 1446 ele-

2195 1488 2312 1535 ctus
2334 1495 2477 1535 sum.
2501 1480 2638 1547 Quid
2667 1483 2809 1535 enim
2837 1493 2918 1536 est
2941 1482 3065 1536 boui
3093 1484 3270 1548 operis
3289 1490 3415 1536 aute
3442 1483 3625 1548 iidem,
3648 1500 3755 1538 cant

2195 1571 2341 1626 dicat
2390 1572 2720 1642 Apostolus:
2756 1570 2918 1627 Omne
2946 1574 3081 1643 quod
3120 1590 3221 1627 non
3259 1586 3332 1629 est
3357 1590 3421 1628 ea:
3444 1576 3563 1641 ﬁde,
3591 1591 3758 1643 pecca-

2200 1670 2308 1724 tum
2353 1673 2426 1717 est
2472 1663 2648 1733 (liam.
2684 1664 2840 1733 xiv)?
2883 1666 3021 1731 Quid
3064 1680 3195 1736 ergo
3226 1666 3416 1721 dicturi
3447 1682 3634 1723 sumus
3671 1686 3757 1725 att-

2195 1753 2430 1810 diendo:
2464 1752 2586 1808 Non
2615 1771 2701 1809 eos
2732 1772 2810 1810 tne
2857 1757 3110 1829 elegistis,
3162 1758 3267 1812 nisi
3311 1759 3439 1827 quia
3470 1762 3591 1814 mali
3650 1777 3756 1816 era-

530 1826 685 1909 :imici
715 1853 919 1909 Domini
958 1826 1076 1908 esse
1115 1852 1405 1922 possimus,
1444 1850 1565 1919 quid
1608 1859 1787 1906 noster
1827 1850 2087 1905 Dominus
2122 1826 2169 1886 Β
2198 1860 2337 1915 ωας,
2371 1855 2427 1899 et
2473 1847 2625 1913 electi
2662 1861 2875 1913 sumus,
2907 1826 2962 1901 ut
3006 1848 3128 1902 boni
3168 1863 3262 1918 per
3288 1826 3513 1919 gratiam
3544 1866 3643 1905 nos
3663 1852 3759 1906 eli-

530 1945 688 2001 raelat
733 1946 983 1999 sciamus.
1031 1942 1146 1997 Non
1195 1942 1367 1997 solum
1396 1943 1538 1997 enim
1593 1940 1858 2006 homines,
1898 1956 2086 1996 verum

526 2037 685 2091 etiam
706 2034 881 2105 justos
906 2037 1016 2105 ipse
1039 2034 1168 2089 facit
1196 2049 1313 2101 nos,
1361 2044 1414 2089 et
1445 2050 1549 2089 non
1580 2034 1679 2103 ipsi
1708 2048 1826 2089 nos.
1876 2033 1944 2090 Ut
1988 2035 2091 2089 hoc

524 2127 777 2192 sciamus,
806 2129 924 2194 quis
954 2126 1056 2181 nisi
1086 2129 1200 2195 ipse
1242 2125 1401 2180 facit?

603 2213 706 2271 Vos
735 2228 902 2270 autem
930 2216 1038 2271 dixi
1067 2218 1275 2279 amicos,
1312 2216 1431 2282 quia
1456 2216 1631 2272 omnia
1661 2232 1971 2287 quacunque
1996 2234 2091 2271 auo

523 2305 631 2358 divi
676 2322 709 2359 a
740 2305 893 2358 Patre
920 2320 1051 2368 meo,
1081 2316 1202 2358 nota
1244 2305 1339 2374 feci
1368 2306 1525 2358 vobis.
1557 2306 1685 2371 Quis
1714 2307 1855 2359 enim
1902 2305 2090 2360 audeat

527 2395 794 2450 afﬁrmare
824 2394 904 2450 vel
934 2396 1154 2451 credere
1195 2395 1362 2449 ullum
1399 2394 1671 2449 hominum
1721 2395 1861 2449 scire
1907 2397 2088 2450 omnia

526 2500 853 2557 quacunque
878 2500 907 2538 a
936 2486 1091 2539 Patre
1121 2485 1320 2539 audivit
1345 2486 1649 2557 unigenitus
1675 2486 2093 2555 Filius,quando

532 2591 629 2632 nec
678 2578 777 2631 hoc
825 2575 965 2630 idem
1016 2576 1293 2645 quisquam
1343 2577 1501 2643 capit,
1533 2574 1802 2645 quomodo
1832 2576 2015 2629 audiat
2064 2591 2092 2647 a

530 2668 686 2724 Patre
732 2668 896 2721 ullum
927 2666 1164 2730 verbum,
1214 2680 1334 2721 cum
1378 2666 1492 2736 ipse
1536 2666 1606 2721 sit
1653 2667 1825 2721 Patris
1875 2666 2090 2722 unicam

532 2757 802 2814 Verbum?
832 2757 989 2825 Quid,
1022 2755 1160 2826 quod
1193 2757 1463 2827 aliquanto
1486 2770 1626 2826 post,
1660 2758 1710 2811 in
1744 2759 1843 2812 hoc
1873 2757 1990 2827 ipso
2012 2766 2088 2813 ta-

530 2865 653 2906 men
682 2864 926 2905 sermone
956 2867 969 2902 :
1005 2847 1193 2913 Multa,
1226 2840 1413 2917 inquit,
1447 2847 1604 2903 habeo
1633 2849 1771 2903 vobis
1796 2848 1983 2915 dicere,
2000 2850 2089 2904 sed

528 2958 630 2998 non
662 2942 865 3010 potestis
881 2940 971 2994 illa
1000 2949 1207 3010 portare
1230 2941 1417 2995 modo?
1436 2940 1551 3008 Quo
1583 2942 1740 3012 igitur
1763 2953 1917 3011 pacto
1936 2940 2089 2997 intel-

530 3038 713 3092 lecturi
760 3049 943 3091 sumus
994 3036 1169 3089 omnia
1218 3049 1338 3090 eum
1397 3046 1519 3090 nota
1580 3035 1771 3091 fecisse
1816 3034 2091 3105 discipulis

528 3142 856 3200 qumcnnque
881 3126 1083 3181 audivit
1110 3142 1141 3181 a
1171 3126 1325 3181 Patre
1374 3141 1495 3182 cum
1528 3138 1809 3197 propterea
1840 3126 2083 3196 quadam

528 3223 689 3278 multa
721 3235 825 3276 non
869 3220 1031 3287 dicat,
1076 3220 1195 3288 quia
1246 3220 1345 3274 scit
1370 3234 1462 3274 eos
1518 3220 1677 3274 modo
1723 3229 1935 3289 portare
1985 3233 2090 3273 non

527 3311 724 3381 posse?
755 3312 858 3367 Sed
909 3311 1158 3365 nimirum
1202 3311 1341 3380 quod
1374 3309 1608 3365 facturus
1635 3321 1738 3375 est,
1794 3310 1985 3366 iecisse
2034 3326 2092 3365 se

526 3408 671 3475 ilicit,
704 3406 823 3478 quia
851 3422 913 3460 ca
942 3423 1058 3477 quas
1090 3406 1262 3461 futura
1293 3416 1415 3461 sunt
1445 3404 1570 3461 feeit
1599 3404 1799 3477 (Eccle.
1832 3404 1893 3477 t).
1940 3406 2094 3463 Sicut

524 3499 664 3553 enim
696 3495 767 3551 ait
793 3513 887 3566 per
915 3497 1269 3566 Propltetam:
1326 3495 1595 3550 Foderunt
1641 3513 1820 3550 manus
1864 3513 2001 3550 meas
2044 3507 2094 3550 et

524 3590 676 3659 pedes
701 3604 836 3642 meos
860 3588 1035 3658 (Psal.
1067 3584 1203 3658 XXI),
1232 3589 1299 3642 ita
1332 3599 1387 3644 et
1429 3596 1530 3643 hoc
1573 3589 1688 3643 loco
1718 3590 1793 3643 ait
1822 3589 1998 3642 omnia
2035 3603 2093 3644 se

527 3693 646 3736 ηοω
696 3680 887 3736 fecisse
930 3680 1229 3750 discipulis,
1260 3696 1377 3750 qua:
1427 3696 1484 3735 se
1515 3683 1661 3735 novit
1692 3690 1815 3735 uota
1863 3696 1981 3736 esse
2017 3682 2092 3735 la-

524 3782 732 3825 cturum
780 3775 831 3825 in
884 3772 969 3827 illa
1017 3772 1347 3842 plenitudine
1404 3773 1642 3827 scientia:
1696 3773 1763 3827 de
1811 3788 1912 3841 qua
1966 3774 2096 3828 dicit

524 3864 850 3933 Apostolus:
884 3862 1010 3916 Cum
1047 3874 1216 3915 autem
1260 3864 1443 3918 venerit
1491 3864 1627 3933 quod
1671 3868 1949 3934 perfectum
1994 3876 2090 3929 est,

524 3954 660 4023 quod
688 3968 751 4005 ex
779 3960 921 4019 parte
949 3952 1369 4027 estrevacuabitur
1393 3954 1440 4026 (ι
1474 3954 1591 4008 Cor.
1622 3954 1769 4023 xm).
1795 3954 1869 4009 lbi
1895 3957 2088 4026 quippe

524 4047 653 4100 dicit
682 4065 692 4098 :
730 4044 881 4099 Nunc
902 4047 1007 4100 scio
1029 4063 1091 4101 ea:
1115 4058 1257 4113 parte
1278 4064 1296 4113 ;
1322 4059 1436 4101 tunc
1458 4060 1626 4102 autem
1652 4066 1957 4121 cognoscam
1988 4052 2093 4105 sic-

526 4150 579 4189 ut
608 4150 651 4193 et
681 4142 906 4210 cognitus
952 4156 1084 4193 sum.
1118 4138 1183 4192 Et
1232 4158 1366 4194 nunc
1419 4158 1503 4208 per
1535 4145 1793 4209 speculum
1838 4145 1890 4195 in
1921 4146 2083 4215 amig-

526 4238 679 4295 ntate,
726 4240 843 4282 tunc
892 4238 1055 4282 autem
1100 4232 1229 4299 {acie
1277 4231 1343 4283 ad
1392 4233 1571 4301 facient
1622 4232 1832 4302 (lbid.).
1869 4233 2000 4289 Nam
2044 4243 2097 4288 et

530 4322 645 4389 ipse
677 4322 960 4389 Apostolus
990 4322 1163 4376 salvos
1196 4336 1291 4377 nos
1320 4322 1451 4377 dcit
1480 4322 1649 4379 factos
1695 4340 1787 4393 per
1814 4326 2090 4380 lavacrum

528 4412 941 4480 regenerationis
973 4410 1096 4481 (Tit.
1130 4413 1233 4482 ιιι),
1283 4412 1369 4481 qui
1403 4423 1579 4467 tamen
1612 4413 1713 4467 alio
1742 4413 1859 4468 loco
1888 4430 1901 4467 :
1949 4414 2053 4484 Spe
2076 4454 2090 4478 ,

2116 3174 2167 3240 α

2191 1937 2363 2007 gentis
2387 1937 2653 1993 essemus?
2678 1938 2794 1994 Non
2826 1949 2907 1994 est
2936 1942 3079 1996 enim
3108 1943 3302 2010 gratia,
3323 1943 3367 1997 si
3385 1955 3755 2013 prmoesserunt

2194 2028 2403 2083 merita.
2439 2029 2527 2084 Est
2554 2040 2733 2085 autem
2764 2032 2953 2101 gratia.
3008 2032 3132 2088 llaec
3183 2031 3348 2102 igitur
3400 2052 3505 2091 non
3546 2040 3753 2100 invenit,

2193 2127 2289 2183 sed
2317 2126 2479 2183 eilicit
2507 2129 2716 2183 merita.
2747 2129 2810 2184 Et
2833 2130 3029 2194 videte,
3062 2128 3394 2195 cbarissimi,
3424 2134 3756 2201 quemadtno.

2195 2216 2320 2271 dum
2353 2233 2459 2272 non
2490 2219 2653 2288 eligat
2683 2218 2873 2283 bonos,
2900 2220 2995 2274 sed
3028 2235 3161 2287 quos
3206 2220 3362 2290 elegit
3394 2221 3551 2277 faciat
3576 2224 3751 2278 bonos.

2264 2304 2398 2376 Ego,
2428 2305 2618 2375 inquit,
2654 2308 2779 2378 elegi
2812 2323 2917 2375 vos,
2953 2316 2999 2361 et
3028 2310 3177 2377 posui
3202 2325 3288 2362 eos
3318 2320 3371 2361 ut
3400 2313 3546 2375 satis,
3584 2322 3638 2365 et
3657 2318 3752 2383 [rue

2192 2404 2327 2459 clum
2354 2395 2599 2463 offeratis,
2646 2407 2689 2452 et
2720 2401 2918 2469 [ructus
2964 2408 3130 2453 vester
3158 2390 3381 2453 maneai.
3433 2400 3614 2457 Nonne
3663 2403 3753 2458 iste

2193 2494 2277 2539 est
2305 2484 2505 2540 fructus
2526 2485 2593 2541 de
2614 2501 2718 2557 quo
2743 2488 2851 2555 jam
2874 2488 3082 2543 dixerat
3108 2506 3121 2541 :
3153 2487 3278 2544 Sine
3306 2506 3384 2545 me
3406 2491 3536 2544 nihil
3563 2495 3753 2562 potestis

2196 2576 2401 2646 facere?
2430 2575 2597 2648 Elegit
2625 2593 2754 2648 ergo
2784 2595 2881 2635 nus
2932 2590 2986 2635 et
3019 2583 3195 2650 posuit
3226 2591 3283 2635 ut
3314 2598 3525 2647 eamus,
3574 2594 3627 2639 et
3651 2581 3751 2637 lni-

2195 2678 2336 2723 ctum
2358 2667 2666 2725 aﬂ‘eramus.
2700 2670 2910 2725 Nullum
2936 2672 3111 2741 itaque
3136 2673 3363 2727 fructum
3398 2673 3537 2729 unde
3559 2688 3653 2730 nos
3675 2676 3756 2730 eli.

2195 2768 2342 2827 geret
2365 2758 2710 2819 habebamus.
2742 2762 2807 2818 Ut
2830 2766 2977 2828 eatis,
2995 2765 3183 2834 inquit,
3201 2777 3247 2819 et
3267 2768 3496 2837 fructum
3519 2767 3755 2832 alantis.

2197 2852 2337 2909 imus
2364 2864 2421 2908 ut
2444 2852 2749 2919 ali‘eramus,
2782 2864 2836 2910 et
2865 2853 2979 2923 ipse
3005 2850 3089 2911 est
3121 2857 3203 2909 via
3253 2872 3355 2925 qua
3376 2858 3535 2923 imus,
3563 2858 3614 2913 ie
3665 2873 3755 2929 qia

2196 2957 2295 2998 nos
2321 2946 2518 3013 posuit,
2552 2955 2609 2999 ut
2638 2960 2841 3000 eamus.
2868 2946 3097 3001 Proinde
3124 2948 3177 3001 ln
3200 2948 3449 3003 omnibus
3468 2948 3661 3004 miserit
3678 2964 3755 3002 or-

2195 3033 2279 3090 dia
2296 3034 2413 3107 ejus
2431 3040 2689 3107 praevenit
2713 3053 2830 3092 nos.
2848 3035 2913 3091 Et
2931 3039 3150 3106 fructus,
3168 3038 3358 3108 inquit,
3375 3053 3533 3095 vester
3548 3051 3753 3095 maneat.

2270 3126 2340 3182 Ut
2364 3131 2695 3199 quodcunque
2738 3130 2983 3199 petieritis
3041 3129 3246 3183 Patrem
3294 3132 3346 3183 in
3400 3131 3603 3185 nomine
3632 3142 3752 3195 ntro,

2196 3219 2279 3273 det
2302 3218 2457 3273 vobis.
2494 3219 2700 3275 Maneat
2726 3236 2852 3291 ergo
2882 3221 3119 3285 dilectio,
3145 3222 3257 3290 ipse
3279 3232 3362 3277 est
3402 3238 3531 3292 erg.»
3556 3222 3749 3277 fructus

2197 3320 2399 3376 noster,
2431 3327 2548 3381 qua:
2574 3313 2786 3369 dilectio
2815 3328 2955 3368 nunc
2993 3326 3074 3367 est
3101 3314 3154 3369 in
3177 3315 3473 3378 desiderio,
3525 3315 3750 3371 nondum

2196 3400 2248 3456 in
2279 3404 2590 3471 saturitate;
2617 3405 2816 3475 et'ipso
2856 3405 3124 3460 desiderio
3170 3405 3523 3477 quodcunque
3555 3409 3751 3475 petieri-

2195 3512 2313 3552 mus
2342 3498 2392 3553 in
2422 3498 2637 3554 nomine
2686 3500 2944 3569 unigeniti
2980 3498 3122 3564 Filii,
3179 3499 3327 3554 dabit
3379 3500 3534 3554 nobis
3584 3500 3749 3554 Pater.

2195 3586 2344 3654 Quod
2373 3600 2548 3644 autem
2596 3588 2841 3655 accipere
2869 3588 3142 3643 salvandis
3172 3603 3279 3642 non
3329 3589 3546 3657 expedit
3586 3589 3753 3655 nobis,

2198 3694 2302 3732 non
2335 3680 2703 3733 existimemus
2731 3695 2829 3734 nos
2877 3688 3064 3749 petere
3096 3679 3147 3733 itt
3198 3680 3417 3735 nomine
3447 3681 3755 3745 Salvatorts;

2199 3770 2291 3823 sed
2326 3770 2426 3824 hoc
2448 3774 2678 3838 petimus
2699 3770 2751 3825 in
2785 3771 3337 3842 nomineSalvatoris,
3359 3773 3572 3843 quando
3612 3774 3757 3843 perti-

2198 3870 2288 3915 net
2312 3861 2376 3913 ad
2405 3865 2703 3916 oratiOnem
2732 3860 2939 3915 salutis.

2268 3949 2395 4003 Ηωε
2426 3951 2612 4005 mando
2633 3953 2789 4018 vobis,
2820 3961 2876 4005 ut
2903 3952 3128 4024 diligatis
3159 3953 3393 4007 inuicem.
3428 3956 3506 4008 Ac
3537 3970 3626 4023 per
3663 3954 3754 4010 hoe

2199 4044 2493 4113 intelligere
2518 4044 2771 4101 debemus
2804 4047 2940 4100 hunc
2966 4060 3086 4101 esse
3136 4044 3364 4100 fructum
3416 4060 3649 4101 nostrum
3695 4048 3756 4101 de

2198 4151 2301 4205 quo
2324 4138 2397 4190 ait
2424 4156 2437 4190 ε
2470 4136 2579 4208 Ego
2626 4154 2713 4192 vos
2742 4139 2870 4209 elegi
2898 4149 2949 4192 ut
2984 4142 3128 4207 eatis,
3172 4152 3220 4193 et
3249 4142 3474 4208 fructum
3518 4140 3754 4209 a/j'eratis,

2199 4240 2244 4282 et
2295 4234 2490 4298 fructus
2542 4242 2698 4284 vester
2749 4243 2976 4286 maneat.
3037 4233 3099 4287 Et
3151 4234 3291 4299 quod
3344 4233 3585 4300 atljuttxit
3630 4253 3641 4286 :
3696 4232 3756 4286 Ut

2198 4321 2524 4389 quodcunque
2552 4321 2800 4388 petieritis
2832 4320 3040 4377 Patrem
3069 4322 3119 4375 in
3164 4324 3366 4378 nomine
3394 4339 3526 4391 meo,
3557 4327 3640 4378 det
3679 4341 3759 4378 se-

2200 4411 2311 4474 bis;
2344 4424 2465 4466 tunc
2498 4415 2675 4482 utique
2725 4414 2871 4467 dabit
2898 4416 3071 4475 nobis.
3104 4416 3146 4469 si
3180 4417 3465 4484 diligamus
3514 4420 3751 4475 invicem.

532 4502 721 4569 inquit,
754 4501 879 4553 salvi
926 4503 1044 4569 [acti
1088 4518 1281 4555 sumus.
1337 4502 1466 4573 Spes
1513 4513 1681 4557 autem
1725 4520 1839 4573 qute
1865 4506 2084 4573 videtur,
2129 4525 2182 4585 D
2207 4520 2326 4559 cum
2354 4514 2408 4557 et
2436 4492 2536 4558 hoc
2563 4503 2732 4571 ipsum
2758 4504 2872 4573 ipse
2914 4505 3121 4559 dederit
3148 4508 3322 4568 nobis,
3366 4523 3455 4575 qut
3488 4522 3582 4560 nos
3612 4508 3759 4575 elegit

527 4608 627 4645 non
649 4602 721 4646 est
749 4609 880 4658 spes.
918 4593 1067 4659 Quod
1095 4594 1227 4647 enim
1275 4596 1406 4649 videt
1448 4594 1577 4665 quis,
1627 4596 1750 4663 quid
1790 4600 1999 4667 sperat?
2028 4598 2092 4654 Si

527 4690 692 4737 autem
718 4684 854 4752 quod
896 4700 996 4737 non
1047 4685 1295 4749 videmus,
1344 4702 1622 4755 speramus,
1657 4704 1747 4756 per
1792 4692 2087 4760 patientiam

528 4786 873 4842 exspectamus
899 4775 1073 4845 (Itoni.
1099 4775 1236 4847 vttt).
1264 4775 1411 4833 Unde
1434 4778 1592 4832 etiam
1612 4778 1728 4847 ejus
1753 4783 2097 4851 cuapostolus

2206 4611 2308 4650 non
2324 4596 2578 4650 habentes
2598 4596 2852 4661 fructum,
2878 4596 3002 4664 quia
3031 4612 3133 4649 non
3150 4610 3272 4650 eum
3299 4611 3395 4650 nos
3420 4601 3759 4667 elegeramus.

2204 4686 2280 4741 De
2305 4685 2477 4742 fructu
2504 4686 2681 4755 itaque
2705 4686 2855 4740 nobis
2875 4687 3134 4740 mandans
3162 4706 3176 4741 :
3199 4686 3326 4740 Hcce
3353 4694 3563 4753 mando,
3584 4690 3760 4759 inquit.

2201 4781 2357 4845 vobis,
2390 4791 2440 4834 ut
2466 4782 2691 4851 diligatis
2718 4780 2957 4835 invicem.
3004 4780 3154 4835 Unde
3180 4791 3233 4835 et
3266 4786 3543 4851 apostolus
3576 4782 3755 4836 Paulus

531 4863 718 4920 Petrus
747 4882 759 4918 ι
793 4864 857 4919 In
884 4882 1029 4935 quem
1058 4868 1229 4932 mode,
1257 4868 1447 4937 inquit,
1472 4886 1572 4923 non
1599 4872 1820 4927 uidentes
1849 4876 2053 4929 creditis
2076 4889 2103 4941 ἶ
2202 4889 2320 4929 cum
2346 4884 2529 4929 contra
2580 4889 2738 4943 Opera
2770 4875 2951 4929 carnis
2992 4876 3368 4929 commendare
3396 4873 3625 4928 fructum
3654 4873 3762 4940 Spl-

530 4971 673 5025 quem
703 4973 818 5009 cum
847 4957 1092 5022 videritis,
1134 4959 1450 5013 exsultabitis
1479 4962 1667 5031 gaudio
1692 4964 2018 5018 inenarrabili
2047 4977 2094 5019 et

532 5057 797 5114 honorato,
829 5053 1157 5122 percipientes
1175 5054 1452 5107 mercedem
1481 5056 1601 5122 ﬁdei
1626 5058 1839 5111 salutem
1883 5060 2089 5111 aninm-

534 5158 647 5195 rum
674 5154 952 5195 vestrarum
980 5140 1030 5213 (Ι
1066 5142 1204 5198 Petr.
1235 5145 1297 5213 t).
1339 5148 1517 5214 itaque
1543 5150 1683 5202 sicut
1716 5149 2090 5203 immortalita-

534 5242 638 5287 tem
663 5234 857 5299 carnis,
892 5244 943 5289 et
973 5234 1193 5288 salutem
1228 5239 1521 5291 animarum
1554 5239 1781 5294 futuram
1813 5253 2093 5309 exspecta-

535 5340 674 5391 tntts,
704 5326 941 5393 quamvis
981 5326 1089 5394 jam
1130 5328 1348 5396 pignore
1378 5338 1597 5397 accepto
1635 5332 1764 5388 salvi
1818 5332 1940 5386 lacti
1972 5349 2092 5388 esse

534 5417 790 5482 dicamur,
815 5417 884 5470 ita
903 5418 1136 5471 omnium
1169 5418 1404 5473 notitiam
1428 5437 1757 5491 quaecunque
1784 5423 2094 5492 Unigettitus

538 5508 737 5561 audivit
758 5522 796 5561 a
826 5508 1002 5569 Patre.
1040 5510 1269 5564 l'utttratn
1298 5526 1517 5580 sperare
1548 5514 1823 5582 debemus,
1855 5517 2097 5585 quamvis

530 5599 639 5668 jam
665 5616 721 5655 sc
756 5602 851 5655 hoc
883 5602 1068 5657 feetssc
1093 5604 1286 5659 dixerit
1312 5604 1571 5665 Christus.

610 5688 729 5745 Non
777 5709 861 5747 vos
907 5709 983 5747 me
1030 5694 1271 5767 elegistis,
1327 5698 1513 5766 inquit,
1548 5704 1635 5754 sed
1683 5718 1775 5772 ego
1821 5704 1947 5775 elegi
1990 5722 2095 5759 ros.

539 5784 659 5839 llaec
709 5795 791 5841 cst
822 5787 909 5841 illa
957 5786 1235 5847 ittell'abilis
1282 5790 1473 5862 gloria.
1527 5794 1661 5861 Quid
1691 5798 1831 5853 enim
1886 5816 2097 5859 eramus

2205 4965 2337 5019 ritus
2365 4966 2543 5029 vellet,
2576 4981 2605 5019 a
2653 4967 2827 5032 capite
2877 4964 2976 5019 hoc
3021 4966 3193 5035 posuit
3228 4984 3240 5018 :
3271 4962 3532 5027 Fructus,
3582 4968 3759 5032 inquit.

2206 5056 2429 5125 Spiritus
2451 5066 2523 5111 est
2546 5059 2768 5109 citaritas
2791 5055 2987 5127 (Colat.
3014 5061 3086 5123 ν).
3123 5057 3199 5110 Ac
3219 5056 3414 5110 deinde
3440 5066 3634 5109 ca-tera
3660 5069 3764 5107 tan-

2203 5167 2359 5220 quam
2390 5167 2452 5203 ex
2489 5152 2590 5204 isto
2614 5149 2789 5218 capite
2812 5158 2996 5203 exorta
3026 5158 3079 5204 et
3108 5148 3326 5217 religata
3351 5150 3645 5201 contexuit.
3669 5147 3764 5199 Me-

2208 5246 2308 5297 rite
2353 5245 2527 5311 itaque
2591 5244 2838 5312 Magister
2894 5243 3063 5295 bonus
3116 5243 3457 5296 dilectionem
3513 5242 3589 5295 sic
3630 5254 3763 5308 προ

2206 5338 2564 5399 commendat,
2601 5346 2849 5402 tanquam
2876 5334 2982 5387 sola
3016 5333 3370 5400 prmcipienda
3402 5332 3504 5395 sit,
3532 5332 3647 5386 sine
3672 5344 3763 5398 qua

2207 5446 2311 5484 nun
2368 5438 2588 5497 possunt
2644 5426 2895 5495 prodesse
2947 5440 3139 5480 cmtera
3191 5428 3353 5488 bina,
3408 5437 3459 5479 et
3511 5439 3628 5493 quas
3668 5437 3764 5476 nt-n

2206 5532 2381 5590 p0test
2425 5520 2607 5574 ltalieri
2640 5519 2757 5573 sine
2785 5519 2993 5572 caeteris
3026 5518 3199 5578 bonis,
3229 5518 3422 5585 quibus
3466 5518 3628 5568 immo
3656 5516 3760 5567 elli-

2206 5618 2342 5669 citur
2374 5615 2560 5667 bonus.
2590 5614 2689 5666 Pro
2720 5613 2814 5665 hac
2845 5626 3022 5665 au'em
3064 5610 3351 5664 dilectiOtte
3379 5612 3641 5678 patienter
3682 5606 3765 5659 det

2208 5710 2395 5765 bemus
2421 5709 2577 5761 etiam
2607 5706 2727 5762 odia
2750 5706 2931 5759 mundi
2958 5706 3242 5759 sustinere.
3276 5704 3505 5758 Necesse
3534 5711 3614 5757 est
3636 5700 3767 5754 enim

2208 5815 2261 5859 ut
2293 5819 2387 5860 nos
2419 5802 2608 5868 oderit,
2661 5815 2792 5870 quos
2843 5800 3015 5857 cernit
3063 5802 3203 5857 nolle
3244 5801 3384 5871 quod
3435 5799 3628 5869 diligit.
3674 5799 3766 5857 Sed
