3884 6232
113 401 206 458 845

1025 401 1091 456 IN
1130 401 1188 457 S.
1231 401 1508 476 JOANNIS
1546 400 1993 462 EVANGELIUM
2037 402 2418 460 EXPOSITIO.

3260 407 3368 464 848

119 513 382 586 plurimum
416 526 517 567 nos
560 512 628 568 de
675 512 853 583 seipso
905 512 1164 570 Dominus
1189 515 1534 582 consolatur,
1587 513 1676 584 qui
1709 517 1754 574 A
1784 531 1910 586 gere
1936 528 2202 582 naturam,
2233 529 2353 573 cum
2389 518 2504 587 ipse
2530 517 2583 573 in
2611 530 2670 574 se
2694 519 2882 590 diligat
2928 520 3142 589 vitium,
3165 522 3370 579 oderit-

116 620 222 661 cum
244 604 466 659 dixisset
492 620 507 657 :
543 602 669 658 Herc
699 605 887 657 mando
918 606 1076 672 vobis,
1109 615 1163 660 ut
1192 606 1424 677 diligatis
1452 606 1684 671 invicem,

115 695 294 765 adjecit
321 704 486 763 atque
516 696 589 749 ait
621 715 632 750 :

180 787 238 844 Si
262 788 486 841 mundus
515 804 600 844 vos
630 789 760 852 odit,
791 790 967 843 scitote
1008 791 1131 860 quia
1179 807 1260 844 me
1291 791 1513 854 priorem
1551 789 1689 844 vobis

116 880 223 933 odio
258 880 457 936 habuit.
492 881 606 935 Cur
635 897 762 951 ergo
803 896 861 936 se
908 883 1210 938 membrum
1242 897 1403 953 supra
1432 884 1688 938 verticem

117 971 356 1024 extollit?
385 974 623 1027 ltecusas
653 986 772 1027 esse
802 973 853 1024 in
887 988 1137 1042 corpore,
1181 975 1225 1028 si
1260 990 1365 1028 nou
1399 973 1478 1028 vis
1504 973 1688 1027 odium

119 1061 288 1118 mundi
317 1067 588 1117 sustinere
619 1078 740 1117 cum
773 1065 968 1131 capite.

179 1150 241 1209 Si
259 1155 318 1206 de
368 1157 579 1217 mundo,
631 1155 821 1224 inquit,
853 1156 1048 1220 essetis,
1100 1155 1318 1209 mundus
1365 1153 1503 1224 quod
1543 1170 1693 1209 suum

117 1251 220 1298 erat
258 1242 514 1312 diligeret.
550 1244 830 1300 Universae
862 1246 1041 1314 itaque
1091 1247 1190 1299 ltoc
1231 1245 1359 1299 dicit
1410 1245 1687 1308 Ecclesiae,

120 1351 268 1404 quam
295 1336 615 1406 plerumque
655 1338 817 1393 etiam
847 1339 1015 1403 ipsam
1049 1337 1231 1392 ntundi
1266 1337 1482 1392 nomine
1511 1337 1695 1406 appel-

131 1428 218 1492 lat,
247 1429 388 1482 sicut
417 1429 542 1483 illud
575 1440 657 1483 est
686 1447 696 1481 :
726 1428 865 1482 Deus
890 1439 996 1482 erat
1024 1431 1077 1482 in
1103 1427 1302 1483 Christo
1333 1428 1580 1483 mundum
1608 1444 1691 1482 re-

118 1519 395 1572 concilians
424 1522 518 1572 sibi
549 1518 632 1591 (Il
666 1519 788 1575 Cor.
833 1520 910 1589 v).
947 1520 1183 1588 itemque
1216 1519 1341 1575 illud
1371 1539 1382 1574 :
1421 1519 1539 1573 Non
1563 1520 1698 1574 venit

119 1607 280 1663 Filius
330 1611 553 1662 hominis
586 1620 641 1663 ut
686 1613 730 1682 jt
754 1611 885 1664 dicet
932 1612 1202 1678 mundum,
1235 1612 1322 1664 sed
1372 1621 1428 1665 ut
1475 1613 1700 1665 salvetur

120 1701 336 1753 mundus
361 1718 455 1770 per
482 1702 653 1768 ipsum
690 1700 874 1769 (Joan.
907 1702 1012 1772 ιιι).
1050 1703 1109 1755 Et
1145 1701 1380 1767 Epistula
1409 1715 1502 1756 sua
1539 1701 1699 1756 Joan-

120 1805 210 1844 nes
233 1790 308 1844 ait
333 1810 344 1841 :
379 1792 694 1844 Advocatum
716 1791 961 1846 habemus
987 1794 1055 1845 ad
1086 1791 1318 1857 Patrem,
1344 1790 1527 1846 letum
1551 1793 1699 1847 Chri-

1791 623 1895 677 que
1924 616 2190 673 naturam,
2225 619 2281 663 ut
2309 621 2407 663 nos
2436 623 2557 664 eum
2585 617 2640 665 et
2669 610 2972 682 diligamus,
3016 623 3070 668 et
3089 612 3365 671 oderltuus

1791 711 1953 766 recte,
1984 716 2103 756 cum
2132 717 2192 757 se
2218 701 2332 773 ipse
2354 703 2535 774 diligat
2563 702 2847 774 oderitque
2871 720 3144 775 perverse.

1863 790 2189 858 Mementote,
2220 793 2407 862 inquit,
2433 795 2684 849 sermonis
2713 796 2832 862 mei,
2855 806 3002 867 quem
3025 814 3115 869 ego
3137 800 3245 854 dixi
3274 807 3368 855 tto-

1794 884 1886 939 bis.
1917 883 2036 938 Non
2080 895 2150 939 est
2174 895 2346 940 servus
2398 889 2569 959 major
2612 886 2834 942 Domino
2861 906 2976 945 suo.
3012 891 3072 947 Si
3097 908 3177 946 nte
3205 911 3370 961 perse-

1793 975 1898 1029 cuti
1944 988 2082 1041 sunt,
2129 986 2176 1030 et
2221 987 2308 1031 eos
2351 987 2732 1050 persequentur.
2781 980 2844 1037 Si
2871 991 3152 1037 sermonem
3203 998 3372 1040 meum

1795 1075 2141 1135 servaverunt,
2169 1076 2220 1123 et
2241 1077 2463 1123 vestrum
2492 1071 2781 1127 servabunt.
2811 1073 3148 1130 Manifestum
3173 1085 3258 1132 est
3278 1078 3378 1148 igi-

1798 1162 1882 1211 tur
1912 1156 2058 1211 illum
2085 1172 2300 1214 servum
2327 1160 2416 1229 qui
2467 1170 2570 1215 nou
2604 1171 2786 1218 manet
2832 1167 2884 1218 iu
2929 1166 3090 1220 dumo
3117 1167 3170 1221 in
3219 1175 3378 1224 atter-

1799 1264 1923 1304 num
1963 1248 2147 1320 (Joan.
2204 1251 2338 1321 vut),
2390 1252 2538 1308 illum
2590 1257 2946 1324 pertinentem
2999 1261 3063 1313 act
3132 1261 3376 1316 timorem

1798 1356 1954 1410 quem
1988 1341 2130 1397 foras
2155 1345 2393 1399 cliaritas
2421 1344 2599 1400 mittet
2624 1345 2677 1418 (1
2718 1346 2877 1402 Joan.
2912 1349 3009 1417 tv),
3037 1365 3156 1405 esse
3184 1351 3382 1407 intelli-

1799 1431 2054 1500 gendum,
2100 1433 2188 1487 ubi
2220 1433 2419 1489 dictum
2463 1446 2584 1490 est:
2627 1435 2747 1491 lam
2795 1454 2898 1493 non
2928 1441 3043 1494 dico
3087 1455 3173 1496 ros
3211 1459 3386 1499 servos

1803 1521 1931 1594 (llic
1951 1527 2166 1596 supra);
2198 1525 2285 1580 hic
2334 1537 2517 1581 autem
2563 1529 2655 1582 ubi
2686 1529 2919 1584 dicitur:
2971 1530 3090 1586 Non
3111 1540 3184 1586 est
3209 1549 3386 1589 servus

1801 1617 1970 1687 major
2019 1617 2230 1670 domino
2257 1633 2380 1683 suo;
2409 1620 2558 1672 sime
2607 1623 2858 1690 persecuti
2885 1631 3019 1686 sunt,
3052 1633 3099 1678 et
3139 1633 3222 1678 eos
3271 1643 3389 1695 per-

1800 1718 2112 1779 sequentur;
2139 1707 2288 1763 illum
2323 1709 2612 1779 signitlcari
2642 1724 2857 1766 servum
2916 1715 3275 1782 pertinentem
3316 1714 3384 1771 ad

1807 1800 2051 1855 timorem
2101 1809 2330 1865 castum,
2375 1802 2462 1869 qui
2485 1811 2749 1870 permanet
2793 1804 2846 1857 in
2891 1805 3135 1860 s’tecutunt
3185 1807 3385 1863 scecnti.

118 1893 240 1935 stum
258 1885 501 1952 justum;
530 1894 577 1937 et
609 1885 719 1952 ipse
761 1894 834 1938 est
877 1887 1174 1956 propitiatio
1228 1896 1554 1957 peccatorum
1600 1904 1694 1942 no-
1727 1873 1773 1933 Β
1803 1888 1972 1959 (Psal.
2007 1891 2181 1962 xvut).
2207 1891 2303 1946 Hic
2332 1893 2478 1948 enim
2502 1907 2691 1949 servns
2720 1902 2804 1949 est
2831 1895 3116 1951 auditurus
3159 1913 3173 1951 :
3211 1897 3385 1970 Euge,

119 1980 365 2036 strorum;
399 1991 504 2026 non
535 1984 733 2028 tantum
764 1986 1084 2040 nostrorum,
1111 1976 1202 2030 sed
1233 1984 1278 2029 et
1311 1978 1474 2031 totius
1523 1977 1702 2031 mundi

121 2059 168 2125 (t
197 2058 353 2117 Joan.
410 2062 490 2132 ιι).
546 2064 710 2118 Totus
748 2079 878 2134 ergo
925 2065 1157 2119 mundus
1198 2064 1445 2120 Ecclesia
1500 2075 1603 2134 est,
1649 2078 1703 2121 et

123 2162 255 2207 totus
300 2158 536 2211 muntlus
584 2157 698 2211 odit
749 2158 1068 2214 Ecclesium.
1121 2159 1350 2215 Mundus
1394 2161 1551 2232 igitur
1593 2161 1705 2217 odit

123 2243 400 2307 mundum,
451 2246 702 2301 inimicus
749 2249 1179 2316 reconciliatum,
1216 2249 1506 2307 damnatus
1532 2253 1706 2309 salva-

123 2340 243 2396 tum,
274 2336 584 2404 inquinatus
616 2338 953 2393 Inundalum.
999 2340 1104 2395 Sed
1133 2339 1240 2395 iste
1269 2341 1502 2397 mundus
1542 2358 1702 2413 quem

127 2424 255 2478 Deus
276 2425 327 2479 in
351 2425 572 2481 Cltsisto
605 2429 912 2484 reconciliat
936 2431 1062 2498 sibi,
1093 2441 1147 2487 et
1176 2433 1263 2503 qui
1292 2447 1389 2502 per
1428 2433 1704 2491 Christum

123 2513 345 2569 salvetur
370 2556 386 2581 ,
421 2529 474 2571 et
503 2520 588 2571 cui
617 2534 710 2588 per
729 2519 1000 2576 Christum
1031 2532 1305 2591 peccatum
1335 2537 1496 2581 omne
1535 2526 1708 2581 dona-

125 2612 219 2670 tur,
267 2604 333 2659 de
373 2606 578 2661 mundo
605 2609 806 2664 electus
835 2622 917 2666 cst
968 2613 1211 2678 inimico,
1265 2614 1540 2682 damnato,
1579 2629 1708 2671 con-

127 2698 393 2752 tantinato.
431 2700 506 2753 Es
536 2702 724 2756 eadem
750 2705 946 2773 quippe
974 2719 1148 2759 massa
1171 2720 1290 2776 quas
1311 2714 1420 2761 tota
1448 2707 1501 2762 in
1527 2705 1701 2763 Adam

129 2788 290 2854 periit,
327 2790 461 2844 liunt
492 2805 616 2846 vasa
650 2793 1054 2862 misericordiae,
1091 2796 1146 2850 in
1188 2797 1386 2868 quibus
1426 2807 1510 2855 est
1555 2815 1710 2856 mun-

129 2880 217 2932 dus
261 2883 534 2949 pertinens
583 2884 651 2938 ad
703 2888 1214 2957 reconciliationem,
1273 2906 1433 2961 quem
1469 2893 1708 2950 mundus

128 2970 304 3026 mlite:
327 2974 519 3027 eadem
547 2990 718 3030 massa
744 2979 1014 3046 pertinens
1043 2979 1108 3034 ad
1145 2995 1268 3035 vasa
1303 2983 1414 3048 irae,
1442 2999 1560 3052 quae
1585 2999 1708 3054 per-

132 3062 252 3116 lecta
294 3079 417 3120 sunt
471 3066 525 3120 in
571 3070 922 3136 perditionem
955 3073 1132 3144 (Rom.
1164 3073 1262 3146 ts).
1300 3074 1542 3146 Denique
1587 3094 1707 3134 cum

128 3153 334 3209 dixisset
380 3156 488 3212 :Si
536 3158 601 3213 de
649 3160 849 3215 mundo
888 3161 1086 3227 essetis,
1121 3168 1343 3221 mundus
1374 3167 1515 3237 quod
1561 3185 1709 3222 suum

127 3255 240 3298 esset
271 3248 531 3318 diligeret,
561 3251 818 3307 continuo
843 3254 1070 3325 subjecit
1104 3275 1115 3309 :

197 3336 323 3402 Quia
355 3355 475 3393 rero
502 3342 567 3393 de
593 3345 783 3396 mundo
827 3361 926 3399 non
958 3348 1101 3415 estis,
1133 3349 1223 3404 sed
1254 3367 1345 3422 ego
1367 3352 1493 3422 elegi
1525 3368 1612 3407 vos
1643 3354 1707 3407 de

128 3427 326 3492 mundo,
360 3443 635 3501 prapterea
662 3435 768 3487 odit
795 3452 882 3490 vos
913 3439 1154 3495 mundus.
1195 3442 1338 3513 Ergo
1368 3452 1422 3498 et
1452 3444 1550 3513 ipsi
1582 3443 1708 3500 inde

128 3533 289 3587 erant,
338 3524 573 3577 unde‘ut
605 3541 707 3580 non
754 3533 1117 3588 cssentelecti
1163 3543 1311 3599 sunt,
1343 3551 1445 3592 non
1503 3540 1708 3596 meritis

129 3610 247 3673 suis,
289 3629 518 3679 quorum
557 3617 700 3671 nulla
733 3619 868 3674 bona
916 3633 1308 3690 praecesserant
1358 3643 1542 3698 Opera,
1597 3637 1703 3693 utin

131 3715 325 3768 natura,
350 3721 470 3774 quae
499 3715 607 3760 tota
628 3709 802 3764 iuerat
831 3726 924 3778 per
953 3713 1178 3769 liberum
1206 3717 1486 3772 arbitrium
1514 3721 1564 3774 in
1593 3721 1704 3790 ipsa

132 3794 296 3848 radice
323 3797 533 3862 vitiata,
565 3799 658 3853 sed
691 3804 945 3870 gratuita,
982 3807 1084 3859 ltoc
1109 3815 1190 3861 cst
1225 3823 1344 3862 vera
1377 3813 1568 3878 gratia.
1606 3815 1704 3879 Qui

131 3885 260 3937 enim
293 3885 362 3940 de
392 3889 595 3943 mundo
625 3892 882 3946 mundum
914 3894 1105 3964 elegit,
1133 3896 1257 3951 fecit
1286 3900 1424 3966 quod
1458 3903 1701 3971 eligeret,

134 3990 227 4028 non
247 3975 468 4039 invenit,
488 3979 608 4047 quia
629 3981 864 4050 reliquiae
889 3998 980 4050 per
999 3986 1318 4041 electionem
1338 3991 1520 4057 gratia:
1541 3994 1704 4048 salva:

135 4063 275 4119 facta:
297 4079 436 4121 sunt.
467 4067 531 4122 Si
558 4079 728 4123 autem
757 4074 1151 4144 gratia,ittquit,
1176 4078 1290 4147 jam
1316 4096 1416 4132 non
1442 4097 1506 4135 ea:
1528 4087 1702 4148 operi-

133 4153 236 4222 ιω,
266 4156 494 4228 αιὶιῳιίη
524 4161 695 4228 gratia
727 4163 841 4232 jam
868 4179 970 4216 non
998 4173 1068 4218 est
1100 4169 1270 4236 gratia
1299 4170 1478 4240 (ltum.
1514 4173 1614 4241 at).
1650 4174 1702 4228 Si

131 4255 294 4302 autem
313 4255 868 4320 quaeraturquomodo
886 4271 944 4311 sc
973 4257 1157 4327 diligat
1189 4264 1422 4316 mundus
1450 4265 1704 4330 perditio-

134 4340 227 4404 nis,
256 4343 340 4408 qui
365 4343 478 4396 odit
501 4345 757 4398 mundum
794 4348 1204 4416 redemptionis,
1228 4354 1402 4422 diligit
1428 4370 1488 4412 se
1519 4360 1704 4428 utique

135 4431 253 4484 falsa
283 4434 590 4500 dilectione,
619 4454 724 4492 non
750 4455 873 4493 vera
901 4457 915 4504 ;
943 4443 1166 4511 proinde
1190 4444 1323 4500 falso
1346 4464 1404 4501 se
1432 4450 1625 4519 diligit,
1650 4462 1705 4506 et

133 4541 248 4580 vere
285 4525 415 4582 odit.
453 4530 556 4594 Qui
585 4534 723 4585 enim
746 4535 914 4605 diligit
942 4538 1278 4606 iniquitatem,
1319 4544 1424 4596 odit

131 4633 266 4671 suam
294 4619 461 4688 (Psal.
491 4628 571 4690 x).
604 4624 709 4678 Sed
736 4628 956 4698 diligere
980 4646 1038 4685 se
1070 4632 1290 4696 dicitur,
1320 4639 1571 4705 quoniam
1606 4643 1704 4693 itii-

131 4714 375 4776 quitslem
409 4729 510 4784 qua
554 4717 768 4785 iniquus
795 4731 875 4773 est
903 4721 1096 4792 diligit.
1125 4726 1187 4779 Et
1219 4743 1428 4782 rursum
1453 4732 1629 4789 odisse
1651 4751 1709 4791 se

132 4799 335 4868 dicitur,
382 4808 631 4872 quoniam
680 4810 823 4878 quod
883 4813 930 4865 ei
988 4825 1163 4882 nocet,
1201 4816 1302 4872 hoc
1340 4819 1536 4891 diligit.
1584 4821 1710 4880 Odit

132 4908 249 4962 ergo
280 4899 329 4952 in
359 4915 416 4952 se
444 4912 689 4955 naturam
720 4947 734 4968 ,
767 4904 939 4971 diligit
966 4909 1172 4964 vitium.
1219 4913 1341 4967 Odit
1368 4917 1506 4984 quod
1540 4917 1708 4974 lactus

133 4997 206 5039 est
233 5004 324 5057 per
357 4991 446 5047 Dei
474 4994 789 5063 bonitatem,
824 4999 1000 5070 diligit
1037 5004 1178 5071 quod
1209 5003 1260 5057 iu
1290 5021 1355 5060 eo
1387 5005 1582 5062 factum
1626 5022 1707 5064 est

134 5088 222 5142 per
241 5077 456 5135 liberam
491 5085 836 5141 voluntatem.
870 5089 1019 5145 Unde
1049 5107 1144 5146 nos
1169 5110 1382 5164 quoque
1413 5096 1558 5152 illum
1589 5101 1709 5152 dili-

132 5182 245 5236 gere
264 5182 314 5225 et
337 5174 698 5243 proli'bemur,
716 5182 759 5234 si
781 5196 925 5237 recte
949 5184 1326 5255 intelligamus,
1351 5203 1404 5244 et
1428 5191 1703 5259 jubemur.

138 5258 470 5320 Prohibemur
498 5267 702 5323 scilicet
756 5274 843 5327 ubi
891 5276 1043 5330 nobis
1091 5279 1288 5334 dicitur
1316 5299 1328 5334 :
1362 5258 1546 5337 Nolite
1579 5288 1698 5340 tlili-

133 5368 238 5420 gere
262 5359 500 5412 mundum
523 5358 608 5429 (ll
642 5359 800 5415 Joan.
833 5371 917 5432 tt).
940 5365 1204 5424 Jubcmur
1227 5382 1406 5428 autem
1435 5375 1520 5429 ubi
1550 5379 1704 5433 nobis

135 5442 314 5498 dicitur
357 5465 369 5500 :
406 5448 614 5520 Ditigite
667 5455 899 5510 inimicos
954 5468 1145 5513 vestros
1215 5461 1432 5533 (Matth.
1469 5468 1548 5535 ν).
1601 5468 1702 5537 Ipsi

135 5546 249 5588 sunt
274 5541 410 5594 enim
442 5545 696 5607 uttntdus,
734 5550 820 5614 qui
856 5565 949 5603 nos
995 5553 1127 5606 odit.
1177 5556 1316 5626 Ergo
1351 5559 1704 5624 prohibemur

137 5626 350 5698 diligere
378 5636 426 5687 in
457 5637 551 5689 illo
595 5642 735 5709 quod
769 5642 879 5710 ipse
932 5645 1105 5717 diligit
1140 5646 1190 5700 in
1221 5651 1420 5719 scipsu,
1451 5663 1502 5707 et
1543 5653 1700 5723 jube-

139 5735 245 5774 mur
265 5725 475 5795 diligere
507 5730 559 5785 in
588 5731 682 5784 illo
713 5736 851 5801 quod
882 5739 996 5805 ipse
1026 5743 1143 5794 odit
1187 5743 1237 5795 in
1265 5744 1465 5810 seipso.
1498 5746 1695 5802 Vitium

138 5814 314 5885 quippe
343 5819 391 5874 in
419 5822 507 5876 illo
537 5823 763 5892 diligere
796 5830 1158 5899 prohibemur,
1183 5832 1542 5908 jubemurque
1573 5840 1697 5895 dili-

1805 1997 1941 2035 serve
1966 1981 2110 2048 bone,
2143 1983 2274 2036 intra
2301 1986 2353 2037 in
2383 1985 2628 2056 gaudium
2665 1984 2862 2039 domini
2888 1986 2960 2041 tui
2990 1973 3202 2057 (Matth.
3234 1989 3388 2059 xxv).

1881 2071 1988 2128 Sed
2011 2073 2120 2128 hac
2149 2075 2346 2139 omnia,
2377 2076 2566 2145 inquit,
2591 2076 2783 2145 facient
2812 2078 2948 2130 vobis
2977 2087 3186 2147 propter
3210 2092 3392 2135 nomen

1807 2178 1992 2228 meum,
2020 2165 2146 2235 quia
2194 2167 2425 2221 nesciunt
2469 2183 2587 2222 eum
2629 2169 2713 2237 qui
2740 2183 2820 2221 me
2847 2169 3004 2224 misit.
3033 2171 3162 2237 Quae
3211 2172 3387 2227 omnia

1808 2257 2024 2328 facient,
2051 2256 2150 2312 nisi
2167 2273 2286 2327 quae
2305 2259 2441 2314 dixit
2463 2276 2477 2313 :
2498 2261 2621 2316 odio
2639 2261 2933 2328 habebunt,
2950 2263 3178 2328 scilicet,
3199 2276 3249 2319 et
3272 2280 3392 2335 per-

1808 2359 2101 2423 sequentur
2121 2365 2426 2407 sermonem
2451 2369 2610 2422 quem
2646 2357 3033 2410 contemnunt?
3054 2358 3314 2424 Quoniam
3345 2361 3392 2414 si

1810 2456 2113 2498 sermonem
2138 2442 2230 2515 [Γ.
2267 2445 2497 2500 addend.
2535 2443 2664 2518 non]
2711 2458 2987 2504 servarent
3032 2465 3238 2515 eorum.
3295 2468 3395 2506 nec

1813 2545 1991 2591 tamen
2017 2536 2258 2592 odissent
2278 2550 2394 2605 eos,
2421 2550 2593 2608 neque
2620 2552 3102 2610 persequerentur;
3122 2546 3204 2598 vel
3229 2545 3390 2598 etiam

1812 2628 1859 2684 si
1905 2628 2166 2694 odissent,
2198 2645 2298 2686 nec
2328 2642 2506 2686 tamen
2550 2645 3023 2703 persequerentur,
3071 2652 3178 2691 non
3208 2638 3392 2693 omnia

1814 2719 2068 2778 facerent.
2092 2721 2220 2777 Ha’c
2236 2732 2414 2778 autem
2443 2725 2614 2779 omnia
2644 2724 2835 2789 facient
2862 2727 3022 2793 vobis,
3042 2727 3234 2797 inquit,
3265 2741 3387 2797 pro-

1811 2820 1922 2884 pter
1942 2831 2120 2871 nomen
2142 2831 2326 2871 meum.
2355 2814 2492 2884 Quid
2520 2825 2603 2872 est
2631 2815 2771 2872 aliud
2795 2817 2996 2885 dicere,
3020 2835 3206 2889 quam,
3234 2820 3311 2874 ile
3334 2820 3387 2873 iu

1814 2911 1965 2967 vobis
1994 2910 2122 2965 odio
2155 2908 2457 2974 habebunt;
2493 2924 2576 2963 me
2606 2909 2657 2962 in
2689 2909 2840 2963 vobis
2865 2920 3285 2979 persequentur;
3332 2921 3391 2967 et

1812 3009 2118 3061 sermonem
2150 3010 2410 3066 Vestrum,
2445 3002 2567 3072 quia
2602 3017 2752 3056 meus
2782 3010 2888 3067 est,
2924 3001 3043 3058 ideo
3074 3017 3178 3056 non
3210 3018 3391 3058 serva.

1815 3096 1986 3152 bunt?
2017 3094 2145 3150 Hae
2189 3095 2324 3149 enim
2352 3096 2529 3148 omnia
2558 3093 2745 3161 facient
2783 3093 2924 3146 vobis
2970 3101 3180 3164 propter
3207 3109 3393 3149 nomen

1815 3202 2022 3254 meum;
2053 3200 2155 3241 non
2188 3193 2447 3248 Vestrum,
2482 3185 2575 3238 sed
2604 3200 2790 3237 meum.
2825 3185 2998 3238 Tanto
3027 3186 3188 3252 igitur
3220 3188 3389 3242 mise-

1814 3279 2003 3346 riores,
2034 3278 2125 3348 qui
2156 3284 2374 3346 propter
2407 3276 2510 3330 ltoc
2542 3289 2735 3328 nomen
2785 3275 2884 3329 ista
2919 3275 3151 3339 faciunt,
3184 3287 3388 3345 quanto

1812 3369 2097 3433 beatiores,
2131 3368 2221 3437 qui
2253 3379 2470 3438 propter
2531 3367 2633 3421 hoc
2683 3381 2877 3421 nomen
2933 3367 3032 3421 ista
3080 3370 3388 3437 patiuntur;

1810 3462 1947 3517 sicut
1973 3462 2088 3531 ipse
2114 3461 2222 3516 alio
2248 3463 2364 3516 loco
2388 3462 2558 3514 dicit:
2593 3459 2735 3513 Beati
2757 3462 2845 3529 qui
2873 3462 3277 3528 persecutionem
3297 3480 3391 3529 pa-

1810 3555 2015 3618 tiuntur,
2046 3562 2254 3623 prapter
2273 3554 2538 3623 justitiam
2583 3551 2800 3622 (Matth.
2837 3554 2925 3623 v);
2976 3555 3075 3608 hoc
3100 3564 3184 3608 est
3223 3557 3391 3617 enim,

1810 3655 2030 3714 propter
2061 3661 2166 3708 me,
2205 3645 2283 3698 vel
2317 3654 2536 3712 promer
2569 3659 2762 3698 nomen
2801 3657 2999 3700 mcutrr.
3035 3645 3091 3698 Si
3125 3661 3191 3700 eo
3226 3648 3389 3700 modo

1814 3739 2173 3807 intelligamus
2197 3739 2401 3792 dictum
2439 3752 2453 3790 :
2490 3735 2612 3790 llwc
2643 3739 2816 3790 omnia
2864 3739 3051 3807 facient
3093 3740 3231 3793 vobis
3265 3757 3391 3807 pro.

1809 3838 1919 3898 pter
1948 3845 2129 3882 nomen
2179 3845 2369 3892 meum,
2425 3839 2589 3882 totum
2624 3829 2883 3914 referatur
2930 3831 2993 3884 ad
3020 3832 3214 3899 justus,
3263 3843 3387 3889 tan-

1809 3933 1965 3983 quam
1996 3919 2198 3973 dictum
2243 3920 2352 3973 sit:
2391 3920 2513 3974 llaec
2543 3921 2720 3974 omnia
2753 3923 3029 3988 patiemini
3081 3925 3150 3978 ab
3179 3926 3280 3982 cis.
3331 3928 3387 3982 Si

1809 4018 1984 4062 autem
2013 4021 2223 4080 propter
2271 4027 2452 4064 nomen
2486 4027 2652 4064 meum
2708 4013 2786 4067 sic
2815 4013 3072 4083 accipitur
3093 4057 3109 4083 ,
3144 4026 3395 4090 tanquam

1809 4097 2014 4154 diceret
2041 4117 2053 4154 :
2084 4098 2310 4168 Propter
2343 4118 2537 4158 nomen
2590 4120 2792 4169 meum,
2829 4109 2965 4176 quod
2999 4110 3048 4162 in
3079 4111 3227 4166 vobis
3270 4113 3399 4169 ode-

1814 4202 1964 4259 runt,
1991 4193 2063 4248 ita
2098 4202 2271 4262 potest
2322 4197 2514 4265 accipi,
2569 4208 2622 4252 ct
2653 4209 2870 4268 propter
2895 4201 3181 4271 justitiam,
3232 4219 3392 4274 quam

1810 4285 1860 4339 in
1893 4285 2041 4340 vobis
2071 4288 2298 4342 oderunt
2327 4307 2338 4349 ;
2377 4304 2440 4342 ac
2470 4305 2563 4358 per
2592 4293 2691 4346 huc
2720 4305 2771 4347 et
2798 4295 2942 4360 boui,
2971 4313 3090 4350 cum
3138 4313 3392 4366 persecu-

1811 4376 2008 4430 tionem
2041 4378 2241 4432 faciunt
2289 4382 2464 4447 malis,
2515 4395 2739 4450 possunt
2774 4396 2920 4440 recte
2951 4387 3054 4440 diri
3087 4398 3140 4444 et
3173 4400 3392 4460 propter

1806 4466 2061 4534 justitiam
2109 4466 2309 4533 facere,
2340 4487 2461 4525 cum
2519 4474 2792 4540 diligendo
2827 4490 3223 4548 persequuntur
3270 4498 3389 4538 ma-

1468 4548 1702 4601 αηίιηαηι
1740 4576 1786 4638 D
1814 4563 1924 4629 lus;
1958 4576 2010 4618 et
2042 4578 2258 4635 propter
2286 4568 2670 4636 ‘iuiquitatetu,
2705 4587 2862 4640 quam
2899 4576 3128 4631 oderunt
3175 4580 3225 4632 in
3258 4579 3388 4648 ipsis

1811 4654 2018 4719 malis;.
2053 4657 2117 4708 ita
2164 4672 2294 4728 ergo
2342 4667 2396 4712 et
2451 4661 2546 4729 ipsi
2584 4664 2707 4716 mali
2746 4677 2968 4732 possunt
3013 4670 3115 4722 dici
3150 4675 3284 4740 pati,
3340 4686 3392 4737 et

1811 4754 2028 4812 propter
2059 4745 2418 4816 iniquitatem,
2450 4766 2566 4819 qua:
2602 4753 2653 4805 in
2686 4754 2793 4807 illis
2821 4759 3061 4825 punitur,
3096 4775 3146 4813 et
3173 4774 3392 4832 propter

1805 4834 2090 4904 justitiam,
2148 4855 2264 4906 qua:
2322 4839 2372 4894 in
2431 4857 2616 4896 eorum
2683 4860 2837 4914 pmna
2895 4859 3199 4908 exercetur.
3262 4857 3393 4913 Item

1809 4929 1974 4997 qumri
2011 4939 2184 4998 potest
2230 4935 2274 4985 si
2328 4934 2489 4987 etiam
2546 4936 2667 4990 muli
2723 4940 2923 4996 iaciunt
2956 4952 3391 5011 persecutionem

1811 5023 1986 5084 malis,
2019 5024 2157 5077 sicut
2187 5024 2334 5095 impii
2365 5041 2518 5095 reges
2548 5037 2603 5083 et
2624 5029 2857 5098 judices,
2892 5049 3012 5089 cum
3057 5051 3236 5093 essent
3267 5057 3396 5110 per-

1808 5121 2085 5168 secutores
2116 5120 2346 5185 piorum,
2373 5128 2424 5172 et
2454 5119 2634 5190 utique
2662 5123 2978 5194 homicidas,
3012 5138 3066 5183 et
3096 5132 3392 5199 adulteros,

1808 5217 1859 5259 ct
1888 5222 2128 5277 quosque
2163 5209 2454 5276 maleﬁcos,
2488 5225 2621 5282 quos
2649 5224 2834 5270 contra
2870 5219 3013 5287 leges
3049 5221 3284 5287 publicas
3317 5225 3392 5279 le-

1807 5302 1943 5355 cisse
1972 5313 2390 5372 cognoscerent,
2429 5306 2741 5375 perdebant,
2774 5292 3043 5379 quomodo
3087 5317 3395 5388 intelligen-

1807 5392 1931 5446 dum
1976 5403 2064 5448 est
2107 5396 2248 5464 quod
2281 5397 2356 5451 ait
2403 5397 2660 5454 Dominus
2691 5400 2800 5457 :Si
2830 5403 2896 5456 de
2939 5407 3131 5461 mundo
3177 5412 3352 5465 essetis
3379 5453 3395 5477 ,

1808 5488 2028 5540 mundus
2072 5488 2209 5556 quod
2253 5504 2403 5544 suum
2431 5500 2502 5544 est
2533 5492 2812 5562 diligeret?
2854 5509 3026 5566 neque
3071 5501 3212 5554 enim
3257 5518 3395 5566 quos

1809 5586 1958 5649 punit
2005 5582 2176 5652 diligit
2229 5585 2482 5651 mundus,
2535 5601 2564 5640 a
2616 5602 2721 5657 quo
2757 5587 2999 5645 videmus
3044 5606 3202 5661 supra
3251 5596 3389 5649 dictu

1805 5677 2070 5732 scelerum
2099 5694 2298 5746 genera
2334 5679 2650 5752 plerumque
2699 5684 2907 5752 puniri;
2943 5687 3040 5740 nisi
3076 5689 3199 5756 quia
3234 5706 3389 5746 uiuu-

1804 5771 1903 5825 dus
1927 5782 2010 5826 est
2041 5773 2090 5826 in
2121 5775 2199 5827 eis
2226 5788 2253 5827 a
2284 5776 2473 5844 quibus
2506 5777 2626 5831 talia
2653 5778 2854 5834 scelera
2887 5783 3196 5851 puniuntur,
3229 5802 3384 5841 mun~

1804 5868 1902 5920 dus
1933 5877 1984 5920 et
2018 5867 2069 5922 in
2101 5869 2179 5923 eis
2213 5884 2240 5922 a
2273 5870 2466 5934 quibus
2491 5874 2615 5929 talia
2647 5881 2851 5937 scelera
2887 5881 3196 5941 diliguntur.
3230 5880 3388 5938 Μυτι.
