3884 6232
553 325 660 381 N7

964 326 1172 386 BED£
1213 331 1656 392 VENERABILIS
1695 336 1843 393 OPP.
1891 335 2067 392 PARS
2107 332 2173 388 ll.
2205 331 2400 389 SECT.
2445 334 2483 389 1.
2519 362 2587 376 --
2628 332 3019 391 EXEGETICA
3060 332 3384 391 CENUINA.
3694 338 3774 396 8i!

548 445 651 497 dus
671 442 853 513 itaque
900 443 1014 508 ille,
1059 447 1147 517 qui
1179 446 1491 519 intelligitur
1532 453 1584 507 in
1634 453 1785 508 malis
1815 463 1973 523 atque
2014 452 2115 506 im-
2144 448 2194 508 Α
2226 423 2521 518 Ωιὲἰεωιηιιε
2548 448 2680 503 ⁸ηίή
2707 449 2817 503 ⁸ίπ⁸
2843 449 2950 521 "9‘
2998 460 3344 521 Ρεείανενυηίν
3386 453 3497 504 ⁸ί¹¹⁸
3537 454 3647 520 ⁸⁸9⁸
3674 462 3777 524 im"

550 534 676 599 piis,
710 544 775 589 et
824 536 938 592 odit
968 539 1109 607 quod
1142 554 1294 595 suum
1327 554 1430 607 est,
1459 558 1525 596 ex
1560 558 1622 597 ea
1667 554 1819 612 parte
1845 542 2118 597 hominum

552 641 651 692 qua
683 626 961 683 sceleratis
994 642 1186 696 nocet;
1217 641 1270 686 et
1299 632 1469 702 diligit
1494 634 1635 703 quod
1667 649 1820 688 suum
1841 643 1945 699 est,
1970 648 2033 685 ex
2057 647 2119 685 ea

551 730 702 788 parte
736 722 1011 777 hominum
1044 740 1142 792 qua
1172 726 1374 780 eisdem
1408 726 1537 795 ipsis
1566 743 1684 781 cum
1736 723 2117 781 consceleratis

552 808 711 864 favet.
763 812 901 883 Ergo
947 814 1058 868 hac
1105 818 1277 870 omnia
1309 818 1495 888 facient
1521 818 1659 872 vobis
1703 826 1908 887 prapter
1934 830 2118 869 nomen

548 916 739 971 meum,
761 906 847 958 vel
870 904 941 959 ita
966 905 1165 962 dictum
1189 916 1291 972 est,
1323 918 1537 977 propter
1558 908 1697 976 quod
1721 923 1813 963 vos
1838 905 2078 977 patimini
2100 922 2113 972 ;

548 993 633 1047 vel
664 996 755 1059 ita,
790 1010 1004 1064 propter
1029 999 1169 1066 quod
1201 1008 1254 1052 et
1279 1000 1378 1066 ipsi
1408 1000 1625 1065 iaciunt,
1658 1001 1780 1070 quia
1812 999 1912 1056 hoc
1940 1001 1990 1052 in
2023 1016 2113 1052 vo-

545 1083 633 1139 bis
657 1085 782 1140 dum
831 1100 1244 1158 persequuntur,
1292 1091 1557 1157 oderunt;
1600 1100 1655 1146 et
1694 1092 1949 1145 addidit:
1982 1090 2114 1155 Quia

547 1178 775 1231 nesciunt
806 1194 920 1231 eum
944 1182 1032 1248 qui
1061 1197 1140 1235 me
1160 1182 1318 1235 misit.
1351 1182 1461 1237 Hoc
1481 1181 1775 1237 secundum
1797 1196 1912 1235 eam
1940 1183 2115 1234 scien-

546 1272 673 1323 tiam
694 1269 891 1325 dictum
905 1268 1307 1343 intelligendum
1330 1281 1437 1339 est,
1454 1272 1522 1328 de
1538 1288 1636 1342 qua
1653 1282 1705 1327 et
1719 1272 1841 1327 alibi
1858 1273 2111 1341 scriptum

543 1360 820 1417 est:Scire
847 1373 1013 1417 autem
1043 1373 1107 1429 te,
1128 1380 1305 1419 sensus
1327 1376 1401 1418 est
1430 1374 1810 1419 consummatus
1832 1364 1983 1433 (Sap.
2015 1365 2108 1431 vt).

547 1449 657 1506 liae
678 1450 873 1520 quippe
900 1452 1248 1524 scientia,qui
1270 1455 1445 1510 sciunt
1474 1454 1710 1520 Patrem,
1731 1470 1757 1506 a
1780 1468 1884 1524 quo
1916 1455 2111 1507 missus

546 1544 909 1610 estChristus,
925 1546 1069 1600 nullo
1083 1546 1242 1599 modo
1257 1557 1755 1616 persequuntureos
1769 1560 1900 1615 quos
1915 1546 2114 1616 colligit

544 1634 806 1701 Christus,
840 1638 964 1705 quia
992 1647 1048 1693 et
1074 1638 1172 1706 ipsi
1201 1653 1321 1691 cum
1346 1638 1421 1692 eis
1442 1638 1767 1707 colliguntur
1787 1651 1816 1691 a
1841 1636 2074 1692 Christo.

616 1727 677 1783 Si
714 1745 814 1783 non
854 1732 1117 1795 uenissem,
1149 1739 1193 1785 et
1224 1732 1418 1785 locutus
1466 1733 1537 1785 eis
1577 1734 1807 1801 fuissem,
1850 1742 2109 1801 peccatur»

542 1834 646 1873 non
703 1822 961 1874 haberent.
1002 1820 1216 1876 Judmos
1273 1822 1507 1877 ostendit
1533 1822 1876 1891 expressius;
1923 1824 1990 1875 de
2032 1822 2110 1875 bis

541 1922 671 1979 ergo
702 1919 755 1964 et
784 1910 874 1964 illa
906 1912 1135 1968 dicebat.
1163 1911 1337 1967 Judaei
1360 1928 1489 1983 ergo
1520 1913 1787 1982 persecuti
1814 1922 1939 1966 sunt
1961 1912 2113 1967 Chri-

540 2010 715 2066 stum,
758 2001 899 2069 quod
954 2001 1353 2057 evidentissima
1405 2004 1601 2058 indicat
1633 2002 1993 2072 Evangelium.
2022 2001 2114 2057 ιιι-

545 2090 677 2144 dicis
707 2090 911 2146 locutus
941 2102 1024 2148 est
1052 2092 1318 2159 Christus,
1347 2108 1453 2149 non
1485 2096 1607 2148 aliis
1638 2094 1908 2163 gentibus.
1954 2093 2006 2147 In
2036 2094 2114 2148 eis

546 2205 676 2260 ergo
698 2189 866 2244 voluit
915 2191 1141 2261 intelligi
1174 2191 1452 2255 mundum,
1482 2191 1571 2259 qui
1623 2191 1737 2245 odit
1763 2188 2030 2244 Christum
2061 2198 2115 2243 et

539 2279 826 2349 discipulos
863 2280 1000 2349 ejus.
1034 2281 1144 2335 imo
1173 2296 1300 2335 vero
1331 2297 1438 2336 non
1486 2282 1538 2335 in
1582 2282 1663 2335 his
1691 2281 1841 2345 solis,
1889 2280 1983 2334 scd
2016 2279 2111 2332 hos

536 2389 748 2441 quoque
776 2374 840 2429 ad
888 2375 1133 2431 eumdem
1188 2376 1438 2431 mundum
1473 2377 1737 2444 pertinere
1771 2375 2109 2429 monsuavit.

538 2465 673 2534 Quid
694 2466 863 2534 ergo?
894 2466 953 2521 Si
981 2483 1081 2521 non
1109 2468 1371 2532 venissem,
1405 2475 1661 2535 peccatum
1689 2483 1786 2519 non
1829 2466 2067 2518 haberent
2092 2464 2114 2517 7

540 2556 786 2629 Nunquid
805 2560 920 2614 sine
949 2568 1164 2627 peccato
1186 2569 1338 2614 erant
1356 2558 1552 2625 Judaei,
1575 2569 1857 2627 antequam
1872 2557 2115 2612 Christus

542 2653 607 2707 ad
636 2666 727 2706 eos
757 2652 809 2705 in
850 2666 1009 2706 carne
1042 2650 1314 2706 venisset?
1356 2649 1485 2716 Quis
1528 2649 1629 2704 hoc
1655 2650 1736 2703 vel
1764 2647 2114 2702 stultissimus

538 2743 766 2799 dixerit?
790 2742 893 2798 Sed
920 2758 1166 2813 magnum
1198 2740 1467 2812 quoddam
1499 2748 1797 2811 peccatum,
1821 2753 1927 2792 non
1954 2750 2112 2791 omne

538 2846 837 2902 peccatum,
871 2834 1020 2904 quasi
1069 2833 1170 2888 sub
1217 2832 1450 2903 generali
1482 2831 1696 2886 nomine
1728 2831 1836 2883 vult
1865 2824 2108 2894 intelligi.

541 2930 652 2984 Hoc
702 2938 781 2984 est
833 2927 971 2982 enim
1014 2934 1288 2997 peccatum
1334 2940 1437 2994 quo
1469 2932 1719 2979 tenentur
1764 2930 1950 2977 cuncta
1993 2936 2112 2987 pec-

541 3030 693 3075 cata:
725 3022 864 3089 quod
898 3019 1259 3087 unusquisque
1284 3016 1327 3070 si
1360 3031 1463 3069 non
1517 3015 1726 3076 habeat,
1777 3012 2113 3066 dimittuntur

2223 545 2374 598 bunt:
2403 555 2451 599 et
2473 546 2759 615 quicunque
2779 548 2831 599 in
2857 547 2965 617 lege
2986 558 3339 615 peccaverunt,
3368 564 3454 614 per
3481 549 3639 618 legem
3654 552 3777 620 judi-

2222 637 2474 690 cabuntur
2519 638 2693 707 (Rom.
2754 640 2860 709 Ill).
2900 638 2990 693 lsti
3048 650 3214 705 certe,
3275 641 3339 695 ad
3370 656 3505 711 quos
3549 644 3709 708 venit,
3736 659 3775 699 et

2221 730 2412 797 quibus
2468 729 2673 785 locutus
2702 740 2785 785 est
2812 731 3083 797 Christus,
3116 750 3220 788 non
3246 734 3435 787 habent
3483 734 3551 788 de
3605 749 3771 801 magno

2219 818 2550 874 inﬁdelitatis
2573 831 2791 890 peccato
2824 822 2969 876 illam
3002 824 3421 886 excusationem,
3446 840 3550 893 qua
3576 834 3770 893 possent

2219 914 2427 968 dicere:
2478 914 2591 969 Non
2639 914 2895 980 vidimus,
2951 931 3058 971 non
3124 918 3454 981 audivimus;
3517 917 3631 970 sive
3686 935 3769 973 non

2217 1016 2583 1075 acceptaretur
2612 1009 2709 1061 ista
2734 1007 3014 1063 excusatio
3038 1011 3105 1061 ab
3131 1010 3222 1063 illo
3252 1010 3404 1077 cujus
3430 1007 3769 1062 inscrutsbilu

2216 1110 2341 1155 sunt
2364 1099 2590 1168 judicia,
2639 1102 2756 1154 sive
2782 1110 3183 1169 acceptaretur;
3220 1111 3273 1156 et
3300 1100 3341 1153 si
3373 1114 3479 1153 non
3533 1100 3601 1154 ab
3652 1100 3772 1155 omni

2217 1190 2563 1244 damnatimie
2628 1190 3028 1256 liberarentur,
3089 1201 3236 1246 certe
3287 1192 3562 1261 aliquanto
3630 1193 3770 1246 levius

2215 1282 2615 1336 damnarentur.
2654 1284 2887 1337 Audistis
2920 1282 3201 1337 Dominum
3232 1282 3531 1337 dicentem:

2289 1372 2386 1437 Qui
2426 1389 2503 1426 me
2544 1374 2666 1437 odit,
2711 1383 2757 1426 et
2798 1371 3008 1428 Putrem
3039 1388 3206 1427 meum
3233 1371 3359 1425 odit.
3408 1372 3508 1438 Qui
3540 1372 3765 1441 superius

2215 1467 2457 1520 dixerat:
2505 1465 2631 1520 Hac
2674 1466 2861 1535 facient
2905 1465 3062 1528 vobis,
3105 1465 3227 1535 quia
3272 1465 3501 1517 nesciunt
3548 1480 3661 1518 eum
3699 1468 3770 1535 qui

2215 1559 2350 1612 misit
2376 1574 2469 1611 me.
2522 1559 2577 1612 Si
2611 1557 3068 1627 interrdgarentur
3095 1555 3265 1611 Judmi
3294 1565 3471 1609 utrum
3504 1556 3769 1624 diligerent

2218 1647 2405 1713 Deum,
2435 1648 2559 1717 quid
2580 1662 2637 1703 se
2660 1647 2800 1703 aliud
2826 1660 2982 1716 quam
3010 1646 3231 1715 diligere
3258 1645 3664 1713 responderent,
3688 1660 3768 1699 nec

2215 1754 2282 1793 ex
2313 1740 2492 1792 animo
2522 1737 2864 1801 mentientes,
2890 1736 2983 1791 sed
3010 1736 3241 1791 errando
3271 1737 3443 1804 potius
3470 1736 3769 1807 opinantes?

2215 1827 2495 1895 Quomodo
2522 1826 2662 1882 enim
2686 1825 3198 1895 diligerentPatrem
3224 1826 3489 1891 veritatis,
3517 1826 3605 1891 qui
3633 1825 3769 1879 habe

2212 1930 2324 1974 rent
2358 1920 2480 1974 odio
2502 1920 2817 1973 veritatem?
2847 1918 3047 1972 Nolunt
3068 1918 3210 1972 enim
3233 1932 3327 1971 sua
3352 1917 3490 1971 facta
3516 1917 3768 1977 damnari;

2213 2017 2267 2063 et
2298 2011 2398 2065 hoc
2424 2010 2583 2063 habet
2612 2010 2825 2070 veritas,
2860 2018 2915 2062 ut
2949 2009 3071 2062 talia
3106 2008 3238 2063 facta
3270 2010 3616 2063 damnentur.
3648 2008 3767 2061 Tan-

2215 2108 2324 2155 tttm
2357 2099 2516 2171 igitur
2543 2100 2773 2154 oderunt
2804 2099 3102 2163 veritatem,
3127 2107 3385 2169 quantum
3414 2100 3640 2153 oderunt
3664 2114 3768 2151 suas

2212 2207 2417 2261 poenas,
2454 2207 2583 2262 quas
2622 2192 2817 2245 talibus
2848 2190 3043 2260 irrogat
3089 2192 3303 2244 veritas.
3330 2190 3584 2244 Nesciunt
3612 2197 3765 2243 autem

2214 2284 2356 2338 illam
2406 2298 2525 2336 esse
2584 2284 2884 2346 veritatem,
2937 2295 3056 2349 qua:
3106 2280 3239 2334 tales
3286 2279 3471 2349 quales
3520 2279 3617 2349 ipsi
3664 2287 3770 2333 sunt

2212 2372 2447 2426 damnat.
2481 2371 2721 2425 Oderunt
2750 2386 2877 2441 ergo
2908 2386 3064 2438 quam
3101 2370 3375 2435 nesciunt;
3408 2379 3463 2425 et
3490 2385 3611 2423 cum
3644 2370 3765 2423 illam

2214 2465 2460 2527 oderunt,
2488 2462 2731 2530 profecto
2762 2471 2814 2514 et
2842 2476 2963 2516 eum
2993 2461 3058 2515 de
3086 2475 3190 2529 quo
3219 2471 3340 2513 nata
3370 2470 3455 2513 est
3486 2460 3587 2513 nisi
3611 2460 3769 2513 odisse

2216 2571 2319 2609 non
2352 2563 2593 2622 possunt.
2631 2556 2704 2607 Ac
2738 2568 2833 2621 per
2866 2554 2984 2616 hoc,
3018 2554 3141 2621 quia
3174 2552 3490 2615 Veritatem,
3524 2567 3622 2621 qua
3646 2552 3769 2622 judi.

2215 2655 2367 2701 caute
2396 2646 2740 2710 damnantur,
2765 2644 2832 2698 de
2858 2644 3015 2698 Patre
3047 2645 3153 2698 Deo
3186 2655 3362 2698 natam
3394 2646 3657 2709 nesciunt,
3683 2645 3769 2697 uti-

2213 2752 2315 2805 que
2344 2737 2506 2789 etiam
2537 2736 2709 2804 ipsum
2739 2734 3012 2799 nesciunt,
3040 2744 3097 2789 et
3124 2735 3373 2789 oderunt.

2286 2827 2348 2881 Si
2378 2844 2531 2897 opera
2558 2843 2657 2879 non
2687 2827 2916 2896 fecissem
2948 2826 2999 2879 in
3027 2827 3119 2891 eis,
3150 2843 3263 2894 qua
3298 2842 3447 2880 nemo
3484 2826 3621 2879 alius
3648 2826 3768 2895 fecit,

2213 2930 2471 2988 peccatum
2526 2936 2627 2972 non
2678 2917 2943 2974 haberent.
3015 2918 3296 2974 Peccatum
3354 2918 3529 2983 illttd,
3588 2918 3770 2972 scilicet

2214 3025 2483 3078 magnum,
2515 3009 2582 3063 de
2610 3024 2716 3076 quo
2743 3018 2797 3063 et
2819 3008 3064 3077 superius
3089 3008 3162 3062 ait
3190 3026 3204 3061 :
3236 3008 3295 3063 Si
3324 3025 3425 3061 non
3454 3008 3707 3071 venissem,
3732 3016 3770 3057 et

540 3112 589 3166 ei
620 3121 808 3165 cuncta
842 3118 1075 3177 peccata.
1111 3108 1221 3161 Hoc
1242 3117 1322 3161 est
1361 3113 1561 3166 autem,
1589 3104 1708 3173 quia
1739 3117 1842 3158 non
1869 3102 2107 3158 credide-
2139 3132 2186 3196 ε
2216 3106 2414 3159 locutus
2459 3107 2661 3174 fuissem
2693 3105 2787 3167 eis,
2823 3113 3083 3171 peccatum
3128 3120 3228 3157 non
3274 3104 3534 3167 haberent,
3572 3103 3667 3157 hoc
3703 3113 3769 3155 est

542 3211 663 3255 runt
693 3203 743 3255 in
774 3199 1064 3263 Christum,
1095 3198 1183 3266 qui
1208 3208 1488 3265 propterea
1517 3193 1682 3257 venit,
1715 3203 1770 3248 ut
1796 3193 2111 3248 credaturin

542 3307 695 3345 eum:
724 3290 825 3344 hoc
849 3298 1146 3359 peccatum,
1173 3289 1216 3342 si
1250 3304 1352 3342 non
1387 3287 1639 3351 venisset,
1674 3300 1775 3340 non
1810 3286 1989 3354 utique
2023 3284 2116 3335 ha-

545 3384 756 3437 berent.
785 3383 1061 3437 Adventus
1092 3381 1286 3450 quippe
1333 3379 1469 3448 ejus,
1499 3389 1754 3446 quantum
1779 3376 2115 3432 credentibus

541 3473 812 3536 salutaris,
826 3481 912 3526 tau
922 3481 1030 3525 tum
1051 3485 1154 3525 non
1178 3469 1516 3524 credentibus
1529 3467 1812 3523 exitiabilis
1826 3466 1995 3521 iactus
2011 3476 2109 3523 est.

544 3565 648 3620 Sed
680 3564 917 3632 adiunxit
948 3572 1106 3632 atque
1135 3562 1231 3615 ait:

616 3652 778 3708 Nunc
803 3664 973 3707 autem
1004 3654 1379 3706 excusationem
1396 3668 1496 3706 non
1517 3650 1698 3705 habent
1716 3652 1776 3704 de
1789 3659 2115 3717 peccatosuo.

549 3746 737 3801 Potest
767 3760 982 3802 movere
1012 3753 1311 3815 querentes
1352 3754 1525 3798 utrum
1557 3745 1607 3797 hi
1638 3744 1701 3798 ad
1730 3757 1864 3813 quos
1894 3758 1999 3796 non
2025 3757 2116 3797 ve-

544 3839 625 3893 nit
650 3840 915 3903 Christus,
947 3852 1044 3892 nec
1076 3839 1286 3891 loculus
1312 3847 1393 3891 est
1430 3838 1531 3904 eis,
1562 3836 1791 3892 habeant
1816 3835 2115 3890 excusatio-

544 3947 666 3986 nem
723 3933 790 3986 de
823 3938 1039 3999 peccato
1070 3944 1185 3983 suo.
1216 3928 1274 3984 Si
1313 3931 1453 3983 enim
1486 3946 1588 3983 non
1642 3931 1858 3996 habent,
1889 3945 1985 3983 cur
2036 3928 2114 3984 di-

545 4032 687 4078 ctum
717 4033 799 4078 est
830 4031 1109 4092 propterea
1162 4022 1289 4075 istos
1320 4036 1423 4074 non
1454 4021 1670 4087 habere,
1702 4020 1823 4090 quia
1857 4020 2018 4087 venit,
2068 4029 2122 4074 et

544 4114 753 4168 locutus
779 4124 861 4167 est
890 4115 1001 4168 eis?
1024 4113 1077 4168 Si
1112 4122 1286 4166 autem
1336 4112 1552 4181 habent,
1584 4120 1759 4166 utrum
1805 4112 1995 4166 adhoc
2023 4115 2117 4164 ha-

546 4206 727 4265 beant,
763 4216 816 4258 ut
850 4220 879 4258 a
924 4208 1105 4276 pmnis
1152 4205 1470 4271 alienentur,
1501 4221 1565 4259 an
1599 4213 1655 4258 ut
1686 4205 1859 4259 minus
1901 4206 2116 4273 punian-

552 4298 680 4351 tur?
710 4297 787 4351 Ad
820 4297 931 4351 haec
964 4297 1211 4366 inquisita
1240 4312 1332 4365 pro
1362 4311 1483 4350 meo
1506 4306 1660 4364 captu
1707 4296 1933 4351 Domino
1960 4300 2118 4351 dante

544 4394 845 4458 respondeo
874 4390 1069 4443 habere
1096 4389 1214 4442 illos
1244 4390 1660 4454 excusationem,
1721 4406 1824 4444 nou
1879 4391 1945 4445 de
1973 4390 2115 4444 omni

2219 3204 2516 3266 peccatum,
2542 3194 2680 3265 quod
2732 3197 2781 3249 in
2808 3210 2929 3250 eum
2955 3195 3253 3265 loquentem
3276 3204 3329 3249 et
3349 3203 3653 3262 operantem
3681 3208 3769 3246 non

2216 3288 2586 3342 crediderunt.
2607 3288 2716 3341 Hoc
2741 3297 3038 3357 peccatum,
3064 3302 3169 3355 quo
3195 3288 3245 3340 in
3276 3302 3399 3339 eum
3426 3299 3529 3340 non
3552 3286 3770 3339 credide-

2217 3388 2363 3445 runt,
2387 3378 2507 3433 ideo
2533 3379 2611 3433 sic
2634 3386 3112 3445 commemoratur,
3133 3378 3257 3448 quia
3279 3378 3394 3446 ipso
3414 3375 3507 3449 μα’.
3536 3376 3642 3447 illo]
3664 3392 3769 3446 pec-

2216 3482 2338 3525 cato
2370 3480 2619 3525 tenentur
2646 3478 2700 3524 et
2724 3478 2918 3525 cmtera
2943 3486 2957 3536 ;
2996 3471 3095 3524 hoc
3124 3472 3265 3525 enim
3300 3469 3345 3524 si
3377 3484 3481 3523 non
3507 3468 3767 3526 haberent,

2216 3572 2271 3617 et
2313 3565 2363 3617 in
2401 3578 2520 3618 eum
2552 3562 2853 3625 crederent,
2888 3562 3289 3617 dimitterentur
3321 3569 3375 3615 et
3422 3572 3633 3614 cetera.
3682 3559 3771 3613 Sed

2218 3652 2342 3721 quid
2374 3663 2457 3707 est
2490 3653 2611 3716 hoc,
2644 3668 2762 3706 cum
2791 3653 3047 3705 dixisset:
3084 3651 3145 3706 Si
3175 3668 3331 3719 opera
3366 3667 3466 3704 nou
3490 3651 3709 3717 fecissem
3732 3651 3773 3701 ia

2220 3748 2313 3809 eis,
2346 3760 2465 3800 mox
2500 3746 2697 3799 addidit
2727 3762 2840 3813 qua:
2871 3760 3018 3799 nemo
3047 3746 3181 3798 alius
3210 3746 3377 3815 fecit?
3420 3744 3570 3799 Nulla
3602 3745 3775 3812 quippe

2221 3838 2274 3892 in
2306 3836 2557 3905 operibus
2586 3836 2787 3890 Christi
2821 3836 3069 3890 videntur
3100 3849 3219 3890 esse
3260 3834 3459 3903 majora
3503 3849 3658 3903 quan
3698 3847 3773 3886 su-

2220 3929 2431 3984 scitatio
2480 3938 2856 3982 mortuorum:
2897 3927 3039 3995 quod
3093 3928 3290 3981 scimus
3340 3928 3499 3981 etiam
3548 3927 3773 3996 antiquos

2223 4020 2409 4073 iecisse
2443 4020 2747 4088 prophetas.
2793 4018 2940 4074 Fecit
2968 4020 3110 4072 enim
3147 4020 3286 4073 Elias
3317 4018 3439 4088 (Ill
3476 4018 3597 4088 Reg.
3635 4018 3769 4082 nn).

2222 4111 2345 4165 fecit
2396 4110 2602 4165 Eliseus
2649 4108 2754 4179 (IV
2788 4110 2913 4178 ηερ.
2952 4109 3064 4177 iv),
3115 4118 3170 4163 et
3217 4124 3335 4162 cum
3388 4110 3441 4161 in
3488 4108 3586 4162 hac
3636 4121 3775 4161 carne

2223 4206 2443 4265 viveret,
2475 4214 2528 4257 et
2563 4219 2681 4257 cum
2712 4203 2766 4256 in
2795 4217 2892 4255 suo
2923 4213 3269 4257 monumento
3299 4204 3538 4272 sepultus
3561 4205 3768 4270 iaceret.

2222 4293 2367 4348 Fecit
2410 4304 2583 4347 tamen
2631 4294 2806 4362 aliqua
2864 4292 3126 4359 Christus,
3152 4308 3271 4361 qua:
3300 4308 3460 4346 nemo
3487 4293 3619 4346 aYius
3651 4292 3773 4347 fecit.

2218 4386 2355 4453 quod
2380 4386 2614 4455 quinque
2637 4384 2798 4438 millia
2828 4386 3098 4439 hominum
3123 4386 3191 4440 de
3215 4386 3472 4455 quinque,
3496 4394 3548 4439 et
3574 4395 3779 4454 quatuor

541 4491 762 4547 peccato
787 4496 903 4545 suo,
959 4480 1051 4535 sed
1082 4480 1150 4533 de
1200 4482 1300 4534 hoc
1350 4490 1584 4547 peceato,
1618 4483 1739 4550 quia
1765 4482 1814 4535 in
1846 4483 2113 4535 Christum
2145 4481 2195 4542 Β
2224 4477 2384 4530 millia
2411 4477 2477 4531 de
2507 4486 2710 4545 septem
2744 4478 2968 4545 panibus
3003 4478 3143 4545 pavit
3169 4476 3323 4548 (Luc.
3354 4493 3438 4541 Ix;
3472 4475 3639 4529 Marc.
3667 4490 3777 4529 vin:

542 4589 647 4629 nou
675 4572 1038 4634 crediderunt,
1070 4570 1134 4627 ad
1182 4586 1315 4639 quos
1354 4585 1458 4624 non
1490 4570 1657 4637 venit,
1690 4583 1741 4626 et
1792 4572 1984 4640 quibus
2012 4589 2116 4625 non

541 4678 625 4722 est
655 4668 902 4728 locutus;
934 4664 1026 4719 sed
1059 4680 1161 4717 non
1196 4666 1245 4718 in
1277 4677 1340 4718 eo
1383 4672 1506 4716 sunt
1536 4678 1773 4727 numero,
1807 4663 1871 4716 ad
1905 4678 2035 4731 quos
2065 4664 2118 4716 in

540 4758 816 4827 discipulis
850 4756 1015 4812 venit.
1046 4765 1095 4808 et
1120 4756 1307 4824 quibus
1339 4772 1432 4823 per
1451 4754 1743 4821 discipulos
1772 4765 1850 4809 est
1880 4754 2115 4809 locutus:

541 4852 682 4919 quod
730 4858 784 4903 et
831 4859 953 4902 tunc
991 4846 1137 4910 facit,
1170 4860 1288 4899 nam
1323 4861 1415 4913 per
1448 4846 1738 4900 Ecclesiam
1795 4859 1944 4899 suam
1974 4846 2122 4899 venit

542 4942 607 4994 ad
639 4950 847 5009 gentes,
883 4950 936 4994 et
970 4954 1063 5007 per
1091 4938 1380 4992 Ecclesiam
1411 4951 1562 4989 suam
1596 4936 1825 5005 loquitur
1852 4936 2117 5005 gentibus.

547 5032 627 5089 Ad
659 5033 761 5087 hoc
812 5032 953 5086 enim
986 5033 1219 5102 pertinet
1246 5029 1383 5098 quod
1415 5031 1517 5084 ait:
1558 5029 1657 5097 Qui
1691 5047 1771 5083 ros
1810 5032 2007 5101 recipit,
2043 5046 2121 5083 me

542 5123 751 5194 recipit;
782 5132 830 5176 et
852 5124 937 5189 qui
966 5138 1051 5175 vos
1076 5122 1289 5190 spernit,
1314 5137 1395 5175 me
1414 5124 1606 5189 spernit
1630 5119 1779 5188 (Luc.
1823 5122 1897 5188 x).
1928 5125 2003 5173 An
2026 5122 2124 5173 vul-

543 5215 633 5273 tis.
681 5214 853 5281 inquit
879 5215 1154 5282 apostolus
1188 5212 1401 5275 l‘aulus,
1447 5212 1847 5277 experimentum
1897 5214 2123 5278 accipere

545 5306 653 5374 ejus
680 5307 765 5372 qui
794 5306 845 5358 in
874 5321 949 5357 me
977 5301 1299 5373 [Μηίων-(11
1325 5299 1451 5355 Cor.
1479 5303 1630 5371 xm)?
1652 5304 1830 5357 llesmt
1856 5304 2120 5373 inquirere

543 5407 720 5449 utrum
749 5395 798 5448 hi
823 5394 908 5463 qui
936 5395 1238 5462 priusquam
1264 5391 1507 5445 Christus
1557 5407 1652 5461 per
1691 5394 1985 5447 Ecclesium
2033 5410 2122 5448 ve-

545 5492 681 5543 niret
729 5486 793 5540 ad
863 5498 1081 5558 gentes,
1144 5493 1199 5539 et
1248 5485 1554 5553 priusquam
1610 5485 1947 5554 Evangelium
2007 5486 2121 5554 ejus

545 5579 817 5644 audirent,
850 5580 969 5631 vita:
1014 5577 1168 5645 hujus
1214 5577 1318 5629 line
1352 5576 1607 5643 praeventi
1641 5586 1782 5640 sunt,
1811 5594 1900 5631 seu
1929 5594 2124 5645 pratve-

549 5674 793 5737 niuntur,
825 5671 1028 5740 possint
1061 5669 1255 5723 habere
1286 5669 1420 5721 hanc
1444 5670 1867 5723 excusationem.
1895 5669 2121 5723 Possunt

534 5763 711 5833 plane,
743 5762 834 5817 sed
885 5777 987 5817 non
1033 5762 1150 5819 ideo
1182 5768 1400 5830 possunt
1438 5758 1670 5831 eﬂ'ugere
1701 5760 2113 5817 damnationem.

2224 4566 2411 4621 Matth.
2445 4567 2581 4635 inv);
2625 4568 2765 4637 quod
2798 4584 2958 4636 super
2989 4584 3152 4637 aquas
3185 4568 3513 4634 ambulavit,
3561 4578 3616 4623 et
3647 4568 3779 4620 Petro

2224 4668 2281 4714 ut
2324 4661 2425 4714 hoc
2468 4659 2668 4716 maeret
2707 4661 2989 4730 prmstitit;
3042 4662 3181 4727 quod
3231 4676 3422 4731 aquam
3479 4662 3696 4714 mutavit
3736 4660 3777 4709 in

2222 4751 2402 4805 vinum
2442 4750 2617 4821 (Joan.
2670 4752 2767 4820 ti);
2820 4752 2958 4821 quod
3011 4752 3220 4817 aperuit
3269 4752 3456 4805 oculos
3512 4750 3637 4805 carci
3688 4752 3778 4802 nati

2223 4841 2400 4912 (Joan.
2428 4842 2536 4912 Ix);
2568 4854 2619 4898 et
2646 4844 2747 4897 alia
2779 4842 2961 4907 multa,
2988 4859 3106 4911 qua:
3131 4858 3555 4896 commemorare
3587 4843 3778 4910 longum

2223 4942 2324 4987 est.
2380 4934 2486 4988 Sed
2519 4935 2867 5003 respondetur
2898 4950 2924 4989 a
2960 4934 3112 4989 nobis
3158 4944 3211 4989 et
3258 4936 3390 4988 alios
3443 4934 3635 4989 fecisse
3678 4948 3779 5001 qua!

2223 5028 2336 5094 ipse
2367 5042 2470 5080 non
2504 5027 2659 5089 fecit,
2708 5035 2760 5081 et
2791 5042 2909 5095 qua
2942 5042 3100 5081 nemo
3128 5027 3265 5081 alius
3294 5028 3439 5081 fecit.
3493 5025 3623 5093 Quis
3652 5026 3777 5078 enim

2225 5118 2324 5172 nisi
2374 5117 2582 5187 Moyses
2613 5117 2895 5191 Egyptios
2929 5119 3097 5187 plagis
3127 5127 3203 5171 tot
3234 5118 3499 5186 tantisque
3537 5115 3780 5184 percussit

2227 5208 2422 5278 (Exod.
2455 5224 2547 5272 νη,
2578 5224 2688 5272 vui,
2723 5225 2770 5261 ts
2804 5210 2957 5277 seq.),
3000 5210 3173 5262 diviso
3202 5209 3329 5261 mari
3367 5209 3619 5277 populum
3648 5204 3781 5257 duxit

2223 5302 2420 5369 (Exod.
2446 5301 2576 5370 stv),
2605 5316 2791 5354 manna
2820 5302 2886 5354 de
2913 5301 3050 5354 caelo
3079 5302 3438 5355 esurientibus
3468 5298 3777 5368 impetravit.

2221 5412 2414 5465 aquam
2455 5398 2521 5449 de
2565 5402 2708 5461 petra
2741 5394 3043 5448 sitientibus
3069 5390 3203 5446 fudit
3232 5391 3429 5459 (Exod.
3464 5392 3623 5456 xvi)?
3668 5387 3779 5452 Quis

2225 5489 2323 5541 nisi
2372 5487 2525 5541 Jesus
2574 5484 2719 5539 Nave
2771 5486 2968 5554 populo
3018 5487 3242 5537 transitu
3298 5482 3550 5537 Jordants
3600 5481 3777 5534 ﬂuenta

2222 5578 2438 5643 divisit,
2490 5586 2543 5629 et
2590 5589 2891 5630 currentem
2940 5576 3105 5629 solem
3154 5575 3349 5628 emissa
3397 5576 3462 5627 ad
3515 5571 3779 5625 Dominum

2222 5669 2458 5735 oratione
2506 5665 2735 5721 frenavit
2780 5678 2833 5719 et
2884 5666 2994 5721 ilxit
3024 5658 3203 5733 (Iosue
3258 5663 3381 5731 tu)?
3432 5664 3562 5727 Quis
3606 5671 3780 5729 pudet

2222 5760 2452 5815 Samson
2498 5767 2713 5827 propter
2760 5767 2913 5813 suam
2963 5756 3101 5813 sitim
3150 5755 3365 5814 maxilla
3417 5752 3618 5813 mortui
3662 5748 3780 5807 asini
