3884 6232
100 388 192 445 8ι9

1019 383 1084 439 ΙΝ
1123 383 1179 440 S.
1223 381 1506 440 IOANNIS
1549 374 1990 436 EVANGEIJUM
2034 375 2410 436 EXPOSITIO.

3251 377 3358 436 830

101 491 396 560 exundante
447 500 671 554 satiatus
722 505 804 552 est
855 496 1054 570 (ludia.
1105 496 1238 565 xv)?
1295 497 1428 562 Quis
1477 503 1673 563 praeter
1702 491 1746 545 Α
1779 489 1935 544 altius
1961 490 2248 544 attenderit
2273 487 2546 544 Christum
2576 487 2886 544 dicentem:
2936 489 2998 546 Si
3046 505 3200 558 opera
3244 507 3346 546 non

103 595 258 649 Eliam
284 606 449 646 curru
480 591 636 660 igneo
663 587 849 644 in‘alta
877 590 1162 644 subvectus
1189 599 1271 644 est
1292 587 1396 657 (IV
1423 587 1550 657 Reg.
1572 587 1674 656 tt)?

101 685 221 750 Quis
267 690 470 751 praeter
501 692 608 736 tres
640 681 803 745 viros,
849 681 1133 746 Ananiam,
1168 678 1436 742 Azariam,
1484 679 1676 732 Misae-

103 777 217 838 lem,
250 777 298 827 in
330 774 563 829 ﬂammis
585 773 895 827 ardentibus
945 780 1001 826 et
1049 785 1153 826 non
1188 770 1464 825 urentibus
1495 771 1676 823 deam-

104 868 288 922 bulsvit
317 864 522 920 illzesus
546 865 704 936 (Dan.
731 864 850 935 tu)?
883 862 1150 918 Prmtereo
1179 872 1393 926 caetera,
1420 861 1675 931 quoniam

106 962 209 1015 haec
241 959 369 1011 satis
393 972 516 1012 esse
543 958 798 1022 arbitror,
821 955 1016 1026 quibus
1039 955 1441 1009 demonstretur
1461 961 1515 1007 et
1541 951 1676 1004 alios

103 1064 304 1108 sanctos
347 1050 598 1119 quaedam
641 1064 800 1116 Opera
847 1048 1085 1103 miranda
1118 1046 1331 1110 fecisse,
1366 1058 1485 1114 qua
1519 1057 1678 1096 nemo

105 1148 227 1198 alius
257 1143 406 1197 fecit.
457 1141 565 1197 Sed
598 1141 687 1209 qui
719 1151 822 1194 tam
854 1140 1018 1194 multa
1049 1138 1197 1202 vitia,
1239 1147 1292 1192 et
1332 1137 1497 1189 malas
1526 1133 1673 1188 vale-

108 1236 345 1297 tudines,
395 1232 816 1300 vesationcsque
864 1229 1167 1284 mortalium
1221 1236 1361 1281 tanta
1415 1235 1677 1293 potestate

103 1325 320 1388 sanarit,
356 1323 535 1377 nullus
567 1321 787 1377 omnino
818 1322 1009 1391 legitur
1038 1319 1401 1388 antiquorum.
1434 1315 1503 1371 Ut
1530 1316 1674 1370 enim

106 1429 392 1481 taceantur,
441 1430 577 1485 quos
621 1415 858 1484 jubendo
906 1414 1044 1469 sicut
1093 1411 1451 1468 occurrebant
1495 1408 1674 1462 salvos

109 1509 338 1577 singulos
370 1507 528 1572 fecit;
564 1507 774 1561 Marcus
804 1505 1129 1574 evangelista
1159 1503 1386 1572 qundam
1421 1501 1537 1555 loco
1564 1501 1671 1552 ait:

111 1600 316 1668 Vespere
347 1609 521 1652 autent
548 1601 713 1668 facta,
744 1615 857 1652 cum
889 1597 964 1651 sol
993 1597 1288 1661 occidisset,
1320 1593 1602 1660 aﬁ'erebant
1632 1590 1676 1642 ei

103 1711 263 1750 omnes
293 1695 431 1747 male
459 1693 718 1758 habentes,
770 1701 814 1745 et
862 1690 1116 1744 dwmania
1156 1687 1425 1750 habentes;
1477 1693 1524 1737 et
1569 1691 1676 1736 erat

104 1790 257 1842 omnis
287 1788 470 1840 civitas
496 1793 800 1855 congregata
828 1783 896 1835 ad
914 1783 1165 1852 jauuam;
1193 1789 1239 1832 et
1265 1778 1461 1831 curavit
1488 1777 1675 1829 multos

104 1881 181 1951 qui
205 1878 516 1933 vexabantur
547 1850 702 1931 vdriit
728 1850 1086 1946 languoribus;
1129 1883 1177 1927 et
1219 1869 1469 1924 da'monia
1513 1868 1674 1920 multa
1707 1850 1750 1910 Β

1740 2031 1743 2036 γ
1781 1966 1901 2009 runt
1927 1964 1973 2008 et
2003 1972 2099 2024 me,
2132 1967 2177 2009 et
2211 1957 2420 2011 Patrem
2447 1975 2641 2024 meum;
2683 1960 2769 2013 sed
2796 1972 2850 2014 ut
2880 1962 3148 2031 impleatur
3169 1979 3356 2025 sermo.

102 1971 316 2042 ejiciebat
349 1969 544 2039 (Jlarc.
576 1966 633 2037 t).
693 1966 747 2019 Id
799 1976 974 2019 autem
1022 1979 1142 2019 cum
1197 1967 1676 2017 commemorasset

106 2061 398 2124 Matthteus,
435 2058 596 2113 etiam
631 2057 996 2111 testimonium
1033 2052 1402 2124 propheticum
1448 2049 1671 2114 addidit,

103 2155 273 2208 dicens
299 2173 311 2206 :
349 2151 416 2207 Ut
443 2151 809 2221 adimpleatur’,
843 2150 978 2220 quod
1007 2148 1198 2200 dictum
1242 2154 1315 2200 est
1363 2160 1450 2213 per
1480 2141 1674 2196 Isaiam

105 2246 392 2315 prophetam
423 2245 710 2297 dicentem:
742 2240 862 2308 Ipse
891 2241 1214 2309 inﬁrmitates
1237 2249 1435 2310 uqstras
1458 2238 1673 2303 accepit,

104 2350 144 2390 et
180 2338 532 2407 cgrotationes
575 2335 792 2405 portavit
821 2333 1035 2402 (Matth.
1064 2347 1185 2396 vttt;
1219 2329 1323 2384 Isa.
1355 2328 1492 2398 Lm).
1545 2331 1672 2383 Item

106 2427 198 2481 alio
225 2429 338 2482 loco
369 2429 498 2482 dicit
528 2428 732 2483 Marcus
757 2446 768 2480 :
803 2427 863 2480 Et
891 2443 1189 2497 quocunque
1219 2426 1461 2479 introibat
1499 2427 1566 2478 .iu
1597 2426 1673 2479 vi-

108 2534 203 2581 cos,
237 2521 307 2571 rel
338 2518 388 2570 iu
423 2519 594 2583 villas,
623 2526 712 2569 aut
746 2519 798 2569 in
848 2518 1093 2580 civitates,
1125 2518 1178 2569 in
1211 2517 1390 2581 plateis
1423 2514 1677 2584 ponebant

109 2609 347 2678 inﬁrmas,
381 2619 425 2661 et
453 2608 856 2679 deprecabantur
883 2624 1016 2672 eum,
1052 2617 1103 2661 ut
1134 2609 1208 2661 vel
1239 2606 1494 2674 ﬁmbriam
1522 2607 1676 2658 vesti-

110 2700 248 2751 menti
278 2701 389 2769 ejus
414 2708 711 2768 tangerent;
746 2707 790 2750 et
817 2708 1061 2768 quotquot
1086 2699 1353 2768 (angebant
1383 2713 1519 2760 eum,
1549 2695 1677 2749 salvi

110 2791 277 2856 Ιίτὸαηι
307 2789 495 2858 (itare.
528 2790 621 2856 vt).
675 2789 799 2843 llzec
831 2805 987 2844 nemo
1020 2789 1155 2842 alius
1190 2787 1315 2843 fecit
1346 2788 1396 2842 in
1428 2788 1530 2846 eis.
1585 2787 1674 2842 Sic

112 2885 236 2933 enim
267 2891 349 2934 est
379 2880 780 2948 intelligendum
807 2925 820 2946 ,
872 2881 1010 2950 quod
1042 2880 1115 2934 ait
1155 2883 1207 2934 in
1243 2881 1348 2946 eis,
1404 2896 1506 2934 non
1541 2881 1678 2934 inter

114 2990 212 3040 eos,
244 2976 326 3031 vel
358 2991 536 3029 coram
568 2975 648 3028 eis
669 3016 684 3041 ,
725 2976 816 3029 sed
850 2989 1070 3043 prorsus
1100 2976 1154 3028 iu
1184 2976 1254 3027 eis
1275 3016 1287 3039 ,
1319 2960 1439 3044 quia
1471 2975 1680 3028 sanavit

113 3084 211 3121 ens.
264 3068 387 3123 "(ec
426 3070 624 3136 quippe
657 3069 884 3136 intelligi
918 3070 1126 3131 voluit,
1177 3082 1297 3137 quae
1349 3082 1455 3120 non
1505 3069 1676 3120 solum

118 3157 341 3214 facerent
387 3158 796 3214 admirationem
824 3197 858 3223 ,λ
891 3174 1072 3213 verum
1124 3158 1283 3212 etiam
1342 3159 1673 3212 manifestam

111 3251 398 3305 conferrent
443 3251 669 3305 salutem
709 3267 723 3304 :
779 3265 879 3317 pro
927 3250 1120 3318 quibus
1173 3249 1447 3304 beneﬁciis
1494 3252 1676 3318 utique

114 3359 354 3408 antorem,
405 3358 509 3397 non
556 3344 740 3398 odium
788 3344 1085 3398 retribuere
1113 3343 1434 3399 debuerunt.
1485 3345 1674 3398 Omnia

113 3435 310 3498 quidem
339 3446 656 3489 ceterorum
691 3435 942 3488 miracula
972 3445 1209 3501 superat,
1241 3436 1382 3503 quod
1412 3449 1491 3489 eSt
1519 3447 1674 3490 natus

115 3540 175 3578 ex
209 3526 436 3596 virgine,
473 3527 764 3596 matrisque
796 3526 1154 3595 integritatem
1185 3530 1330 3582 solus
1374 3529 1542 3594 potuit
1575 3541 1674 3581 nec

115 3627 384 3686 conceptus
415 3617 644 3680 violare,
667 3633 767 3672 nec
797 3627 968 3671 natus.
1002 3618 1106 3673 Sed
1136 3619 1235 3673 hoc
1262 3635 1359 3674 nec
1387 3635 1568 3675 coram
1595 3620 1673 3674 eis

117 3706 292 3760 factum
311 3718 409 3773 est,
431 3723 532 3762 nec
555 3708 606 3763 in
631 3707 729 3763 eis.
751 3708 828 3763 Ad
853 3710 1274 3777 cognoscendam
1299 3711 1494 3779 quippe
1519 3711 1674 3779 hujus

119 3795 337 3850 miraculi
371 3798 674 3860 veritatem,
711 3813 816 3852 non
866 3799 1134 3852 communi
1166 3815 1286 3852 cum
1319 3801 1397 3853 eis
1428 3813 1670 3868 aspectu,

116 3890 196 3942 sed
225 3889 446 3944 dismeto
474 3889 543 3943 ab
571 3891 651 3944 eis
677 3889 995 3956 discipulatu
1027 3890 1253 3958 apostoli
1283 3903 1668 3959 pervenerunt.

119 3979 217 4033 lant
242 3995 361 4034 vero
389 3981 540 4045 illud,
581 3981 723 4050 quod
755 3984 843 4036 die
872 3982 1031 4036 tertio
1065 3983 1115 4035 itt
1147 3998 1329 4045 carne,
1367 3983 1417 4037 in
1447 4000 1547 4052 qua
1582 4001 1672 4039 oc-

118 4078 244 4129 cisus
273 4076 456 4140 fuerat,
487 4077 557 4131 de
591 4076 842 4144 sepulcro
871 4091 930 4131 se
963 4077 1194 4130 reddidit
1221 4079 1417 4143 vivum,
1451 4087 1504 4134 et
1538 4096 1671 4133 nun-

119 4184 259 4236 quam
285 4169 474 4223 deinde
501 4171 817 4232 moriturus,
847 4184 967 4224 cum
995 4169 1083 4222 illa
1110 4169 1350 4224 ascendit
1375 4170 1427 4223 in
1452 4171 1668 4236 cmlum,

120 4277 261 4328 super
284 4263 438 4315 etiam
467 4275 660 4317 cuncta
689 4278 811 4329 qua:
841 4262 980 4316 fecit.
1010 4262 1115 4317 Sed
1145 4277 1317 4329 neque
1346 4263 1446 4317 hoc
1477 4263 1668 4318 factum

121 4365 190 4407 est
224 4355 270 4407 in
298 4353 510 4420 ludatis,
546 4370 718 4422 neque
754 4370 934 4410 coram
966 4354 1043 4409 eis
1071 4373 1082 4408 :
1115 4364 1167 4408 et
1197 4355 1432 4409 nondum
1462 4355 1564 4410 hoc
1595 4357 1670 4410 fc-

122 4455 268 4510 eerat,
298 4449 504 4514 quando
535 4447 785 4501 dicebat:
821 4449 880 4503 Si
911 4464 1067 4518 Opera
1097 4465 1197 4501 non
1229 4449 1457 4517 fecissem
1488 4451 1541 4504 in
1577 4451 1668 4518 eis,

1783 582 2007 649 fecissem
2039 582 2091 633 in
2117 583 2188 634 eis
2216 598 2328 648 qua:
2356 598 2499 635 nemo
2531 581 2666 636 alius
2696 582 2854 650 fecit,
2907 580 3138 636 inveniet
3180 582 3355 651 ipsum

1783 674 1995 740 fecisse,
2046 677 2089 728 si
2139 676 2402 742 quispiam
2458 675 2547 729 Dei
2599 677 2758 728 homo
2805 675 2909 728 tale
2958 675 3158 743 aliquid
3209 675 3359 734 fecit.

1783 766 1962 820 Potest
1992 767 2182 832 quippe
2211 767 2322 835 ipse
2351 775 2538 820 cuncta
2572 781 2666 834 per
2691 766 2958 834 scipsntn;
2994 782 3150 821 nemo
3178 779 3359 824 autem

1783 865 1956 923 potest
1985 857 2178 926 aliquid
2206 858 2322 912 sine
2353 857 2490 925 ipso.
2521 857 2762 912 Christus
2791 874 3022 929 namque
3049 874 3168 915 cum
3195 861 3359 918 Patro

1781 956 1835 1000 et
1880 947 2080 1014 Spiritu
2112 959 2320 1012 sancto,
2358 965 2462 1002 non
2498 959 2606 1004 tres
2637 950 2728 1011 dii,
2761 951 2854 1004 sed
2889 967 3023 1006 unus
3059 952 3236 1018 Deus;
3289 954 3358 1008 de

1781 1051 1885 1106 quo
1927 1030 2179 1105 Scriptum
2223 1050 2341 1092 est:
2377 1040 2687 1093 Benedictus
2716 1039 2968 1095 Dominus
3000 1041 3135 1096 Deus
3165 1041 3353 1107 Israel,

1780 1129 1865 1198 qui
1891 1130 2012 1198 facit
2043 1131 2298 1183 mirabilia
2325 1134 2463 1185 solus
2483 1133 2656 1202 (Psal.
2682 1134 2845 1202 LXXI).
2881 1133 3048 1188 Nemo
3075 1152 3200 1204 ergo
3226 1139 3362 1192 alios

1782 1221 1927 1284 iecit,
1950 1236 2276 1290 quaecunque
2302 1221 2353 1275 in
2383 1225 2460 1278 eis
2486 1239 2645 1292 opera
2675 1223 2820 1290 iecit,
2841 1226 3091 1294 quoniam
3117 1231 3361 1296 quisquis

1781 1315 1915 1368 alius
1949 1313 2107 1368 homo
2136 1315 2330 1383 aliquid
2361 1330 2547 1369 eorum
2580 1319 2722 1383 fecit,
2778 1319 2895 1387 ipso
2928 1317 3156 1374 faciente
3184 1320 3308 1374 fecit
3338 1339 3352 1385 ;

1781 1405 1894 1459 haec
1921 1415 2094 1459 autem
2126 1405 2238 1475 ipse
2270 1422 2376 1460 non
2407 1408 2508 1461 illis
2537 1407 2853 1462 facientibus
2885 1410 3030 1464 fecit.

1852 1499 1976 1553 Cum
2019 1509 2186 1553 autent
2231 1502 2416 1554 venerit
2463 1500 2783 1569 Paracletus,
2835 1519 2981 1572 quem
3027 1520 3121 1574 ego
3165 1505 3362 1558 mittam

1784 1589 1917 1642 vobis
1944 1604 1974 1640 a
2001 1587 2179 1650 Patre.
2210 1589 2463 1658 Spiritum
2491 1590 2734 1656 veriratis,
2766 1593 2852 1657 qui
2875 1609 2907 1644 ιι
2937 1591 3090 1646 Patre
3110 1595 3361 1663 procedit,

1781 1681 1868 1737 ille
1897 1683 2240 1736 testimonium
2273 1685 2546 1748 perltibebil
2574 1685 2637 1738 de
2666 1702 2774 1749 me,
2819 1693 2869 1739 et
2905 1702 2989 1738 vos
3017 1686 3363 1742 testimonium

1785 1773 2147 1840 perhibebitis,
2199 1775 2316 1839 quia
2365 1776 2426 1828 ab
2476 1776 2622 1830 initio
2655 1793 2845 1831 mecum
2877 1779 3020 1832 estis.
3077 1779 3209 1848 Quid
3259 1781 3362 1836 hoc

1783 1866 2010 1934 pertinet
2040 1866 2104 1919 ad
2137 1866 2290 1933 illud,
2321 1869 2460 1934 quod
2497 1867 2704 1923 dixerat
2729 1887 2741 1922 :
2777 1869 2933 1923 Nunc
2963 1881 3134 1924 autem
3162 1883 3209 1926 et
3239 1875 3361 1927 ode-

1779 2046 1862 2113 qui
1893 2046 1942 2098 in
1974 2046 2084 2115 lege
2111 2063 2288 2099 eorum
2319 2051 2536 2116 srriptus
2563 2060 2675 2102 est:
2726 2051 2861 2116 Quia
2911 2051 3029 2102 odio
3074 2051 3357 2107 habuerunt

1781 2153 1858 2189 me
1888 2138 2044 2208 gratis
2072 2137 2222 2206 (Hir,
2252 2140 2477 2208 supra)?
2527 2141 2604 2193 An
2636 2141 2758 2210 quia
2799 2140 3106 2196 Paracletus
3145 2144 3358 2211 quando

1782 2229 1946 2296 venit,
1973 2228 2202 2298 Spiritus
2225 2230 2488 2295 veritatis,
2513 2245 2607 2286 eos
2634 2230 2722 2300 qui
2747 2231 2993 2288 viderunt
3023 2243 3074 2288 ct
3103 2235 3354 2300 oderunt,

1782 2322 2089 2375 testimonio
2142 2323 2500 2377 manifestiore
2545 2325 2815 2392 convicit,
2868 2327 2973 2380 imo
3016 2341 3143 2382 vero
3186 2327 3346 2382 etiam

1779 2413 1985 2481 alquos
2013 2429 2077 2466 ex
2111 2412 2215 2466 illis
2243 2415 2330 2482 qui
2363 2413 2640 2481 viderant,
2680 2425 2735 2471 et
2762 2416 2935 2470 adhuc
2966 2415 3194 2470 oderant
3218 2459 3232 2480 ,
3279 2419 3347 2473 ad

1784 2503 1965 2570 ﬁdem,
1991 2518 2108 2570 qua:
2141 2518 2231 2572 per
2263 2504 2606 2559 dilectionem
2640 2517 2912 2574 operatur,
2938 2507 3017 2560 sui
3048 2507 3355 2562 manifesta-

1781 2597 1926 2652 tione
1969 2599 2277 2651 convertit?
2335 2599 2445 2652 lloc
2496 2608 2554 2653 ut
2604 2599 2986 2670 intelligamus,
3036 2601 3104 2654 ita
3151 2597 3352 2656 factum

1780 2703 1898 2742 esse
1930 2690 2231 2744 recolimus.
2279 2689 2433 2743 Venit
2464 2690 2610 2744 enim'
2639 2690 2724 2744 die
2756 2690 3098 2746 Pentecostes
3126 2689 3356 2758 Spiritus

1780 2790 1995 2834 sanctus
2029 2780 2079 2833 in
2108 2789 2323 2834 centum
2359 2780 2540 2849 viginti
2590 2780 2831 2836 homines
2861 2791 3211 2851 congregatos
3235 2825 3250 2846 ,
3303 2783 3356 2836 in

1780 2872 1972 2940 quibus
2020 2870 2245 2938 apostoli
2300 2885 2487 2925 omnes
2529 2878 2716 2936 erant;
2768 2872 2858 2941 qui
2909 2871 3001 2925 illo
3057 2871 3355 2941 adimpleti,

1781 2979 1901 3017 cum
1933 2962 2124 3032 linguis
2152 2963 2391 3016 omnium
2419 2963 2651 3032 gentium
2679 2963 3050 3032 loquerentur,
3080 2964 3257 3033 plures
3283 2979 3350 3019 ex

1784 3053 1866 3106 his
1910 3056 1996 3122 qui
2041 3054 2261 3106 aderant
2294 3062 2440 3107 tanto
2471 3055 2732 3108 miraculo
2763 3053 3042 3123 stupefacti
3080 3055 3348 3124 (quando-

1786 3144 2000 3211 quidem
2030 3143 2276 3198 videruut
2307 3145 2554 3213 loquente
2587 3145 2743 3198 Petro
2777 3154 2882 3198 tam
2916 3159 3161 3214 magnum
3191 3156 3350 3214 atque

1785 3235 2019 3288 divinum
2073 3233 2432 3289 testimonium
2481 3235 2746 3302 perhiberi
2778 3237 2845 3288 de
2869 3235 3104 3302 Christo,
3146 3245 3200 3290 ut
3230 3237 3342 3302 ille,

1781 3326 1868 3396 qui
1903 3327 2112 3381 occisus
2143 3326 2210 3380 ab
2240 3326 2316 3380 eis
2341 3367 2356 3393 ,
2408 3325 2544 3380 inter
2577 3339 2817 3382 mortuos
2844 3327 3219 3396 deputabatur,
3253 3345 3341 3384 re-

1779 3419 2079 3471 snrrexisse
2117 3427 2170 3470 et
2199 3418 2380 3471 vivere
2432 3418 2788 3485 probaretur),
2823 3419 3126 3487 compancti
3156 3420 3340 3486 corde,

1776 3509 2017 3564 conversi
2051 3517 2212 3572 sunt,
2261 3520 2314 3563 et
2360 3509 2490 3563 tanti
2537 3510 2812 3578 sanguinis
2857 3517 2965 3563 tam
2999 3510 3160 3579 impie
3190 3522 3350 3580 atque

1778 3604 2080 3657 immaniter
2110 3602 2208 3655 lusi
2241 3602 2621 3671 indulgentiam
2659 3610 3050 3672 perceperunt,
3107 3604 3222 3672 ipso
3261 3620 3350 3659 re-

1777 3695 1975 3764 dempti
2001 3696 2256 3764 sanguine
2279 3712 2436 3765 quem
2461 3695 2860 3764 fuderuntMct.
2888 3696 2945 3766 t).
2979 3697 3174 3752 Christi
3201 3701 3347 3754 enim

1777 3793 1992 3857 sanguis
2045 3789 2123 3842 sic
2175 3787 2226 3841 in
2281 3790 2652 3844 remissionem
2706 3799 3045 3860 peccatorum
3100 3794 3341 3846 omnium

1778 3879 1924 3932 fusus
1953 3888 2056 3944 est,
2104 3888 2161 3932 ut
2206 3880 2376 3948 ipsum
2425 3888 2587 3933 etiam
2630 3890 2906 3949 peccatum
2942 3883 3114 3951 possit
3143 3883 3346 3947 delete.

1775 3985 1881 4038 quo
1913 3972 2056 4023 lusus
2086 3977 2187 4025 est.
2235 3969 2356 4024 Haec
2387 3986 2517 4040 ergo
2572 3973 2782 4026 intuens
2813 3973 3068 4028 Dominus
3099 3976 3309 4030 diccbat
3338 3997 3348 4028 :

1781 4061 1912 4116 Odia
1939 4062 2217 4116 [rubuerunt
2242 4079 2319 4117 me
2348 4065 2525 4134 gratis.
2559 4065 2682 4118 Cum
2709 4076 2876 4120 autem
2905 4069 3094 4121 venerit
3124 4066 3349 4136 Spiritus

1777 4157 2090 4222 Paracletus,
2113 4163 2199 4214 ille
2221 4163 2559 4216 testimonium
2584 4162 2856 4230 perhibebit
2883 4165 2945 4217 de
2971 4180 3066 4227 me,
3095 4174 3345 4235 tanquam

1776 4253 2019 4307 diceret:
2057 4253 2190 4307 Odia
2221 4270 2297 4306 me
2323 4253 2627 4322 habuerunt,
2651 4263 2705 4308 et
2730 4254 3036 4308 occiderunt
3063 4255 3302 4311 videntes
3329 4273 3344 4312 :

1777 4344 1870 4399 sed
1898 4344 2000 4397 tale
2025 4343 2091 4397 de
2118 4358 2202 4397 me
2230 4341 2584 4396 testimonium
2609 4343 2917 4398 Paracletus
2942 4344 3261 4411 perltibebit.
3289 4354 3348 4401 ut

1777 4450 1871 4490 eos
1895 4435 2052 4490 faciat
2076 4435 2125 4489 in
2151 4450 2235 4488 me
2256 4434 2476 4489 credere
2500 4416 2603 4490 non
2626 4435 2888 4490 videntes.
2921 4435 2988 4490 Et
3016 4454 3125 4505 vos,
3152 4439 3343 4509 inquit.

123 4551 222 4600 qum
243 4552 377 4588 nemo
407 4538 538 4590 alia;
563 4537 702 4604 fecit,
736 4538 993 4592 Nimirum
1025 4552 1154 4604 ergo
1183 4537 1272 4591 illa
1303 4548 1447 4603 sunt,
1473 4556 1587 4601 qua
1615 4540 1667 4593 in
1703 4554 1754 4614 Β
1779 4529 2120 4582 testimonium
2149 4527 2491 4596 per/tibebitis,
2526 4530 2646 4597 quia
2676 4529 2737 4582 ab
2766 4529 2912 4582 initio
2962 4545 3154 4584 mecum
3201 4534 3342 4587 estis.

121 4641 287 4679 eorum
308 4628 696 4682 valetudinibus
729 4638 870 4682 tanta
903 4623 1160 4682 miracula
1193 4629 1384 4685 salutis
1411 4631 1668 4698 ostendit,

121 4719 418 4784 quantaillis
442 4731 600 4774 antea
629 4736 785 4775 nemo
810 4722 1057 4786 donavit;
1089 4721 1203 4775 haec
1233 4722 1373 4777 enim
1401 4723 1668 4790 viderunt,

123 4823 168 4862 et
195 4809 285 4865 hoc
307 4813 382 4866 eis
409 4813 740 4881 exprobrans
770 4812 1034 4882 adjunxit,
1068 4823 1122 4868 et
1151 4815 1279 4869 dicit
1306 4834 1316 4868 :

187 4899 324 4954 Nunc
343 4913 510 4956 autem
532 4913 578 4957 et
601 4904 856 4968 viderunt,
879 4913 926 4956 et
957 4904 1167 4959 oderunt
1195 4916 1238 4958 et
1267 4922 1347 4960 me
1389 4919 1434 4961 et
1459 4906 1669 4961 Patrem

126 5007 287 5058 meum,
333 4995 417 5046 sed
466 5003 518 5046 ut
568 4993 841 5059 impleatur
869 5011 1054 5058 sermo,
1103 5000 1190 5063 qui
1236 4997 1287 5050 in
1337 4997 1445 5068 lege
1490 5014 1667 5052 eorum

125 5086 313 5149 scriptus
341 5097 408 5140 est
431 5103 449 5140 :
483 5087 615 5152 Quia
656 5087 773 5141 odio
815 5088 1099 5142 habuerunt
1130 5105 1206 5141 me
1233 5092 1412 5158 gratis.
1467 5095 1665 5146 Eorum

127 5177 272 5243 legem
297 5176 435 5243 dicit,
467 5194 572 5232 non
601 5177 669 5231 ab
699 5177 824 5248 ipsis
855 5179 1152 5246 inventam,
1181 5182 1273 5235 sed
1303 5181 1432 5251 ipsis
1463 5185 1665 5248 datam,

129 5269 460 5323 sicutdicimus
481 5289 493 5323 :
515 5269 708 5323 Panem
732 5281 958 5324 nostrum
973 5273 1322 5340 quotidianum
1337 5273 1547 5344 (Matth.
1565 5278 1664 5340 Vl),

128 5375 263 5419 quem
307 5371 473 5414 tamen
527 5378 554 5412 a
610 5361 716 5414 Deo
767 5363 1013 5428 petimus,
1067 5365 1332 5431 addendo,
1384 5367 1449 5418 da
1499 5368 1661 5424 nobis.

132 5451 281 5507 Gratis
310 5465 475 5508 autem
505 5456 650 5517 odit,
700 5453 789 5522 qui
839 5457 1039 5508 nullum
1072 5471 1134 5510 ex
1167 5458 1288 5511 odio
1322 5460 1659 5515 commodum

129 5546 321 5610 qua‘rit,
361 5546 436 5598 vel
492 5545 883 5598 incutttntodum
918 5547 1065 5614 fugit.
1119 5547 1205 5600 Sic
1235 5549 1464 5602 oderunt
1497 5550 1660 5604 Deum

132 5636 278 5701 impii,
323 5637 394 5690 sic
439 5636 666 5705 diligunt
713 5636 863 5700 jtlSti,
916 5637 1016 5690 hoc
1061 5645 1164 5700 est,
1217 5639 1398 5704 gratis,
1453 5650 1506 5692 ut
1557 5642 1661 5695 alia

132 5740 319 5794 propter
349 5731 486 5782 illunt
537 5744 639 5780 non
685 5737 995 5795 exspectent
1026 5731 1159 5781 bona
1190 5770 1204 5792 ,
1253 5733 1500 5798 quoniam
1552 5733 1662 5800 ipse

131 5823 218 5874 etit
260 5824 304 5875 tn
348 5824 588 5877 omnibus
638 5820 808 5875 omnia
841 5819 987 5890 (Co/0
1020 5837 1063 5874 δ.
1098 5820 1198 5888 ιιι).
1255 5820 1500 5890 Quisquis
1534 5841 1664 5884 vero.

1780 4620 2087 4675 Perhibebit
2133 4620 2360 4687 Spiritus
2409 4629 2665 4682 sanctos,
2724 4620 3069 4687 [:erltibebitis
3123 4631 3176 4675 et
3226 4638 3342 4675 vos.

1776 4712 1908 4779 Quia
1940 4711 2080 4765 enim
2114 4711 2181 4764 ab
2211 4711 2361 4765 initio
2388 4726 2593 4765 mecum
2621 4711 2774 4778 estis,
2800 4713 3020 4781 potestis
3050 4714 3343 4780 prtetlicaro

1772 4803 1912 4872 quod
1965 4803 2179 4856 nostis:
2233 4803 2373 4869 quod
2433 4811 2490 4855 ut
2543 4803 2699 4857 modo
2750 4817 2856 4856 non
2906 4802 3151 4870 faciatis,
3204 4806 3343 4858 illius

1772 4892 1998 4961 Spiritus
2047 4893 2320 4961 plenitudo
2370 4893 2601 4946 nOudutn
2653 4893 2806 4948 adest
2850 4894 3019 4948 vobis.
3074 4894 3174 4948 ll'e
3217 4912 3344 4964 ergo

1770 4987 2110 5037 testimonium
2150 4983 2422 5052 per/libebit
2482 4985 2544 5035 de
2598 5000 2696 5047 me,
2747 4994 2801 5037 ut
2853 5000 2945 5039 vos
2995 4984 3340 5055 perhibeatis.

1772 5077 1926 5130 Πώὶῑ
1957 5077 2095 5130 enim
2129 5077 2277 5129 vobis
2312 5075 2555 5129 lidueiatn
2592 5077 2953 5131 testimonium
2988 5078 3337 5148 perhibendi,

1771 5169 2000 5222 charitas
2047 5167 2234 5222 dilTusa
2286 5166 2335 5220 in
2387 5165 2637 5220 cordibus
2670 5169 2898 5234 vestris,
2955 5184 3048 5238 per
3076 5170 3333 5238 Spiritum

1770 5270 2009 5314 sanctum
2040 5301 2054 5325 ,
2111 5262 2197 5327 qui
2231 5261 2441 5313 dabitur
2471 5259 2620 5313 vobis
2653 5259 2827 5329 (Rom.
2862 5263 2936 5329 v).
2995 5263 3120 5328 Quae
3152 5264 3333 5333 utique

1771 5357 1928 5409 Petro
1955 5353 2128 5406 adhuc
2158 5352 2342 5418 defuit,
2368 5351 2578 5420 quando
2608 5354 2842 5406 mulieris
2873 5353 3078 5408 ancilla:
3105 5355 3331 5410 interro-

1769 5455 1976 5522 gatione
2021 5451 2354 5520 perterritus,
2389 5467 2492 5504 non
2545 5452 2714 5519 potuit
2745 5467 2920 5504 verum
2973 5451 3330 5507 testimonium

1770 5546 2066 5615 perhibere,
2115 5545 2208 5598 sed
2241 5555 2424 5598 contra
2459 5559 2608 5596 suam
2652 5544 3086 5612 pollicitatiOnezn
3137 5548 3329 5601 timore

1768 5654 1958 5707 magno
1983 5639 2287 5704 compulsus
2316 5648 2395 5691 est
2426 5648 2503 5690 ter
2530 5651 2718 5704 negare
2739 5637 2914 5708 (Juno.
2941 5637 3110 5706 svnt).
3147 5638 3328 5692 Timor

1769 5740 1939 5783 autem
1973 5730 2069 5782 tsle
2100 5745 2202 5782 non
2235 5740 2315 5782 est
2346 5731 2395 5782 in
2427 5730 2704 5790 ttltztritatc,
2734 5728 2824 5783 scd
2856 5733 3078 5797 perfecta
3112 5733 3334 5782 clum-uas

1767 5822 1902 5889 foras
1937 5821 2086 5874 mittil
2127 5821 2371 5875 timorem.
2433 5820 2528 5874 Ille
2573 5823 2906 5877 testimonium
2953 5823 3224 5890 ινα-ΙΜνῦιί
3275 5827 3328 5876 de
