3884 6232
472 307 571 365 851

861 301 1065 356 ΒΕΟᾸΕ
1112 296 1559 354 VENEIUBILIS
1596 295 1746 351 OPP.
1790 291 1965 348 PARS
2004 289 2068 344 ll.
2109 287 2305 344 SECT.
2343 282 2380 343 Ι.
2414 318 2483 329 -
2524 286 2920 343 EXEGETICA
2964 283 3293 341 GENUINA.

3628 284 3721 337 κεί

478 438 577 481 nte,
617 429 663 473 et
690 434 777 470 vos
806 416 1142 471 testimonium
1175 413 1495 483 perhibebitis
1525 410 1574 481 (1
1608 410 1765 464 Joan.
1802 410 1896 476 tr).
1951 406 2052 460 lta-
2083 405 2131 463 Α
2156 402 2326 455 vultus
2366 402 2437 457 tui
2473 401 2827 464 ambulabunt,
2876 409 2922 453 et
2951 400 3005 452 in
3048 399 3247 453 nomine
3294 406 3384 452 tuo
3414 400 3725 453 exsultabant

486 527 589 579 que
636 510 756 579 quia
810 509 896 561 ille
945 507 1278 575 perhibebit,
1329 508 1488 559 etiam
1539 518 1631 557 vos
1684 498 2053 573 perhibebitis.

477 603 569 657 ille
606 604 657 655 in
695 600 945 655 cordibus
976 599 1184 664 vestris,
1220 612 1317 651 vos
1361 597 1413 650 itt
1444 596 1660 651 vocibus
1692 593 1920 655 vestris;
1972 590 2057 643 ille

486 698 541 750 in
586 692 860 763 Spirando,
910 705 1003 745 vos
1052 688 1313 756 sonando,
1369 697 1425 741 ιιι
1472 686 1637 752 possit
1685 684 1939 753 impleri:
1993 678 2056 733 In

482 803 680 841 omnem
708 795 892 838 terram
919 782 1067 838 exivit
1091 798 1244 835 sonus
1272 795 1443 833 earum
1463 778 1632 849 (Psal.
1658 779 1829 843 xvut).
1866 776 2054 828 Parum

489 876 689 946 quippe
719 878 887 930 fuerat
916 889 1013 933 eos
1036 872 1307 927 adhortari
1350 869 1601 936 exemplo
1642 881 1759 927 suo,
1809 865 1909 917 nisi
1955 864 2059 916 im-

494 968 662 1035 pleret
691 967 890 1034 Spiritu
922 981 1038 1020 suo.
1094 965 1331 1030 Denique
1373 958 1648 1028 apostolus
1681 956 1891 1018 Petrus,
1935 966 2055 1006 cum

490 1060 597 1125 jam
628 1058 789 1110 verba
815 1057 933 1122 ejus
962 1056 1215 1113 audisset,
1242 1053 1327 1105 ubi
1356 1052 1600 1104 dixerat:
1636 1046 1753 1101 Non
1786 1058 1858 1099 est
1888 1059 2060 1097 servus

491 1149 656 1217 major
687 1148 893 1198 domino
926 1161 1051 1207 suo;
1081 1144 1124 1195 si
1155 1160 1229 1195 me
1260 1140 1501 1209 persecuti
1530 1145 1669 1201 sunt,
1699 1146 1743 1188 et
1773 1152 1858 1188 vos
1888 1149 2063 1202 perse-

490 1247 710 1307 quentur
739 1235 883 1307 (llic,
917 1236 1128 1303 supra);
1175 1242 1227 1286 et
1256 1234 1354 1285 It0t:
1386 1233 1435 1283 itt
1470 1230 1560 1283 illo
1592 1229 1693 1295 jam
1727 1226 1928 1279 videret
1962 1224 2061 1275 iut-

488 1330 645 1397 pleri,
700 1330 751 1382 itt
800 1343 906 1395 quo
953 1327 1256 1393 patientiam
1291 1322 1496 1377 Domini
1548 1321 1651 1383 sui,
1684 1319 1726 1371 si
1759 1316 2059 1381 exemplum

492 1419 791 1483 sufficeret,
818 1418 1001 1471 debuit
1032 1416 1247 1481 imitari,
1280 1413 1582 1475 succubuit,
1616 1422 1668 1464 et
1698 1408 1929 1477 negavit,
1956 1420 2063 1459 non

496 1511 677 1578 utique
709 1510 905 1573 ferens,
940 1508 1079 1577 quod
1111 1508 1255 1559 illum
1288 1507 1425 1559 ferre
1456 1505 1729 1558 cernebat.
1774 1501 1905 1555 Cum
1939 1514 2068 1553 vero

498 1602 701 1669 accepit
752 1600 949 1657 donum
998 1598 1231 1662 Spiritus
1278 1597 1481 1657 sancti.
1532 1610 1688 1662 quem
1740 1600 2066 1659 negaverat,

499 1690 839 1759 prmdicavit,
884 1698 937 1742 et
977 1704 1133 1756 quem
1165 1688 1403 1741 confiteri
1439 1674 1716 1750 timuerat,
1753 1701 1855 1738 non
1891 1684 2063 1737 timuit

494 1780 757 1850 profiteri.
780 1779 930 1834 Prius
954 1782 1093 1832 enim
1118 1778 1364 1845 exemplo
1389 1779 1562 1831 fuerat
1581 1776 1821 1839 edoctus,
1848 1783 1903 1828 ut
1924 1773 2062 1841 quod

498 1880 821 1924 convenerat
844 1878 1043 1923 nosset.
1077 1869 1181 1923 Sed
1213 1867 1445 1921 uoudttm
1473 1868 1643 1919 fuerat
1666 1868 1859 1919 virtute
1883 1865 2062 1928 fultus,

496 1968 555 2019 ιιι
575 1960 713 2027 quod
742 1969 961 2012 noverat
987 1960 1202 2013 faceret.
1237 1961 1529 2012 lnstructus
1553 1966 1667 2011 erat
1689 1968 1743 2009 ut
1763 1964 1948 2021 staret,
1975 1954 2068 2008 Sed

499 2066 602 2103 non
624 2060 737 2103 erat
768 2050 1030 2112 firmatus,
1057 2065 1123 2102 ne
1146 2050 1382 2102 caderet.
1416 2048 1567 2115 Quod
1598 2057 1943 2114 posteaquam
1976 2060 2069 2114 per

499 2140 758 2211 Spiritum
789 2148 1027 2194 sanctam
1058 2140 1251 2197 factum
1282 2150 1393 2203 est,
1426 2139 1758 2191 auunntiavit
1795 2152 1965 2205 usque
2004 2137 2069 2188 ad

503 2247 571 2288 att
594 2242 748 2288 rtem.
782 2230 905 2288 ideo
934 2229 1195 2285 subiuiert
1226 2231 1475 2282 Dominus
1504 2246 1514 2281 2

1090 2324 1314 2379 CAPUT
1345 2322 1482 2377 XVI.

579 2414 726 2477 Hac,
750 2414 935 2485 inquit,
960 2417 1157 2469 locutus
1195 2432 1307 2468 sum
1336 2415 1493 2479 vobis,
1528 2422 1582 2466 ut
1618 2429 1717 2467 non
1760 2412 2076 2466 scandalize-

508 2507 655 2565 mini.
686 2508 903 2560 Cattitur
924 2510 1118 2577 quippe
1147 2508 1199 2561 itt
1240 2508 1475 2575 psalmo:
1513 2505 1626 2559 Pax
1666 2504 1827 2557 multa
1854 2506 2075 2573 diligen-

503 2598 635 2652 tibus
652 2599 810 2667 legem
829 2609 988 2664 tuam,
1003 2608 1045 2651 et
1060 2615 1159 2651 non
1173 2607 1243 2651 est
1256 2598 1355 2651 illis
1371 2597 1669 2651 scandalum
1683 2594 1855 2663 (Psal.
1870 2592 2073 2663 cxvttt).

510 2696 699 2750 Merito
746 2699 919 2763 itaque
961 2693 1222 2763 promisso
1264 2692 1465 2761 Spiritu
1509 2700 1722 2757 saneto,
1760 2704 1864 2754 quo
1900 2690 1953 2741 itt
1999 2688 2079 2742 eis

510 2798 768 2857 operante
800 2788 988 2840 fierent
1022 2794 1181 2839 testes
1205 2784 1345 2850 ejus,
1375 2782 1677 2849 subiunxit:
1713 2779 1837 2833 Haec
1881 2778 2079 2831 locutus

508 2896 617 2935 sum
647 2881 800 2940 vobis.
832 2892 884 2932 ut
910 2895 1010 2932 non
1051 2876 1481 2931 scandalizemini.
1518 2876 1647 2929 Cum
1691 2873 1829 2927 enim
1856 2872 2081 2925 charitas

512 2974 608 3029 Dei
632 2972 936 3039 di/funditur
965 2971 1015 3024 in
1040 2969 1271 3022 cordibus
1288 2966 1470 3021 nostris
1486 2982 1572 3035 per
1586 2965 1833 3034 Spiritum
1855 2971 2081 3015 sanctum

2160 501 2267 546 tota
2291 493 2391 557 die,
2424 503 2470 546 et
2500 494 2551 545 in
2571 493 2771 563 justitiu
2796 503 2884 544 tua
2910 489 3287 557 exalmbttntur,
3309 490 3553 560 quoniam
3576 490 3726 557 gloria

2159 586 2356 637 virtutis
2377 600 2549 638 eorum
2574 594 2626 636 tu
2645 600 2694 637 es
2710 582 2881 652 (Psal.
2902 580 3181 651 Lxxxvut).
3202 581 3391 635 Merito
3407 586 3485 636 eis
3506 582 3727 636 dicitur:

2158 673 2325 728 Extra
2354 692 2638 746 synagogas
2679 676 2866 745 facient
2920 690 3026 738 vos,
3086 673 3159 725 illi
3187 674 3408 736 scilicet,
3433 673 3525 743 qui
3566 674 3728 729 zelum

2162 765 2251 820 Dei
2288 766 2499 827 habent,
2535 767 2626 819 sed
2669 782 2772 818 non
2804 765 3094 819 secundum
3125 766 3400 817 scientiam
3433 763 3614 835 (Rom.
3650 768 3723 830 x);

2163 874 2259 912 nec
2287 860 2496 925 expulsi
2531 866 2596 911 ab
2627 858 2932 913 horninibus
2974 858 3311 919 erubescent,
3336 856 3587 925 quoniam
3629 857 3730 923 glu-

2163 947 2238 1000 ria
2281 947 2490 1001 virtutis
2542 962 2728 1001 eorum
2790 948 2901 1015 ipse
2958 958 3057 999 est.
3085 945 3322 1015 Denique
3351 960 3470 999 cutn
3507 947 3610 1000 hoc
3662 947 3731 999 eis

2164 1038 2406 1104 dixisset,
2437 1038 2665 1106 adjecit:

2238 1148 2342 1201 Sed
2369 1148 2496 1200 venit
2532 1148 2656 1201 liora
2685 1159 2739 1201 ut
2771 1150 2932 1201 omnis
2961 1149 3047 1217 qui
3075 1148 3312 1211 interﬁcit
3341 1165 3425 1201 vos
3454 1149 3725 1202 arbitretur

2167 1239 2455 1307 obsequium
2482 1256 2534 1291 se
2563 1247 2805 1305 pratstare
2836 1238 2968 1303 Deo,
2996 1248 3044 1291 et
3082 1241 3189 1291 lucc
3220 1240 3403 1305 facient
3434 1240 3593 1303 robis,
3618 1241 3731 1307 quia

2171 1345 2267 1380 non
2292 1337 2630 1397 regnaverunt
2658 1328 2887 1395 Patrem,
2920 1344 3075 1396 neque
3104 1343 3217 1391 me;
3249 1328 3349 1381 hoc
3374 1337 3478 1393 est,
3515 1345 3620 1379 nun
3650 1345 3733 1381 co-

2169 1433 2464 1488 gnuverunt
2511 1422 2697 1484 Deum,
2743 1436 2838 1475 nec
2882 1422 2997 1488 ejus
3029 1421 3242 1488 Filium,
3280 1423 3361 1475 cui
3394 1436 3452 1475 se
3497 1424 3545 1474 iu
3602 1422 3738 1473 vobis

2171 1513 2472 1566 occidendis
2529 1524 2779 1580 prazstare
2837 1512 3164 1565 arbitrantur
3224 1512 3557 1581 obSequiutn.
3620 1511 3737 1578 Qun

2174 1605 2329 1658 verba
2362 1605 2617 1658 Dominus
2650 1607 2715 1657 ita
2741 1606 2989 1672 subjecit,
3011 1614 3255 1671 tanquam
3279 1618 3342 1655 ex
3376 1603 3478 1657 hoc
3503 1602 3738 1655 consola-

2176 1709 2377 1763 rentur,
2402 1699 2488 1766 qui
2519 1700 2585 1752 de
2614 1699 2893 1768 synagogis
2936 1697 3174 1751 Judaicis
3203 1697 3550 1765 pellerentur.
3601 1696 3737 1749 Prae-

2178 1792 2425 1844 nuntiztus
2451 1791 2616 1852 enim,
2658 1805 2779 1858 qua:
2803 1788 2939 1841 mala
2970 1798 3150 1843 essent
3178 1802 3271 1856 pro
3294 1786 3411 1855 ejus
3438 1787 3733 1841 testimonio

2175 1882 2494 1948 perpessuri,
2524 1890 2667 1934 extra
2691 1895 2997 1947 synagogas,
3032 1876 3224 1946 inquit,
3254 1878 3440 1945 facient
3470 1892 3575 1928 vos.
3601 1876 3729 1940 Quid

2174 1987 2300 2040 ergo
2335 1971 2403 2024 ibi
2444 1971 2567 2024 facit
2597 1971 2696 2023 hoc
2723 1955 2964 2033 verbum,
2988 1969 3130 2036 quod
3160 1969 3234 2022 ait
3260 1986 3270 2020 :
3304 1968 3410 2023 Sed
3438 1970 3562 2021 venit
3596 1970 3733 2031 liora,

2179 2079 2283 2117 non
2311 2064 2403 2129 ait,
2422 2064 2485 2116 Et
2512 2064 2674 2127 venit,
2704 2078 2822 2116 cutu
2848 2061 3242 2115 tribulationem
3268 2076 3429 2129 super
3457 2060 3741 2113 tribulatio-

2176 2168 2319 2217 nem,
2352 2170 2453 2208 non
2486 2153 2906 2207 consolationem
2942 2163 3059 2219 post
3104 2151 3345 2204 trihulati
3371 2166 3507 2204 vuem
3555 2162 3741 2203 ventu.

2181 2257 2293 2294 ram
2328 2242 2435 2295 illis
2464 2255 2583 2295 esse
2614 2238 2963 2309 praediceret?
3015 2241 3093 2292 An
3144 2237 3278 2292 forte
3322 2238 3399 2291 sic
3437 2251 3529 2291 eos
3560 2237 3649 2289 illa
3678 2236 3737 2289 de

2178 2334 2460 2404 synagogis
2499 2336 2765 2401 separatio
2798 2334 2967 2387 fuerat
2997 2334 3294 2396 turbatura,
3341 2341 3397 2384 ut
3438 2334 3566 2384 mori
3613 2332 3736 2383 ntal-

2181 2429 2289 2482 lent
2336 2444 2494 2495 quam
2529 2428 2580 2480 in
2612 2428 2711 2480 hac
2740 2427 2841 2479 vita
2874 2426 2991 2479 sine
3021 2424 3333 2479 Judteorunt
3379 2427 3740 2491 congregatio-

2182 2519 2338 2572 nibus
2370 2515 2677 2570 immorari?
2717 2516 2868 2569 Absit
2916 2516 3076 2568 utsic
3106 2516 3462 2572 turbarentur,
3499 2514 3586 2580 qui
3638 2512 3739 2573 Dei,

2132 2654 2142 2663 .
2182 2623 2286 2661 tton
2340 2607 2609 2660 hominum
2642 2607 2859 2673 gloriam
2911 2606 3271 2671 requirebant.
3320 2604 3455 2669 Quid
3498 2618 3623 2669 ergo
3646 2612 3740 2663 est.

2181 2710 2326 2754 extra
2387 2716 2671 2771 synagogas
2712 2700 2897 2766 facient
2949 2714 3053 2761 vos,
3104 2698 3191 2749 sed
3240 2697 3368 2749 venit
3422 2698 3566 2755 hora,
3622 2708 3733 2746 eum

2184 2794 2355 2863 potius
2385 2793 2561 2846 dicere
2606 2792 2853 2844 debuisse
2897 2790 3162 2854 videatur,
3219 2786 3281 2840 Et
3321 2787 3464 2839 venit
3510 2786 3660 2847 hora,
3700 2793 3745 2836 ut

2186 2886 2348 2938 omnis
2374 2886 2458 2952 qui
2484 2884 2717 2951 inter/icit
2766 2898 2871 2947 vos,
2902 2882 3171 2932 arbitretur
3201 2879 3489 2944 obsequium
3535 2894 3588 2931 se
3627 2893 3739 2940 vrtt-

2185 2987 2322 3030 stare
2354 2976 2457 3028 Deo
2484 2976 2506 3031 ?
2538 2976 2716 3044 Neque
2756 2975 2896 3026 cuitu
2939 2972 3125 3024 saltem
3165 2971 3364 3022 dictum
3406 2980 3506 3032 est,
3539 2968 3640 3021 Sed
3671 2982 3736 3019 re-

509 3064 598 3132 qui
650 3064 798 3121 datus
855 3072 927 3114 est
972 3060 1115 3114 nobis
1157 3058 1336 3126 (Rom.
1378 3057 1462 3126 v),
1506 3058 1559 3108 fit
1601 3070 1702 3124 pax
1744 3052 1907 3107 multa
1954 3050 2078 3104 dili-

2190 3068 2266 3121 nit
2298 3067 2424 3119 hora
2472 3076 2526 3117 ιιι
2570 3062 2889 3117 interficiant
2922 3076 3036 3124 vos,
3074 3059 3223 3129 quasi
3274 3069 3331 3111 ut
3377 3059 3452 3111 eis
3482 3072 3628 3112 mors
3666 3071 3746 3123 pro

512 3154 761 3224 gentibus
810 3154 978 3222 legem
1036 3151 1148 3211 Dei.
1196 3160 1251 3204 ιιι
1305 3166 1407 3203 non
1449 3149 1517 3202 sit
1546 3148 1595 3200 in
1637 3147 1715 3200 eis
1751 3143 2078 3197 scandalum.

520 3245 722 3302 Deinde
752 3262 868 3314 qua:
899 3243 1103 3313 passuri
1135 3254 1307 3297 essent
1340 3242 1447 3308 jam
1476 3240 1778 3305 exprimens
1799 3237 1902 3289 ait:

586 3332 750 3391 Extra
770 3350 1053 3403 synagogas
1086 3334 1270 3399 facient
1299 3349 1398 3383 vos.
1432 3331 1563 3397 Quid
1596 3337 1772 3383 autem
1806 3328 1927 3381 mali
1968 3333 2087 3379 erat

516 3424 773 3493 apostolis
821 3423 1014 3485 extolli
1053 3422 1121 3478 de
1163 3421 1398 3477 Judaicis
1446 3418 1745 3489 synagvgis,
1802 3417 1947 3485 quasi
1982 3432 2082 3469 non

518 3516 643 3571 inde
695 3532 755 3570 se
801 3516 1011 3569 fuerant
1064 3513 1361 3579 separaturi
1394 3552 1407 3576 ,
1460 3514 1619 3565 etiam
1666 3510 1711 3562 si
1768 3525 1862 3563 eos
1911 3508 2085 3563 nullus

516 3608 844 3671 expelleret?
868 3607 971 3662 Sed
1004 3606 1252 3660 nimirum
1288 3606 1387 3659 hoc
1423 3605 1587 3658 voluit
1626 3604 1965 3665 denuntiare,
1999 3603 2086 3667 qui

516 3702 688 3759 Judaei
717 3702 986 3755 Christum
1014 3714 1119 3753 non
1152 3699 1360 3752 fuerant
1386 3696 1687 3765 recepturi;
1718 3706 1770 3749 et
1803 3696 1920 3747 ideo
1944 3692 2087 3747 futu-

515 3808 633 3846 rum
688 3801 803 3845 erat
856 3801 911 3844 ut
951 3791 1094 3844 foras
1151 3790 1491 3843 tuitterentur
1520 3802 1640 3840 cum
1672 3786 1762 3839 illo
1788 3784 1855 3837 ab
1892 3784 1970 3838 eis
1999 3785 2089 3852 qui

517 3899 639 3939 esse
666 3883 867 3935 nollent
894 3883 944 3935 in
974 3881 1064 3935 illo
1108 3880 1159 3934 hi
1190 3883 1277 3949 qui
1311 3894 1430 3933 esse
1457 3894 1559 3931 non
1587 3887 1809 3946 pOSsent
1836 3876 1950 3929 sine
1975 3876 2087 3929 illo.

516 3976 652 4035 Nam
685 3974 949 4043 profecto,
974 3974 1094 4043 quia
1118 3987 1221 4025 non
1254 3984 1361 4024 erat
1396 3972 1532 4024 ullus
1561 3970 1693 4022 altus
1725 3968 1949 4036 populus
1974 3965 2087 4030 Dei,

524 4084 683 4141 quam
717 4067 842 4120 illud
870 4080 1053 4119 semen
1086 4063 1336 4124 Abrahte,
1371 4063 1413 4115 si
1446 4067 1861 4130 agnoscerentet
1890 4060 2093 4126 recipe-

516 4170 640 4217 rent
666 4158 935 4211 Christum
958 4168 1205 4224 tanquam
1231 4155 1361 4209 rami
1385 4153 1654 4208 naturales
1682 4154 1732 4204 in
1752 4151 1868 4205 olea
1888 4164 2095 4215 perma-

515 4260 705 4304 nerent
731 4250 905 4311 (liam.
942 4250 1042 4311 ιιι),
1072 4261 1167 4300 nec
1208 4247 1325 4298 alite
1370 4245 1558 4297 fierent
1588 4242 1839 4296 Ecclesia:
1859 4239 2088 4305 Christi,

515 4342 637 4395 alia:
668 4354 946 4408 synagoga:
974 4337 1277 4392 Judatorum
1303 4353 1316 4399 ;
1348 4336 1547 4389 eaedem
1576 4336 1774 4403 quippe
1804 4343 2000 4395 essent,
2046 4333 2089 4385 si

2190 3156 2556 3211 consolatione
2582 3156 2723 3209 illius
2763 3153 3111 3221 separationis
3151 3150 3455 3204 accideret:
3489 3150 3579 3201 sed
3607 3150 3748 3210 venit,

2191 3248 2381 3317 inquit,
2414 3246 2562 3311 hora,
2592 3254 2644 3298 ut
2674 3246 2833 3298 omnis
2870 3245 2956 3314 qui
2983 3241 3217 3310 interﬁcit
3260 3256 3346 3294 vos
3376 3240 3648 3293 arbitretur
3675 3238 3745 3290 ob-

2189 3340 2417 3397 sequium
2460 3356 2511 3392 se
2554 3346 2793 3403 praestare
2838 3336 2964 3390 Dea.
3004 3333 3228 3387 Prorsus
3260 3348 3361 3384 non
3395 3332 3520 3385 mihi
3554 3330 3747 3383 tidetur

2190 3429 2331 3483 aliud
2357 3427 2656 3499 significare
2687 3425 2940 3490 voluisse,
2976 3425 3072 3478 nisi
3107 3434 3162 3476 ut
3195 3423 3554 3489 intelligi-rent
3598 3432 3749 3491 atque

2192 3520 2482 3592 gauderent
2513 3528 2617 3573 tam
2650 3518 2843 3571 multos
2883 3531 2941 3569 se
2984 3515 3195 3569 Christo
3220 3514 3595 3580 acquisituros,
3641 3526 3751 3563 cum

2192 3612 2257 3665 de
2288 3611 2594 3665 Judmorum
2637 3606 3134 3676 congregationibus
3179 3606 3521 3674 pellerentur.
3578 3614 3632 3655 ut
3670 3615 3751 3655 eos

2194 3720 2297 3758 non
2326 3704 2633 3757 sufficerent
2661 3702 2882 3769 pellere,
2921 3699 3012 3753 sed
3044 3715 3146 3751 non
3188 3696 3427 3749 sinerent
3454 3696 3656 3756 vivere,
3692 3708 3750 3746 ne

2193 3810 2381 3850 omnes
2409 3794 2472 3846 ad
2506 3807 2697 3847 nomen
2723 3790 2925 3844 Christi
2951 3804 3045 3842 sua
3072 3786 3446 3855 pra-dicatinne
3474 3796 3750 3837 converte-

2195 3896 2330 3951 rent,
2366 3893 2419 3937 et
2457 3886 2523 3938 ab
2551 3882 2923 3938 observatione
2952 3879 3208 3934 Judaismi
3260 3887 3509 3943 tanquam
3566 3875 3751 3927 divina:

2195 3992 2273 4030 vet
2292 3976 2433 4028 italis
2462 3981 2785 4028 averterent.
2819 3972 2926 4026 lloc
2956 3972 3097 4024 enim
3127 3969 3194 4022 de
3223 3967 3423 4021 ludatis
3445 3968 3642 4019 dictum
3669 3964 3753 4017 de.

2197 4069 2383 4122 bemus
2412 4069 2677 4135 accipere,
2706 4064 2772 4117 de
2798 4064 2989 4131 quibus
3015 4061 3211 4115 dixerit
3238 4080 3249 4112 :
3285 4058 3447 4111 Extra
3474 4073 3751 4127 synagOgas

2199 4160 2383 4228 facient
2424 4175 2529 4212 vos.
2579 4157 2706 4211 Nam
2759 4163 2945 4219 testes,
3002 4154 3053 4207 id
3108 4162 3209 4216 est,
3246 4160 3509 4220 martyres
3543 4148 3754 4209 Christi.

2196 4248 2354 4303 etiam
2382 4248 2425 4300 si
2456 4246 2616 4299 occisi
2646 4255 2769 4298 sunt
2800 4259 2827 4296 a
2872 4243 3143 4311 gentibus,
3177 4257 3279 4293 non
3313 4250 3488 4292 tamen
3520 4240 3596 4291 illi
3632 4238 3755 4291 arbi-

2198 4338 2321 4392 trati
2363 4347 2484 4391 stmt
2526 4337 2656 4399 Deo,
2701 4334 2792 4389 sed
2839 4334 2940 4387 diis
2983 4333 3096 4385 suis
3144 4332 3291 4385 falsis
3347 4332 3659 4399 obsequium
3705 4345 3757 4384 se

519 4434 572 4487 in
603 4434 789 4483 eodem
812 4446 927 4483 esse
959 4429 1249 4482 voluissent
1271 4447 1282 4481 :
1304 4429 1442 4497 quod
1471 4428 1594 4495 quia
1626 4429 1929 4489 noluerunt,
1962 4425 2087 4491 qttid
2119 4437 2167 4495 ι)
2199 4440 2473 4501 ρτωειατθ,
2513 4444 2629 4482 cum
2664 4428 2762 4481 hoc
2805 4427 3055 4481 facerem,
3090 4425 3395 4479 Judmnmm
3428 4432 3611 4475 ante,"
3644 4436 3751 4473 om.

519 4531 783 4584 restaoat,
819 4523 916 4575 uisi
955 4531 1012 4573 ut
1051 4527 1391 4575 remanentes
1432 4528 1581 4571 extra
1609 4516 1905 4579 Christum,
1946 4525 2092 4569 extra

519 4634 821 4687 synagogas
856 4617 1090 4670 facerent
1142 4629 1234 4667 eos
1283 4614 1368 4682 qui
1402 4630 1504 4665 non
1556 4612 1909 4680 relinquerent
1939 4607 2095 4661 Chri-

518 4709 699 4762 atum'
756 4710 987 4772 Accepto
1036 4706 1229 4771 quippe
1265 4705 1465 4768 Spiritu
1522 4715 1705 4757 saneto
1759 4710 1921 4755 testes
1978 4698 2093 4768 ejus

518 4796 718 4857 eff-eti,
759 4814 861 4848 non
890 4794 1067 4862 utique
1102 4794 1234 4847 tales
1261 4802 1460 4859 essent,
1493 4792 1559 4845 de
1591 4793 1833 4860 qualibus
1862 4792 2089 4845 dicitur:

524 4887 681 4941 Multi
706 4887 958 4952 principes
1004 4884 1302 4938 Juda’orum
1333 4884 1653 4937 crediderunt
1686 4885 1737 4936 in
1776 4901 1889 4936 eum
1917 4882 2091 4953 (Joan.

522 4982 657 5050 xu);
692 4982 783 5033 st-d
820 4992 1036 5049 propter
1064 4988 1260 5033 metum
1292 4980 1622 5037 Judteorum.
1660 4994 1726 5033 ne
1774 4979 2096 5043 pellerentur

524 5070 592 5125 de
640 5071 945 5139 synagogis,
978 5086 1079 5124 non
1126 5069 1393 5123 audebant
1422 5068 1663 5122 confiteri
1715 5084 1857 5121 eum.
1894 5068 2096 5121 Dilexe-

524 5174 641 5214 runt
670 5164 800 5216 enim
849 5164 1065 5231 gloriam
1111 5163 1370 5215 hominum
1398 5164 1557 5233 magis
1588 5178 1735 5227 quam
1767 5160 1860 5214 Dei
1885 5159 2093 5230 (Ιυίά.).

524 5253 878 5309 Crediderunt
907 5272 1036 5324 ergo
1068 5256 1121 5313 in
1148 5271 1289 5319 eum,
1323 5256 1417 5310 sed
1444 5272 1547 5307 non
1582 5258 1681 5317 sic,
1713 5256 1979 5320 quomodo
2006 5270 2101 5307 vo-

527 5348 667 5401 lebat
693 5363 786 5401 eos
816 5349 1061 5413 credere,
1095 5350 1179 5417 qui
1207 5350 1446 5402 dicebat:
1477 5348 1744 5413 Quomodo
1770 5348 1971 5413 patestis
1993 5363 2099 5399 cre-

524 5437 665 5503 dere,
706 5438 919 5506 gloriam
944 5440 1005 5491 ab
1034 5440 1239 5492 invicem
1267 5450 1629 5509 exspectantes,
1661 5449 1706 5491 et
1752 5438 1967 5507 gloriam
1990 5454 2100 5505 qua:

527 5548 559 5583 α
595 5531 703 5584 solo
739 5531 842 5583 Dee
872 5541 945 5584 est
990 5549 1090 5584 non
1144 5543 1420 5598 querentes
1456 5530 1629 5598 (Joan.
1675 5530 1766 5597 v)?
1824 5530 2099 5597 Discipulis

528 5638 655 5689 ergo
685 5624 759 5677 sic
790 5624 839 5677 iit
870 5640 990 5677 eum
1021 5623 1383 5686 credentibus,
1419 5624 1502 5676 illa
1532 5623 1776 5691 congruit
1800 5620 2097 5689 projthetia,

529 5728 643 5787 qua:
681 5713 745 5768 dc
777 5714 898 5783 ipsis
934 5713 1196 5771 imettitur
1230 5716 1473 5783 impleta;
1531 5713 1759 5778 Domine,
1814 5712 1863 5765 in
1912 5711 2099 5765 lumine

2200 4524 2279 4577 nis
2310 4524 2395 4591 qui
2427 4522 2617 4576 occidit
2647 4521 3017 4589 praedicatores
3034 4516 3252 4582 Christi,
3286 4515 3397 4570 Deo
3420 4530 3476 4567 se
3508 4524 3757 4581 prta-stare

2200 4616 2398 4682 putavit
2429 4612 2755 4681 obsequium,
2789 4611 3013 4663 credens
3057 4609 3197 4676 quod
3244 4609 3558 4659 desererent
3604 4605 3755 4656 Deum

2199 4704 2377 4768 Israel,
2426 4706 2723 4771 quietthue
2770 4710 3206 4754 converterentur
3258 4696 3322 4749 ad
3376 4694 3669 4748 Christum.
3701 4692 3760 4745 Ut

2198 4794 2340 4850 enim
2388 4804 2441 4849 et
2493 4795 2663 4861 ipsum
2714 4793 2985 4846 Christum
3037 4789 3363 4847 occiderent.
3422 4787 3518 4837 ista
3560 4784 3757 4836 ratione

2197 4886 2445 4945 commeti
2478 4895 2633 4949 sunt;
2668 4900 2786 4935 nam
2821 4898 3004 4935 eorum
3050 4881 3118 4934 de
3166 4882 3262 4932 hac
3312 4878 3471 4930 etiam
3519 4892 3573 4928 re
3606 4876 3756 4925 verba

2197 4980 2490 5045 conscripta
2517 4985 2640 5031 sunt
2667 4994 2677 5028 :
2724 4976 2911 5028 Videtis
2944 4977 3062 5043 quia
3095 4982 3225 5025 totus
3264 4970 3485 5021 mundus
3518 4979 3629 5034 post
3656 4980 3759 5016 eum

2197 5073 2317 5125 abiit
2366 5071 2542 5139 (Joan.
2592 5074 2700 5135 XI);
2734 5071 2776 5122 si
2819 5070 3159 5121 dimiserimus
3202 5080 3316 5117 eum
3362 5064 3543 5123 viuere,
3573 5062 3757 5112 venient

2201 5166 2415 5221 Romani
2444 5207 2457 5226 ,
2494 5164 2665 5215 tollent
2708 5162 2847 5217 nobis
2878 5170 2924 5211 et
2951 5162 3138 5213 locum.
3170 5168 3213 5208 et
3239 5165 3431 5223 gentem
3461 5151 3673 5219 (Ῐὸἱά.),
3716 5159 3762 5201 et

2198 5256 2335 5325 quod
2368 5254 2592 5319 (Iaipltas
2630 5253 2791 5304 dixit:
2848 5251 3063 5314 Expedit
3105 5258 3155 5300 ut
3188 5263 3314 5299 unus
3364 5247 3513 5295 homo
3552 5259 3650 5310 pro
3680 5256 3761 5308 po-

2199 5349 2320 5416 pulo
2334 5347 2600 5405 moriatur,
2618 5353 2665 5394 et
2693 5358 2789 5393 non
2815 5350 2919 5392 tota
2945 5357 3061 5407 gens
3083 5346 3250 5403 pereat
3274 5334 3487 5402 (Ibid).
3512 5333 3573 5385 Et
3603 5334 3653 5382 in
3674 5332 3761 5381 hoc

2199 5452 2324 5503 evgo
2353 5450 2445 5489 suo
2477 5431 2760 5497 diaripnlos
2791 5430 2957 5481 exerit
2987 5426 3251 5489 exemplo,
3284 5424 3475 5488 quibus
3499 5423 3713 5472 dixerat
3748 5434 3757 5467 :

2201 5526 2261 5580 Si
2289 5541 2363 5576 me
2412 5524 2655 5591 persecuti
2686 5528 2821 5577 sunt,
2856 5530 2901 5571 et
2933 5534 3014 5569 vos
3065 5527 3443 5582 persequentur,
3480 5526 3531 5564 ttt
3579 5525 3760 5579 quem.

2201 5617 2481 5670 admodum
2540 5617 2681 5668 illum
2723 5613 3030 5673 occidendo,
3068 5610 3177 5663 Deo
3217 5626 3273 5662 se
3320 5616 3572 5676 prrstare
3617 5604 3767 5656 obse-

2206 5709 2381 5779 quium
2409 5713 2741 5775 putaverunt,
2776 5704 2851 5756 sic
2882 5704 3036 5757 etiam
3068 5702 3202 5754 illos.
3246 5699 3343 5753 lstc
3372 5698 3547 5764 itaque
3582 5708 3764 5748 sensus
