3884 6232
117 364 219 419 853

1051 355 1112 411 IN
1153 357 1209 414 S.
1252 355 1530 411 JOANNIS
1572 348 2017 407 EVANGBLIUM
2059 347 2436 404 EXPOSlTlO.

3287 338 3392 394 εει

120 483 197 525 est
228 472 284 524 in
318 470 403 523 his
435 467 608 522 verbis
632 507 648 532 ,
705 466 868 520 Extra
912 480 1200 536 synagogas
1248 465 1434 528 facient
1461 475 1589 525 eos;
1618 457 1711 513 scd
1746 463 1785 515 Α
1817 459 1938 527 quia
1969 459 2086 529 ejus
2117 459 2401 528 prasentia
2431 456 2864 512 consolabantur.
2903 457 3265 510 Abscsssurus
3294 469 3386 508 au-

124 559 291 615 nolite
317 557 662 612 solitudinem
693 555 999 610 formidare.
1035 553 1278 624 Separati
1308 552 1502 622 quippe
1525 564 1553 602 a
1581 563 1710 602 con-

136 652 458 722 gregatione
486 664 688 714 eorum,
724 657 831 702 tam
873 647 1069 701 multos
1095 646 1146 699 in
1175 660 1294 699 meo
1326 644 1539 697 nomine
1586 655 1712 695 con-

129 741 449 811 gregabitis,
500 751 554 794 ut
583 740 658 794 illi
688 746 988 793 metuentes
1019 751 1086 790 ne
1124 737 1403 804 templum,
1432 732 1574 801 quod
1601 739 1714 784 erat

127 831 267 900 apud
299 846 421 892 eos,
473 841 526 883 et
571 827 748 882 omnia
779 827 912 897 legis
940 825 1137 878 veteris
1184 833 1516 877 sacramenta
1549 821 1715 874 dese-

132 931 348 982 rantur.
397 919 723 974 interficiant
753 931 884 970 vos:
937 916 1016 970 sic
1061 915 1345 968 fundentes
1399 913 1713 982 sanguinem

129 1025 397 1078 vestrum,
429 1022 484 1064 ut
514 1012 624 1065 Deo
648 1025 706 1063 se
735 1019 991 1078 prrestare
1020 1007 1344 1061 arbitrentur
1373 1005 1712 1070 obsequium.

135 1105 281 1157 Ecce
309 1112 396 1156 est
427 1102 578 1166 illud,
606 1101 745 1167 quod
784 1099 852 1154 de
887 1099 991 1152 illis
1018 1098 1149 1152 dixit
1179 1097 1467 1160 Apostolus
1495 1113 1506 1147 :
1539 1094 1718 1148 Zetum

135 1191 230 1245 Dei
255 1192 466 1254 habent,
495 1191 580 1243 sed
627 1205 727 1242 non
774 1189 1049 1241 secundum
1102 1188 1362 1240 scientiant
1412 1185 1586 1255 (Rom.
1624 1184 1703 1252 ι).

130 1284 470 1351 Obsequium
504 1297 561 1336 se
589 1290 844 1349 prmstare
876 1281 1132 1345 putabant
1165 1278 1295 1338 Deo.
1338 1275 1716 1332 interficiendo

134 1373 371 1425 fat'nulos
423 1373 536 1426 Dei.
572 1374 613 1424 0
645 1386 798 1424 error
827 1368 1164 1422 horrendus!
1212 1366 1354 1422 Itane
1401 1375 1460 1421 ut
1512 1366 1726 1437 placeas

136 1462 270 1529 Deo,
326 1464 564 1530 percutis
620 1464 915 1531 placentem
965 1459 1074 1514 Deo
1103 1461 1125 1513 τ
1155 1468 1209 1513 et
1239 1460 1329 1513 Dei
1360 1460 1612 1526 templum
1645 1459 1724 1512 vi-

133 1567 260 1604 vum
296 1562 351 1606 te
384 1552 608 1606 feriente
636 1548 1009 1618 prosternitur,
1057 1564 1126 1603 ne
1174 1549 1267 1602 Dei
1301 1550 1556 1615 templum
1592 1549 1727 1618 iapi-

133 1645 299 1695 deum
356 1640 682 1695 deseratur?
712 1640 755 1694 Ο
809 1639 1155 1694 exsecrabilis
1204 1639 1462 1693 caecitas!
1521 1639 1615 1692 sed
1664 1654 1726 1692 ex

136 1742 291 1800 parte
326 1733 380 1783 in
419 1731 577 1783 Israel
617 1729 752 1783 facta
784 1739 886 1796 est,
915 1738 973 1782 ut
999 1728 1275 1799 plenitudo
1303 1728 1538 1795 gentium
1570 1729 1728 1782 intra-

1819 562 1925 608 lem
1957 554 2242 622 oportebat
2273 563 2327 605 ut
2355 553 2559 608 diceret
2590 550 2737 604 illum
2787 564 2904 605 eSse
2952 557 3229 602 venturum
3249 588 3262 608 ,
3297 559 3391 613 per

1818 661 1975 713 quem
2012 645 2241 698 futurum
2273 655 2390 698 erat
2421 653 2474 698 ut
2497 686 2510 709 ,
2546 643 2809 697 cbaritate
2836 642 3021 695 diﬂ'usa
3056 641 3106 694 in
3139 637 3388 692 cordibus

1818 736 1952 800 suis,
1998 733 2220 789 verbum
2268 736 2356 789 Dei
2405 750 2523 787 cum
2571 733 2756 786 fiducia
2783 733 3258 800 prmdlcarcnt;et
3304 717 3399 783 illo

1821 823 2142 878 intrinsecus
2198 825 2336 893 apud
2395 839 2490 878 eos
2544 823 2905 879 testimonium
2958 821 3267 889 perhibente
3319 819 3390 874 de
3460 880 3462 882 τ

1822 914 2066 977 Christo,
2099 913 2199 983 ipsi
2235 930 2446 984 quoque
2479 912 2846 968 testimonium
2880 912 3252 982 perltiberent,
3301 923 3394 964 Ite—

1823 1020 1926 1073 que
1977 1005 2485 1069 scandalizareatur,
2540 1020 2659 1058 cum
2716 1004 2919 1058 inimici
2961 1001 3135 1081 ξυόωὶ
3194 1001 3395 1070 absque

1826 1099 2113 1169 synagogis
2146 1098 2382 1150 facerent
2410 1112 2504 1151 eos
2525 1137 2540 1163 ,
2573 1104 2628 1149 et
2651 1097 3032 1159 interﬁcerent,
3074 1094 3395 1146 arbitrantes

1828 1190 2141 1259 obsequium
2171 1206 2230 1246 se
2262 1201 2515 1259 praestare
2559 1191 2668 1245 Deo
2689 1231 2703 1254 ,
2735 1190 2986 1258 quoniam
3029 1188 3251 1240 charitas
3282 1201 3394 1238 ont-

1828 1287 1916 1338 nia
1945 1285 2123 1337 tolerat
2147 1328 2159 1351 ,
2194 1299 2310 1350 quae
2339 1283 2676 1337 diffundenda
2707 1292 2821 1336 erat
2853 1283 2905 1335 in
2934 1282 3184 1336 cordibus
3212 1295 3397 1333 eorum

1834 1393 1926 1446 per
1957 1378 2126 1431 sancti
2159 1376 2393 1445 Spiritus
2425 1376 2644 1429 donum.
2694 1375 2827 1430 Hinc
2855 1389 2982 1443 ergo
3014 1375 3114 1427 iste
3145 1381 3285 1427 totus
3316 1372 3395 1425 di-

1832 1470 1970 1522 citur
2002 1482 2194 1522 sensus
2217 1508 2229 1531 ,
2264 1467 2390 1534 quia
2424 1468 2660 1520 facturus
2690 1481 2786 1520 eos
2815 1477 2932 1519 erat
2962 1476 3222 1534 martyres
3250 1477 3400 1526 suos.

1833 1560 1882 1613 id
1915 1567 2033 1623 est,
2068 1567 2232 1613 testes
2261 1573 2386 1611 suos
2419 1572 2513 1625 per
2541 1558 2797 1624 Spiritum
2828 1564 3069 1610 sanctum
3094 1595 3110 1621 ,
3141 1563 3198 1608 ut
3229 1554 3319 1608 illo
3350 1555 3403 1606 in

1834 1649 1911 1701 eis
1942 1658 2217 1715 operante,
2245 1649 2672 1715 persecutionum
2704 1661 3034 1716 quascunque
3063 1660 3250 1714 aspera
3275 1646 3406 1700 tole-

1837 1750 2046 1802 rarent,
2080 1753 2176 1793 nec
2210 1738 2554 1808 frigescetent
2582 1753 2611 1792 a
2641 1739 2902 1793 cliaritate
2935 1735 3288 1808 praedicandi,
3319 1735 3410 1788 illo

135 1834 216 1876 rel
251 1821 434 1891 (Heln.
469 1822 564 1890 xl).
596 1822 703 1876 Sed
729 1836 823 1890 pro
851 1821 958 1875 illis
983 1823 1192 1875 occisus
1215 1820 1498 1888 colligebat
1519 1835 1614 1875 eos
1642 1819 1729 1888 qui
1763 1808 1808 1865 Β
1838 1828 2018 1882 divino
2051 1829 2170 1896 igne
2198 1831 2460 1882 succensi.
2495 1829 2618 1882 "rec
2648 1841 2814 1882 autem
2842 1829 2977 1881 vobis
3018 1827 3079 1879 ab
3124 1826 3270 1879 initio
3309 1841 3411 1879 non

131 1913 200 1967 de
231 1913 316 1965 his
345 1913 566 1977 futuris,
592 1923 877 1981 antequam
901 1911 1258 1974 occideretur,
1284 1911 1594 1963 inStruserit
1615 1925 1728 1974 eos,

136 2021 203 2059 ne
231 2006 456 2070 ignaros
484 2015 647 2072 atque
676 2005 965 2074 imparatos
987 2006 1194 2058 animos
1225 2004 1360 2056 mala
1391 2003 1660 2071 inopinata
1683 2013 1734 2056 et

133 2097 455 2165 improvisa,
479 2097 718 2164 quamvis
743 2099 848 2149 cito
867 2093 1148 2149 transitura
1176 2094 1578 2158 turbarent,sed
1602 2107 1736 2162 pra--

137 2189 357 2257 cognita
388 2199 441 2240 et
477 2188 738 2254 patienter
765 2195 982 2254 accepta
1012 2185 1078 2238 ad
1108 2185 1241 2238 bona
1265 2185 1587 2252 sempiterna
1618 2198 1735 2252 per-

140 2279 431 2333 ducerent.
482 2279 629 2331 llanc
657 2279 798 2331 enim
831 2277 994 2330 fuisse
1023 2293 1238 2330 causam
1267 2289 1321 2329 ut
1352 2276 1466 2331 [nec
1493 2277 1568 2329 eis
1599 2291 1735 2344 prte—

137 2370 424 2423 uuntiaret
447 2412 464 2432 ,
497 2372 659 2425 etiam
692 2372 804 2440 ipse
833 2373 1258 2436 demonstravit,
1290 2373 1585 2442 adjnngeus
1615 2387 1629 2425 :

212 2457 328 2512 Sed
358 2462 467 2512 hazc
499 2463 698 2514 locutus
745 2479 859 2515 sunt
909 2463 1074 2525 vobis,
1123 2473 1177 2515 ut
1225 2478 1340 2514 cum
1387 2464 1574 2516 uenerit
1613 2461 1738 2514 liora

138 2563 342 2610 eorum,
376 2549 781 2604 reminiscamini
810 2554 933 2618 quia
964 2569 1059 2623 ego
1112 2553 1224 2606 dixi
1255 2552 1414 2606 vobis.
1466 2552 1601 2605 liora
1643 2566 1739 2605 e0-

141 2653 289 2700 rum,
345 2640 479 2692 hera
530 2643 836 2704 tenebrosa,
892 2641 1021 2695 ltnra
1057 2651 1341 2696 meturna.
1393 2640 1497 2696 Sed
1551 2641 1605 2693 in
1658 2640 1742 2693 die

144 2726 418 2780 mandavit
471 2727 723 2782 Dominus
757 2731 1165 2786 misericordiam
1191 2747 1339 2784 suam
1380 2730 1555 2799 (Pral.
1603 2728 1735 2798 xu),

142 2824 196 2868 et
235 2828 401 2870 nocte
432 2817 748 2882 declaravit,
779 2820 991 2887 quando
1022 2837 1126 2874 nox
1155 2820 1488 2885 Iudaeorum,
1520 2834 1738 2889 separa-

145 2916 257 2956 tum
292 2920 321 2957 a
350 2922 413 2960 se
443 2906 585 2960 diem
613 2909 1036 2963 Christianorum
1082 2910 1135 2963 in
1165 2911 1253 2964 illa
1282 2911 1595 2964 confusione
1628 2909 1740 2964 fus-

142 2996 312 3059 cavit,
339 3006 395 3050 et
423 2998 634 3065 quando
665 3014 882 3054 carnem
913 3000 1160 3056 occidere
1186 3001 1377 3070 potuit,
1401 3001 1560 3055 fidem
1592 3011 1742 3055 tene-

147 3088 310 3142 brare
345 3104 453 3143 non
489 3093 678 3157 potuit.

220 3177 356 3232 Hau:
381 3193 553 3234 autent
597 3184 732 3238 vobis
762 3186 824 3238 ab
853 3186 997 3241 initio
1029 3203 1128 3242 non
1155 3189 1288 3253 dimi,
1337 3191 1457 3260 quia
1486 3191 1741 3245 vobiscum

145 3287 325 3337 nant;
372 3291 510 3328 nunc
552 3287 722 3330 autent
749 3280 879 3332 uado
908 3281 974 3333 ad
1018 3297 1152 3346 eum,
1185 3283 1274 3351 qui
1306 3300 1383 3335 me
1428 3286 1585 3338 misit.
1643 3283 1743 3340 Ubi

149 3366 390 3433 primum
414 3368 697 3422 videndum
717 3381 797 3424 est
820 3383 996 3425 utrum
1018 3374 1097 3426 eis
1115 3374 1320 3428 futuras
1351 3391 1456 3428 non
1482 3376 1742 3444 prredixe-

150 3455 219 3542 rit
252 3465 381 3510 ante
404 3460 700 3524 passiones.
728 3458 834 3514 Sed
854 3462 939 3515 alii
960 3471 1070 3516 tres
1091 3465 1435 3531 evangelista
1458 3466 1590 3520 satis
1620 3480 1742 3537 eum

154 3546 475 3612 praedixisse
505 3549 604 3600 ista
632 3549 1006 3606 demonstrant
1035 3563 1319 3623 antequam
1353 3567 1567 3610 ventum
1596 3567 1743 3612 esset

150 3636 220 3689 ad
271 3651 504 3702 canam,
554 3653 655 3708 qua
707 3640 937 3708 perfecta
991 3647 1284 3698 secundum
1331 3646 1592 3701 Joannem
1643 3648 1741 3700 ista

153 3728 366 3782 locutus
407 3739 510 3794 est,
547 3730 631 3783 ubi
674 3731 748 3785 ait
776 3749 788 3784 :
824 3732 954 3787 Haec
983 3745 1154 3788 autem
1182 3739 1321 3789 vobis
1350 3739 1413 3790 ab
1446 3738 1596 3791 initio
1642 3754 1743 3792 non

152 3819 267 3870 dixi
297 3821 423 3886 quia
450 3821 703 3873 vobiscum
747 3839 908 3876 eram.
957 3825 1034 3878 An
1065 3826 1199 3879 forte
1232 3826 1356 3880 hinc
1392 3829 1488 3880 ista
1519 3829 1743 3884 solvitur

156 3911 412 3975 quaestio,
440 3914 558 3979 quia
591 3923 640 3965 et
665 3912 738 3966 illi
780 3930 900 3968 eum
931 3926 1149 3969 narrant
1176 3919 1407 3985 passioni
1437 3921 1740 3986 proximum

159 3999 352 4061 fuisse.
386 4017 506 4054 cum
542 4002 652 4056 lta'c
681 4005 924 4058 diceret?
955 4006 1067 4059 Non
1097 4021 1226 4073 ergo
1250 4008 1317 4060 ab
1349 4009 1501 4060 initio
1531 4011 1743 4074 quando

156 4104 280 4142 cum
320 4091 431 4144 illis
460 4102 591 4153 erat,
623 4095 713 4162 qui
756 4095 866 4161 jam
900 4095 1252 4160 discessurus,
1281 4095 1506 4168 jamque
1551 4101 1614 4153 ad
1650 4101 1744 4154 Pa-

160 4189 296 4231 trem
329 4190 671 4247 perrecturus
700 4184 813 4236 lucc
837 4184 998 4250 dixit;
1032 4194 1086 4238 et
1116 4185 1234 4240 ideo
1263 4186 1424 4240 etiam
1449 4189 1742 4247 secundum

162 4269 282 4321 illos
328 4270 690 4336 evangelistas
733 4286 913 4325 verum
951 4273 1051 4327 hoc
1080 4286 1183 4338 est,
1234 4276 1372 4344 quod
1426 4278 1512 4331 hic
1541 4279 1741 4336 dictum

157 4371 242 4410 est
277 4374 291 4410 :
324 4355 456 4410 Hinc
485 4367 652 4410 autem
682 4359 816 4414 vobis
862 4363 922 4412 ab
953 4363 1096 4415 initio
1148 4381 1248 4417 non
1277 4366 1411 4420 dixi.
1467 4366 1571 4423 Sed
1615 4371 1739 4438 quid

1840 1920 1978 1983 dixi,
2026 1921 2147 1987 quia
2191 1919 2445 1972 vobiscum
2490 1935 2662 1983 erant,
2711 1931 2765 1974 et
2809 1934 2908 1988 ego
2966 1934 3059 1972 vos
3101 1917 3416 1972 consolabar

1842 2026 1956 2062 mea
2009 2011 2294 2078 pra'sentia
2339 2011 2599 2078 corporali
2628 2010 2864 2064 exhibita
2899 2010 3141 2064 humanis
3170 2010 3415 2065 sensibus

1841 2100 2036 2155 vestris
2058 2141 2072 2165 ,
2105 2115 2261 2168 quam
2296 2103 2498 2170 parvuli
2531 2116 2722 2167 capere
2752 2102 3027 2169 poteratis.
3066 2098 3218 2154 Nunc
3246 2108 3416 2152 autem

1840 2190 1969 2243 vado
1996 2191 2063 2242 ad
2091 2206 2201 2243 eum
2245 2194 2331 2260 qui
2372 2208 2450 2244 me
2481 2192 2642 2255 misit,
2675 2200 2720 2243 et
2749 2207 2928 2254 nemo,
2959 2190 3160 2259 inquit,
3191 2205 3253 2243 ea:
3279 2193 3418 2244 vobis

1840 2280 2120 2349 interrogat
2150 2296 2230 2332 me
2261 2296 2279 2333 :
2314 2279 2426 2346 Quo
2457 2281 2599 2333 uadis
2624 2281 2646 2334 7
2676 2280 2951 2351 Signiﬁcat
2978 2281 3056 2333 sic
3087 2295 3146 2334 se
3185 2281 3377 2334 iturum
3406 2321 3419 2345 ,

1844 2380 1904 2426 ut
1937 2373 2115 2428 nullus
2143 2373 2497 2443 interrogaret
2522 2375 2661 2439 quod
2693 2374 2864 2442 palam
2892 2373 3006 2427 fieri
3039 2374 3152 2427 visu
3180 2373 3420 2441 corporis

1841 2474 2107 2520 cerneret.
2163 2465 2292 2519 Nam
2341 2468 2588 2534 superius
2638 2466 3097 2534 interrogaveram
3146 2481 3267 2521 eum
3314 2482 3421 2534 quo

1841 2566 1984 2612 esset
2015 2555 2214 2620 iturus,
2249 2566 2303 2611 et
2328 2557 2683 2623 responderat
2733 2558 2810 2610 eis
2871 2571 2936 2610 eo
2989 2571 3048 2615 se
3087 2557 3280 2609 iturum
3312 2571 3416 2621 quo

1843 2648 1944 2718 ipsi
1972 2659 2097 2702 tunc
2127 2648 2307 2703 venire
2334 2664 2436 2702 non
2463 2657 2697 2717 possent.
2727 2648 2875 2703 Nunc
2903 2665 3026 2702 vero
3053 2649 3121 2701 ita
3153 2649 3266 2717 ipse
3294 2663 3417 2718 pro-

1842 2737 2002 2792 mittit
2033 2740 2264 2805 iturum,
2295 2749 2350 2792 ut
2380 2739 2552 2794 nullus
2581 2755 2764 2794 eorum
2796 2755 2901 2806 quo
2931 2740 3075 2793 vadit
3105 2741 3417 2808 interroget.

1843 2829 2024 2885 Nubes
2057 2831 2199 2884 enim
2234 2832 2469 2897 suscepit
2498 2845 2620 2885 eum
2651 2873 2667 2897 ,
2699 2829 2912 2898 quando
2945 2829 3180 2883 ascendit
3207 2829 3274 2881 ab
3304 2829 3380 2881 eis
3403 2869 3416 2890 ,

1844 2931 1896 2974 et
1943 2926 2159 2975 euntem’
2208 2921 2261 2975 iu
2307 2922 2498 2976 cmlum
2523 2963 2538 2986 ,
2573 2935 2678 2973 non
2724 2919 2897 2974 verbis
2925 2919 3287 2988 qomsierunt,
3319 2919 3415 2972 sed

1846 3009 2016 3064 oculis
2048 3009 2381 3064 deduxerunt
2411 3011 2430 3081 (
2458 3011 2573 3063 Act.
2605 3025 2617 3062 ι
2647 3010 2687 3076 ).

1765 3134 1813 3195 C
1921 3099 2024 3154 Sed
2062 3101 2179 3170 quia
2220 3101 2330 3154 hinc
2371 3100 2567 3153 loculus
2613 3116 2724 3152 sum
2765 3100 2934 3163 vobis,
2969 3099 3167 3169 inquit,
3214 3100 3416 3155 tri-tilia

1848 3191 2070 3260 impleuit
2115 3207 2201 3244 cor
2244 3203 2485 3245 vestrum.
2532 3190 2755 3244 Videbat
2798 3191 2974 3258 itaque
3019 3193 3142 3261 quid
3191 3194 3273 3246 illa
3319 3206 3416 3246 sua

1848 3281 2014 3335 verba
2040 3283 2090 3333 in
2116 3296 2297 3334 eorum
2324 3280 2574 3334 cordibus
2598 3290 2832 3349 agerent.
2859 3282 3198 3350 Spiritnalem
3225 3281 3417 3352 quippe

1849 3373 2089 3428 nondum
2122 3374 2381 3427 habentes
2410 3374 2631 3426 interius
2658 3373 3073 3428 conscilationent
3099 3416 3112 3435 ,
3137 3390 3291 3442 quam
3325 3390 3422 3444 per

1847 3461 2107 3530 Spiritum
2140 3472 2382 3515 sanctum
2417 3463 2621 3515 fuerant
2648 3461 2913 3525 habituri,
2941 3462 2991 3515 id
3021 3462 3158 3529 quod
3183 3465 3419 3518 exterius

1847 3557 1898 3610 in
1928 3556 2146 3610 Christo
2179 3556 2462 3622 videbant,
2492 3555 2654 3608 amitto
2678 3571 2734 3608 re
2752 3557 3104 3620 metuebant;
3135 3566 3188 3609 et
3216 3557 3335 3624 quia
3357 3569 3415 3610 se

1847 3649 2137 3702 amissuros
2171 3662 2320 3710 esse,
2355 3647 2444 3700 illo
2478 3662 2597 3700 vera
2629 3646 3005 3714 denuntiante,
3039 3647 3284 3701 dubitare
3313 3664 3418 3702 non

1850 3746 2115 3806 poterant,
2144 3738 2555 3791 contristabatur
2586 3739 2846 3791 humanus
2877 3737 3115 3798 affectus,
3151 3741 3271 3806 quia
3307 3756 3417 3795 car-

1852 3829 1935 3883 nis
1982 3829 2327 3884 desolabatur
2371 3843 2639 3897 aspecms.
2686 3830 2912 3884 Noverat
2958 3843 3132 3885 autem
3167 3833 3255 3886 ille
3296 3831 3422 3900 quid

1847 3922 1924 3975 eis
1973 3921 2147 3987 petius
2197 3921 2504 3989 expediret,
2555 3922 2676 3989 quia
2729 3923 2873 3975 visus
2920 3925 3140 3976 interior
3186 3928 3298 3991 ipse
3342 3935 3427 3979 est

1852 4012 2037 4079 utique
2086 4011 2296 4075 melior,
2331 4027 2440 4079 quo
2470 4026 2563 4064 eos
2594 4012 2964 4065 consolaturus
2996 4011 3166 4066 fuerat
3195 4014 3423 4079 Spir;tus

1846 4111 2084 4165 sanctus,
2117 4117 2222 4155 non
2258 4102 2589 4155 cernentium
2619 4102 2930 4169 corporibus
2961 4103 3262 4169 iuge~turus
3292 4119 3412 4158 cor-

1850 4206 1947 4258 pus
1979 4192 2271 4243 ltumanum
2298 4231 2312 4255 ,
2346 4191 2438 4242 sed
2470 4191 2700 4258 seipsum
2735 4194 3065 4246 credentium
3117 4196 3418 4262 pectoribus

1847 4282 2140 4336 infusurus.
2181 4283 2419 4350 Denique
2450 4284 2728 4351 adjungit:

1919 4373 2022 4426 Sed
2054 4389 2143 4442 ego
2176 4375 2431 4426 ceritatem
2460 4376 2569 4426 dico
2597 4376 2737 4426 vobis
2765 4391 2780 4427 :
2829 4373 3047 4439 Expedit
3079 4377 3215 4428 vobis
3245 4386 3297 4429 ut
3327 4394 3420 4446 ego

159 4447 370 4514 agimus
411 4448 478 4500 de
509 4447 611 4500 (ide
642 4447 910 4517 Evangelii
942 4453 1230 4504 secundum
1276 4454 1602 4522 Maltbmum,
1651 4459 1737 4526 qui
1773 4485 1823 4543 Β
1850 4461 2051 4514 cadant.
2083 4463 2144 4514 Si
2172 4464 2304 4514 enim
2337 4480 2437 4515 non
2466 4465 2666 4531 abiero,
2701 4465 3001 4519 Poraclctus
3033 4485 3132 4520 non
3164 4471 3320 4521 certiet
3349 4471 3417 4521 ad

161 4540 278 4589 bare
307 4537 387 4590 eis
417 4553 445 4585 a
477 4538 699 4590 υυιιιίηο
730 4555 833 4591 nou
863 4541 1033 4593 solum
1067 4557 1184 4595 cum
1210 4542 1319 4611 jam
1353 4555 1495 4599 esset
1517 4546 1739 4612 Pascha,

159 4644 284 4680 cum
330 4628 607 4693 discipulis
647 4640 954 4682 cmnaturus
997 4632 1306 4688 imminente
1355 4638 1624 4703 passione,
1657 4654 1745 4693 ve.

161 4735 279 4771 rum
313 4730 367 4771 et
392 4720 459 4770 ab
491 4719 641 4771 initio
690 4722 1000 4775 denuntiata
1033 4738 1154 4777 esse
1196 4736 1605 4791 commemorat,
1655 4732 1741 4784 ubi

164 4809 402 4872 primum
432 4812 743 4862 nominatim
771 4811 1051 4865 duodecim
1079 4815 1450 4881 exprimuntur
1477 4820 1742 4887 apostoli,

162 4908 217 4950 ct
244 4901 311 4948 ad
344 4913 508 4962 opera
538 4897 717 4951 divina
748 4901 1076 4955 mittuntur?
1116 4904 1250 4969 Quid
1291 4906 1396 4958 sibi
1438 4922 1568 4976 ergo
1598 4909 1741 4975 vult,

161 4986 306 5052 quod
345 4988 432 5039 hic
471 4988 542 5038 ait
576 5028 588 5050 ,
634 4985 756 5042 llwc
801 4999 968 5042 autem
1009 4992 1146 5044 vobis
1185 4995 1245 5044 ab
1272 4995 1420 5047 initio
1458 5013 1558 5049 non
1600 4999 1741 5062 dixi,

161 5077 282 5142 quia
319 5077 574 5127 vobiscum
603 5080 789 5132 erant?
818 5081 919 5133 nis.
964 5081 1082 5148 quia
1125 5091 1178 5134 et
1213 5098 1271 5135 ea
1313 5098 1429 5153 quas
1471 5085 1555 5140 hic
1622 5088 1748 5142 dicit

164 5164 233 5216 de
264 5163 471 5230 Spiritu
504 5178 724 5233 saneto,
755 5169 894 5234 quod
939 5171 1008 5222 sit
1039 5180 1290 5226 venturus
1321 5175 1383 5227 ad
1416 5191 1508 5230 eos
1531 5219 1543 5242 ,
1578 5188 1629 5232 et
1663 5191 1744 5235 te-

167 5253 483 5310 stimonium
536 5259 926 5325 perbibiturus,
981 5263 1191 5328 quando
1240 5265 1310 5318 illi
1357 5268 1493 5320 mala
1542 5273 1744 5338 passuri

165 5360 322 5410 sunt,
378 5347 492 5400 haec
541 5351 617 5402 eis
664 5350 730 5403 ab
775 5349 926 5403 initio
959 5367 1060 5404 non
1091 5354 1259 5418 dixit,
1292 5356 1412 5425 quia
1453 5373 1572 5411 cum
1619 5363 1746 5428 ipsis

163 5450 299 5493 erat.
338 5442 655 5496 Consolator
685 5457 812 5511 ergo
841 5443 965 5506 ilic,
1000 5446 1081 5499 vel
1116 5447 1404 5502 advocatus
1438 5452 1744 5520 (utrumque

163 5536 308 5588 enim
357 5537 759 5601 interpretatur,
808 5540 947 5608 quod
993 5549 1074 5594 est
1121 5542 1305 5596 Graece
1354 5545 1738 5617 παράκλητος),

161 5625 377 5679 (πιτὶειο
435 5627 756 5683 abscedente
789 5630 958 5685 fuerat
1009 5635 1379 5699 necessarius;
1429 5645 1482 5689 et
1529 5636 1647 5692 ideo
1676 5638 1742 5693 de

164 5717 249 5772 iflo
284 5732 391 5772 uolt
424 5718 632 5772 diverat
662 5721 725 5775 ab
772 5721 956 5781 initio,
1003 5724 1213 5790 quando
1256 5740 1374 5781 cum
1425 5726 1528 5781 illis
1577 5740 1686 5783 erat
1722 5775 1732 5797 ,

1846 4565 1950 4602 vos.
2003 4550 2060 4602 δέ
2106 4561 2275 4603 autem
2307 4552 2474 4604 abiero
2496 4597 2508 4618 ,
2544 4555 2740 4605 mittam
2768 4572 2880 4606 eum
2912 4557 2977 4606 ad
3008 4574 3110 4611 t'os.
3146 4559 3419 4625 'l‘anquant

1845 4639 2050 4693 diceret
2078 4659 2088 4693 :
2123 4641 2347 4707 EXpCtiil
2379 4643 2523 4692 vobis
2553 4653 2607 4694 ιιι
2638 4643 2748 4695 bmc
2782 4643 2947 4696 forma
2979 4647 3118 4699 servi
3150 4646 3420 4701 auferatur

1846 4744 1875 4784 a
1911 4731 2078 4785 vobis.
2116 4735 2249 4783 tiaro
2279 4733 2490 4797 quidem
2528 4733 2722 4787 factum
2759 4735 2984 4789 \‘erbnrn
3022 4739 3203 4790 habito
3247 4741 3297 4792 in
3330 4757 3422 4792 vo-

1848 4821 1928 4873 bis
1956 4861 1968 4884 ,
2001 4821 2093 4873 Sed
2127 4823 2249 4874 nolo
2281 4824 2456 4875 adhuc
2490 4840 2574 4877 me
2604 4826 2887 4879 carnaliter
2925 4826 3187 4895 diligatis,
3231 4838 3282 4882 et
3323 4830 3424 4884 isto

1849 4913 1983 4964 lacte.
2014 4914 2246 4965 cootenti
2275 4955 2289 4978 ,
2320 4929 2532 4981 semper
2565 4916 2789 4968 infantes
2820 4931 2938 4970 esse
2969 4920 3216 4987 cupiatis.
3256 4921 3424 4991 Expe-

1847 4999 1920 5050 dit
1947 5001 2083 5052 vobis
2109 5010 2162 5051 ut
2193 5019 2282 5069 ego
2314 5005 2531 5068 cadam;
2561 5005 2602 5056 si
2635 5007 2764 5057 enim
2792 5024 2890 5059 non
2917 5009 3106 5076 abiero,
3127 5008 3422 5066 I’aracletut

1853 5107 1952 5144 non
1997 5096 2154 5146 veniet
2199 5098 2264 5147 od
2310 5113 2416 5148 vis.
2468 5098 2522 5151 Si
2571 5100 2822 5173 alimenta
2865 5112 3078 5170 tenera,
3113 5105 3300 5172 qmbus
3332 5122 3424 5160 vos

1848 5183 1994 5245 alui,
2052 5201 2152 5237 non
2203 5187 2550 5253 sulnraxero,
2601 5190 2831 5244 soiidum
2879 5194 3056 5246 cubum
3105 5211 3279 5248 meum
3313 5214 3415 5251 non

1848 5279 2114 5330 esurictis.
2149 5278 2206 5332 Si
2253 5282 2534 5334 carnaliter
2585 5284 2874 5347 laessi-itis,
2924 5300 3147 5353 capaces
3193 5288 3421 5356 Spiritus

1848 5385 1952 5424 non
1985 5371 2154 5424 eritis.
2190 5371 2316 5425 Nam
2347 5373 2469 5440 quid
2502 5383 2580 5426 est
2613 5393 2622 5426 ε
2659 5374 2718 5430 Si
2752 5393 2851 5428 non
2883 5378 3082 5442 abiero,
3120 5379 3415 5435 I’arucletus

1848 5475 1947 5512 non
1992 5462 2154 5514 veniet
2198 5463 2265 5513 ad
2312 5479 2396 5516 vos
2418 5463 2443 5515 ?
2489 5463 2730 5532 Nunquid
2766 5465 2847 5518 hic
2879 5469 3087 5534 positus
3109 5510 3122 5532 ,
3155 5485 3274 5523 eum
3308 5486 3413 5525 non

1848 5561 2047 5619 poterat
2082 5553 2329 5608 mittere?
2361 5556 2485 5620 Quis
2517 5557 2614 5609 hoc
2645 5557 2877 5611 dixerit?
2904 5558 3085 5625 Neque
3115 5561 3289 5624 enim,
3324 5564 3411 5616 ubi

1848 5642 1937 5695 ille
1967 5653 2080 5695 erat
2108 5684 2120 5708 ,
2154 5647 2250 5698 iste
2297 5646 2418 5702 inde
2451 5657 2780 5714 recesserat,
2814 5660 2866 5702 et
2895 5650 2970 5701 sic
2997 5658 3219 5704 Venerat
3246 5667 3273 5704 a
3311 5653 3407 5704 Pa-

1847 5741 1954 5795 tt'c,
2015 5744 2068 5785 ut
2128 5747 2362 5790 numeret
2424 5741 2472 5790 in
2536 5739 2704 5792 Patre.
2785 5742 3088 5808 Postremo,
3150 5744 3414 5810 qttmnodu
