3884 6232
511 306 616 372 855

923 311 1125 367 iiEDzE
1173 312 1617 371 VENiCl‘tABlLlS
1656 315 1802 371 OPP.
1850 316 2021 372 PARS
2067 362 2068 366 η

2176 318 2362 375 ΞΕΟΤ.
2398 320 2440 377 1.
2472 351 2541 365 -
2580 323 2966 385 ΕΧΕΟΕΤΙΟΛ
3006 328 3327 387 GENUINA.

3657 336 3763 395 855

518 447 637 485 eum
667 430 824 483 etiam
852 427 937 481 hic
964 427 1279 481 constitutus
1305 442 1407 481 non
1438 437 1642 495 poterat
1670 430 1901 496 mittere,
1925 444 2079 499 quem
2112 434 2157 491 Α
2190 445 2368 516 arguat
2421 440 2676 493 mundum
2724 441 2953 509 Spiritus
3004 452 3253 512 sanctus,
3304 454 3359 500 et
3409 461 3512 501 non
3571 464 3764 520 arguat

514 524 711 576 siitnus
741 536 900 586 super
931 535 1049 575 cum
1099 518 1415 588 baptizatum
1451 520 1694 585 venisse,
1728 528 1885 589 atque
1928 523 2077 575 mari-

511 612 647 665 sisse
681 610 879 680 (Joan.
911 612 1009 674 1.),
1042 611 1148 663 imo
1178 626 1308 664 vero
1337 626 1363 662 a
1397 626 1500 678 quo
1530 612 1760 677 scimus,
1791 628 1910 664 eum
1945 629 2083 666 nun-

508 718 667 772 quam
710 702 1063 771 separabilem
1114 701 1323 755 false?
1373 702 1507 767 Quid
1556 713 1837 772 estergo:
1872 704 1931 759 Si
1979 721 2080 758 non

507 793 681 849 abiero
705 837 718 859 ,
757 794 1052 848 Paracletus
1083 811 1184 848 non
1214 796 1371 847 veniet
1404 795 1470 847 ad
1498 811 1581 847 vos
1608 796 1633 849 .’
1661 797 1759 850 nisi
1788 816 1801 849 :
1838 797 1949 850 Non
1981 812 2077 863 po-

518 886 668 939 testis
698 900 890 954 capcrc
932 886 1185 952 Spir’tum
1219 896 1489 948 sanctum,
1523 887 1752 954 quandiu
1784 888 2074 940 seettndum

508 990 723 1027 carnem
774 989 929 1045 nosse
977 975 1279 1041 persiszetis
1326 974 1643 1031 Chrismtn?
1673 978 1822 1034 Unde
1855 980 1941 1033 ille
1986 979 2073 1047 qui

501 1064 613 1147 jam
678 1076 894 1131 ceperat
936 1066 1132 1133 Spiritu
1169 1085 1182 1120 :
1234 1066 1297 1120 Et
1329 1068 1375 1120 si
1402 1085 1725 1133 not-eramus,
1759 1070 1963 1137 inquit,
1994 1088 2076 1123 sc-

512 1156 728 1207 rundum
759 1172 958 1208 carnem
987 1157 1241 1209 Christum
1261 1198 1276 1224 ,
1306 1160 1394 1212 sed
1422 1176 1554 1212 nunc
1571 1161 1687 1230 jam
1718 1177 1816 1213 non
1845 1163 2073 1213 novimus

510 1245 594 1312 (Il
625 1246 743 1301 Cor.
779 1246 855 1317 ν).
893 1249 1060 1315 Ipsam
1092 1250 1288 1317 quippe
1316 1266 1528 1303 carnem
1563 1252 1757 1305 Christi
1784 1290 1800 1318 ,
1835 1268 1935 1305 non
1964 1253 2069 1318 jam

510 1341 799 1393 secundum
826 1356 1037 1397 carnem
1069 1346 1242 1407 novit,
1269 1346 1355 1413 qui
1384 1345 1610 1399 Verbum
1636 1362 1851 1401 carnem
1878 1347 2069 1402 factum

507 1432 857 1497 spiritualiter
903 1435 1065 1487 novit.
1113 1435 1224 1491 Hoc
1270 1437 1518 1490 nimirum
1564 1439 1866 1507 significare
1907 1442 2073 1494 voluit

510 1524 763 1583 inagister
796 1523 997 1587 bonus,
1029 1523 1253 1578 dicendo
1282 1543 1295 1578 :
1329 1527 1390 1580 Si
1433 1529 1565 1581 enim
1611 1546 1711 1581 non
1740 1532 1931 1596 abiero,
1964 1531 2071 1584 Pa-

500 1616 723 1668 ractetus
755 1631 854 1669 non
888 1618 1044 1670 veniet
1076 1618 1143 1668 ad
1174 1634 1298 1683 vos;
1347 1620 1389 1672 si
1431 1632 1595 1675 autem
1638 1623 1809 1676 abiero
1831 1666 1844 1688 ,
1876 1626 2071 1677 mittant

506 1721 619 1757 eum
650 1708 715 1757 ad
750 1724 852 1759 vos.
888 1707 1099 1760 Christo
1145 1710 1286 1761 enim
1338 1710 1645 1766 discedente
1699 1716 2069 1781 corporaliter,

2188 527 2439 581 mundum
2474 531 2584 592 ipse
2613 531 2890 597 Christus,
2923 549 3042 588 cum
3074 538 3266 589 clamet
3312 540 3604 605 Apostolus
3634 558 3647 592 :
3682 545 3765 595 An

2185 616 2333 669 vultis
2362 620 2756 685 experimentum
2785 625 3017 692 accipere
3048 628 3157 690 ejus
3184 629 3271 695 qui
3311 628 3363 680 in
3413 645 3489 682 me
3534 630 3767 699 loquitur

2185 707 2414 761 Christus
2448 708 2538 778 (il
2563 709 2682 765 Cor.
2710 714 2879 783 Mli)?
2921 716 3065 783 Quos
3098 717 3274 786 itaque
3304 718 3474 787 arguit
3503 730 3549 772 cl
3586 719 3767 788 Spiri—

2185 807 2267 851 tus
2282 811 2515 867 sanctus,
2537 803 2710 870 arguit
2734 805 2913 873 utique
2930 803 3199 861 Chi-isms.
3220 807 3323 863 Sed
3341 818 3593 876 quantum
3623 812 3760 863 mihi

2183 888 2408 954 videtur,
2437 891 2555 957 quia
2588 907 2681 957 per
2707 893 2961 961 Spiritum
2993 909 3231 951 sanctum
3264 898 3607 953 diffundcnda
3640 912 3766 954 erat

2180 978 2412 1031 charitas
2442 980 2493 1032 in
2539 982 2784 1035 cordibus
2818 998 3002 1037 eorum
3024 1024 3039 1049 ,
3072 1002 3191 1054 quae
3225 989 3364 1041 foras
3397 990 3552 1042 mittit
3592 990 3759 1042 timo-

2182 1082 2316 1132 rem,
2343 1084 2445 1134 quo
2472 1071 2715 1136 impediri
2748 1082 2984 1140 possent,
3010 1090 3077 1129 ne
3105 1092 3326 1143 arguere
3358 1080 3633 1142 mundum,
3665 1081 3759 1149 qui

2181 1160 2637 1225 persecutionibus
2661 1163 2937 1228 fremebat,
2961 1166 3237 1230 auderent,
3264 1180 3541 1239 propterea
3570 1174 3712 1227 dixit
3741 1195 3756 1229 :

2179 1245 2278 1300 Ille
2299 1258 2473 1317 arguet
2500 1250 2765 1319 mundum,
2801 1263 3046 1321 tauquam
3079 1255 3279 1310 diceret
3313 1276 3324 1310 :
3359 1260 3449 1313 Ille
3492 1260 3761 1318 diﬂundet

2179 1338 2230 1391 iu
2265 1339 2455 1394 vestris
2485 1343 2736 1398 cordibus
2766 1345 3103 1401 cliaritatem.
3150 1346 3241 1402 Sic
3267 1350 3406 1402 enim
3445 1353 3637 1407 tinrore
3665 1354 3763 1409 de-

2184 1432 2375 1497 pulso,
2405 1434 2658 1501 arguendi
2707 1436 2966 1490 habebitis
3010 1439 3330 1494 libertatein.
3378 1442 3531 1509 Stepe
3572 1456 3760 1499 autem

2179 1522 2408 1577 diximus
2438 1525 2810 1593 inseparaliilia
2843 1543 2959 1580 esse
2988 1544 3144 1595 opera
3170 1530 3460 1596 Trinitatis,
3483 1532 3572 1585 sed
3601 1535 3761 1601 sigil-

2178 1613 2323 1668 latim
2358 1617 2803 1671 commendandus
2837 1619 2998 1673 fuisse
3030 1636 3313 1688 personas,
3347 1632 3403 1675 ut
3434 1638 3537 1677 non
3567 1625 3752 1679 solum

2180 1706 2295 1758 sine
2339 1710 2706 1773 separatione,
2757 1725 2938 1763 verum
2984 1711 3145 1765 etiam
3189 1715 3304 1767 sine
3352 1713 3671 1770 confusione
3702 1730 3760 1773 et

506 1812 610 1849 non
645 1799 812 1852 solum
847 1798 1078 1867 Spiritus
1110 1812 1323 1855 sanctus
1349 1848 1361 1869 ,
1395 1804 1486 1857 sed
1519 1816 1572 1858 et
1604 1805 1759 1859 Pater
1804 1815 1858 1859 et
1903 1807 2068 1860 Filius

2179 1796 2347 1848 unitas
2382 1796 2720 1866 intelligatur,
2754 1810 2807 1853 et
2839 1800 3091 1856 Trinitas.

502 1889 607 1943 illis
634 1889 800 1945 adfuit
830 1893 1198 1959 spiritualiter.
1234 1893 1363 1947 Nam
1395 1897 1437 1948 si
1470 1896 1534 1950 ab
1565 1896 1642 1950 eis
1689 1898 1767 1951 sit:
1814 1897 2074 1952 abscessit

503 1980 778 2045 Christus,
816 1994 871 2035 ut
904 1999 997 2052 pro
1044 1985 1172 2049 illo,
1220 2002 1323 2039 non
1367 2002 1484 2040 Cum
1532 1988 1620 2041 illo
1663 1996 1806 2041 esset
1849 1989 2075 2055 Spiritus

508 2082 749 2137 sanctus,
777 2073 866 2126 ubi
920 2084 999 2127 est
1028 2078 1143 2142 ejus
1177 2075 1481 2144 promissio,
1532 2078 1756 2132 dicentis
1786 2095 1796 2129 :
1832 2076 1961 2131 Ecce
1986 2093 2072 2131 vo-

500 2162 690 2214 biscum
733 2181 846 2216 sum
872 2182 1028 2234 usque
1049 2168 1101 2219 in
1126 2170 1606 2222 consummationem
1635 2170 1808 2223 saeculi
1839 2170 1855 2238 (
1886 2168 2071 2222 Matth.

502 2258 704 2323 xxvru)
734 2258 756 2308 ?
782 2266 866 2311 et:
909 2257 1173 2311 Veniamus
1208 2262 1277 2312 ad
1308 2278 1420 2313 cum
1451 2277 1540 2330 ego
1570 2274 1616 2315 et
1647 2260 1823 2324 Pater,
1856 2270 1902 2313 et
1931 2278 2075 2313 man-

499 2348 688 2399 sionem
717 2350 853 2415 apud
884 2366 993 2401 eum
1036 2351 1281 2416 faciemus
1308 2351 1506 2421 (Joau.
1543 2365 1635 2404 xw
1664 2352 1724 2421 )?
1751 2366 1870 2405 cum
1905 2351 2075 2420 Spiri-

502 2446 612 2487 tum
663 2450 901 2490 sanctutu
935 2440 1001 2492 ita
1036 2457 1092 2491 se
1125 2443 1430 2508 promiserit
1478 2456 1595 2497 esse
1642 2443 1968 2509 missurum,
2020 2454 2075 2497 ut

499 2544 618 2579 Clllll
655 2530 729 2581 eis
762 2544 901 2582 esset
937 2530 985 2582 in
1018 2540 1277 2593 internum
1309 2548 1324 2598 ;
1360 2548 1419 2586 ac
1454 2549 1544 2601 per
1576 2534 1675 2587 hoc
1705 2552 1821 2589 cum
1854 2552 1917 2589 ex
1960 2552 2073 2589 car-

502 2617 712 2670 nalibus
770 2621 847 2671 vel
904 2622 1223 2675 animalibus
1272 2634 1453 2676 essent
1506 2624 1814 2691 spirituales
1866 2616 2069 2692 Tuturi,

506 2710 742 2775 profecto
792 2722 839 2763 et
874 2712 1083 2767 Patrem
1116 2726 1167 2766 et
1198 2714 1386 2769 Filium
1436 2724 1491 2771 et
1531 2717 1785 2785 Spiritum
1832 2730 2069 2775 sanctum

501 2800 749 2867 capacius
787 2801 991 2855 fuerant
1028 2803 1275 2856 habituri.
1309 2806 1364 2859 In
1410 2808 1554 2861 nullo
1598 2824 1725 2878 ergo
1775 2810 2073 2864 credendus

499 2900 579 2941 est
608 2905 727 2943 esse
762 2890 917 2944 Pater
945 2893 1061 2944 sine
1095 2892 1227 2946 Filio
1275 2904 1326 2948 et
1372 2896 1568 2963 Spiritu
1599 2906 1784 2951 sancto
1812 2915 1824 2963 ;
1857 2899 1948 2952 sed
1984 2900 2071 2953 ulti

504 2996 688 3033 eorum
738 2981 954 3045 quilibet
1004 2998 1177 3049 unus,
1232 2984 1301 3038 ili
1346 2987 1576 3039 Trinitas
1625 2988 1760 3041 Deus
1803 2998 1884 3041 est
1915 3004 2068 3042 unus.

500 3072 791 3136 Oportebat
817 3084 993 3125 autem
1028 3072 1094 3125 ita
1128 3074 1380 3129 insinuari
1416 3076 1760 3144 Trinitatem,
1793 3086 1851 3132 ut
1881 3095 2064 3147 quam-

506 3163 584 3215 \‘is
619 3162 763 3215 nulla
794 3172 938 3217 esset
969 3162 1250 3217 diversitas
1292 3165 1707 3220 substantiarum
1730 3206 1746 3231 ,
1793 3169 2063 3236 sigillatim

504 3264 678 3308 tamen
712 3255 1181 3309 commendaretur
1207 3256 1477 3310 distinctio
1509 3272 1874 3325 tersonarum.

569 3344 636 3398 Et
665 3363 777 3401 cum
809 3348 994 3400 venerit
1026 3348 1112 3402 ille
1131 3389 1143 3411 ,
1176 3358 1354 3417 arguet
1383 3352 1623 3403 mundum
1656 3351 1718 3404 de
1744 3362 1948 3421 peccato
1973 3393 1987 3417 ,
2021 3362 2068 3406 et

499 3438 561 3491 de
579 3437 784 3509 justitia
805 3479 819 3502 ,
850 3448 893 3489 et
922 3440 982 3491 de
1001 3440 1220 3507 judicio.
1250 3440 1383 3505 Quid
1413 3449 1494 3494 est
1526 3442 1668 3494 hoc?
1695 3442 2065 3510 Nunquidnam

506 3530 760 3584 Dominus
792 3529 1043 3589 Christus
1065 3547 1166 3584 non
1196 3533 1369 3601 arguit
1398 3534 1648 3585 mundum
1695 3534 1761 3587 de
1809 3547 2026 3604 peccato
2049 3578 2063 3599 ,

498 3640 618 3677 cum
661 3629 773 3679 ait:
811 3626 871 3678 Si
914 3643 1012 3678 non
1058 3627 1335 3693 venissem,
1384 3637 1430 3681 et
1461 3630 1655 3681 locutus
1697 3629 1770 3681 eis
1816 3629 2064 3695 fuissem,

496 3727 755 3780 peccatum
784 3732 879 3769 non
908 3716 1141 3769 haberent
1168 3733 1186 3779 ;
1214 3734 1347 3771 nunc
1370 3730 1540 3772 autem
1565 3721 1939 3773 excusationem
1968 3737 2067 3774 non

492 3804 676 3860 habent
704 3809 764 3861 de
791 3820 996 3875 peccato
1025 3825 1116 3861 suo
1171 3808 1351 3880 (Joan.
1388 3809 1482 3879 xv)
1509 3811 1531 3862 7
1561 3810 1663 3865 Sed
1694 3828 1758 3865 ne
1788 3811 1921 3866 forte
1950 3814 2067 3881 quis

498 3898 643 3954 dicat
675 3898 770 3951 hoc
799 3899 861 3951 ad
894 3898 1108 3953 Judceos
1138 3900 1351 3968 proprie
1382 3902 1667 3967 pertinere,
1698 3917 1801 3955 non
1831 3903 1892 3954 ad
1918 3918 2066 3956 mun-

494 3989 620 4041 dum
644 4028 657 4051 ,
689 4004 860 4042 nonne
891 3992 963 4041 ait
993 3990 1094 4042 alio
1127 3991 1275 4044 loco:
1306 3991 1365 4045 Si
1394 3992 1454 4044 de
1485 3994 1675 4045 munzlo
1705 3994 1895 4055 essetis,
1928 4010 2070 4045 mun-

498 4082 591 4131 dus
622 4080 755 4147 quod
782 4096 927 4131 suum
958 4090 1084 4133 esset
1117 4081 1346 4150 diligeret
1376 4082 1584 4147 (Matth.
1616 4083 1791 4152 xxv)?
1824 4082 2067 4151 Nunquid

494 4188 597 4223 non
631 4169 802 4238 arguit
833 4173 898 4224 de
924 4169 1127 4239 jttslitia
1158 4213 1171 4236 ,
1204 4172 1286 4226 ubi
1320 4172 1391 4224 ait
1420 4192 1430 4225 :
1468 4173 1623 4228 Pater
1642 4176 1816 4243 jttste,
1846 4176 2067 4229 mundus

494 4273 541 4315 te
567 4279 663 4315 non
698 4264 965 4332 cognovit?
989 4263 1236 4333 Nunquid
1266 4280 1368 4317 non
1401 4267 1573 4336 arguit
1604 4267 1671 4320 de
1696 4267 1897 4334 judicio
1928 4308 1941 4331 ,
1976 4266 2062 4320 ubi

494 4370 550 4407 se
576 4356 650 4407 ait
676 4356 905 4408 sinistris
929 4371 1047 4409 esse
1074 4357 1339 4410 dicturum
1364 4375 1373 4408 :
1402 4354 1481 4410 Ite
1503 4358 1554 4410 in
1586 4358 1751 4427 ignem
1777 4366 2024 4411 wternum
2051 4397 2063 4418 ,

2250 1886 2326 1939 De
2348 1899 2554 1957 peccato
2579 1891 2779 1956 quidem
2799 1934 2813 1959 ,
2844 1892 3006 1961 inquit
3033 1935 3047 1959 ,
3072 1896 3190 1963 quia
3215 1913 3315 1950 non
3339 1900 3551 1953 credunt
3573 1901 3627 1953 in
3656 1917 3759 1955 me.

2183 1976 2292 2030 lloc
2320 1978 2461 2031 enim
2490 1990 2763 2046 peccatum
2793 1984 2943 2051 quasi
2969 1985 3139 2036 solum
3171 2000 3278 2052 pne
3304 2001 3363 2040 ci
3388 1989 3511 2038 teris
3541 1990 3759 2054 posuit,

2177 2068 2296 2137 quia
2346 2069 2443 2123 hoc
2491 2081 2740 2124 manente
2786 2081 2980 2129 ca-tera
3008 2074 3322 2139 retinentur,
3357 2085 3409 2129 et
3452 2077 3550 2131 hoc
3580 2078 3758 2132 disce-

2176 2160 2334 2213 dente
2366 2168 2559 2214 czetera
2595 2162 2960 2216 remittuntur.

2250 2250 2326 2302 De
2347 2251 2553 2318 justitia
2582 2268 2732 2317 vero,
2768 2253 2972 2323 inquit,
3018 2255 3138 2322 quia
3169 2255 3235 2306 ad
3271 2254 3479 2309 Patrem
3509 2256 3673 2320 vado,
3707 2267 3758 2310 et

2167 2344 2283 2411 jam
2332 2358 2428 2394 non
2464 2342 2689 2397 videbitis
2720 2361 2817 2397 me.
2867 2344 2996 2399 llinc
3029 2346 3202 2414 primo
3234 2349 3519 2401 videndum
3555 2358 3675 2413 est,
3708 2350 3754 2402 si

2178 2442 2323 2485 recte
2355 2433 2634 2500 quisquam
2667 2436 3000 2503 arguitnr'de
3032 2449 3275 2505 peccato,
3312 2439 3577 2505 quomodo
3605 2451 3757 2492 recte

2176 2531 2429 2589 arguatur
2460 2532 2515 2575 et
2542 2522 2608 2576 de
2635 2522 2859 2589 justitia.
2894 2524 3136 2594 Nunquid
3170 2526 3343 2588 enim,
3376 2526 3419 2578 si
3452 2528 3755 2593 arguendus

2176 2622 2257 2664 est
2303 2621 2568 2679 peccator,
2621 2622 2899 2681 propterea
2947 2616 3068 2683 quia
3116 2625 3361 2683 peccator
3388 2625 3498 2677 est,
3525 2630 3753 2684 arguen.

2174 2702 2300 2754 dum
2333 2703 2610 2770 quisquam
2646 2704 2848 2769 putabit
2878 2714 2931 2756 et
2959 2704 3159 2772 justum
3204 2717 3483 2771 propterea
3518 2708 3636 2774 quia
3668 2708 3751 2774 ju-

2175 2807 2288 2846 ειυς
2321 2794 2437 2846 est?
2464 2793 2637 2858 Absit,
2670 2809 2788 2847 nam
2818 2806 2871 2848 et
2900 2794 2944 2848 si
2978 2797 3257 2861 aliquando
3280 2796 3455 2864 justus
3484 2796 3747 2863 arguitur,

2176 2885 2293 2940 ideo
2325 2896 2467 2941 recte
2496 2887 2754 2955 arguitur,
2786 2888 2937 2954 quia,
2989 2887 3130 2940 sicut
3180 2888 3439 2955 scriptum
3472 2897 3555 2941 cst
3582 2906 3593 2940 :
3626 2887 3749 2939 Non

2173 2995 2245 3036 cst
2283 2985 2458 3054 justus
2497 2984 2549 3037 in
2592 2993 2727 3035 terra
2767 2984 2851 3047 qui
2895 2984 3049 3051 faciat
3092 2982 3312 3049 bonum,
3338 2994 3383 3034 et
3429 3000 3529 3036 non
3581 2999 3748 3051 peccet

2178 3075 2345 3145 (Eccl.
2379 3076 2496 3142 vn).
2529 3073 2787 3138 Quocirca
2818 3056 2976 3126 etiam
3037 3087 3155 3127 cum
3188 3074 3361 3142 justus
3392 3074 3646 3143 arguitur,
3680 3075 3748 3129 de

2178 3176 2391 3234 peccato
2422 3167 2676 3233 arguitur,
2709 3179 2812 3217 non
2841 3165 2905 3218 de
2931 3164 3131 3233 justitia
3154 3203 3169 3229 ,
3200 3164 3453 3233 quoniam
3484 3175 3536 3217 et
3568 3166 3619 3217 in
3656 3167 3748 3217 illo

2172 3259 2311 3326 quod
2366 3257 2589 3325 legimus
2638 3254 2894 3308 divinitus
2945 3255 3191 3307 dictum:
3228 3253 3355 3309 Noli
3407 3255 3530 3323 e/Iici
3574 3256 3748 3325 justus

2172 3349 2389 3401 multaut
2436 3350 2453 3414 (
2485 3347 2618 3399 Ibid.
2648 3348 2699 3416 ),
2734 3362 2834 3399 non
2869 3358 2947 3400 est
2981 3356 3156 3399 notata
3203 3345 3407 3413 justitia
3454 3346 3748 3415 sapientis,

2169 3444 2261 3495 sed
2293 3439 2541 3508 superbia
2579 3439 2969 3507 prmsumenlis.
3000 3438 3097 3503 Qui
3132 3452 3258 3505 ergo
3291 3436 3346 3489 fit
3388 3437 3562 3504 justus
3608 3439 3749 3489 mul-

2170 3545 2277 3587 tum
2300 3574 2313 3595 ,
2346 3536 2459 3601 ipso
2493 3532 2657 3585 nimio
2687 3534 2740 3584 lit
2772 3531 3019 3599 injustas.
3072 3529 3290 3582 Multum
3321 3530 3466 3581 enim
3516 3541 3576 3581 se
3624 3528 3749 3579 facit

2164 3627 2370 3695 ju-lum
2394 3664 2408 3688 ,
2443 3624 2532 3693 qui
2566 3623 2693 3675 dicit
2722 3639 2778 3676 se
2814 3637 2916 3675 non
2966 3620 3165 3675 habere
3197 3631 3470 3685 peccatum
3496 3661 3509 3682 ,
3540 3629 3629 3672 aut
3658 3621 3748 3685 qui

2170 3731 2227 3769 se
2264 3722 2408 3780 putat
2446 3730 2549 3765 non
2580 3718 2744 3780 gratia
2769 3753 2781 3777 ,
2815 3712 2906 3765 sed
2952 3726 3048 3765 sua
3099 3711 3369 3763 voluntate
3413 3708 3742 3773 sufficiente,

2168 3804 2306 3858 eftici
2337 3802 2561 3871 justum.
2596 3800 2703 3854 Nec
2739 3811 2882 3855 recte
2914 3800 3143 3853 videndo
3166 3800 3341 3870 justus
3374 3808 3488 3862 cst,
3521 3799 3615 3853 sed
3652 3814 3749 3865 po-

2174 3897 2275 3948 tius
2318 3894 2567 3956 innatus,
2621 3892 2852 3958 putando
2893 3905 2950 3945 se
2995 3905 3114 3945 esse
3158 3890 3299 3957 quod
3355 3897 3595 3943 nonest.
3628 3888 3748 3953 Qun

2172 3995 2325 4055 pacto
2358 3985 2515 4052 igitur
2548 3983 2774 4036 mundus
2800 3982 3101 4051 arguendos
3132 3990 3212 4035 est
3241 3980 3308 4033 de
3350 3980 3595 4048 justitia,
3645 3980 3749 4032 nisi

2169 4079 2234 4131 de
2281 4076 2479 4145 iustitia
2528 4073 2903 4128 credentium?
2953 4073 3202 4140 Arguitur
3234 4086 3465 4141 namque
3494 4071 3563 4125 de
3611 4086 3748 4138 pec-

2170 4178 2321 4229 cato,
2356 4168 2476 4235 quia
2511 4166 2560 4218 in
2592 4164 2864 4217 Christum
2899 4178 3000 4217 non
3033 4161 3198 4216 credit
3228 4178 3240 4226 ;
3288 4170 3343 4215 et
3388 4160 3631 4230 arguitur
3680 4162 3749 4213 de

2164 4258 2370 4330 ⁸ξιιςιίιίη
2419 4271 2601 4310 eorum
2654 4256 2741 4323 qui
2793 4255 3038 4308 credunt.
3088 4252 3202 4318 ipsa
3255 4253 3449 4319 quippe
3497 4251 3739 4304 fidelium

2169 4349 2498 4418 comparatio
2520 4392 2533 4414 ,
2566 4347 2857 4401 infidelium
2889 4356 2971 4399 est
3002 4342 3341 4410 vituperatio.
3397 4340 3507 4394 Hoc
3534 4352 3588 4395 et
3630 4339 3683 4408 ip
3718 4355 3746 4391 a

493 4447 579 4510 qui
610 4456 821 4514 paratus
849 4457 923 4499 est
955 4448 1177 4511 diabolo,
1210 4458 1255 4501 et
1282 4450 1473 4518 angelis
1502 4451 1651 4518 ejus?
1679 4459 1729 4502 et
1761 4450 1926 4502 multa
1959 4449 2055 4501 alia
2094 4454 2138 4511 υ
2172 4441 2433 4509 expositio
2463 4440 2591 4492 satis
2620 4438 2836 4490 indicat.
2868 4436 3065 4487 Valens
3092 4433 3231 4485 enim
3264 4431 3477 4499 aperire
3510 4432 3635 4499 quid
3664 4431 3747 4484 di-

500 4539 745 4605 raperiun
775 4554 835 4593 ur
863 4538 913 4591 in
943 4549 1128 4591 sancto
1158 4538 1473 4607 Evangelio,
1506 4540 1591 4593 tibi
1619 4542 1682 4593 de
1716 4540 1797 4593 his
1822 4540 2063 4592 Clirisms

497 4639 683 4696 arguet
716 4630 989 4682 mundum.
1024 4630 1156 4693 Quid
1188 4640 1271 4683 est
1299 4647 1455 4698 ergo,
1491 4630 1627 4698 quod
1661 4639 1907 4699 tanquam
1944 4645 2062 4697 pro-

496 4722 605 4785 prie
632 4721 808 4776 tribuit
836 4723 935 4774 hoc
958 4721 1173 4789 Spiritui
1199 4722 1409 4775 sancto?
1428 4725 1503 4774 An
1528 4725 1659 4774 forte
1681 4723 1799 4789 quia
1823 4721 2063 4774 Christus

494 4812 558 4864 ad
591 4812 897 4865 Judmorum
945 4823 1153 4881 gentem
1190 4812 1393 4863 lucutus
1425 4820 1537 4875 est,
1571 4812 1821 4863 mundum
1856 4824 1957 4862 non
1987 4810 2063 4859 vi-

496 4906 652 4962 detur
682 4905 856 4970 arguis
890 4920 948 4965 e,
983 4914 1034 4955 ut
1069 4904 1154 4957 ille
1184 4903 1506 4971 intelligatur
1552 4902 1734 4970 argui,
1781 4899 1865 4967 qui
1915 4900 2064 4953 audit

496 5005 840 5062 arguentem:
865 4993 1091 5060 Spiritus
1117 5001 1291 5046 autem
1317 5004 1532 5045 sanctus
1557 4992 1605 5043 in
1630 4990 1900 5057 discipulis
1923 4990 2060 5057 ejus,

499 5096 611 5139 toto
643 5084 771 5138 orbe
799 5082 1025 5147 diffusis,
1062 5098 1163 5135 non
1198 5097 1351 5135 unam
1385 5090 1594 5150 gentem
1628 5080 1948 5149 intelligatur
1978 5094 2065 5129 ar-

497 5178 705 5244 guisse,
733 5174 824 5227 sed
861 5174 1153 5227 mundum?
1184 5173 1312 5226 Nam
1346 5173 1444 5225 hoc
1477 5174 1579 5225 illis
1626 5172 1698 5224 ait
1745 5184 2062 5225 aseensurus

496 5268 547 5320 in
580 5268 774 5323 malum
802 5284 813 5319 :
852 5266 972 5319 Non
1002 5275 1073 5318 est
1102 5273 1321 5317 vistrum
1367 5266 1493 5316 scire
1522 5274 1746 5331 tempora
1769 5305 1781 5326 ,
1811 5278 1925 5331 qua:
1960 5261 2062 5314 Pa—

496 5372 567 5413 ter
596 5362 759 5431 posuit
791 5362 840 5411 in
870 5378 961 5412 sua
992 5370 1260 5425 potestate;
1281 5359 1367 5413 sed
1393 5357 1650 5426 accipietis
1683 5358 1914 5408 virtutem
1940 5354 2061 5423 Spi-

492 5457 620 5507 ritus
646 5456 805 5508 sancti
836 5455 1262 5521 superveniente»:
1294 5454 1346 5504 in
1376 5469 1489 5516 vos,
1523 5461 1567 5503 et
1599 5451 1737 5503 eritis
1766 5450 1888 5501 mihi
1917 5459 2059 5501 testes

494 5548 543 5597 in
573 5545 855 5600 Jerusalem
879 5588 894 5610 ,
922 5557 965 5597 et
1012 5546 1060 5597 in
1093 5555 1192 5595 tota
1235 5541 1419 5595 ludant
1449 5553 1492 5595 et
1525 5542 1763 5595 Samaria
1782 5584 1793 5604 ,
1826 5550 1873 5593 et
1902 5553 2059 5607 usque

492 5642 543 5692 in
576 5640 698 5706 ﬁnes
730 5649 874 5691 terra:
906 5640 1055 5705 (Act.
1090 5638 1162 5702 t).
1215 5636 1322 5689 lloc
1363 5645 1477 5696 est,
1530 5648 1747 5701 arguere
1782 5630 2055 5684 mundum.

493 5732 593 5793 Sed
628 5734 741 5799 quis
772 5732 959 5787 audeat
992 5731 1168 5785 dicere
1213 5729 1351 5797 quod
1397 5742 1483 5795 per
1526 5724 1811 5795 tllseqtulos
1858 5722 2053 5777 Christi

2169 4533 2303 4586 xerit
2330 4551 2340 4583 :
2379 4530 2451 4583 De
2471 4530 2674 4601 justitia
2706 4544 2848 4589 vero,
2882 4527 3078 4594 inquit,
3112 4525 3232 4594 quia
3260 4525 3325 4575 ad
3354 4521 3562 4575 Patrem
3592 4523 3743 4584 vado,

2167 4637 2209 4673 et
2233 4625 2345 4693 jam
2378 4635 2479 4673 non
2507 4618 2737 4671 videtitis
2782 4631 2882 4668 me.
2916 4615 3027 4668 Non
3060 4615 3149 4679 ait,
3190 4614 3254 4666 Et
3296 4614 3406 4681 jam
3452 4627 3558 4665 non
3592 4611 3743 4665 vidc-

2169 4714 2299 4765 hunt
2332 4726 2452 4776 Ιιιϐ,
2488 4711 2553 4765 de
2584 4710 2772 4779 quibus
2804 4709 3036 4772 dixerat,
3089 4708 3219 4774 Quia
3269 4722 3371 4760 non
3418 4708 3646 4759 credunt
3689 4705 3740 4758 in

2170 4819 2287 4867 me;
2318 4803 2408 4856 sed
2444 4817 2717 4872 peccatum
2750 4800 2873 4869 quid
2906 4808 3149 4861 vocaret,
3184 4813 3483 4868 exponens,
3536 4798 3604 4851 de
3638 4798 3743 4853 illis

2169 4902 2373 4952 locutus
2404 4904 2519 4957 est,
2551 4895 2736 4947 dicens
2768 4909 2779 4943 :
2818 4891 2949 4955 Quia
2980 4905 3079 4943 non
3110 4890 3321 4941 credunt
3350 4889 3400 4940 in
3430 4904 3526 4940 me.
3561 4888 3742 4954 Expo-

2170 5004 2300 5043 neus
2332 4999 2510 5041 autem
2538 5027 2549 5052 ,
2584 5002 2741 5053 quam
2777 4983 2980 5036 diceret
3011 4979 3302 5048 justitiam,
3334 4978 3398 5030 de
3430 4991 3533 5045 qtia
3564 4979 3692 5032 dixit
3722 5018 3738 5042 ,

2178 5078 2407 5131 mundus
2437 5076 2695 5145 arguitur,
2747 5074 2810 5125 ad
2859 5072 3038 5138 ipsos,
3070 5070 3263 5135 quibus
3308 5068 3648 5134 loquebatur,
3685 5084 3741 5121 se

2165 5172 2457 5233 convertit,
2492 5182 2647 5236 aque
2677 5167 2748 5217 ait
2776 5183 2787 5216 :
2827 5165 2959 5231 Quia
3004 5162 3070 5215 ad
3118 5159 3325 5213 Patrem
3357 5160 3483 5211 vado
3509 5199 3522 5219 ,
3556 5172 3604 5210 et
3624 5163 3737 5227 jam

2164 5280 2262 5315 non
2289 5260 2514 5313 videbitis
2540 5274 2637 5311 me.
2664 5258 3002 5322 QuaprOpter
3030 5253 3259 5305 mundus
3280 5249 3346 5301 de
3370 5260 3587 5316 peccato
3616 5252 3738 5317 qni-

2164 5355 2283 5405 dem
2310 5366 2429 5415 suo,
2468 5350 2531 5401 de
2558 5346 2758 5415 justitia
2806 5359 2932 5397 vero
2960 5343 3197 5407 arguitur
3228 5341 3401 5391 aliena
3436 5357 3447 5391 :
3483 5340 3623 5392 sicut
3653 5356 3745 5392 ar-

2161 5451 2391 5511 guuntur
2412 5440 2478 5493 de
2502 5437 2698 5491 lumine
2722 5434 2972 5489 tenebras.
3002 5432 3187 5484 Omnia
3219 5431 3351 5482 enim
3370 5444 3481 5497 quce
3509 5445 3741 5498 arguun-

2162 5547 2263 5595 tur,
2292 5534 2364 5585 ait
2391 5530 2737 5600 Aposlolus,a
2766 5527 2958 5579 lumine
2985 5524 3386 5589 manifestantur
3415 5516 3639 5589 (Ephes.
3669 5520 3737 5587 ν),

2161 5628 2421 5691 Quantum
2454 5624 2593 5677 enim
2627 5620 2819 5675 malum
2854 5617 2975 5671 fecit
3008 5612 3100 5686 [1⁷.
3127 5612 3227 5682 leg.
3260 5607 3375 5680 fuit]
3398 5624 3582 5663 eorum
3610 5650 3625 5671 ,
3659 5609 3743 5675 qui

2162 5736 2261 5773 non
2293 5718 2547 5777 credunt,
2586 5731 2615 5767 ιι
2639 5732 2686 5768 ιιι
2721 5713 2887 5767 solum
2922 5724 3013 5779 per
3048 5706 3314 5775 scipsuut,
3354 5716 3545 5755 verum
3580 5703 3742 5757 etiam
