3884 6232
122 386 229 446 857

1043 379 1106 435 ΙΝ
1145 380 1202 436 S.
1240 376 1518 435 JUANNIS
1559 371 2000 430 EVANGELIUM
2044 369 2418 452 EXl’pSlTIU.

3267 363 3373 421 858

124 517 185 556 ex
228 500 370 552 bono
412 504 583 565 potest
629 505 814 546 eorum
858 504 1153 559 apparere,
1198 487 1286 554 qui
1331 487 1578 540 credunt.
1629 483 1696 537 Et
1725 487 1772 546 Α
1799 481 2065 550 subiungit
2092 473 2253 550 atque
2275 480 2388 533 sit:
2426 476 2489 530 Et
2532 478 2752 531 mundus
2801 491 2917 530 eum
2960 470 3065 530 rion
3111 478 3371 548 cognovit,

122 589 382 656 quoniam
415 589 512 639 ista
546 598 641 636 vox
676 581 973 635 inﬁdelium
1022 594 1140 631 esse
1187 575 1505 632 consuevit:
1549 574 1696 641 Quo-

126 680 288 735 modo
315 678 596 732 credemus
619 716 633 738 ,
667 674 809 743 quod
846 687 949 725 non
983 668 1267 724 videmus?
1300 668 1423 720 hleo
1467 667 1697 719 creden-

129 773 264 826 tium
303 767 568 839 justitiam
601 766 681 818 sic
707 763 940 832 oportuit
968 759 1197 823 deﬁniri,
1231 757 1364 822 Quia
1399 755 1462 808 ad
1497 764 1700 822 patrem

123 860 300 924 vado,
335 870 386 913 et
417 856 528 923 jam
563 871 666 909 non
698 854 943 907 videbitis
972 867 1076 906 me.
1118 849 1260 902 Beati
1289 848 1421 902 enim
1469 847 1554 916 qui
1601 860 1703 898 non

128 953 369 1008 videbunt
390 993 402 1015 ,
435 960 481 1005 et
508 951 716 1004 credent
739 945 922 1017 (Joan.
951 947 1069 1017 xx).
1099 947 1227 1000 Nam
1257 954 1310 999 et
1339 945 1425 1010 qui
1459 943 1705 997 viderunt

127 1027 445 1106 Christiim,
494 1057 600 1096 non
648 1055 714 1098 eo
760 1039 968 1092 laudata
1017 1048 1096 1091 Cal
1141 1037 1273 1090 ﬁdes
1317 1050 1538 1098 eorum,
1583 1034 1704 1101 quia

127 1137 431 1192 Credebant
460 1134 597 1202 quod
635 1132 914 1193 videbant,
949 1131 998 1182 id
1031 1139 1142 1190 est,
1193 1127 1381 1179 Filium
1435 1123 1707 1186 hominis;

130 1225 230 1278 sed
261 1225 384 1292 quia
414 1222 725 1287 credebant,
757 1221 894 1289 quod
928 1235 1030 1272 non
1065 1215 1352 1278 videbant,
1388 1213 1438 1266 id
1469 1223 1550 1266 est
1573 1251 1588 1277 ,
1625 1210 1710 1264 Fi-

133 1314 268 1366 lium
305 1313 422 1365 Dei.
456 1310 587 1363 Cum
620 1325 748 1377 ergo
796 1318 851 1360 et
899 1310 1008 1376 ipsa
1043 1306 1208 1358 lor-ma
1255 1303 1394 1356 servi
1438 1301 1710 1354 subtracta

136 1418 332 1456 eorum
365 1413 510 1455 esset
538 1399 843 1468 aspectibus
871 1436 885 1459 ,
938 1406 1050 1448 tum
1099 1409 1228 1447 vero
1275 1409 1336 1447 ex
1386 1392 1530 1444 omni
1565 1398 1715 1457 parte

134 1492 416 1561 impletum
448 1501 527 1545 est
556 1509 567 1542 :
599 1491 777 1542 Justus
809 1504 868 1541 ca:
897 1488 996 1556 ﬁde
1023 1487 1138 1540 vivit
1165 1485 1337 1557 (llam.
1367 1485 1423 1554 l).
1461 1482 1551 1535 Est
1581 1483 1714 1535 enim

144 1586 278 1649 ﬁdes
299 1625 315 1650 ,
348 1586 485 1636 sicut
515 1583 566 1634 in
601 1579 833 1647 Epistula
858 1619 873 1639 .
904 1595 1025 1648 qua:
1054 1580 1117 1632 ad
1153 1579 1402 1631 llehra-os
1427 1587 1510 1629 est
1534 1615 1549 1640 ,
1583 1574 1718 1627 deﬁ-

133 1680 306 1740 nitur,
353 1675 670 1745 sperantium
713 1673 1025 1738 substantia,
1075 1669 1318 1722 convictio
1360 1683 1559 1732 rerum,
1605 1677 1719 1734 qva!

136 1785 244 1821 non
275 1769 530 1821 videntur.
573 1767 678 1820 Sed
726 1764 850 1834 quid
899 1772 983 1818 est
1010 1781 1022 1815 :
1052 1761 1171 1815 lam
1203 1777 1302 1814 non
1331 1760 1559 1815 videbitis
1593 1774 1670 1810 me
1691 1759 1716 1810 .’

1802 573 1902 627 hoc
1931 581 2031 636 est,
2078 571 2319 625 homines
2366 569 2625 636 inﬁdeles,
2669 569 2861 638 quibus
2905 577 3017 624 toto
3045 567 3175 622 orbe
3205 580 3376 622 terra-

1802 683 1916 720 rum
1948 666 2135 734 plenus
2163 672 2245 718 est
2283 660 2546 716 mundus:
2603 660 2743 714 inter
2794 675 2927 729 quos
2979 659 3150 730 gemit
3201 660 3372 715 ﬁdelis

1803 758 2056 818 mundus,
2083 771 2238 822 quem
2264 755 2332 808 de
2353 752 2550 806 mundo
2580 751 2760 820 elegit,
2797 766 2887 817 per
2913 767 3070 820 quem
3103 751 3272 805 iactus
3296 760 3381 804 est

1804 848 2034 902 mundus
2059 865 2071 900 :
2098 847 2162 900 de
2184 860 2290 914 quo
2311 847 2423 914 ipse
2446 846 2571 897 dicit
2596 860 2611 895 :
2649 842 2766 896 Non
2795 845 2929 895 venit
2964 842 3128 896 Filius
3153 842 3375 895 hominis

1807 948 1860 991 ut
1882 938 2077 1005 judicet
2105 936 2368 998 mundum,
2395 935 2483 987 sed
2513 944 2565 987 ut
2591 933 2812 986 salvetur
2839 932 3058 986 mundus
3088 938 3174 999 per
3204 934 3373 1001 ipsum

1812 1027 1989 1098 (Joan.
2022 1026 2124 1098 tu).
2155 1027 2378 1080 Mundus
2402 1041 2466 1080 eo
2498 1025 2764 1093 iudicante
2805 1024 3106 1088 damnatur,
3142 1025 3375 1077 mundus

1810 1134 1873 1173 eo
1899 1120 2244 1172 subveniente
2281 1117 2516 1169 salvator
2547 1131 2562 1170 :
2593 1115 2840 1183 quoniam
2872 1116 3006 1167 sicut
3040 1113 3201 1167 arbor
3247 1105 3385 1166 loliis

1811 1219 1866 1263 ει
1897 1210 2089 1274 pomis,
2120 1209 2257 1261 sicut
2281 1221 2402 1260 area
2435 1208 2599 1273 paleis
2641 1217 2692 1259 et
2728 1205 3028 1269 frumentis,
3060 1205 3132 1257 ita
3162 1204 3390 1257 inlldeli-
3457 1193 3459 1196 i

1817 1301 1914 1355 bus
1955 1307 2009 1353 et
2047 1298 2291 1352 ﬁdelibus
2335 1298 2520 1366 plenus
2560 1306 2642 1351 est
2679 1297 2934 1350 mundus.
2989 1296 3243 1362 Princeps
3263 1309 3392 1363 ergo

1817 1392 1995 1446 mundi
2027 1389 2204 1458 hujus,
2235 1393 2334 1444 hoe
2359 1399 2460 1454 est,
2495 1388 2738 1455 princeps
2768 1385 3087 1442 tenebrarum
3112 1385 3314 1446 harum,
3341 1385 3393 1438 id

1815 1494 1918 1548 est,
1952 1482 2269 1546 inﬁdelium,
2301 1482 2369 1536 de
2389 1481 2580 1549 quibus
2603 1481 2807 1534 eruitur
2835 1480 3081 1542 mundus,
3111 1477 3177 1530 de
3201 1474 3396 1544 quibus

1817 1577 2012 1631 dicitur
2040 1593 2054 1628 :
2087 1573 2284 1628 Fuistis
2305 1574 2584 1641 aliquando
2608 1574 2848 1635 tenebrte,
2871 1587 3002 1623 nunc
3031 1581 3195 1623 autem
3223 1570 3315 1621 lux
3338 1568 3392 1621 in

1821 1668 2039 1722 Domino
2073 1666 2287 1736 (Ep/tes.
2321 1664 2397 1735 v),
2433 1666 2667 1735 princeps
2721 1663 2898 1716 mundi
2953 1663 3129 1733 hujus,
3178 1660 3246 1714 de
3291 1674 3398 1728 quo

1823 1760 1946 1814 alibi
1992 1759 2164 1813 dixit:
2221 1757 2377 1812 Nunc
2406 1762 2640 1829 princeps
2691 1755 2873 1808 mundi
2918 1753 3074 1823 hujus
3107 1753 3291 1806 missus
3322 1763 3398 1804 est

136 1859 256 1913 Non
308 1859 449 1912 enim
495 1859 567 1910 ait
597 1875 609 1908 :
655 1833 749 1910 Adi
775 1857 989 1910 Patrem
1038 1854 1170 1908 vado
1193 1895 1207 1918 ,
1240 1864 1291 1907 et
1341 1867 1446 1905 non
1476 1850 1720 1904 videbitis
1753 1833 1799 1892 Β
1825 1855 1964 1924 foras
1986 1851 2198 1922 (Matth.
2226 1851 2376 1917 xxv),
2411 1848 2871 1917 utiquejudicatus
2906 1854 3007 1909 est,
3033 1843 3282 1911 quoniam
3311 1844 3399 1910 ju-

146 1963 238 2002 me
262 1988 277 2011 ,
313 1957 368 2000 ut
403 1945 656 2016 temporis
700 1946 1082 2009 intervallum,
1133 1959 1238 2010 quo
1286 1958 1390 1995 non
1437 1940 1723 2004 videbitur,

138 2039 483 2107 signiﬁcasse
516 2038 922 2104 intelligeretur,
958 2036 1072 2088 sive
1105 2035 1286 2096 breve,
1322 2033 1436 2085 sive
1468 2030 1681 2101 longum
1707 2067 1722 2095 ,

131 2138 322 2183 tamen
359 2129 540 2197 utique
573 2126 917 2180 terminatum
945 2142 961 2191 ;
996 2125 1092 2180 sed
1121 2123 1348 2178 dicendo
1374 2120 1496 2176 lam
1525 2138 1626 2174 non
1655 2121 1728 2173 vi-

136 2219 354 2287 debitis,
387 2219 535 2273 velut
564 2232 831 2287 nunquam
863 2231 956 2272 eos
985 2216 1052 2272 de
1081 2227 1276 2271 caetero
1309 2216 1519 2269 visuros
1572 2214 1723 2269 Chri-

131 2322 288 2364 stum
319 2310 526 2365 Veritas
559 2310 939 2379 pronuntiavit.
973 2309 1096 2363 Haec
1128 2307 1384 2376 iniustitia
1416 2315 1500 2362 est
1522 2347 1536 2371 ,
1588 2322 1727 2360 nun-

130 2415 303 2469 quam
357 2399 630 2454 Christum
662 2400 879 2468 videre,
913 2410 965 2453 et
998 2400 1049 2452 in
1085 2415 1204 2453 eum
1236 2409 1412 2452 tamen
1459 2397 1728 2452 credere?

138 2507 273 2546 cum
311 2501 594 2560 propterea
628 2491 872 2544 laudetur
903 2491 1034 2545 lides
1057 2532 1072 2556 ,
1105 2505 1167 2545 ex
1200 2504 1300 2557 qua
1344 2491 1518 2558 justus
1567 2490 1726 2550 vivit,

132 2582 395 2651 quoniam
427 2581 640 2648 credit,
678 2595 836 2649 quem
870 2581 1029 2633 modo
1076 2595 1179 2633 non
1227 2580 1409 2647 videt,
1457 2579 1728 2633 Christum

137 2686 204 2726 se
258 2671 554 2738 aliquando
606 2686 728 2726 esse
773 2671 1060 2724 visurum?
1115 2671 1388 2725 l‘ostrcmo
1435 2671 1728 2726 secundum

131 2767 406 2835 justitiam
435 2808 449 2830 ,
480 2767 715 2835 nunquid
745 2765 941 2819 dicturi
969 2780 1155 2819 sumus
1183 2765 1400 2818 Paulum
1427 2767 1727 2834 apostolum

135 2871 252 2909 non
285 2854 442 2908 fuisse
467 2854 670 2924 justum
695 2899 710 2923 ,
743 2856 1087 2909 conﬁtentem
1140 2868 1200 2909 se
1234 2853 1430 2907 vidisse
1459 2854 1728 2908 Christum

140 2956 268 3014 post
312 2949 682 3001 ascensionem
731 2947 848 3012 ejus
895 2947 946 3000 in
993 2947 1187 3000 coelum
1221 2945 1293 3014 (I
1326 2945 1439 2999 Cor.
1477 2946 1634 3011 xv),
1665 2944 1733 2998 de

143 3053 254 3104 quo
287 3037 468 3105 ntiquc
510 3037 619 3104 jam
672 3047 913 3104 tempore
944 3036 1148 3088 dixerat
1179 3053 1190 3088 :
1221 3033 1340 3087 lam
1371 3051 1470 3086 non
1503 3034 1731 3086 videbitis

144 3127 272 3181 me?
321 3127 570 3196 Nunquid
619 3127 912 3180 secundum
955 3127 1218 3195 justitiam
1259 3126 1394 3179 Itane
1419 3127 1592 3192 justus
1623 3143 1727 3180 nun

149 3227 271 3272 erat
296 3218 725 3287 gloriosissimus
756 3219 1084 3284 Stephanus,
1118 3217 1202 3284 qui
1234 3233 1354 3270 cum
1386 3219 1727 3285 lapidaretnr,

143 3309 223 3362 ait
247 3325 260 3358 :
291 3308 420 3360 Ecce
443 3308 587 3359 video
617 3308 769 3360 talos
799 3319 1025 3376 apertos,
1054 3317 1099 3360 et
1127 3306 1317 3360 Filium
1343 3309 1560 3361 hominis
1587 3317 1730 3377 stan-

148 3409 252 3452 tem
285 3399 352 3450 ad
381 3399 646 3451 dexteram
677 3397 771 3452 Dei
803 3399 820 3467 (
847 3402 959 3451 Act.
991 3414 1064 3452 vn
1088 3399 1154 3467 )?
1185 3399 1320 3463 Quid
1351 3414 1478 3468 ergo
1508 3408 1588 3452 est
1619 3417 1630 3451 :
1664 3399 1730 3463 ad

144 3487 363 3542 Patrem
387 3491 535 3552 vado,
561 3499 607 3540 et
639 3504 741 3542 non
768 3489 992 3541 videbitis
1015 3505 1091 3541 me
1109 3488 1135 3540 .’
1160 3490 1258 3541 nisi
1283 3487 1421 3562 quod
1443 3488 1592 3562 modo
1615 3505 1730 3540 sum

144 3578 422 3631 uobiscum.
475 3578 625 3631 Tunc
661 3579 810 3630 enim
850 3587 965 3631 erat
993 3578 1165 3631 adhuc
1195 3563 1433 3630 mortalis
1463 3577 1514 3631 in
1537 3556 1730 3632 ἐἰηιὶτί-

146 3668 338 3721 tudine
367 3666 543 3721 carnis
575 3670 774 3735 peccati
809 3667 996 3736 (Rom.
1033 3684 1121 3722 vui
1143 3669 1193 3739 ),
1225 3669 1312 3741 qui
1344 3671 1544 3722 esurire
1576 3677 1730 3734 pote-

143 3767 274 3825 rat,
304 3772 366 3810 ac
397 3758 545 3811 sitire
572 3796 589 3823 ,
624 3757 830 3826 fatigari
866 3765 1072 3824 poterat
1100 3769 1258 3826 atque
1291 3759 1546 3812 dormire.
1577 3759 1734 3813 Hunc

142 3865 282 3920 ergo
311 3848 610 3914 Christum,
645 3850 692 3902 id
727 3860 838 3910 est,
876 3851 1034 3903 talem
1064 3849 1370 3915 Christum,
1401 3866 1524 3904 cum
1555 3862 1732 3906 trans-

145 3943 285 3996 isset
317 3941 382 3996 de
414 3940 516 3994 hoc
548 3941 748 3995 mundo
789 3940 854 3992 ad
909 3941 1119 3994 Patrem
1146 3984 1158 4007 ,
1196 3955 1301 3995 non
1333 3952 1484 3993 erant
1510 3941 1621 4010 jam
1651 3945 1732 3994 vi-

156 4034 277 4088 suri
307 4050 322 4099 ;
355 4042 407 4086 et
437 4033 546 4101 ipsa
581 4041 662 4086 est
686 4032 889 4100 justitia
925 4031 1044 4084 ﬁdei
1069 4071 1086 4093 ,
1118 4031 1184 4083 de
1214 4046 1314 4099 qua
1346 4030 1476 4085 dicit
1507 4030 1729 4098 Apostoo

147 4126 237 4180 ius
272 4139 288 4177 :
330 4122 397 4177 Et
442 4125 484 4176 si
532 4138 830 4176 noreramus
873 4122 1129 4176 Christum
1166 4123 1442 4198 secundum
1489 4139 1690 4175 carnem
1716 4162 1732 4188 ,

145 4217 244 4271 sed
265 4218 381 4286 jam
411 4233 511 4268 non
541 4217 769 4269 novimus
795 4213 879 4284 (ll
907 4212 1026 4269 σὺν.
1053 4215 1131 4283 v).
1165 4213 1276 4266 Erit
1308 4214 1486 4282 itaque
1519 4213 1734 4283 (inquit)

147 4314 334 4360 vestra
361 4305 564 4374 iustitia
594 4347 609 4371 ,
656 4321 758 4374 qua
807 4307 1034 4360 nntndus
1065 4305 1320 4374 arguitur,
1353 4304 1473 4369 quia
1507 4303 1636 4356 vado
1665 4303 1734 4356 ad

155 4394 377 4452 Patrem
400 4439 414 4462 ,
443 4405 490 4450 et
511 4398 622 4466 jam
652 4413 753 4448 non
781 4396 1011 4450 videbitis
1040 4413 1137 4449 me.
1186 4396 1301 4448 Non
1351 4395 1598 4448 videbitis
1631 4395 1735 4447 hu—

152 4489 340 4546 milem
370 4531 383 4553 ,
417 4489 508 4542 sed
543 4487 831 4575 exesis/um.
866 4488 978 4541 Non
1011 4487 1256 4541 videbitis
1284 4488 1562 4543 mortalem
1591 4527 1605 4550 ,
1637 4487 1732 4541 sed

153 4579 566 4647 senipiternum.
601 4578 713 4632 Non
745 4578 990 4632 videbitis
1015 4577 1360 4647 iudicandum
1385 4619 1400 4645 ,
1449 4579 1542 4632 sed
1584 4577 1733 4648 judi-

151 4681 401 4726 caturum
429 4690 445 4736 ;
480 4683 531 4726 et
557 4672 651 4726 hac
682 4671 783 4726 ﬁde
817 4681 1014 4735 vestra,
1049 4671 1098 4724 id
1129 4681 1248 4736 est,
1283 4671 1486 4738 justitia
1519 4681 1690 4725 vestra
1717 4712 1733 4736 ,

151 4771 348 4831 arguet
394 4762 624 4830 Spiritus
670 4777 885 4817 saueius
932 4762 1258 4817 incredulum
1311 4762 1587 4816 mundum.
1637 4763 1736 4817 Ar-

153 4863 283 4922 gnct
309 4854 466 4906 etiam

236 4943 311 4996 De
354 4944 580 5014 judicio,
638 4945 756 5012 quia
785 4943 1018 5014 princeps
1061 4945 1235 4996 mundi
1282 4944 1432 5013 hujus
1467 4945 1736 5015 judicatus

154 5040 253 5086 est.
285 5032 412 5098 Quis
438 5042 520 5086 est
548 5032 683 5085 iste?
713 5035 813 5087 nisi
857 5035 927 5088 de
970 5048 1077 5101 quo
1119 5034 1191 5086 ait
1240 5033 1341 5086 alio
1392 5035 1546 5089 loco:
1605 5036 1736 5090 Ecce

156 5124 293 5179 venit
323 5125 557 5192 princeps
587 5124 766 5176 mundi
810 5125 999 5194 hujus;
1049 5136 1095 5177 et
1123 5126 1176 5177 in
1222 5141 1300 5178 me
1346 5126 1475 5179 nihil
1519 5127 1732 5192 invenit,

157 5214 210 5267 id
238 5225 341 5276 est,
374 5214 504 5266 nihil
537 5213 672 5280 juris
717 5215 822 5278 sui,
852 5214 982 5267 nihil
1015 5215 1153 5282 quod
1200 5215 1264 5268 ad
1294 5232 1414 5269 eum
1453 5219 1736 5285 pertineat,

157 5306 364 5359 nullum
396 5305 600 5359 scilicet
624 5305 840 5358 omnino
867 5319 1136 5372 peccatum
1161 5325 1175 5372 ;
1199 5324 1292 5374 per
1334 5309 1433 5361 hoc
1482 5307 1622 5362 enim
1655 5319 1738 5363 est

157 5397 404 5450 diabolus
433 5397 677 5464 princeps
705 5396 904 5450 mundi.
938 5397 1051 5451 Non
1083 5401 1222 5453 enim
1247 5401 1368 5454 cceli
1394 5409 1447 5453 et
1479 5410 1652 5465 terrae,
1679 5412 1730 5455 et

159 5488 400 5542 omnium
447 5505 566 5556 qua:
594 5491 647 5542 in
678 5488 755 5543 eis
782 5500 922 5555 sunt,
950 5502 1029 5546 est
1061 5493 1305 5546 diabolus
1338 5495 1600 5562 princeps,
1632 5511 1735 5562 qua

161 5579 554 5648 signiﬁcatione
585 5581 900 5650 intelligitur
945 5585 1189 5647 mundus,
1243 5585 1326 5637 ubi
1380 5585 1575 5638 dictum
1608 5597 1688 5638 est
1719 5605 1731 5638 :

162 5670 229 5725 Et
269 5669 492 5722 mundus
523 5686 612 5738 per
649 5688 762 5724 euut
791 5673 952 5742 factus
979 5686 1049 5728 est
1076 5675 1254 5744 (Joan.
1283 5676 1354 5745 t);
1404 5677 1496 5730 sed
1542 5679 1726 5732 mundi

162 5771 243 5816 est
285 5762 530 5817 diabolus
561 5763 826 5835 princeps,
877 5767 942 5822 de
976 5771 1311 5837 quo-mundo
1359 5770 1425 5824 ibi
1477 5772 1729 5826 continuo

1827 1946 1968 2000 dicio
1991 1945 2128 2014 ignis
2168 1942 2353 1998 aeterni
2397 1941 2822 1996 irrevocaliiliter
2847 1937 3145 1994 de~tinatus
3170 1945 3275 1992 est.
3330 1935 3403 1988 De

1826 2037 1926 2092 hoc
1955 2036 2129 2101 itaque
2147 2033 2370 2104 judicio,
2401 2049 2506 2102 quo
2529 2032 2778 2102 princeps
2798 2030 3061 2098 judicatus
3083 2038 3166 2082 est
3191 2026 3397 2091 mundi,

1825 2128 2067 2197 arguitur
2089 2141 2117 2179 a
2145 2125 2332 2181 sa'ncto
2359 2124 2559 2191 Spiritu
2594 2122 2842 2185 mundus,
2876 2118 3129 2187 quoniam
3156 2132 3275 2170 cum
3304 2131 3405 2169 suo

1826 2220 2065 2289 principe
2090 2217 2376 2285 judicatur,
2409 2229 2566 2285 quem
2596 2213 2855 2282 superbus
2883 2221 3044 2276 atque
3068 2209 3262 2276 impius
3285 2207 3408 2260 imi-

1801 2320 1993 2366 tatur.
2029 2310 2089 2365 Si
2125 2289 2263 2363 enim
2315 2306 2472 2369 Deus,
2522 2308 2656 2360 sicut
2697 2305 2822 2358 dicit
2876 2302 3147 2372 aposmlns
3197 2299 3406 2364 Petrus,

1830 2404 2149 2473 peccantibus
2179 2402 2376 2471 angelis
2417 2416 2518 2452 non
2552 2400 2796 2468 pepercit,
2840 2398 2928 2450 sed
2955 2392 3239 2446 carceribus
3270 2391 3406 2444 cali-

1818 2497 1961 2565 ginis
2012 2494 2165 2562 inferi
2218 2483 2482 2546 retrudens
2531 2489 2741 2542 tradidit
2787 2488 2838 2540 in
2877 2485 3078 2556 judicio
3127 2480 3408 2550 puniendos

1828 2589 2022 2642 servari
2051 2585 2130 2657 (II
2185 2579 2329 2638 Petr.
2374 2581 2460 2651 tt),
2493 2581 2764 2650 quomodo
2792 2595 2895 2630 non
2927 2592 2954 2628 a
2987 2583 3173 2629 sant-to
3204 2571 3405 2636 Spiritu

1829 2681 1896 2734 de
1937 2681 2036 2733 hoc
2081 2678 2284 2747 judicio
2314 2674 2543 2747 mundus
2575 2671 2833 2738 arguitur,
2861 2660 3104 2736 quando
3131 2664 3189 2718 in
3223 2671 3411 2715 sancto

1831 2772 2029 2839 Spiritu
2068 2746 2180 2821 lucc
2223 2746 2810 2834 Apostolus’loquitnri
2839 2759 3078 2813 Credaut
3107 2757 3283 2824 itaque
3311 2755 3409 2807 ho-

1831 2863 2002 2917 mines
2031 2863 2083 2916 in
2108 2859 2398 2922 Christum,
2441 2873 2506 2912 ne
2537 2866 2825 2925 arguantur
2867 2853 2933 2906 de
2966 2860 3184 2919 peccato
3214 2849 3407 2901 inﬁde-

1833 2956 1998 3008 litat's
2024 2969 2156 3018 suae,
2203 2967 2307 3018 quo
2357 2957 2573 3020 peccato
2621 2946 2798 3001 omnis
2849 2944 3175 2998 detinentur.
3209 2938 3410 2992 Traus-

1832 3053 1956 3099 eant
1988 3045 2038 3098 in
2095 3057 2373 3096 numerum
2406 3037 2658 3099 ﬁdelium,
2693 3051 2759 3090 ne
2788 3047 3076 3103 arguantur
3107 3032 3172 3083 de
3204 3031 3408 3098 ju-titia

1835 3151 2040 3198 eorum,
2069 3149 2200 3201 quos
2226 3128 2542 3201 justilicatos
2572 3144 2674 3182 non
2708 3127 3006 3180 imitantur.
3047 3124 3280 3176 Caveant
3332 3121 3409 3173 fn-

1839 3237 2013 3280 tttrnm
2039 3224 2320 3292 judicium,
2348 3237 2414 3274 ne
2440 3234 2558 3273 cum
2604 3216 2784 3271 mundi
2821 3216 3055 3282 principe
3082 3212 3407 3279 iudicentur,

1832 3333 1990 3387 quem
2014 3318 2304 3386 iudicatum
2334 3314 2626 3366 imitantur.
2658 3309 2866 3364 Etenim
2899 3322 2962 3360 ne
2992 3306 3090 3359 sibi
3133 3305 3408 3358 existimet

1833 3411 1976 3481 parci
2017 3407 2262 3475 superbia
2292 3405 2424 3459 dura
2455 3401 2774 3465 mortalium,
2805 3399 2871 3453 de
2897 3398 3249 3464 superborum
3280 3409 3412 3464 sup-

1834 3503 1991 3572 plicio
2022 3497 2268 3554 tenenda
2299 3505 2380 3550 est
2410 3495 2740 3564 angelorum.
2783 3490 2935 3557 Quod
2980 3490 3157 3557 itaque
3195 3488 3268 3540 ait
3305 3487 3414 3539 [)0-

1835 3593 2008 3647 minns
2044 3607 2059 3644 :

1905 3681 2086 3736 Adhuc
2125 3678 2284 3732 multa
2333 3678 2490 3730 habeo
2535 3675 2673 3729 vobis
2712 3673 2898 3735 dicere,
2929 3670 3017 3725 sed
3061 3687 3160 3725 non
3202 3669 3412 3738 potestis

1837 3784 2039 3842 portare
2076 3775 2246 3827 modo.
2297 3768 2604 3838 Adjicienda
2658 3766 2762 3819 illis
2802 3763 3008 3818 fuerant
3051 3777 3172 3831 qua:
3205 3761 3413 3817 nescie-

1834 3866 1982 3929 bant,
2013 3880 2113 3916 non
2146 3878 2261 3931 qua:
2289 3861 2585 3915 didicerant
2637 3856 2945 3912 evertenda.
2983 3855 3045 3907 Et
3073 3854 3162 3908 ille
3193 3855 3411 3922 quidem

1838 3959 2003 4024 potuit
2052 3955 2151 4008 hoc
2181 3955 2249 4006 ita
2280 3953 2480 4014 dicere,
2513 3949 2633 4019 quia
2685 3948 2771 4002 illa
2814 3949 2949 4014 ipsa,
2989 3962 3105 4012 qua:
3134 3946 3413 4008 docuerat,

1837 4047 1884 4101 si
1913 4047 2069 4099 vellet
2114 4047 2192 4098 eis
2231 4044 2307 4098 sic
2343 4042 2572 4109 aperire,
2619 4048 2675 4092 ut
2705 4039 2754 4091 in
2785 4038 2872 4090 illo
2917 4036 3321 4104 conspiciuntur
3347 4034 3422 4088 ab

1839 4138 2060 4206 angelis,
2095 4137 2206 4189 haec
2234 4133 2513 4186 inﬁrmitas
2537 4132 2787 4193 humana,
2819 4129 2870 4182 in
2903 4143 3004 4197 qua
3036 4127 3209 4180 adhuc
3233 4136 3410 4192 erant,

1839 4229 1978 4283 ferre
2018 4243 2118 4280 non
2167 4233 2368 4295 posset.
2418 4222 2721 4290 Spiritualis
2767 4230 2944 4274 autem
2990 4221 3150 4270 homo
3190 4217 3416 4284 quilibet

1839 4327 2011 4390 potest
2039 4319 2264 4371 alterum
2297 4316 2564 4369 hominem
2596 4314 2790 4366 docere
2820 4310 2960 4378 quod
3013 4310 3181 4374 novit,
3214 4309 3256 4360 si
3292 4322 3418 4372 pro-

1841 4413 2070 4467 ﬁciendo
2098 4411 2429 4480 capaciorem
2455 4409 2609 4461 iaciat
2632 4405 2862 4471 Spiritus
2884 4415 3116 4466 sanctus,
3150 4405 3199 4455 in
3226 4419 3330 4472 quo
3359 4412 3414 4457 et

1768 4517 1811 4574 1)
1840 4508 1954 4575 ipse
1986 4506 2174 4559 doctor
2193 4501 2387 4571 aliquid
2416 4500 2642 4566 amplius
2667 4498 2942 4551 addiscere
2981 4496 3192 4565 poterit,
3224 4507 3279 4549 ut
3307 4496 3416 4549 sint

1838 4599 1996 4651 ambo
2041 4594 2297 4649 docilnles
2328 4592 2416 4646 Dei
2466 4593 2644 4662 (Joan.
2685 4589 2784 4659 vr).
2812 4589 2924 4654 Qua
2978 4588 3264 4641 oecadone
3296 4585 3416 4640 vani

1839 4688 2052 4755 quidam
2087 4684 2436 4753 Apocalypsin
2470 4683 2639 4745 Pauli,
2667 4696 2824 4746 quam
2854 4679 3052 4733 sanitas
3083 4694 3185 4732 nun
3229 4677 3418 4746 recipit

1841 4778 2113 4846 Ecclesizr,
2161 4777 2340 4830 nescio
2383 4776 2572 4843 quibus
2597 4773 2782 4828 fabulis
2835 4774 3066 4839 plenam,
3100 4770 3409 4824 stulti-sima

1840 4869 2253 4939 pi-tesumptitine
2300 4866 2581 4928 ﬁnxerunt,
2631 4864 2870 4916 dicentes
2912 4860 3049 4916 hanc
3094 4875 3233 4923 esse,
3279 4862 3419 4915 unde

1840 4962 2034 5016 dixerit
2077 4971 2281 5026 raptum
2325 4973 2383 5011 se
2421 4956 2579 5010 luisse
2619 4957 2670 5008 in
2714 4955 2928 5008 tertium
2959 4953 3175 5015 callum,
3212 4963 3264 5005 et
3307 4953 3418 5006 illic

1840 5050 2050 5103 audisse
2073 5046 2358 5101 inell‘abilia
2384 5045 2568 5108 verba,
2589 5059 2705 5109 qua:
2728 5058 2831 5096 non
2865 5043 2983 5096 licet
3011 5044 3211 5095 homini
3233 5044 3372 5112 loqui
3402 5060 3416 5096 :

1842 5143 1928 5196 ubi
1973 5145 2017 5194 si
2050 5141 2276 5193 dixisset
2306 5157 2315 5191 2
2347 5139 2476 5205 Quae
2528 5138 2699 5189 adhuc
2750 5152 2853 5188 non
2902 5134 3025 5188 licet
3080 5134 3278 5188 homini
3339 5138 3414 5188 lo-

1841 5234 1952 5303 qui,
1985 5243 2248 5299 utcunque
2275 5231 2491 5284 istornm
2525 5227 2814 5281 tolerabilis
2843 5235 2984 5281 esset
3006 5227 3243 5279 audacia.
3275 5227 3412 5281 Cum

1842 5340 1968 5379 vero
1995 5324 2189 5376 dixerit
2225 5338 2335 5389 quia
2374 5337 2475 5374 non
2507 5320 2616 5373 licet
2651 5320 2841 5371 homini
2867 5318 3002 5386 loqui
3029 5316 3114 5385 (Il
3149 5318 3265 5372 Cor.
3296 5327 3412 5385 HI",

1845 5415 1929 5467 isti
1955 5424 2096 5478 sunt,
2133 5416 2219 5480 qui
2262 5413 2374 5464 ha'c
2413 5413 2640 5464 audeant
2671 5410 3011 5476 impudenter
3049 5423 3103 5465 et
3132 5410 3417 5467 infeliciter

1843 5507 2006 5573 loqui.
2036 5507 2168 5572 Quid
2206 5514 2286 5558 est
2324 5503 2462 5571 quod
2493 5505 2564 5555 ait
2599 5503 2850 5556 Dominus
2880 5507 2942 5556 de
2977 5505 3171 5563 Spiritu
3201 5514 3411 5567 sancto,

1839 5609 1958 5648 cum
1991 5610 2110 5648 eum
2156 5603 2431 5647 venturum
2476 5607 2595 5646 esse
2637 5594 2992 5660 promitteret,
3034 5604 3086 5647 et
3130 5596 3407 5648 (iacturum

1839 5683 2273 5750 discipulos-ejus
2319 5694 2528 5734 omnem
2574 5683 2874 5746 veritatem,
2919 5686 2999 5736 vel
3032 5699 3125 5737 eos
3157 5685 3414 5738 deductur-

1843 5789 1955 5828 rum
1990 5774 2039 5828 ἱιι
2074 5775 2214 5829 omni
2262 5774 2519 5829 veritate?
2553 5772 2671 5826 Non
2721 5774 2850 5826 enim
2898 5774 3131 5843 loquetur
3176 5797 3204 5830 α
3236 5789 3417 5830 seum:-
