3884 6232
510 303 611 356 839

903 301 1100 354 ιιιξιω
1143 300 1593 354 νεκειιΑΒιιιε
1632 300 1781 355 ΟΡΡ.
1830 301 2005 355 PARS
2044 301 2074 354 ll

2182 301 2341 356 .ECT.
2396 304 2436 355 Ι.
2485 331 2550 343 —-
2593 303 2979 359 EXEGETICA
3023 302 3347 360 GENUINA.

3644 307 3756 362 860

510 413 641 480 ipso,
669 410 756 462 sed
787 423 1093 477 quacunque
1120 408 1311 470 audiet,
1342 408 1595 473 loquetur.
1626 406 1811 462 Simile
1831 407 1972 461 enim
1996 415 2079 461 est
2106 410 2153 467 Α
2184 418 2267 460 ιιιι·
2290 408 2589 463 difficultas.
2648 412 2779 464 Cum
2832 413 2990 482 igitur
3038 412 3267 481 Spiritus
3322 424 3535 469 sanctus
3590 420 3747 471 nulla

512 502 615 554 hoc
656 499 728 564 ei,
757 498 895 567 quod
935 499 1001 553 de
1040 497 1217 567 seipso
1248 498 1418 551 dixit:
1451 496 1571 551 Non
1598 513 1802 565 possunt
1840 513 1871 550 a
1900 513 1978 550 me
2000 501 2079 566 fa-

511 607 620 644 cere
658 590 976 659 quidquam;
1022 591 1149 643 sicut
1196 592 1374 653 audio,
1408 592 1587 658 judico
1620 590 1799 659 (Joan.
1844 590 1922 659 ν).
1972 590 2075 643 Sed

513 679 640 733 illud
670 693 788 731 cum
835 694 1241 746 exponeremus.
1272 681 1559 733 secundum
1593 680 1860 733 lininittem
1908 681 2074 747 accipi

513 784 669 838 posse
700 769 946 833 diximus,
982 777 1039 819 ut
1066 767 1420 821 obedientiam
1466 784 1635 830 suam,
1662 785 1763 837 qua
1798 770 1967 821 lactus
1997 777 2079 822 est

511 844 763 915 obedienc
801 876 967 928 usque
1014 860 1078 911 ad
1127 869 1353 912 mortem
1397 857 1654 927 (Philipp.
1702 858 1781 926 ιι),
1829 874 2076 927 praenun-

511 953 669 1005 tiasse
716 950 881 1003 Filius
933 951 1194 1001 videretur
1238 957 1288 999 ιιι
1337 949 1386 999 in
1435 948 1630 1013 judicio
1680 946 1931 1010 futuram,
1974 964 2077 1012 quo

512 1040 662 1091 vivos
689 1048 741 1091 et
769 1046 1005 1090 mortuos
1024 1036 1280 1100 judiCabit
1311 1033 1396 1107 (11
1428 1035 1559 1088 Tim.
1586 1037 1682 1100 tv),
1710 1040 1830 1103 quia
1866 1036 1964 1087 hoc
1987 1051 2079 1103 per

511 1130 560 1183 id
601 1133 831 1183 facturus
878 1138 977 1192 est,
1032 1128 1172 1197 Qiltld
1227 1126 1389 1181 Filius
1438 1127 1668 1180 hominis
1717 1135 1821 1188 est,
1864 1137 2079 1194 propter

502 1221 648 1291 quod
680 1221 850 1274 dixit:
887 1220 1038 1271 Pater
1081 1235 1182 1271 non
1224 1220 1417 1282 iudica!
1446 1235 1761 1287 queinquam,
1805 1218 1891 1270 sed
1934 1233 2079 1271 omne

510 1312 763 1381 judicium
807 1310 945 1363 Filio
977 1312 1113 1364 dedit
1150 1310 1331 1379 (Joau.
1363 1312 1439 1376 ιν),
1495 1312 1612 1377 quia
1657 1312 1706 1363 iu
1744 1310 1946 1379 judicio
1975 1326 2075 1364 non

510 1404 679 1457 forma
706 1403 825 1466 Dei,
844 1417 941 1471 qua
971 1402 1249 1469 comqualis
1279 1414 1355 1454 est
1381 1401 1541 1465 Patri,
1574 1416 1671 1455 nec
1693 1405 1759 1454 ab
1786 1402 1961 1469 impiis
2001 1404 2075 1454 vi-

512 1494 622 1547 deri
651 1503 844 1560 potest,
862 1478 965 1547 sed
982 1492 1145 1546 {arma
1168 1491 1707 1558 botninisgapparcbit,
1732 1510 1827 1555 una
1849 1494 2079 1546 minora-

510 1593 593 1636 tus
624 1594 705 1637 est
751 1585 909 1636 etiam
960 1584 1169 1636 modico
1206 1583 1381 1634 minus
1410 1584 1491 1639 ab
1514 1584 1714 1650 angelis
1741 1581 1912 1648 (Psal.
1939 1582 2075 1650 vnt),

509 1672 869 1740 quamvisjam
901 1674 949 1725 in
980 1672 1239 1735 claritate,
1266 1674 1436 1725 nonin
1461 1672 1677 1740 pristina
1692 1671 1759 1725 sit
1783 1672 2075 1725 humilitate

2175 499 2514 565 susceptione
2539 498 2767 554 hominis
2799 504 2865 554 sit
2912 501 3071 554 homo
3105 499 3293 565 factus,
3330 502 3467 556 nulla
3514 519 3733 571 suscep-

2182 585 2324 639 tione
2377 588 2549 653 angeli
2600 588 2667 642 sit
2714 590 2933 658 angulus
2988 592 3176 653 factus,
3234 592 3376 645 nulla
3410 594 3759 660 susceptione

2182 676 2475 743 cujuspiatn
2501 690 2759 732 creatura:
2788 692 3029 733 creatura
3058 681 3124 733 sit
3158 682 3350 748 factus,
3381 684 3648 751 quomodo
3680 686 3758 739 de

2182 768 2272 819 illo
2320 769 2719 834 intelligendum
2768 780 2880 834 est,
2936 773 3074 837 quod
3144 772 3394 827 Dominus
3443 775 3515 827 ait
3565 790 3578 825 :
3628 773 3755 827 Non

2180 857 2310 911 enim
2333 860 2562 925 loquetur
2589 876 2619 911 a
2644 862 2928 928 semetipso,
2972 864 3058 914 sed
3085 879 3389 932 quacunque
3417 866 3592 917 audi:t
3610 904 3623 925 ,
3666 866 3752 917 lo-

2179 949 2393 1014 quetur?
2415 950 2590 1003 Ardua
2646 952 2886 1016 «pitestio,
2920 954 3076 1006 nimis
3106 954 3287 1008 nrdna.
3323 958 3434 1023 Ipse
3463 958 3599 1009 adsit
3630 957 3754 1024 Spi-

2182 1039 2329 1102 ritus,
2366 1050 2420 1091 nt
2442 1043 2657 1105 saltem,
2693 1044 2825 1096 sicut
2854 1061 2969 1096 eam
3002 1046 3237 1112 cogitare
3266 1062 3499 1111 possum,
3531 1049 3607 1099 sic
3634 1050 3753 1100 elo-

2180 1128 2266 1198 ιιιιί
2301 1130 2517 1194 ιοεείιιι,
2550 1146 2610 1184 ac
2650 1134 2724 1185 sic
2747 1136 2808 1184 ad
2842 1134 3238 1202 intelligentiam
3263 1150 3510 1199 vestram,
3534 1154 3626 1203 pro
3646 1140 3750 1203 mcj

2188 1217 2384 1269 tnovlnli
2410 1221 2674 1283 lat-ultate,
2709 1224 2997 1289 perveniat.
3028 1223 3177 1276 Prius
3207 1227 3378 1291 itaque
3402 1243 3562 1279 no~se
3591 1230 3757 1279 debe-

2184 1306 2256 1356 tis
2287 1316 2341 1357 et
2391 1308 2711 1377 intelligere.
2744 1314 2829 1378 qui
2864 1312 3105 1379 poti-stis,
3154 1314 3373 1365 credere
3402 1326 3606 1379 autem,
3656 1320 3752 1383 qui

2184 1394 2477 1461 intelligere
2509 1399 2742 1451 nondum
2777 1404 3018 1466 potestis,
3074 1402 3125 1454 in
3177 1417 3235 1456 ea
3262 1406 3553 1456 substantia
3582 1446 3595 1467 ,
3628 1424 3749 1474 quia

2183 1482 2320 1535 Deus
2348 1498 2449 1551 est,
2485 1504 2585 1540 noo
2614 1490 2762 1555 quasi
2792 1506 2885 1557 per
2911 1494 3148 1560 corporis
3179 1496 3371 1548 molem
3400 1511 3592 1549 sensus
3614 1499 3750 1552 locis

2170 1572 2409 1640 propriis
2460 1592 2578 1630 esse
2631 1580 2977 1644 distributos,
3027 1584 3165 1636 sicut
3219 1587 3268 1638 in
3320 1601 3481 1641 carne
3534 1590 3753 1643 mortali

2183 1677 2619 1735 quorumcunqne
2643 1670 2957 1723 animalium
2981 1672 3103 1725 alibi
3137 1682 3220 1727 est
3254 1676 3417 1740 visus,
3446 1676 3571 1729 alibi
3599 1680 3755 1731 audi-

512 1769 785 1827 vet-turus,
815 1766 1129 1830 conspicuus
1158 1773 1332 1816 tamen
1360 1764 1559 1837 iuturus
1598 1772 1651 1817 ct
1681 1764 1833 1818 bonis
1880 1774 1931 1818 et
1963 1781 2065 1817 ma-

2182 1758 2279 1813 tus,
2308 1754 2428 1807 alibi
2452 1756 2691 1822 olfactus,
2722 1774 2813 1826 per
2836 1770 3000 1814 totum
3025 1773 3198 1816 autem
3225 1774 3413 1818 tactus.
3444 1767 3598 1819 Absit
3643 1768 3747 1820 hoc

510 1852 593 1907 lis.
630 1851 761 1905 llinc
790 1853 863 1905 ait
901 1864 954 1909 et
982 1855 1105 1908 illud
1134 1874 1146 1908 :
1176 1856 1238 1908 Et
1270 1867 1562 1924 potestatem
1594 1856 1732 1908 dedit
1758 1856 1802 1908 ei
1821 1856 2079 1925 judicium

512 1946 697 2009 facere,
720 1944 955 2009 quoniam
980 1943 1144 1997 Filius
1179 1946 1395 1999 hominis
1415 1957 1485 1999 est
1510 1944 1690 2009 (Joan.
1712 1946 1783 2012 v).
1816 1946 1868 1997 In
1893 1945 2082 2012 quibus

507 2032 682 2084 verbis
720 2030 835 2097 ejus
875 2031 1235 2087 manifestatur
1276 2050 1378 2087 nou
1411 2050 1528 2089 eam
1578 2035 1801 2105 fortnam
1847 2050 2079 2103 przesi-n-

508 2120 720 2173 tandam
746 2134 866 2174 esse
896 2120 947 2175 in
969 2124 1168 2195 judicio
1190 2124 1242 2177 in
1270 2140 1367 2192 qua
1392 2140 1511 2178 cum
1535 2133 1675 2177 esset
1706 2139 1809 2177 non
1834 2124 2073 2192 rapinam

513 2210 800 2264 arbitratus
827 2224 908 2266 est
937 2229 1056 2267 esse
1082 2228 1141 2269 se
1164 2218 1418 2283 aqualem
1450 2216 1579 2281 Deo,
1609 2216 1700 2269 sed
1732 2216 1873 2269 illam
1920 2231 2074 2285 quam

509 2316 629 2355 cum
657 2304 1000 2373 semetipsum
1053 2306 1409 2370 exinanisset,
1467 2308 1689 2374 accepit.
1742 2307 2078 2375 Semetiprum

511 2394 641 2445 enim
666 2394 960 2459 exinaniuit,
991 2395 1206 2463 formam
1231 2397 1360 2449 serui
1382 2398 1632 2461 accipiens
1656 2396 1875 2467 (Philip.
1909 2400 1992 2456 tt).
2022 2398 2075 2451 ln

510 2496 613 2548 quo
632 2482 838 2535 videtur
853 2484 1011 2536 etiam
1033 2484 1095 2536 ad
1118 2484 1419 2538 faciendum
1448 2486 1704 2551 judicium
1724 2487 2075 2540 obedientiam

510 2589 657 2627 suam
684 2576 1107 2641 commendasse,
1134 2590 1252 2629 cum
1278 2578 1409 2629 dixit
1434 2593 1447 2629 :
1469 2575 1586 2629 Non
1611 2592 1814 2646 possunt
1840 2592 1870 2627 a
1890 2577 2076 2645 meipso

505 2664 674 2730 facere
698 2665 1004 2731 quidquam;
1048 2667 1176 2718 sicut
1207 2668 1603 2734 audio,jua‘ico.
1629 2668 1796 2721 Adam
1822 2681 2071 2735 namque,

513 2767 607 2819 per
642 2754 794 2819 cujus
838 2755 992 2807 unius
1035 2754 1265 2809 hominis
1318 2756 1733 2812 inobedientiam
1763 2766 2074 2826 peccatores

512 2843 782 2896 eonsdtuti
812 2854 933 2896 sunt
961 2845 1143 2913 multi,
1201 2861 1304 2899 non
1354 2847 1487 2901 sicut
1510 2849 1738 2914 audivit,
1788 2846 2070 2917 judicavit,

513 2931 637 3000 quia
670 2933 807 3001 quod
838 2936 1037 2988 audivit
1084 2938 1465 3003 prievaricavit,
1493 2948 1545 2993 et
1574 2954 1601 2992 a
1633 2940 1920 3008 semetipso
1951 2938 2073 2992 fecit

513 3023 708 3074 Italum
731 3063 745 3086 ,
777 3024 895 3092 quia
930 3042 976 3077 ιιι
1002 3042 1033 3078 ιι
1084 3024 1173 3078 Dei
1221 3027 1572 3094 voluntatem,
1629 3029 1719 3083 sed
1746 3044 1893 3083 suam
1924 3029 2067 3084 fecit.

513 3110 616 3165 Iste
645 3123 817 3165 autem
852 3128 942 3180 per
967 3114 1116 3181 cujus
1142 3116 1295 3169 unius
1316 3117 1543 3172 hominis
1564 3119 1920 3173 obedientiam
1942 3121 2068 3187 justi

515 3206 907 3256 constituuntur
927 3203 1097 3268 multi,
1130 3220 1233 3257 non
1267 3207 1437 3259 solum
1470 3208 1727 3262 obediens
1766 3207 1862 3263 fuit
1906 3225 2074 3278 usque

507 3288 573 3341 ad
605 3302 827 3342 mortem
858 3293 1048 3354 cruris,
1084 3293 1137 3345 in
1161 3308 1259 3361 qua
1285 3306 1365 3347 est
1397 3297 1547 3350 vivus
1574 3296 1841 3364 judicatus
1871 3313 1901 3351 a
1932 3314 2075 3353 mor-

509 3380 633 3442 tuis,
681 3380 770 3430 sed
803 3379 1136 3433 obedientem
1166 3396 1224 3434 se
1256 3382 1487 3436 futurum
1526 3386 1841 3452 promittens
1874 3387 1923 3441 in
1950 3389 2073 3455 ipso

506 3483 716 3535 quoque
741 3468 976 3533 judicio,
1027 3485 1132 3538 quo
1188 3481 1270 3524 est
1325 3472 1391 3525 de
1450 3473 1585 3525 vivis
1642 3474 1969 3551 iudicaturus
2022 3489 2076 3531 et

506 3560 752 3613 mortuis.
788 3558 904 3610 Non
960 3576 1185 3627 possunt,
1221 3562 1421 3628 inquit,
1451 3580 1481 3614 a
1520 3569 1709 3631 πιείρεο
1739 3564 1903 3636 [ccede
1929 3569 2071 3636 quid-

505 3664 688 3713 quam;
720 3648 848 3699 sicut
885 3650 1059 3711 aude,
1093 3650 1294 3716 judico.
1332 3651 1434 3704 Sed
1479 3655 1711 3723 nunquid
1768 3648 1851 3709 de’
1878 3657 2076 3722 Spiritu

504 3751 687 3791 sancto
719 3738 857 3805 quod
887 3739 1091 3790 dictum
1121 3750 1202 3792 est
1234 3758 1244 3791 :
1281 3738 1399 3795 Non
1428 3745 1558 3796 enim
1581 3744 1818 3813 loquetur
1844 3766 1874 3801 a
1895 3760 2075 3801 semet-

504 3829 635 3896 ipsa,
690 3829 780 3881 scd
808 3844 1117 3896 quaecunque
1148 3830 1340 3895 audiet,
1394 3832 1627 3900 loquetur
1687 3834 1833 3903 (Hic,
1867 3842 2072 3909 supra),

506 3919 796 3970 secundum
830 3920 1118 3985 hominem,
1178 3923 1258 3975 vel
1306 3925 1599 3978 secundum
1655 3933 2073 3997 assuniptionem

506 4009 815 4078 cujusquam
840 4020 1097 4066 creatura:
1121 4015 1316 4067 dictum
1347 4030 1465 4068 esse
1490 4016 1804 4071 audebimus
1828 4020 2032 4086 opinari
2054 4024 2077 4076 Ἰ

505 4101 656 4155 solus
684 4102 877 4170 quippe
908 4105 956 4155 in
981 4103 1243 4158 Trinitate
1294 4104 1455 4159 Filius
1498 4106 1722 4161 formam
1752 4109 1891 4163 servi
1922 4125 2075 4164 acce-

508 4195 625 4262 pit:
656 4212 771 4263 quze
804 4196 966 4249 forma
1004 4197 1076 4250 illi
1117 4197 1181 4249 ad
1232 4200 1503 4251 veritatem
1554 4214 1792 4267 persona:
1837 4211 2075 4271 coaptata

507 4297 609 4347 est,
643 4287 693 4338 id
725 4298 826 4351 est,
863 4298 917 4339 ιιι
946 4286 1108 4341 Filius
1142 4288 1229 4339 llei
1258 4302 1309 4341 et
1345 4288 1509 4341 Filius
1560 4290 1789 4343 hominis
1822 4308 1958 4345 unus
2004 4295 2074 4346 sit

2183 1843 2405 1898 credere
2453 1846 2501 1900 in
2538 1846 2622 1900 illa
2679 1849 2992 1916 incorporea
3055 1852 3477 1919 itnmutabiliqne
3535 1864 3752 1907 natura.

2186 1933 2383 1987 Audire
2412 1950 2537 2004 ergo
2569 1938 2664 1999 ibi,
2714 1947 2769 1992 et
2801 1941 3000 2004 videre,
3042 1940 3262 2007 idipsum
3291 1950 3391 1995 est.
3444 1943 3574 1996 Cum
3610 1946 3753 1995 enim

2183 2022 2372 2078 dicitur
2409 2028 2566 2091 scire,
2620 2029 2691 2081 ibi
2740 2039 2863 2083 sunt
2893 2034 3091 2095 omnia,
3135 2042 3191 2085 et
3219 2033 3420 2097 videre,
3454 2042 3509 2087 et
3532 2035 3750 2096 audire,

2183 2126 2235 2167 et
2266 2115 2517 2182 olfacere,
2565 2129 2620 2174 et
2646 2130 2878 2189 gustare,
2912 2131 2967 2175 et
2988 2131 3222 2189 tangere,
3272 2124 3387 2176 sine
3432 2124 3531 2176 ulla
3599 2124 3760 2190 bnjus

2184 2209 2474 2261 mutatione
2503 2212 2849 2280 substantias,
2889 2216 3005 2269 sine
3053 2218 3153 2269 ulla
3188 2218 3347 2280 mole,
3380 2232 3499 2284 qua
3554 2218 3612 2271 in
3648 2218 3751 2271 alia

2184 2306 2333 2361 parte
2362 2297 2550 2365 major,
2587 2300 2637 2353 in
2668 2300 2767 2353 alia
2800 2303 2993 2365 tttiuor,
3021 2306 3253 2358 etiamin
3284 2309 3527 2359 sensibus
3553 2306 3752 2373 puerili

2186 2395 2399 2452 pectore
2432 2389 2712 2454 cogitatur,
2754 2392 2965 2457 quando
3000 2393 3137 2447 Deus
3184 2395 3262 2448 sic
3306 2396 3584 2464 cogitatur.
3619 2396 3753 2450 Cum

2182 2485 2306 2539 ergo
2330 2473 2395 2527 de
2424 2475 2619 2541 Spihtu
2647 2488 2833 2532 sancto
2863 2481 3057 2534 dicitur
3087 2500 3099 2534 ε
3156 2482 3272 2534 Non
3301 2485 3430 2535 enim
3458 2484 3701 2553 loquetur
3725 2504 3757 2537 ιι

2182 2563 2467 2627 semetipso,
2492 2566 2583 2616 sed
2605 2582 2914 2637 quaecunque
2938 2572 3106 2623 audiet
3154 2573 3413 2638 loquetur,
3438 2590 3486 2625 tn
3529 2575 3606 2627 lto
3635 2590 3755 2627 ina-

2182 2652 2261 2721 gis
2294 2652 2363 2705 ibi
2391 2656 2561 2722 simpl.
2583 2671 2613 2709 x
2639 2668 2848 2723 natura,
2886 2660 2973 2713 ubi
3006 2662 3281 2715 verissime
3308 2663 3528 2731 simplex
3560 2666 3646 2717 vel
3676 2665 3761 2719 in.

2185 2740 2465 2808 telligenda
2497 2754 2613 2809 est,
2672 2747 2755 2800 vel
2816 2749 3101 2817 credenda,
3132 2767 3249 2820 qua:
3300 2754 3453 2819 longe
3504 2763 3755 2807 naturam

2181 2838 2375 2883 nostrtc
2406 2835 2595 2886 mentis
2630 2838 2861 2891 excedit.
2911 2839 3175 2895 Mutabilis
3226 2854 3311 2897 est
3354 2846 3543 2913 quippe
3594 2860 3757 2901 mena

2180 2929 2384 2985 nostra,
2434 2937 2553 2991 qua:
2586 2926 2813 2993 percipit
2842 2927 3096 2982 discendo
3151 2932 3291 2999 quod
3347 2934 3657 2998 nesciebat,
3702 2946 3758 2989 et

2183 3010 2377 3063 amittit
2404 3012 2729 3067 dediscendo
2750 3016 2890 3085 quod
2925 3020 3127 3072 sciebat
3154 3036 3167 3084 ;
3201 3030 3255 3073 et
3286 3022 3753 3079 verisimilitudine

2184 3098 2397 3164 fallitur,
2422 3111 2477 3153 ut
2507 3116 2600 3169 pro
2630 3118 2755 3157 vero
2782 3106 3044 3174 approbet
3072 3106 3291 3171 falsum;
3337 3119 3392 3161 et
3421 3110 3757 3166 obscuritate

2176 3202 2271 3240 sua
2302 3188 2450 3257 quasi
2482 3193 2794 3257 quibusdam
2828 3195 3060 3248 tenebris
3088 3195 3398 3263 impeditur,
3434 3213 3498 3249 ne
3547 3214 3747 3265 perve-

2180 3277 2288 3326 niat
2310 3277 2373 3328 ad
2406 3291 2629 3342 verum;
2659 3289 2713 3333 et
2742 3280 2860 3333 ideo
2883 3297 2985 3334 non
3014 3294 3094 3335 est
3118 3285 3216 3335 ista
3247 3288 3540 3337 substantia
3576 3288 3755 3341 reris-

2180 3368 2314 3421 sime
2345 3367 2606 3437 simplex,
2640 3373 2724 3424 cui
2775 3388 2877 3425 non
2927 3385 3003 3427 est
3048 3373 3150 3426 hoc
3193 3390 3314 3429 esse
3362 3378 3502 3443 quod
3563 3394 3755 3433 nosse.

2182 3457 2357 3511 Potest
2378 3461 2518 3513 enim
2552 3476 2690 3527 esse,
2727 3478 2824 3517 nec
2851 3480 3028 3518 nosse.
3063 3470 3127 3518 At
3157 3467 3240 3518 illa
3285 3466 3459 3520 divina
3510 3485 3610 3521 non
3652 3487 3762 3539 po-

2181 3557 2281 3600 test
2314 3552 2383 3601 i'a
2408 3566 2545 3613 esse,
2582 3553 2702 3620 quia
2729 3554 2779 3605 id
2812 3556 2949 3620 quod
2984 3556 3265 3623 habetest,
3297 3573 3360 3611 ac
3391 3574 3483 3625 per
3517 3560 3617 3613 hoc
3648 3578 3759 3615 non

2179 3637 2258 3688 sic
2282 3638 2436 3691 habet
2463 3638 2759 3707 scientiam,
2789 3654 2842 3695 ut
2866 3644 3006 3698 aliud
3032 3646 3103 3699 illi
3136 3650 3204 3700 sit
3225 3649 3469 3713 scientia,
3503 3667 3605 3717 qua
3630 3656 3761 3719 scit,

2181 3726 2321 3780 aliud
2351 3732 2601 3796 essentia,
2635 3749 2733 3801 qua
2754 3743 2866 3799 est;
2894 3737 2985 3789 sed
3021 3747 3300 3808 utrumque
3332 3756 3531 3802 unum;
3563 3757 3762 3809 quam-

2180 3837 2334 3891 quam
2370 3839 2466 3877 nec
2492 3834 2774 3895 utrumque
2798 3829 3081 3883 dicendum
3115 3841 3198 3885 est
3246 3834 3385 3901 quod
3441 3834 3761 3901 simpliciter

2181 3929 2339 3967 unum
2371 3925 2480 3978 est;
2512 3919 2649 3971 sicut
2678 3921 2831 3973 habet
2854 3922 3010 3976 Pater
3036 3925 3192 3975 vitam
3222 3924 3271 3977 in
3306 3929 3619 3992 semetipso,
3650 3946 3754 3983 nec

2182 4004 2321 4056 aliud
2348 4015 2429 4059 est
2458 4006 2568 4073 ipse
2596 4023 2750 4076 quam
2796 4014 2924 4073 vita,
2956 4026 3071 4079 qua:
3124 4013 3172 4065 in
3223 4015 3311 4066 illo
3358 4029 3436 4067 est
3474 4034 3484 4067 :
3524 4017 3590 4068 Et
3617 4020 3760 4070 dedit

2181 4088 2319 4144 Filio
2353 4094 2529 4159 citant,
2556 4096 2737 4151 habere
2767 4099 2818 4152 in
2842 4103 3111 4167 sentetfpso
3150 4100 3327 4170 (Joan.
3360 4106 3447 4170 v);
3500 4105 3602 4159 hoc
3648 4118 3756 4171 Cal,

2178 4183 2359 4251 genuit
2385 4184 2598 4250 Filium,
2628 4189 2716 4255 qui
2743 4198 2795 4241 et
2817 4190 2932 4258 ipse
2973 4193 3075 4247 vita
3094 4203 3252 4245 esset.
3281 4193 3370 4247 Sic
3395 4196 3570 4262 itaque
3594 4196 3757 4249 debe-

2178 4288 2294 4327 mus
2345 4276 2587 4343 accipere
2636 4279 2775 4345 quod
2811 4281 2876 4332 de
2930 4283 3126 4348 Spiritu
3159 4294 3342 4335 sancto
3391 4285 3589 4339 dietum
3624 4298 3751 4341 est:

503 4377 660 4430 Jcsns
682 4377 945 4440 Cbrisms,
971 4393 1037 4430 ne
1062 4393 1165 4429 non
1190 4378 1439 4445 Trinitas,
1464 4379 1557 4433 scd
1580 4384 1904 4449 quateruitas
1938 4398 2070 4450 pra:-

2184 4363 2466 4441 Natrenim
2490 4368 2718 4436 loquetur
2746 4388 2776 4422 a
2801 4371 3090 4443 semetipso,
3122 4376 3208 4426 sed
3227 4391 3538 4441 qua‘t‘unque
3555 4378 3753 4439 audiet,

504 4470 706 4523 dicetur
734 4483 761 4519 ιι
800 4469 977 4529 nobis,
1014 4468 1153 4533 quod
1185 4468 1322 4522 absit
1363 4484 1391 4522 a
1423 4470 1573 4522 nobis
1604 4486 1614 4521 :
1666 4483 1881 4539 propter
1910 4488 2067 4540 quam

509 4572 827 4627 personam,
864 4559 1098 4627 profecto
1132 4574 1289 4611 unam
1321 4574 1383 4613 ex
1417 4560 1623 4617 duabus
1654 4561 1964 4616 substantiis
1992 4564 2073 4616 di-

512 4648 630 4699 vina
686 4655 1020 4715 humanaque
1071 4659 1433 4714 constantem,
1467 4650 1753 4718 aliquando
1784 4654 2071 4706 secundum

512 4740 562 4791 id
602 4741 739 4804 quod
778 4742 914 4792 Deus
946 4750 1025 4792 est
1070 4740 1323 4806 loquitur,
1380 4750 1435 4793 ut
1465 4753 1546 4794 εει
1599 4741 1727 4794 illud
1772 4742 1910 4810 quod
1956 4744 2025 4796 ait
2060 4762 2071 4794 :

507 4830 620 4900 Ego
648 4842 689 4882 et
718 4829 869 4882 Palrr
892 4846 1045 4881 unum
1068 4846 1237 4882 sumus
1264 4828 1437 4896 (Joau.
1473 4832 1549 4897 x);
1588 4833 1865 4899 aliquando
1888 4846 2077 4886 secun-

507 4922 634 4974 dum
664 4922 711 4973 id
739 4922 876 4985 quod
910 4924 1065 4973 homo
1089 4931 1188 4983 est,
1219 4924 1351 4974 sicut
1382 4930 1436 4974 et
1492 4922 1617 4973 illud
1652 4939 1665 4973 ε
1703 4923 1950 4985 Quoniam
1972 4921 2074 4975 Pa-

509 5020 581 5062 ter
606 5013 767 5079 major
793 5026 869 5062 me
891 5018 959 5060 est
1002 5007 1179 5076 (Joan.
1235 5013 1369 5076 xw).
1397 5011 1687 5063 secundum
1718 5011 1857 5079 quod
1881 5014 2076 5079 accipi-

511 5116 652 5163 mus,
684 5115 802 5152 esse
825 5102 891 5151 ab
912 5114 976 5151 eo
1006 5100 1227 5162 dictum,
1276 5112 1322 5151 et
1356 5101 1453 5153 hoc
1478 5101 1613 5153 unde
1645 5117 1783 5155 nunc
1814 5101 2023 5168 disputo
2059 5118 2070 5153 :

510 5192 628 5248 Non
654 5206 904 5255 pessuma
940 5190 1125 5255 meipw
1161 5190 1327 5256 facere
1366 5193 1670 5260 quidquam;
1724 5195 1847 5244 sicut
1896 5194 2067 5255 audio,

500 5284 679 5355 judico
729 5282 907 5349 (Joan.
944 5288 1018 5349 v).
1057 5283 1109 5333 ιιι
1166 5296 1387 5349 persona
1448 5298 1571 5335 vero
1602 5283 1826 5349 Spiritus
1880 5287 2068 5349 sancti,

509 5373 772 5441 quomodo
800 5374 846 5425 id
880 5374 1191 5437 accipimus,
1215 5372 1351 5437 quod
1382 5375 1489 5423 ait:
1529 5373 1644 5425 Non
1676 5375 1808 5425 enim
1841 5377 2075 5444 loquetur

507 5484 539 5517 a
573 5469 858 5529 semetipso.
890 5470 977 5519 sed
1000 5483 1306 5534 quazcuuque
1352 5468 1541 5530 audiet,
1594 5470 1842 5535 loquetur,
1869 5485 1986 5524 eum
2024 5474 2071 5523 in

510 5575 572 5611 ea
606 5576 705 5613 non
736 5561 801 5611 sit
827 5559 930 5611 alia
962 5558 1269 5622 divinitatis,
1304 5559 1405 5610 alia
1442 5559 1807 5623 humanitatis,
1834 5560 1908 5614 vel
1943 5562 2074 5615 altc-

510 5650 623 5705 rius
647 5659 901 5706 creatura:
931 5649 1293 5718 cujuscunque
1321 5650 1630 5713 substantia,
1674 5666 1859 5721 magna
1902 5653 2071 5706 exori-

2179 4455 2436 4523 loquetur,
2470 4466 2526 4511 ut
2556 4460 2910 4529 intelligamus
2941 4480 3042 4515 non
3076 4480 3193 4515 enni
3222 4482 3341 4518 esse
3369 4482 3395 4517 a
3422 4473 3747 4533 semetipo;

2182 4547 2339 4600 Pater
2360 4548 2559 4617 quippe
2584 4552 2729 4603 solus
2754 4554 2818 4602 de
2850 4554 2955 4604 alio
2986 4564 3223 4617 nonest;
3261 4572 3379 4607 natn
3414 4566 3467 4609 et
3490 4556 3656 4609 Filius
3687 4559 3756 4610 dc

2183 4638 2341 4693 Patre
2391 4652 2542 4693 natus
2573 4652 2672 4706 est,
2701 4656 2751 4697 et
2779 4645 3005 4713 Spiritus
3029 4658 3239 4698 sanctus
3268 4648 3333 4699 de
3383 4648 3536 4701 Patre
3569 4663 3681 4716 pro.
3702 4666 3760 4701 e-

2182 4730 2279 4783 dit.
2306 4730 2459 4783 l’ater
2492 4742 2665 4783 autem
2699 4748 2794 4786 nec
2826 4747 2979 4787 natus
3003 4747 3081 4788 est
3110 4738 3174 4787 de
3205 4738 3329 4799 alio,
3362 4752 3459 4789 nec
3487 4741 3753 4804 procedit.

2195 4828 2300 4881 Nec
2332 4829 2451 4882 ideo
2480 4844 2604 4882 sane
2635 4830 2804 4899 aliqua
2825 4832 3110 4897 dirparitas
3141 4831 3189 4882 in
3219 4845 3425 4883 smntna
3459 4834 3545 4885 illa
3571 4833 3757 4885 Trini-

2183 4930 2288 4973 tate
2318 4921 2620 4989 cogitationi
2670 4933 2915 4976 occurrat
2943 4926 3202 4976 humanae.
3240 4924 3369 4977 Nam
3418 4936 3469 4977 et
3505 4923 3672 4977 Filius
3708 4930 3757 4977 ei

2181 5012 2248 5063 de
2276 5027 2380 5079 quo
2412 5022 2565 5064 natus
2593 5023 2711 5076 est,
2743 5021 2795 5065 et
2823 5014 3049 5078 Spiritus
3076 5022 3289 5067 sanctus
3318 5014 3365 5067 ei
3401 5016 3466 5067 de
3496 5030 3603 5080 quo
3634 5031 3758 5081 pro-

2179 5104 2338 5167 cedit,
2374 5104 2585 5171 :eqna’is
2615 5114 2714 5155 est.
2764 5103 2898 5169 Quid
2949 5115 3125 5157 autem
3174 5105 3297 5157 illuc
3350 5104 3560 5157 intersit
3618 5107 3759 5158 inter

2188 5192 2477 5259 procedere
2510 5204 2560 5245 ct
2592 5192 2733 5244 nasci
2762 5234 2774 5253 ,
2828 5205 2879 5246 et
2912 5194 3123 5259 longum
3155 5205 3237 5249 est
3266 5195 3551 5260 qua'rendo
3584 5196 3760 5247 disse-

2183 5298 2320 5344 rere,
2357 5295 2409 5335 et
2438 5282 2783 5335 temerarium
2818 5298 2935 5335 cum
2984 5282 3302 5337 disserueris
3331 5283 3555 5337 deﬁnire
3587 5284 3758 5349 :quia

2180 5386 2230 5429 et
2263 5377 2424 5427 tncnti
2480 5386 2747 5443 utcunque
2774 5373 3230 5440 comprehendere
3260 5413 3273 5435 ,
3332 5383 3383 5426 et
3431 5372 3553 5435 quid
3611 5373 3755 5427 forte

2189 5484 2340 5521 mens
2375 5468 2496 5521 inde
2525 5467 3007 5534 Comprcbcndcrit,
3042 5466 3231 5532 lingua:
3257 5464 3628 5517 dillicillimum
3673 5480 3762 5518 est

2181 5558 2461 5625 explicare,
2518 5555 2875 5624 quantuslibct
2922 5555 3100 5622 prasit
3149 5554 3352 5615 doctor,
3389 5554 3757 5620 quantuslibet

2189 5654 2252 5706 sit
2279 5652 2505 5705 auditor.
2545 5648 2659 5703 Νοιι
2692 5663 2815 5715 ergo
2841 5649 3069 5715 loquctur
3112 5665 3140 5699 a
3170 5656 3449 5711 tetuchpsn,
3486 5646 3607 5711 quia
3645 5664 3753 5699 ron
