3884 6232
115 359 214 411 851

1047 356 1110 408 ιιι
1152 356 1209 411 S.
1250 354 1535 422 JUANNIS
1577 346 2019 406 EVANGELIUM
2063 352 2436 407 EXPOSITIO.

3261 351 3367 408 862

117 478 198 520 est
226 483 255 518 a
280 468 602 534 semetipso;
632 468 722 520 sed
750 484 1060 536 quascunque
1087 466 1279 528 audiet,
1313 464 1569 533 loquetur.
1614 458 1699 512 Ab
1726 464 1773 517 Α
1801 461 1924 513 ritas
1978 463 2386 530 interpretatur,
2445 471 2500 518 et
2547 463 2731 534 gloria.
2781 463 2963 520 Gloria
3016 479 3247 534 namque
3300 464 3364 521 ιιι

119 559 212 610 illo
232 560 420 612 audiet
441 574 469 610 a
495 574 597 626 quo
632 557 886 624 procedit.
918 558 1114 610 Audire
1145 557 1216 608 illi
1269 554 1406 608 srire
1435 563 1537 618 est,
1561 550 1701 604 sicut

121 651 373 716 superius
396 650 721 716 disputatum
752 658 854 704 est.
889 649 1019 715 Quia
1039 663 1169 718 ergo
1202 663 1302 700 non
1333 661 1362 698 a
1384 640 1703 710 semetipso,

119 741 215 793 sed
249 740 321 794 ab
369 743 459 795 illo
503 758 530 792 a
585 756 686 807 quo
736 741 973 805 procedit
997 783 1009 800 .
1042 757 1070 792 tt
1103 754 1209 807 quo
1236 737 1310 791 illi
1342 746 1423 789 est
1451 735 1704 797 essentia,

119 837 189 888 ab
221 838 318 889 illo
343 849 391 888 cl
426 837 671 890 scientia.
705 837 782 890 ΑΙ)
807 838 897 889 illo
928 838 1087 905 igitur
1116 832 1377 886 attdietttia
1403 871 1418 892 .
1449 830 1587 897 quod
1620 830 1704 882 ni-

122 928 194 981 bil
224 939 310 980 est
347 930 490 980 aliud
521 944 680 996 quam
712 930 967 982 essentia.
1001 928 1105 980 Nec
1151 933 1357 978 moveat
1401 923 1538 992 quod
1588 937 1706 975 ver-

122 1015 251 1069 bum
287 1017 453 1068 futuri
489 1020 740 1079 temporis
775 1016 1004 1078 positum
1035 1026 1138 1078 est;
1193 1030 1299 1066 non
1330 1017 1473 1066 enim
1506 1013 1705 1064 dictum

121 1116 206 1160 est
244 1147 256 1158 .
287 1107 638 1175 Quaecunque
660 1106 881 1168 audivit,
911 1116 1000 1158 aut
1022 1106 1372 1172 quodcunque
1398 1103 1560 1165 aliud,
1583 1101 1696 1164 sed,

125 1197 465 1264 Quccsrnque
514 1197 703 1259 audiet,
757 1199 1006 1260 loquetur.
1060 1195 1148 1246 Illa
1195 1195 1387 1260 quippe
1436 1191 1706 1244 audientia

123 1288 467 1355 sempiterna
492 1298 597 1351 est,
621 1289 739 1353 quia
761 1288 1078 1350 sempiterna
1101 1285 1343 1339 scientia.
1367 1284 1420 1336 In
1444 1298 1509 1335 eo
1530 1292 1704 1338 autem

122 1380 269 1444 quod
296 1381 688 1443 sempiternum
707 1385 808 1440 est,
835 1378 948 1429 sine
971 1375 1140 1441 initio,
1167 1382 1221 1428 et
1241 1378 1356 1427 sine
1388 1374 1509 1436 line,
1533 1373 1710 1440 cujus-

123 1467 256 1519 libet
290 1469 555 1533 temporis
587 1470 802 1520 verbum
838 1475 1088 1534 ponatur,
1138 1467 1248 1518 sive
1278 1464 1553 1529 prasteriti,
1597 1465 1710 1516 sive

125 1559 457 1624 praesentis,
512 1556 623 1610 sive
682 1557 885 1619 l'utmi,
942 1571 1046 1609 non
1097 1554 1423 1606 mendaciter
1474 1552 1703 1619 ponitur.

121 1649 391 1713 Quamvis
419 1650 559 1702 enim
593 1659 776 1701 natura
810 1649 895 1701 illa
937 1645 1279 1699 immutabilis
1332 1660 1436 1696 non
1489 1645 1710 1710 recipiat

122 1743 252 1798 Fuit
281 1754 341 1797 et
376 1743 511 1807 Erit,
536 1743 631 1797 sed
658 1751 858 1795 tantum
882 1742 974 1794 Est
1001 1741 1133 1810 (ipsa
1158 1739 1297 1793 enim
1328 1739 1584 1792 veraciter
1606 1744 1707 1801 est.

1807 553 2031 624 quisque
2055 557 2264 622 clarus,
2305 570 2356 610 et
2383 558 2624 612 claritate
2670 559 2967 626 gloriosus;
3021 575 3083 614 ac
3120 575 3212 626 per
3237 557 3360 624 hoc,

1805 649 1945 714 quod
1981 660 2202 713 utrotue
2231 664 2261 701 v
2299 650 2394 700 rbo
2423 649 2781 715 significatur,
2828 649 3052 716 idipsmn
3084 660 3182 704 est.
3213 649 3363 704 Sicut

1807 745 1983 790 autem
2016 738 2334 791 deﬁnierunt
2378 740 2577 806 antiqui
2611 740 2810 794 Latime
2860 742 3054 810 linguae
3081 740 3364 794 clarissimi

1808 829 2263 895 auctores,gloria
2297 844 2372 882 est
2410 829 2655 892 frequens
2703 830 2771 884 de
2825 833 3003 897 aliquo
3053 830 3191 883 l-ma
3247 844 3364 881 cum

1795 917 1983 973 laude.
2014 920 2145 984 Quae
2175 935 2294 972 cum
2321 933 2400 974 est
2433 921 2482 972 in
2513 921 2612 972 boc
2643 923 2836 972 tntnnlo
2861 919 2994 972 facta
3023 921 3089 972 de
3129 919 3364 982 Christo,

1810 1024 1912 1062 non
1928 1009 2023 1061 Clit
2041 1009 2142 1061 isto
2167 1012 2427 1063 credenda
2451 1023 2524 1064 ett
2555 1027 2796 1074 magnum
2829 1011 3025 1078 aliquid
3052 1012 3369 1071 contulisse,

1808 1101 1899 1153 sed
1931 1103 2146 1154 mundo.
2175 1102 2371 1155 Bonum
2389 1105 2528 1157 enim
2559 1103 2795 1169 laudare,
2833 1119 2934 1155 non
2969 1104 3251 1163 laudando,
3277 1102 3369 1154 sed

1810 1191 2146 1244 laudantibus
2179 1194 2407 1257 prodest.
2465 1196 2819 1260 Quapropter.
2868 1194 3114 1259 quoniam
3167 1193 3232 1243 de
3282 1191 3362 1244 bis

1812 1282 1941 1334 nihil
1971 1283 2072 1335 hoc
2104 1282 2220 1336 loco
2249 1285 2527 1336 dicendum
2558 1293 2660 1343 est.
2712 1285 2800 1350 qui
2847 1282 3108 1335 Christum
3160 1284 3370 1344 vitupeo

1814 1384 2107 1442 rantatquc
2139 1374 2526 1440 blasphemant.
2557 1377 2673 1443 quia
2701 1378 2764 1426 de
2786 1375 2948 1442 gloria
2977 1378 3093 1439 ejus
3118 1375 3368 1440 loquitur,

1812 1482 1912 1534 qua
1946 1479 2023 1519 est
2047 1468 2368 1533 gloriﬁcatns
2398 1468 2447 1521 itt
2499 1471 2714 1530 mundo,
2750 1483 2854 1519 non
2885 1483 3004 1520 eum
3057 1466 3372 1530 glot'ilir‘avit

1813 1559 2042 1622 Spiritus
2069 1572 2280 1614 sanctus
2313 1577 2430 1613 vera
2462 1562 2649 1629 gloria,
2685 1549 2786 1613 nisi
2827 1561 2878 1612 in
2917 1559 3150 1611 lslccles'ta
3181 1568 3365 1608 sancta

1812 1654 2088 1709 catholica.
2123 1654 2256 1707 Mtbi
2316 1655 2482 1718 enim,
2533 1653 2580 1706 id
2631 1664 2734 1714 est,
2786 1654 2866 1704 vel
2899 1653 3032 1718 apud
3068 1650 3373 1714 haereticos,

1819 1745 1898 1796 vel
1930 1743 2065 1808 apud
2094 1745 2347 1812 quosdam
2369 1758 2637 1811 ptgauos,
2677 1758 2796 1794 vera
2824 1747 2872 1794 in
2904 1746 3058 1795 teri-is
3077 1741 3242 1808 gloria
3269 1755 3368 1791 non

121 1837 248 1904 quia
282 1836 477 1888 mutari
510 1850 613 1888 non
647 1844 848 1901 potest;
880 1842 933 1887 et
963 1833 1083 1890 ideo
1104 1832 1178 1886 illi
1205 1840 1405 1885 tantum
1443 1843 1708 1883 convene-
1744 1813 1787 1871 Β
1821 1845 1995 1904 potest
2023 1851 2159 1900 esse,
2186 1845 2238 1888 et
2260 1835 2342 1888 ubi
2372 1835 2573 1888 videtur
2605 1851 2723 1887 esse
2758 1835 3004 1899 frequens
3029 1835 3093 1885 de
3122 1832 3210 1883 ιΙΙο
3237 1833 3370 1882 lauta

124 1934 208 1980 rat
237 1927 427 1979 dicere
457 1942 472 1976 ε
504 1924 609 1991 Ego
632 1941 742 1976 sum
781 1926 866 1993 qui
915 1939 1065 1986 sum;
1112 1933 1159 1976 et
1203 1923 1340 1975 dices
1366 1921 1485 1985 ﬁliis
1510 1918 1672 1973 Israel
1694 1933 1713 1971 :

127 2020 234 2084 Qui
274 2027 352 2071 est
382 2019 514 2070 misit
544 2033 623 2069 me
647 2018 712 2068 ad
742 2031 825 2068 vos
873 2014 1067 2088 [Ειυά.
1099 2011 1202 2083 Itt]‘
1235 2031 1250 2078 ;
1286 2023 1460 2066 tamen
1505 2019 1716 2076 propter

130 2107 557 2162 mutabilitatem
589 2115 909 2172 temporum,
961 2103 1014 2158 in
1045 2102 1237 2170 quibus
1266 2109 1503 2154 versatur
1535 2111 1714 2150 nosna

128 2195 460 2258 mortalitas.
513 2203 569 2247 et
598 2204 773 2246 noStra
823 2190 1166 2255 mutabilitas,
1217 2205 1321 2251 non
1379 2189 1713 2242 mendaciter

129 2284 374 2338 dicimus
403 2295 456 2337 et
509 2281 653 2345 Fuit.
680 2291 735 2337 et
765 2283 876 2347 Est,
907 2285 962 2334 et
994 2281 1126 2334 Erit.
1179 2279 1299 2336 Fuit
1350 2279 1401 2332 in
1435 2277 1716 2347 prmtesitis

129 2374 378 2438 saeculis,
429 2382 514 2428 est
577 2373 626 2424 in
680 2370 1054 2439 prmsentibus.
1107 2371 1209 2424 erit
1240 2369 1292 2423 in
1330 2367 1541 2422 futuris.
1569 2366 1712 2432 Fuit,

131 2470 257 2534 quia
274 2479 546 2528 nunquam
574 2463 767 2528 deluit;
791 2466 914 2529 erit,
939 2463 1060 2530 quia
1086 2476 1350 2528 nunquam
1373 2459 1542 2513 deerit
1565 2475 1580 2522 ;
1611 2466 1715 2520 est,

132 2556 260 2623 quia
293 2569 514 2621 semper
536 2561 642 2606 est.
677 2553 854 2619 Neque
883 2552 1024 2605 enim
1051 2551 1190 2603 velut
1239 2550 1327 2616 qui
1354 2548 1464 2619 jam
1491 2562 1594 2600 non
1625 2549 1714 2610 sit,

133 2662 258 2699 cum
289 2647 583 2714 praeteritis
615 2646 851 2709 occidit;
891 2653 983 2696 aut
1011 2658 1128 2696 cum
1163 2641 1532 2710 praesentibus,
1577 2640 1721 2693 velut

134 2737 224 2802 qui
261 2751 374 2788 nun
409 2745 642 2800 maneat,
675 2734 898 2800 labitur;
924 2744 1016 2788 aut
1046 2748 1167 2794 cum
1203 2733 1415 2794 futuris,
1440 2731 1584 2784 velut
1629 2732 1718 2800 qui

137 2842 243 2878 non
275 2826 485 2888 fuerat,
514 2828 733 2879 orietur.
768 2825 1021 2888 Proinde,
1055 2839 1175 2877 cum
1209 2826 1509 2876 secundum
1572 2824 1721 2876 volu-

138 2918 281 2970 mina
314 2930 626 2983 temporum
651 2916 846 2969 locutio
881 2917 1111 2967 humana
1158 2915 1413 2975 variatur,
1468 2913 1589 2979 quia
1628 2928 1720 2981 per

139 3009 286 3062 nulla
321 3011 519 3061 deeSse
549 3007 739 3076 potuit.
772 3015 865 3059 aut
892 3015 1065 3074 potest
1103 3016 1194 3058 aut
1224 3006 1413 3072 poterit
1460 3015 1718 3072 tempora,

141 3115 266 3153 vera
323 3100 398 3153 de
439 3101 530 3150 illo
581 3098 828 3151 dicuntur
887 3097 1173 3164 cujuslibet
1226 3096 1478 3162 temporis
1538 3098 1716 3150 verba.

142 3192 379 3260 Semper
426 3193 601 3260 itaque
627 3191 770 3243 audit
802 3160 1035 3257 Spiriius
1085 3160 1471 3254 ssuictus.quia
1503 3200 1714 3252 semper
1752 3160 1798 3222 θ

143 3288 277 3348 scit;
311 3299 451 3354 ergo
479 3292 530 3336 et
577 3282 754 3345 scivit,
784 3291 837 3335 et
864 3281 984 3342 scil.
1035 3288 1090 3332 et
1138 3286 1304 3342 sciet;
1333 3293 1394 3331 ac
1427 3293 1517 3345 per
1543 3279 1640 3331 hoc
1670 3291 1724 3333 et

145 3373 372 3429 audivit.
407 3383 460 3424 et
489 3371 652 3436 audit.
681 3381 734 3424 et
767 3370 966 3434 audiet,
993 3370 1134 3433 quia,
1167 3369 1298 3420 sicut
1325 3368 1435 3434 jam
1467 3368 1720 3431 diximus,

148 3463 252 3517 lioc
279 3463 356 3514 illi
382 3470 467 3515 est
514 3462 719 3520 audire,
750 3460 886 3529 quod
919 3459 1086 3522 scire;
1113 3469 1164 3510 et
1191 3458 1330 3511 scire
1361 3459 1455 3520 illi,
1492 3461 1590 3510 hoc
1620 3471 1720 3523 est,

148 3553 287 3618 quod
319 3567 462 3604 esse.
503 3552 573 3602 ab
605 3552 695 3602 illo
756 3552 911 3618 igitur
939 3549 1187 3610 'audivit,
1237 3549 1414 3610 audit,
1449 3550 1650 3613 audiet,
1694 3564 1721 3600 a

151 3658 258 3708 quo
289 3652 400 3697 est.
445 3642 522 3693 Ab
572 3640 661 3692 ιιιυ
690 3647 793 3702 est,
823 3654 851 3690 a
881 3655 984 3706 quo
1017 3639 1272 3705 procedit.
1325 3637 1428 3692 Sed
1462 3638 1599 3706 quod
1633 3637 1724 3690 ad-

147 3733 324 3801 juttgit
360 3749 375 3784 :
1393 3717 1403 3734 ί

225 3822 331 3875 Ille
361 3837 438 3871 me
464 3819 784 3884 clariﬁcabit.
816 3819 934 3887 quia
961 3819 1024 3870 de
1047 3833 1154 3870 meo
1184 3817 1416 3882 accipiet.
1458 3829 1503 3869 et
1525 3833 1728 3868 annun-

155 3911 301 3963 tiabit
332 3910 493 3966 vobis.
546 3925 647 3959 non
681 3908 1005 3975 negligenter
1027 3918 1108 3958 est
1138 3905 1538 3958 transeundum.
1575 3906 1725 3970 Quod

156 4002 300 4055 enim
335 4000 431 4065 ait,
490 3996 588 4050 Ille
618 4015 694 4049 me
735 3997 1054 4062 clariﬁcabit.
1089 4006 1264 4064 potest
1312 3995 1534 4062 intelligi
1557 4036 1571 4058 ,
1604 3997 1728 4063 quia

155 4091 506 4147 diﬂ'ttndettdu
569 4091 618 4142 in
681 4090 1004 4142 credentium
1068 4088 1314 4140 cordibus
1368 4089 1724 4152 cltarittttcm,

158 4185 542 4253 spiritalesque
570 4182 832 4246 faciendo,
859 4182 1151 4234 declarabit
1180 4184 1255 4233 eis
1277 4182 1549 4250 quomodo
1574 4183 1719 4238 Patri

162 4277 332 4330 Filius
366 4282 513 4327 essu
534 4272 771 4340 aequalis,
803 4286 959 4338 quem
989 4271 1281 4324 secundum
1313 4286 1527 4326 carnem
1585 4273 1731 4340 prius

163 4364 539 4421 tantummodo
589 4374 864 4425 noverant,
897 4373 951 4417 et
983 4364 1248 4415 hominem
1298 4363 1433 4415 sicut
1484 4363 1730 4418 homines

161 4457 500 4522 cogitabant;
527 4452 606 4507 vel
624 4463 788 4517 certe,
807 4452 925 4518 quia
952 4467 1042 4516 per
1064 4453 1229 4519 ipsam
1255 4452 1567 4508 charitatem
1595 4455 1729 4507 lidu-
1755 4487 1808 4545 D

163 4547 245 4600 cia
275 4547 482 4614 repleti.
511 4555 562 4598 et
585 4543 771 4597 timore
800 4543 1042 4610 depulso,
1078 4545 1524 4598 annuntiaverunt
1561 4547 1732 4600 homi-

166 4638 325 4690 nibus
350 4633 639 4698 Cltristum,
664 4648 726 4688 ac
749 4635 825 4687 sic
843 4633 959 4701 ejus
982 4633 1116 4685 fama
1139 4632 1320 4686 diffusa
1349 4643 1433 4688 est
1459 4644 1569 4688 toto
1590 4638 1721 4691 orbe

169 4739 435 4780 terrarum
451 4767 464 4790 ,
490 4735 547 4778 ut
572 4726 645 4777 sic
666 4725 854 4779 dixerit
882 4743 893 4777 :
924 4724 1025 4779 Ille
1045 4742 1122 4778 me
1141 4727 1459 4794 clari/icabit,
1481 4738 1727 4794 tanquam

168 4817 375 4869 diceret
419 4834 430 4868 :
468 4817 556 4869 Ille
582 4815 732 4868 vobis
762 4817 966 4870 auferet
1002 4817 1267 4879 timorem,
1299 4830 1352 4871 et
1381 4819 1528 4872 dabit
1580 4835 1727 4873 amo-

171 4922 309 4969 rem,
347 4923 454 4974 quo
483 4921 565 4960 me
589 4905 858 4960 ardentius
892 4907 1263 4974 praedicantes,
1290 4909 1470 4977 gloriae
1489 4925 1619 4964 mere
1644 4927 1735 4979 per

173 5007 346 5050 totum
408 4996 656 5050 mundqu
714 4997 908 5052 dabitis
965 4998 1228 5064 odorem,
1301 5001 1736 5056 commendabilis

175 5091 452 5141 honorem.
484 5087 633 5154 Quod
665 5088 805 5140 enim
840 5087 1196 5142 facturierant
1224 5089 1273 5140 iu
1306 5089 1501 5156 Spiritu
1523 5098 1732 5156 sancto,

177 5179 277 5230 hoc
304 5178 552 5231 eumdem
585 5177 836 5242 Spiritum
866 5177 1000 5230 dixit
1035 5192 1157 5232 esse
1175 5177 1458 5243 facturum,
1484 5181 1637 5248 quale
1658 5190 1738 5233 est

177 5269 332 5321 etiam
363 5267 490 5318 illud
548 5284 558 5316 :
618 5266 734 5318 Non
760 5268 892 5318 enim
933 5283 1019 5319 vos
1043 5270 1159 5320 estis
1191 5270 1275 5337 qui
1304 5270 1600 5337 loquimini,
1652 5273 1741 5324 sed

179 5360 402 5425 Spiritus
424 5356 592 5408 Patris
620 5360 785 5419 vestri,
816 5360 898 5423 qui
925 5359 1143 5427 loquitur
1168 5360 1218 5408 in
1244 5361 1380 5411 vobis
1403 5360 1612 5426 (Matth.
1632 5364 1737 5429 ιιι).

184 5451 406 5501 Verbum
431 5447 623 5517 quippe
651 5447 914 5513 Cra-cunt,
948 5451 1082 5519 quod
1112 5461 1192 5504 est
1219 5451 1435 5516 δοξάσει,
1467 5455 1600 5506 alius
1640 5460 1741 5508 cla-

182 5541 395 5604 ri/icobit
419 5582 432 5606 ,
464 5539 599 5590 alius
632 5539 952 5607 glot'iﬁvabil,
991 5543 1160 5595 Latini
1198 5544 1520 5609 interpretes
1572 5547 1622 5598 iu
1650 5564 1740 5600 sua

181 5632 404 5700 quisque
431 5631 778 5683 translatione
809 5641 1124 5697 posuerunt,
1157 5633 1404 5699 quoniam
1440 5634 1572 5700 ipsa,
1626 5651 1742 5704 quas

183 5720 362 5776 Graece
403 5721 596 5774 dicitur
625 5718 759 5786 δόξα,
794 5721 931 5775 unde
957 5721 1152 5776 dictum
1179 5730 1257 5778 cst
1286 5723 1509 5790 δοξάσει,
1541 5736 1595 5785 et
1625 5718 1730 5779 ela-

1820 1941 1940 1980 cum
1974 1926 2150 1986 laude,
2186 1942 2311 1979 vera
2365 1926 2478 1992 ejus
2517 1927 2682 1994 gloria
2739 1926 2789 1978 in
2846 1925 3081 1978 Ecclesia
3115 1925 3373 1976 catholwa

1817 2019 1892 2071 sic
1912 2033 2017 2086 .per
2049 2018 2359 2083 Pt0pbetam
2390 2028 2632 2071 cantatur
2661 2035 2674 2069 :
2711 2018 2954 2069 It'raltare
3004 2032 3163 2075 super
3209 2015 3380 2077 calas,

1822 2107 1978 2174 Deus,
2003 2119 2048 2162 et
2073 2123 2223 2172 super
2252 2124 2450 2160 omnem
2480 2119 2664 2161 terram
2706 2108 2870 2175 gloria
2895 2117 2980 2157 tua
3035 2102 3207 2173 (Psal.
3245 2107 3380 2172 ut).

1819 2197 1946 2263 Quia
1997 2195 2173 2265 itaque
2225 2210 2340 2263 post
2383 2196 2497 2265 ejus
2539 2197 2910 2249 exaltationem
2955 2205 3204 2248 venturus
3260 2204 3375 2246 erat

1822 2284 2052 2354 Spiritus
2081 2291 2314 2346 sam-tus,
2346 2293 2399 2337 et
2447 2298 2569 2336 eum
2617 2282 3025 2350 glorilleatnrus.
3079 2282 3177 2332 hoc
3230 2294 3383 2333 sacer

1822 2379 2075 2445 psalmus,
2106 2377 2203 2429 boc
2225 2375 2335 2442 ipse
2360 2373 2669 2438 Unigeuilus
2694 2374 2928 2436 promisit
2962 2371 3212 2432 futurum.
3245 2369 3386 2438 quod

1820 2465 2060 2519 videmus
2083 2463 2372 2531 impletum.
2403 2462 2551 2530 Quod
2575 2471 2748 2516 autem
2772 2463 2841 2513 ait
2868 2478 2882 2514 :
2911 2460 2990 2515 De
3013 2478 3118 2513 meo
3143 2461 3380 2526 accipiet.

1821 2571 1869 2610 et
1893 2557 2210 2611 annuntiabit
2235 2559 2386 2618 vobis.
2411 2555 2684 2608 catholicis
2721 2556 2898 2608 audite
2921 2555 3160 2618 auribus,
3189 2555 3375 2607 catho-

1824 2647 1940 2704 licis
1968 2648 2221 2715 percipite
2267 2649 2553 2700 mentibus.
2603 2645 2714 2698 Non
2741 2645 2884 2698 enim
2917 2653 3211 2709 propterea.
3247 2644 3384 2696 sient

1821 2739 2032 2806 quidam
2061 2736 2290 2790 btet-etici
2315 2716 2651 2799 putaverunt,
2677 2736 2850 2787 minor
2878 2742 2959 2785 est
2993 2733 3064 2786 Fil
3091 2748 3122 2783 o
3151 2733 3380 2796 Spiritus

1822 2841 2056 2893 sanctus,
2091 2829 2238 2895 quasi
2291 2827 2451 2880 Filius
2501 2827 2724 2891 accipiat
2768 2839 2796 2876 a
2845 2823 3018 2886 Patre.
3067 2835 3116 2876 et
3161 2822 3388 2890 Spiritus

1822 2931 2037 2977 Sanctus
2064 2937 2092 2974 a
2128 2921 2279 2984 Filio,
2303 2919 2615 2987 quibusdam
2644 2917 2891 2984 gradibus
2916 2924 3218 2967 naturarum
3249 2931 3261 2964 :
3287 2915 3386 2964 ab-

1824 3015 1894 3066 sit
1919 3015 2018 3065 ltoc
2047 3014 2288 3073 credere.
2318 3011 2452 3063 absit
2501 3014 2600 3060 hoc
2628 3006 2824 3071 dicere,
2855 3006 2990 3060 absit
3016 3022 3041 3056 a
3071 3004 3389 3058 Christianis

1826 3103 2073 3158 cordibus
2103 3102 2355 3171 cogitare.
2393 3101 2626 3167 Denique
2650 3100 2897 3151 Continuo
2915 3097 3072 3149 solvd
3101 3098 3213 3162 ipse
3243 3107 3388 3164 qua!-

1827 3195 2076 3257 stionem,
2101 3203 2150 3245 et
2184 3208 2275 3244 cur
2306 3191 2405 3243 hoc
2434 3189 2646 3250 dixierit,
2676 3186 2994 3253 explanavit.

1898 3285 2103 3348 Omnia,
2136 3283 2320 3348 inquit.
2353 3296 2660 3349 quwcunque
2704 3277 2847 3330 habet
2890 3276 3062 3340 Pater,
3094 3291 3205 3328 mea
3232 3284 3389 3338 sunt;

1827 3384 2091 3441 prOpterea
2139 3373 2264 3434 dixi.
2318 3373 2431 3440 quia
2465 3369 2526 3422 de
2567 3385 2674 3422 mea
2713 3369 2945 3436 accipiet,
2995 3378 3040 3419 et
3074 3366 3392 3419 aunnntiabit

1827 3468 1984 3519 vobis.
2032 3465 2162 3529 Quid
2208 3463 2366 3515 vultis
2409 3462 2668 3530 amplius?
2721 3461 2856 3525 Ergo
2887 3463 2950 3511 de
2983 3460 3134 3512 Patre
3182 3461 3390 3527 accttpit

1825 3555 2054 3618 Spiritus
2094 3567 2325 3615 sanctus,
2359 3553 2497 3606 unde
2542 3552 2744 3617 accepit
2777 3550 2974 3613 'Filius,
3018 3551 3136 3616 quin
3188 3550 3237 3603 in
3290 3549 3389 3603 bac

1826 3646 2082 3699 Triuitate
2110 3649 2174 3696 tle
2200 3644 2351 3696 Patre
2378 3657 2530 3695 natus
2559 3651 2639 3694 est
2663 3639 2846 3698 Filius.
2880 3640 2944 3691 de
2976 3640 3125 3691 Patre
3149 3639 3386 3705 procedit

1829 3737 2053 3798 S.iritus
2087 3745 2330 3796 sanctus;
2363 3733 2451 3800 qui
2501 3745 2676 3785 autem
2729 3735 2795 3784 de
2827 3733 2968 3782 nullo
3018 3741 3168 3783 natus
3198 3733 3288 3793 sit,
3319 3730 3387 3786 de

1830 3826 1974 3878 nullo
2023 3827 2290 3888 procedat.
2344 3825 2493 3876 Pater
2538 3831 2620 3882 est
2664 3823 2826 3873 solum.
2889 3821 3164 3887 Quomodo
3205 3832 3382 3875 autem

1829 3913 2026 3967 dixerit
2073 3911 2366 3979 unigettitus
2411 3910 2616 3964 Filius:
2649 3910 2832 3965 Omnia
2875 3927 2986 3979 qua:
3026 3913 3171 3964 habet
3212 3909 3388 3976 Pater,

1832 4019 1941 4056 meo
1969 4013 2099 4060 sunt,
2133 4003 2251 4068 quia
2280 4002 2457 4067 utique
2486 4015 2586 4052 non
2614 4001 2690 4054 sic
2710 4001 3147 4068 quemadmodum
3185 4000 3384 4053 dictum

1833 4103 1914 4150 est
1947 4094 2015 4145 illi
2066 4094 2169 4150 lilio
2202 4108 2304 4145 non
2364 4093 2651 4160 unigenitu,
2681 4095 2771 4144 sed
2803 4107 2863 4145 ex
2909 4093 3117 4145 duobus
3156 4093 3341 4157 majori
3376 4109 3390 4146 :

1833 4184 1912 4237 Tu
1955 4199 2148 4236 mecum
2192 4199 2240 4233 es
2270 4198 2482 4250 semptr,
2512 4193 2555 4235 et
2584 4183 2749 4235 omnia
2797 4200 2905 4235 mea
2951 4198 3036 4236 tua
3081 4195 3197 4236 sunt
3238 4179 3391 4253 (Luc.

1835 4273 1946 4341 xv),
1981 4288 2042 4324 eo
2074 4274 2208 4339 loco,
2240 4272 2281 4325 si
2314 4271 2566 4326 Dnniuus
2601 4273 2844 4333 voluerit.
2883 4273 3118 4341 diligenti
3150 4273 3392 4326 conside-

1835 4367 2037 4419 ratione
2084 4362 2410 4426 tractabitur,
2462 4363 2546 4415 ubi
2597 4364 2720 4415 dicit
2764 4363 3068 4431 Unigenitus
3113 4363 3292 4416 Patri:
3325 4360 3391 4416 Et

1837 4473 1945 4509 mea
1977 4456 2143 4508 omnia
2174 4465 2257 4508 tua
2286 4463 2422 4517 sunt,
2447 4463 2492 4507 et
2514 4465 2598 4511 tua
2623 4471 2727 4504 mra
2751 4463 2888 4508 sunt.

1908 4543 2165 4598 Modicum
2185 4554 2231 4595 et
2252 4546 2361 4613 jam
2409 4561 2506 4597 non
2533 4544 2756 4596 videbizis
2801 4559 2912 4608 nte;
2939 4552 2985 4596 et
3012 4546 3190 4597 iterum
3229 4547 3394 4599 modi-

1838 4652 1970 4698 cum,
2015 4643 2060 4687 et
2087 4634 2313 4691 videbitis
2346 4648 2440 4697 me,
2471 4635 2588 4696 quia
2636 4634 2760 4684 vado
2798 4635 2864 4684 ad
2908 4631 3132 4686 Patrem.
3171 4634 3291 4685 llzec
3322 4634 3391 4687 ita

1837 4725 2060 4778 obscura
2112 4733 2263 4776 erant
2311 4723 2582 4786 discipulis
2623 4731 2901 4782 anteiuam
2953 4723 3021 4785 id,
3054 4722 3191 4789 quod
3241 4722 3390 4787 dicit,

1838 4822 1981 4868 esset
2034 4813 2324 4879 impletuut,
2375 4819 2431 4863 ut
2461 4821 2756 4876 qumrentes
2806 4811 2944 4865 inter
2985 4826 3044 4864 se
3088 4811 3210 4880 quid
3249 4820 3392 4866 esset

1837 4904 1975 4974 quod
2004 4905 2224 4966 diceret,
2257 4903 2473 4955 omnino
2494 4918 2551 4955 se
2583 4905 2780 4954 nescire
2802 4901 3106 4954 faterentur.
3140 4901 3390 4969 Sequitur

1838 4999 1974 5054 enim
2006 4995 2338 5063 Evangelium
2367 5011 2378 5046 :

1912 5089 2154 5141 Dixerunt
2185 5104 2300 5154 ergo
2341 5102 2400 5139 ea;
2430 5085 2691 5152 discipulis
2736 5087 2845 5153 ejus
2876 5084 2941 5135 ad
2981 5083 3187 5135 innima
3210 5099 3228 5135 :
3260 5083 3395 5148 Quid

1840 5191 1908 5233 est
1937 5180 2048 5238 hoc.
2097 5178 2228 5244 quod
2268 5177 2386 5226 dicit
2426 5175 2565 5226 nobis
2589 5190 2607 5225 :
2634 5173 2908 5234 Modicum,
2941 5181 2988 5224 et
3033 5190 3129 5224 non
3169 5173 3215 5224 vi
3235 5174 3395 5226 lebitis

1841 5285 1937 5329 me,
1963 5279 2005 5319 et
2028 5269 2201 5318 iterum
2225 5265 2472 5316 modium
2501 5272 2546 5316 et
2578 5265 2801 5314 videbitis
2831 5264 2940 5314 me?
2966 5276 3010 5315 et
3037 5263 3151 5330 quia
3172 5265 3300 5314 vado
3327 5262 3394 5314 ad

1846 5360 2043 5411 Patrem
2068 5360 2088 5409 ?
2115 5356 2352 5409 Dicebant
2380 5371 2515 5424 ergo,
2545 5357 2662 5419 quid
2705 5361 2773 5404 est
2805 5355 2918 5417 hoc,
2945 5353 3076 5421 quod
3106 5352 3246 5415 dicit,
3279 5350 3394 5402 Mo-

1843 5453 2052 5505 dicum?
2085 5450 2346 5504 Nescimus
2374 5450 2494 5516 quid
2532 5450 2769 5511 loquitur.
2806 5447 2911 5502 lloc
2961 5447 3100 5497 enim
3133 5456 3213 5498 est
3253 5442 3393 5512 quod

1844 5559 1935 5597 eos
1962 5557 2094 5594 lllUVt
2117 5543 2221 5604 bat,
2253 5542 2369 5607 quia
2397 5538 2527 5590 dixit
2548 5539 2821 5601 modicum,
2848 5546 2894 5588 et
2923 5553 2953 5587 n
2973 5553 3020 5588 in
3049 5535 3268 5588 videbitis
3293 5549 3394 5589 me.

1845 5637 1969 5689 Num
2018 5637 2066 5684 in
2097 5631 2508 5700 praecedentibus
2554 5633 2672 5696 quia
2726 5643 2828 5680 non
2869 5628 3070 5681 dixerat
3113 5627 3389 5684 modicum,

1846 5727 1933 5782 scd
1968 5727 2168 5779 dixerat.
2211 5724 2286 5776 Ad
2319 5733 2505 5791 patrem
2534 5723 2675 5787 vado,
2702 5721 2863 5789 etjmn
2897 5735 2992 5775 non
3029 5714 3251 5770 videbitis
3297 5731 3398 5775 me,
