3884 6232
466 362 578 422 883

836 360 1041 417 BEDIE
1090 350 1539 417 VENERABILIS
1585 338 1738 416 OI‘P.
1784 358 1963 419 PARS
2001 358 2067 416 ll.
2135 359 2324 416 SECT.
2369 360 2411 415 l.
2465 389 2535 401 —
2576 357 2972 415 EXEGETICA
3017 358 3345 416 GENUINA.
3631 360 3718 418 ιιι

471 485 717 542 tanquam
756 484 941 543 aperte
973 476 1077 529 illis
1128 476 1273 530 visus
1318 485 1401 530 est
1430 476 1657 538 locutus,
1688 491 1788 530 nec
1829 474 1967 528 inter
1991 488 2049 527 se
2082 480 2126 534 Α
2158 475 2489 542 resurrexit,
2539 482 2591 528 et
2644 474 3027 543 interrogatum
3073 474 3321 543 legimus,
3362 482 3428 543 ,ει
3475 487 3716 546 rogatum.

468 566 533 619 de
591 567 691 618 hoc
744 565 942 633 aliquid
996 568 1343 633 quaesierunt.
1396 566 1546 620 Nune
1586 581 1712 635 ergo
1756 565 1895 634 quod
1950 564 2052 618 illis

468 666 593 710 tunc
635 656 924 711 obscurum
954 656 1073 724 fuit,
1126 667 1177 710 et
1211 675 1333 711 ιιιυι
1367 656 1760 711 manifestatum
1808 665 1910 722 est,
1943 656 2051 723 jam

462 747 619 799 nobis
651 748 833 815 utique
881 748 1219 801 manifestum
1270 759 1389 812 est;
1443 754 1565 811 rost
1595 748 1860 814 paululum
1908 745 2052 800 enim

465 854 654 903 passus
685 848 789 901 est,
817 851 868 892 et
902 854 1007 893 nou
1044 839 1287 893 sideruut
1312 856 1457 893 eum.
1490 841 1691 894 ltnrsus
1716 850 1830 907 post
1863 840 2051 909 paulu-

459 929 571 986 lum
619 933 939 997 resurrexit,
971 943 1024 985 et
1056 933 1306 995 viderunt
1336 948 1480 986 eum.
1518 932 1650 986 Illud
1697 942 1871 985 autem
1912 933 2053 1002 quod

463 1023 538 1077 ait
570 1022 732 1077 :Jmn
781 1041 882 1076 non
928 1024 1157 1077 videbitis
1202 1040 1304 1087 me,
1338 1026 1455 1093 quia
1490 1025 1591 1078 isto
1634 1027 1816 1089 verbo,
1865 1025 1917 1079 id
1948 1034 2050 1084 est.

457 1116 589 1185 iam,
621 1115 719 1168 hoc
752 1116 972 1181 intelligi
1010 1118 1191 1180 ro'nit,
1223 1116 1363 1184 quod
1394 1133 1517 1170 eum
1566 1117 1792 1169 ulterius
1829 1131 1933 1170 non
1973 1118 2053 1170 vi-

461 1205 675 1270 derent,
723 1206 794 1259 ibi
826 1210 1197 1273 exposuimus,
1244 1208 1512 1274 quomodo
1544 1207 1909 1274 accipit-udum
1960 1208 2055 1273 sit,

462 1296 551 1349 ttb'i
603 1295 770 1349 dixit:
800 1294 877 1349 De
910 1298 1117 1367 justitia
1158 1310 1332 1369 urguet
1376 1300 1628 1350 mundum
1674 1298 1899 1369 Spiritus
1934 1317 2054 1353 sart-

458 1397 591 1454 ctus,
622 1392 742 1460 quia
774 1390 841 1442 ad
872 1387 1083 1443 Putrem
1127 1391 1277 1453 t-ado,
1309 1404 1355 1444 et
1377 1394 1489 1461 jam
1535 1408 1636 1445 non
1684 1393 1917 1446 videbitis
1957 1409 2056 1449 me.

461 1482 583 1547 quia
631 1482 836 1535 scilicet
886 1484 1166 1536 mortalem
1189 1484 1458 1537 Christum
1502 1484 1722 1539 ulterius
1769 1500 1875 1538 non
1909 1486 2059 1541 vide-

464 1584 605 1629 rent.

529 1664 776 1733 Caguovit
801 1676 967 1720 autem
997 1666 1171 1733 Iesus,
1199 1668 1333 1723 sicut
1366 1684 1593 1740 sequens
1622 1670 1947 1738 evangelista
1976 1671 2060 1725 di-

460 1756 553 1822 cit,
579 1758 698 1823 quia
729 1760 959 1812 valebant
988 1778 1099 1813 eum
1131 1765 1462 1830 interrogare,
1488 1774 1533 1816 et
1564 1764 1691 1816 dixit
1718 1765 1785 1816 eis
1811 1779 1829 1816 :
1862 1764 1935 1816 De
1966 1767 2060 1818 hoc

2161 564 2295 618 Nam
2361 567 2717 633 interrogatus
2764 573 2847 618 est
2894 580 2923 619 a
2977 563 3253 634 discipulis
3312 579 3632 621 ascensurus
3677 571 3719 623 in

2155 654 2384 720 cadum,
2431 657 2643 722 quando
2701 666 3135 722 praesentaretur,
3184 664 3237 711 et
3264 657 3486 726 quando
3521 672 3719 726 regnum

2158 756 2304 801 esset
2334 746 2497 800 Israel
2530 749 2665 815 (Act.
2696 746 2755 817 l).
2801 747 2934 799 Cum
2965 762 3089 801 vero
3133 748 3242 816 jam
3283 759 3427 803 esset
3473 748 3525 801 in
3574 751 3716 815 coelo,

2160 849 2379 908 rogatus
2402 850 2487 893 cst
2518 856 2545 891 a
2578 851 2766 893 sancto
2798 841 3097 910 Stephano,
3130 852 3184 895 ut
3215 841 3471 909 Spiritum
3500 842 3619 914 ejus
3643 860 3720 898 ac-

2157 932 2362 1000 ciperet
2418 933 2558 1002 (Act.
2605 933 2725 999 vn).
2771 933 2833 985 Et
2865 934 2983 1002 quis
3012 935 3223 1000 audeat,
3257 937 3338 989 vel
3367 938 3627 1007 cogitare,
3658 941 3724 993 vel

2159 1022 2366 1087 dicere,
2403 1024 2453 1077 in
2484 1025 2622 1078 caelo
2653 1025 2930 1079 sedentem
2975 1024 3245 1081 Christum
3295 1031 3588 1098 rogandum
3637 1046 3723 1085 non

2162 1130 2305 1182 esse,
2337 1125 2391 1169 et
2423 1116 2475 1170 in
2510 1125 2649 1170 terra
2707 1129 3007 1173 manentem
3058 1120 3348 1188 rogandum
3398 1122 3609 1176 fuisse?
3636 1122 3722 1175 Ro-

2162 1205 2395 1273 gandum
2432 1222 2535 1261 non
2562 1222 2688 1261 esse
2722 1207 3100 1276 immortah-m,
3129 1212 3301 1275 rogari
3327 1212 3579 1267 debuisse
3601 1228 3725 1267 mor-

2161 1300 2362 1351 talem?
2420 1300 2549 1360 hno,
2598 1302 2920 1365 charissimi,
2980 1318 3231 1370 rcgetnus
3277 1319 3419 1367 emn,
3457 1315 3515 1358 ut
3544 1308 3718 1357 nodmu

2162 1390 2478 1459 qutrstionis
2510 1392 2666 1458 hujus
2692 1392 2805 1460 ipse
2833 1385 3112 1459 disso'lvat,
3150 1394 3377 1449 lucendo
3408 1396 3458 1448 iu
3494 1397 3726 1449 cordibus

2163 1482 2361 1536 nostris
2406 1482 2469 1535 ad
2516 1483 2739 1536 videnda
2773 1500 2891 1551 quae
2933 1484 3085 1538 dicit.
3120 1482 3253 1537 Puto
3285 1487 3429 1538 enim
3461 1487 3597 1552 quod
3629 1488 3724 1537 ait:

2164 1572 2361 1627 Iterum
2392 1590 2560 1628 autem
2592 1577 2767 1629 videbo
2792 1592 2899 1641 vos,
2949 1587 2995 1629 et
3033 1579 3269 1648 gaudebit
3300 1596 3385 1631 cor
3414 1588 3653 1641 vestrum,
3688 1589 3727 1632 et

2162 1667 2408 1736 gaudJum
2454 1678 2672 1721 vestrum
2720 1685 2865 1721 nemo
2907 1669 3045 1721 tollet
3074 1668 3306 1735 arobis,
3352 1685 3460 1722 non
3508 1669 3571 1723 ad
3615 1670 3725 1722 illud

2167 1768 2374 1825 tempus
2417 1774 2537 1812 esse
2583 1759 2921 1812 referendum
2950 1798 2965 1822 ,
3018 1773 3124 1825 quo
3178 1762 3512 1822 resurrexit,
3565 1760 3728 1827 eisque

458 1851 683 1918 qua'ritis
711 1852 844 1904 inter
869 1869 975 1915 vos,
1001 1855 1120 1919 quia
1145 1856 1254 1908 dixi
1282 1870 1299 1907 :
1327 1854 1607 1923 Medicum,
1634 1866 1678 1910 et
1705 1875 1802 1910 non
1834 1858 2059 1911 videbitis
2094 1827 2140 1887 Β
2171 1864 2322 1902 suam
2351 1865 2569 1902 Carnem
2602 1850 2927 1903 Pernelldam
2953 1849 3377 1919 tangendamque
3412 1854 3725 1913 ιιιοηείηνίιν

466 1958 565 2005 me,
610 1954 654 1996 et
680 1945 867 1997 iterum
908 1948 1183 2013 modicum,
1212 1958 1261 2001 et
1292 1951 1519 2001 videbitis
1553 1951 1667 2002 me?
1697 1950 1856 2003 Amen
1912 1967 2060 2003 amen

455 2035 570 2087 dico
596 2037 750 2100 robis,
780 2040 900 2102 quia
931 2040 1194 2105 plorabitis
1222 2050 1266 2093 et
1296 2041 1480 2109 ﬂebitis
1529 2058 1633 2102 vos,
1684 2044 1905 2095 mundus
1962 2059 2057 2095 att-

457 2132 559 2178 tem
590 2127 850 2193 gaudebit,
892 2143 977 2179 vos
1023 2140 1190 2181 autem
1230 2130 1676 2192 rontristabimini,
1716 2133 1805 2184 sed
1853 2134 2063 2185 tristitia

457 2229 627 2274 vestra
654 2222 705 2271 in
737 2223 980 2291 gaudium
1020 2224 1136 2276 erit.
1168 2222 1233 2275 Et
1266 2224 1365 2276 hoc
1393 2224 1472 2277 sic
1499 2224 1667 2295 accipi
1698 2236 1894 2294 potest,
1928 2227 2055 2293 quia

459 2312 762 2366 contristati
810 2320 933 2365 sunt
965 2311 1208 2379 discipuli
1260 2316 1469 2368 Domini
1501 2316 1565 2369 de
1611 2325 1781 2369 morte
1815 2316 2048 2379 Domini,

456 2412 507 2457 et
530 2400 808 2457 Confestim
834 2404 899 2455 de
928 2402 1318 2457 resurrectione
1350 2404 1510 2458 lit-tati
1540 2414 1685 2459 sunt.
1713 2403 1935 2459 Mundus
1961 2421 2058 2458 au-

460 2504 592 2557 tem,
626 2510 731 2561 quo
762 2495 978 2547 nomine
1025 2494 1308 2563 sigttiﬂcati
1360 2506 1483 2549 sunt
1517 2496 1743 2562 inimici,
1785 2512 1813 2549 a
1864 2497 2057 2566 quibus

461 2590 706 2646 Christus
747 2590 955 2643 occisus
995 2600 1096 2657 est,
1146 2602 1271 2645 tunc
1302 2591 1483 2660 utique
1516 2592 1679 2645 ltetati
1710 2603 1832 2644 sunt
1876 2593 2057 2645 occiso

459 2680 696 2745 Christo,
756 2681 967 2750 quando
1020 2691 1143 2734 sunt
1194 2682 1437 2751 discipuli
1497 2684 1822 2736 contristati.
1876 2681 2055 2736 Mundi

462 2774 659 2843 quippe
712 2774 926 2827 nomine
965 2774 1153 2828 militia
1188 2784 1363 2841 patest
1392 2776 1578 2829 mundi
1609 2775 1765 2845 hujus
1812 2776 2053 2843 intelligi,

458 2865 511 2920 id
545 2878 646 2931 εει,
685 2865 959 2919 hominum
993 2866 1178 2919 mundi
1221 2866 1378 2933 hujus
1416 2868 1737 2921 amicorum.
1772 2865 1925 2921 Unde
1966 2866 2053 2920 Ja-

461 2957 629 3009 cohus
664 2956 936 3023 apostolus
960 2957 1012 3009 iu
1043 2958 1134 3024 Epi
1171 2958 1271 3009 tola
1305 2972 1398 3010 sua
1430 2957 1560 3011 dicit
1586 2957 1929 3035 :‘Quicunque
1968 2973 2054 3010 vo-

460 3052 611 3107 luerit
630 3054 819 3106 amicus
847 3069 953 3106 esse
977 3054 1149 3107 saeculi
1182 3053 1357 3122 hujus,
1385 3054 1627 3106 inimicus
1664 3051 1755 3105 Dei
1780 3054 2054 3105 constitue-

462 3161 544 3204 tur
572 3148 706 3220 (Jac.
734 3154 830 3217 tv).
863 3149 1065 3215 Quibus
1105 3150 1335 3203 inimicis
1369 3151 1456 3203 Dei
1511 3148 1703 3202 factum
1735 3158 1834 3212 est,
1872 3156 1929 3200 ut
1954 3162 2051 3201 nec

460 3242 576 3311 ejus
637 3243 916 3314 Uuigenito
978 3253 1305 3314 parceretur.
1352 3242 1565 3297 Deinde
1618 3240 1932 3312 sulijungit,
1998 3250 2051 3294 et

461 3336 591 3392 dicit
615 3353 628 3389 :

539 3426 731 3479 Mulier
755 3443 867 3479 tum
893 3426 1132 3494 parturit,
1160 3427 1415 3479 tristitiam
1434 3426 1599 3487 habet,
1627 3426 1744 3494 quia
1766 3426 1899 3478 venit
1924 3426 2053 3478 liora

457 3522 593 3589 eius.
643 3517 767 3571 Cum
802 3529 968 3571 autem
1002 3519 1249 3588 pepererit
1278 3534 1510 3587 puerum,
1549 3520 1661 3589 jam
1686 3535 1784 3570 non
1829 3518 2052 3570 meminit

459 3624 730 3677 pressura’,
780 3619 988 3675 prapter
1019 3609 1281 3678 gaudium,
1330 3608 1448 3675 quia
1492 3618 1639 3659 natus
1684 3618 1754 3661 est
1804 3608 1957 3659 homo
1993 3609 2047 3660 in

459 3699 725 3751 mundum.
778 3696 843 3750 Et
882 3714 966 3751 vos
1008 3698 1160 3765 igitur
1194 3713 1328 3749 nunc
1358 3698 1555 3765 quidem
1602 3697 1862 3749 tristitiam
1892 3697 2050 3750 habe-

458 3792 559 3855 tis;
591 3791 774 3843 iterum
807 3799 972 3842 autem
1000 3790 1177 3841 videbo
1210 3805 1314 3851 vos,
1342 3798 1387 3841 et
1428 3787 1667 3858 gaudebit
1700 3804 1786 3840 cor
1808 3797 2047 3851 vestrum,

460 3892 507 3934 et
539 3882 786 3950 gaudium
814 3891 1030 3933 vestram
1061 3895 1208 3932 nemo
1233 3878 1371 3933 tollet
1401 3896 1431 3943 a
1453 3880 1611 3932 vobis.
1636 3879 1745 3933 Nec
1774 3878 1872 3931 ista
1902 3877 2050 3931 simi-

459 3974 627 4028 litudo
654 3972 719 4026 ad
755 3972 1156 4041 intelligendum
1207 3970 1414 4025 videtur
1463 3986 1583 4025 esse
1626 3970 1881 4034 difﬁcilis,
1914 3984 1981 4038 qu
2005 3988 2049 4007 ι-

461 4064 601 4117 ιίςιιη
634 4063 965 4132 comparatio
1013 4062 1131 4130 ejus
1161 4064 1211 4115 in
1262 4072 1509 4130 promptu
1557 4070 1658 4124 est,
1690 4060 1882 4115 eodem
1932 4061 2050 4127 ipso

460 4164 762 4221 exponente
792 4169 888 4206 cur
934 4153 1074 4207 dicta
1107 4156 1197 4207 sit.
1232 4154 1517 4207 Parturitio
1548 4154 1745 4221 quippe
1796 4152 2048 4215 trisdtim,

466 4255 650 4314 partus
682 4254 859 4299 autem
905 4244 1101 4313 gaudio
1140 4254 1500 4311 comparatur,
1540 4244 1679 4313 quod
1724 4252 1851 4297 tunc
1880 4244 2051 4311 majus

468 4353 590 4394 esse
630 4337 929 4399 consuevit,
963 4336 1176 4404 quando
1206 4350 1310 4388 non
1344 4334 1531 4403 puella,
1578 4335 1671 4388 sed
1712 4350 1843 4403 puer
1880 4335 2052 4387 nasci-

467 4440 571 4483 tur.
606 4431 756 4495 Quod
810 4445 936 4483 vero
964 4432 1039 4482 ait
1066 4446 1080 4482 :
1112 4429 1370 4483 Gaudium
1400 4438 1618 4482 vestrum
1661 4444 1805 4479 nemo
1847 4430 2049 4496 auferet

2167 1941 2260 1994 sed
2306 1942 2483 2009 potius
2510 1942 2575 1995 ad
2610 1943 2762 2007 illud,
2809 1943 2949 1997 unde
2990 1944 3099 2010 jam
3149 1943 3397 1998 dixerat:
3430 1934 3529 2009 Qui
3577 1942 3727 2010 diligit

2166 2050 2265 2100 me,
2300 2035 2537 2104 diligetur
2558 2052 2589 2087 a
2622 2035 2774 2088 Patre
2807 2053 2936 2099 meo,
2966 2045 3013 2089 ct
3033 2052 3123 2105 ego
3155 2036 3370 2106 diligam
3398 2052 3532 2099 eum,
3558 2046 3603 2088 et
3632 2052 3727 2087 ma-

2165 2125 2416 2193 nifestabo
2441 2128 2697 2193 meipsum
2725 2126 2821 2180 illi.
2853 2125 2967 2180 Jam
2995 2128 3192 2197 quippe
3222 2138 3607 2191 resurrexerat,
3630 2128 3725 2195 jam

2167 2231 2226 2272 se
2253 2218 2354 2271 illis
2380 2221 2433 2271 in
2461 2233 2622 2274 carne
2646 2230 3061 2285 monstraverat,
3081 2220 3189 2289 jam
3216 2221 3438 2275 sedebat
3462 2221 3526 2274 ad
3557 2222 3726 2277 dexte-

2164 2326 2281 2365 ram
2334 2312 2527 2372 Patris,
2582 2312 2798 2380 quando
2844 2312 3056 2368 dicebat
3107 2314 3245 2367 idem
3291 2316 3405 2383 ipse
3455 2314 3727 2383 Apostolus

2161 2401 2415 2471 Joannes,
2450 2402 2602 2472 cujus
2641 2414 2695 2458 et
2742 2404 2842 2459 hoc
2892 2406 3233 2475 Evangelium
3274 2418 3387 2473 est,
3432 2408 3483 2461 iu
3514 2408 3727 2477 Episto'a

2160 2509 2278 2559 sua,
2312 2496 2529 2549 dicens:
2569 2494 2720 2549 Nunc
2750 2496 2845 2564 filii
2886 2494 2975 2551 Dei
3012 2514 3211 2564 sumus,
3244 2507 3289 2552 et
3319 2500 3544 2552 nondum
3573 2500 3727 2550 maui-

2164 2590 2399 2657 [estatum
2422 2599 2493 2644 est
2519 2592 2655 2659 quod
2678 2593 2903 2659 erimus;
2930 2596 3116 2647 scimus
3145 2594 3269 2663 quia
3296 2610 3411 2645 cum
3440 2595 3727 2661 manifesta-

2164 2695 2269 2736 tum
2300 2683 2477 2752 [μανίη
2511 2685 2705 2737 similes
2748 2686 2793 2739 ei
2823 2687 3029 2751 erimus,
3060 2686 3299 2754 quoniam
3332 2685 3608 2739 videbimus
3629 2701 3728 2737 eum

2158 2776 2307 2827 sicuti
2348 2786 2419 2828 est
2468 2775 2517 2846 (Ι
2560 2775 2718 2827 Joan.
2769 2776 2868 2847 tn).
2923 2778 3023 2830 Ista
3076 2776 3205 2829 visio
3260 2792 3363 2829 non
3422 2777 3539 2828 vitae
3586 2775 3729 2845 hujus

2163 2874 2265 2931 est,
2298 2866 2389 2919 scd
2424 2865 2645 2931 luturzc;
2709 2882 2812 2919 non
2868 2867 3194 2934 temporalis,
3232 2866 3323 2919 sed
3367 2876 3581 2919 reterns.
3619 2865 3730 2918 Haec

2158 2968 2240 3013 est
2269 2959 2375 3011 vita
2406 2966 2623 3021 a-terua,
2656 2957 2865 3011 dicente
2893 2957 3003 3024 ipsa
3035 2956 3148 3010 Vita
3171 2996 3185 3020 ,
3240 2952 3310 3009 Ut
3340 2965 3642 3021 cognoscant
3671 2967 3727 3019 te,

2157 3048 2348 3113 inquit,
2404 3064 2563 3099 unum
2606 3064 2781 3100 verum
2830 3046 3015 3112 Dium,
3065 3058 3111 3100 et
3153 3064 3299 3115 quem
3344 3047 3522 3100 misisti
3566 3044 3730 3099 lessus

2158 3136 2415 3191 Christum
2462 3137 2643 3206 (Joan.
2680 3138 2837 3205 xm).
2886 3138 2959 3192 De
3005 3138 3104 3192 hac
3137 3142 3340 3196 visione
3367 3152 3419 3195 et
3447 3142 3730 3210 cognitione

2158 3231 2285 3284 dicit
2340 3232 2629 3297 Apostolus
2682 3248 2694 3284 :
2756 3230 2993 3285 Videmus
3048 3250 3182 3286 nunc
3230 3252 3318 3304 per
3364 3239 3627 3300 speculum
3682 3239 3727 3289 in

2157 3323 2445 3391 a'nigmate,
2480 3332 2599 3375 tunc
2627 3331 2803 3376 autem
2837 3326 2968 3391 facie
3007 3326 3076 3377 ad
3114 3326 3319 3391 faciem.
3375 3326 3528 3380 Nunc
3549 3330 3649 3383 scio
3672 3345 3729 3382 ex

2159 3422 2303 3477 parte
2336 3453 2350 3475 ,
2383 3421 2503 3464 tunc
2541 3423 2712 3464 autem
2745 3429 3066 3481 cognoscam,
3100 3416 3231 3467 sicut
3276 3426 3321 3469 et
3362 3420 3589 3488 cognitus
3626 3434 3729 3471 sum

2165 3502 2217 3571 (1
2250 3504 2367 3557 Cor.
2401 3502 2541 3571 sui).
2577 3505 2726 3557 Hunc
2760 3507 2922 3557 totius
2956 3505 3153 3559 laboris
3178 3507 3258 3560 sui
3293 3508 3520 3562 fructum
3556 3509 3729 3563 Eccle-

2158 3594 2235 3647 sia
2283 3608 2420 3645 nunc
2455 3596 2678 3661 parturit
2732 3595 3133 3660 desiderando,
3199 3610 3323 3650 tunc
3369 3609 3454 3651 est
3508 3598 3724 3664 paritura

2159 3686 2456 3738 cernendo.
2534 3684 2768 3738 l’arturit
2832 3687 3135 3749 gentendo,
3195 3688 3431 3753 paritura
3487 3688 3726 3741 lactando.

2164 3775 2399 3828 Parturit
2446 3777 2674 3837 orando,
2706 3775 2943 3841 paritura
2974 3775 3273 3840 laudando;
3303 3788 3356 3830 et
3385 3778 3504 3832 ideo
3530 3795 3727 3831 mascu-

2166 3864 2297 3927 lum,
2338 3865 2590 3934 quoniam
2640 3867 2706 3918 ad
2757 3870 2913 3919 istum
2972 3867 3198 3921 fructum
3253 3872 3725 3938 contemplationis,

2159 3966 2353 4011 cuncta
2406 3956 2588 4031 ofticja
2649 3955 2956 4012 referuntur
2984 3959 3229 4013 actionis.
3264 3962 3421 4015 Solus
3472 3962 3607 4015 enim
3651 3973 3725 4015 est

2165 4049 2322 4113 liber,
2356 4050 2478 4117 quia
2523 4060 2741 4117 prepter
2786 4064 2845 4103 se
2890 4052 3195 4117 appetitur;
3250 4068 3353 4104 non
3411 4054 3633 4107 refertur
3666 4054 3725 4106 ad

2165 4145 2333 4208 aliud,
2362 4146 2482 4199 huic
2510 4146 2669 4198 scrvit
2700 4144 2861 4197 actio.
2897 4147 2971 4198 Ad
2998 4147 3136 4199 hunc
3158 4148 3301 4199 enim
3334 4147 3558 4202 refertur
3586 4149 3726 4213 quiil-

2158 4238 2284 4307 quid
2330 4236 2467 4291 bene
2496 4238 2708 4305 ‘agitur,
2753 4239 2876 4305 quia
2927 4248 3143 4306 propter
3195 4239 3338 4292 hunc
3386 4243 3580 4309 agitur.
3624 4241 3725 4308 Ipse

2156 4339 2335 4384 autem
2372 4346 2476 4382 nou
2511 4340 2728 4399 propter
2749 4330 2912 4394 aliud,
2944 4331 3035 4384 sed
3068 4341 3294 4399 propter
3325 4332 3559 4397 seipsum
3592 4345 3726 4386 tene-

2160 4430 2244 4475 tnr
2287 4434 2339 4476 et
2382 4422 2628 4477 habetur.
2694 4421 2767 4475 lhi
2816 4438 2943 4489 ergo
2972 4423 3108 4487 finis,
3158 4425 3244 4492 qui
3295 4424 3494 4476 sufﬁcit
3545 4424 3723 4483 nobis;

461 4543 492 4573 ιι
525 4525 601 4575 vol
620 4523 684 4582 is,
716 4523 837 4589 quia
862 4520 1107 4589 gaudium
1140 4522 1373 4587 ipsorum
1397 4531 1477 4574 est
1502 4522 1613 4588 ipse
1634 4518 1813 4586 Jesus,
1851 4519 2053 4585 signill-
2085 4558 2131 4615 Β
2166 4528 2401 4570 aeternus
2470 4514 2627 4582 igitur
2697 4515 2817 4568 erit.
2900 4514 3080 4580 Neque
3131 4516 3273 4567 enim
3340 4514 3491 4569 nobis
3540 4513 3727 4567 sufﬁcit

462 4626 637 4665 ratum
798 4614 898 4686 leg.
931 4614 1217 4686 significat]
1244 4614 1380 4684 quod
1413 4616 1487 4665 ait
1530 4612 1814 4681 Apostolus
1845 4629 1854 4663 :
1888 4609 2048 4663 Citri-

464 4719 570 4757 stus
612 4722 823 4775 surgens
877 4723 909 4759 a
971 4707 1209 4766 mortuis,
1257 4707 1371 4775 jam
1412 4722 1515 4761 non
1570 4704 1802 4767 moritur,
1833 4719 1967 4755 mors
2001 4704 2047 4755 ei

472 4798 611 4847 ultra
667 4813 765 4847 run
808 4796 1155 4849 dominabitur
1189 4795 1363 4863 (liam.
1398 4808 1497 4863 vr).
1547 4793 1833 4862 [lucusque
1865 4794 1914 4848 in
1948 4795 2047 4848 isto

473 4884 743 4949 Evangelii
768 4884 1026 4951 capitulo,
1052 4885 1189 4936 unde
1222 4883 1376 4936 hodie
1403 4884 1751 4949 disputamus,
1784 4885 1927 4937 velut
1964 4884 2046 4937 fa-

464 4976 555 5029 cili
597 4975 875 5028 intellectu
906 4976 1080 5028 omnia
1127 4982 1493 5028 cucurrerunt.
1533 4974 1721 5027 Acrior
1747 4974 2045 5028 necessaria

467 5076 572 5130 est,
606 5066 657 5119 in
694 5066 775 5119 his
803 5083 918 5132 qua:
954 5077 1270 5132 sequuntur,
1295 5064 1537 5118 intentio.

544 5161 681 5227 Quid
712 5170 781 5213 est
810 5161 944 5213 enim
976 5161 1111 5228 quod
1142 5160 1209 5211 ait
1237 5175 1255 5212 :
1286 5157 1349 5209 Et
1380 5159 1430 5210 in
1462 5158 1551 5209 illo
1582 5158 1663 5209 die
1703 5173 1780 5209 me
1819 5174 1921 5210 non
1962 5174 2047 5210 ro-

472 5253 655 5323 gubitis
708 5252 1035 5320 quidquam?
1070 5252 1179 5303 Hoc
1224 5252 1468 5314 verhmn,
1517 5249 1655 5317 quod
1702 5259 1783 5303 est
1836 5265 2044 5316 rogare,

475 5360 581 5396 non
618 5344 789 5396 solum
840 5353 1041 5409 petere,
1080 5358 1256 5395 verum
1293 5342 1451 5394 ctiam
1489 5342 1817 5409 interrogare
1849 5340 2045 5405 signifi-

480 5445 603 5497 cat;
638 5446 687 5487 et
730 5435 971 5487 ()ra‘cntn
1010 5433 1372 5500 Evangelium,
1427 5432 1565 5483 unde
1597 5431 1697 5483 hoc
1732 5432 2045 5483 translatum

466 5537 570 5591 est,
608 5527 708 5579 tale
764 5526 919 5577 habet
968 5525 1210 5588 verbum,
1249 5541 1350 5591 quo
1384 5535 1664 5592 utrumque
1698 5525 1864 5591 possit
1896 5523 2050 5576 intel-

473 5620 585 5687 ligi,
640 5629 697 5671 ut
750 5618 860 5672 hmc
908 5618 1250 5685 ambiguitas,
1284 5634 1379 5673 nec
1418 5619 1540 5671 inde
1571 5620 1847 5680 solvatur;
1882 5633 2051 5685 quau-

469 5727 625 5777 quam
678 5722 728 5763 et
768 5715 808 5765 si
863 5712 1204 5774 solveretur,
1272 5728 1373 5765 nou
1424 5712 1542 5765 ideo
1609 5711 1749 5764 nulla
1821 5709 2044 5778 quwsrio

469 5813 788 5858 remaneret.
845 5804 1125 5860 hominum
1180 5806 1318 5855 enim
1372 5805 1665 5871 Christum,
1698 5814 2044 5874 posteaquam

2163 4612 2306 4674 linis,
2344 4610 2443 4661 nisi
2496 4608 2649 4675 cujus
2692 4607 2871 4659 nullus
2922 4618 3003 4660 est
3057 4606 3195 4659 linis.
3252 4605 3364 4659 Hoc
3422 4606 3723 4672 inspiration

2156 4712 2269 4756 erat
2311 4702 2577 4769 Philippo,
2617 4700 2826 4769 quando
2858 4699 2991 4752 dixit
3025 4717 3035 4750 :
3075 4698 3313 4763 Domine,
3353 4700 3559 4751 ostende
3593 4699 3725 4751 nobis

2163 4794 2382 4863 Patrem,
2411 4808 2455 4850 et
2486 4797 2677 4861 sul/icit
2706 4794 2848 4848 nobis
2872 4792 3050 4862 (Joan.
3075 4793 3202 4859 xiv).
3230 4792 3281 4844 lu
3307 4808 3410 4861 qua
3435 4792 3725 4847 ostensione

2159 4889 2397 4956 promisit
2430 4896 2483 4942 et
2514 4887 2701 4954 Filius,
2745 4886 2930 4940 dicens
2962 4902 2972 4935 :
3012 4882 3131 4936 Non
3180 4885 3375 4945 credis,
3418 4886 3538 4953 quia
3564 4899 3652 4953 ego
3677 4883 3726 4936 in

2161 4980 2333 5044 Putre,
2366 4989 2413 5032 et
2443 4978 2599 5033 Pater
2619 4981 2669 5032 in
2693 4994 2769 5031 me
2794 4987 2867 5031 est
2900 4975 3108 5047 (Ibid'.).
3156 4976 3229 5029 De
3262 4976 3363 5029 hoc
3393 4978 3588 5044 itaque,
3617 4991 3727 5043 qua!

2160 5073 2400 5139 superius
2432 5071 2571 5125 dicta
2603 5080 2744 5135 sunt,
2791 5071 2984 5123 melius
3017 5067 3269 5122 existimo
3318 5069 3541 5135 intelligi
3573 5087 3584 5120 :
3616 5064 3725 5120 llo-

2158 5164 2351 5225 dicum,
2384 5170 2429 5214 et
2454 5163 2567 5231 jam
2608 5178 2704 5214 non
2736 5160 3001 5227 ridebitis;
3052 5170 3098 5214 et
3145 5160 3327 5211 iterum
3375 5159 3645 5219 modicum,
3684 5166 3729 5209 et

2156 5254 2386 5307 videbitis
2426 5269 2523 5310 me.
2572 5252 2831 5309 Modicum
2864 5264 2945 5306 est
2972 5253 3109 5306 enim
3142 5251 3243 5305 hoc
3276 5261 3445 5304 totum
3479 5250 3724 5314 spatium,

2159 5360 2264 5411 quo
2323 5356 2559 5411 prmscns
2616 5342 2850 5413 pervolat
2903 5342 3181 5397 saeculum.
3242 5340 3394 5395 Unde
3450 5340 3575 5393 dicit
3621 5340 3727 5405 ipse

2156 5435 2482 5503 evangelism
2539 5434 2587 5491 in
2639 5434 2871 5501 Epistola
2929 5450 3023 5488 sua
3068 5452 3080 5486 :
3127 5431 3426 5486 Novissima
3480 5432 3602 5484 liora
3656 5437 3726 5479 est

2156 5528 2205 5599 (1
2230 5529 2388 5581 Joan.
2417 5528 2495 5596 ιι).
2520 5528 2642 5581 Ideo
2673 5541 2897 5594 namque
2927 5525 3125 5579 addidit
3157 5543 3167 5575 :
3207 5524 3342 5589 Quia
3367 5523 3498 5576 vado
3534 5522 3598 5573 ad
3626 5518 3727 5571 1³η-

2157 5629 2321 5679 trem;
2352 5616 2490 5686 quod
2533 5619 2595 5669 ad
2633 5616 2857 5684 priorem
2890 5615 3202 5669 sententiam
3237 5612 3576 5668 referendum
3610 5616 3723 5665 est.

2156 5709 2239 5761 ubi
2272 5711 2341 5761 ait
2372 5749 2382 5760 .
2413 5706 2695 5772 Modicum,
2729 5718 2771 5759 et
2793 5708 2904 5777 jam
2936 5723 3034 5758 non
3068 5706 3295 5758 videbitis
3325 5720 3439 5765 me;
3472 5715 3519 5756 et
3547 5704 3721 5755 iterum

2156 5802 2429 5867 modicum,
2466 5810 2507 5851 ct
2545 5799 2770 5855 videbitis
2816 5815 2909 5851 mc.
2962 5798 3146 5853 Euudo
3178 5800 3373 5868 quijpc
3401 5797 3461 5849 :ul
3497 5796 3723 5851 Putrem,
