3884 6232
148 344 244 403 865

1067 338 1132 395 ΙΝ
1174 338 1230 393 S.
1279 336 1559 392 JUANNIS
1604 331 2051 389 ιςγΑΝσειιυιι
2094 330 2478 388 EXPOSITIO.

3294 330 3403 389 866

151 463 365 517 facturus
393 464 529 519 erat,
562 464 619 509 nt
653 470 757 509 non
789 467 908 508 cum
940 451 1205 506 viderent.
1240 452 1321 507 Ac
1348 467 1440 519 per
1478 450 1579 503 hoc
1606 464 1712 502 non
1745 450 1791 503 Α
1820 444 2066 511 gratiam,
2114 446 2160 499 si
2208 460 2333 500 vere
2369 445 2579 499 beatam
2616 446 2887 514 poscimus
2921 446 3104 503 vitam.
3135 447 3401 519 Quidquid

150 556 253 608 ideo
279 554 472 605 dictum
498 558 604 616 est,
621 548 740 617 quia
767 546 935 599 fuerat
956 545 1263 609 moriturus,
1280 553 1334 598 et
1353 544 1524 597 donec
1544 556 1721 595 resur-

145 651 299 714 geret,
320 642 384 693 ab
400 654 589 691 eorum
617 636 922 706 aspectibus
951 648 1283 697 recessurus,
1305 633 1400 687 sed
1419 631 1556 700 quod
1579 639 1722 684 esset

146 738 304 791 iturus
340 732 402 783 ad
446 729 668 783 Patrem
703 747 715 781 :
745 727 884 798 quod
928 726 1051 779 fecit
1093 735 1437 794 posteaquam
1472 736 1716 777 resurre-

147 835 229 887 xit,
261 834 309 877 et
338 837 456 874 cum
503 822 585 874 eis
636 837 731 891 per
770 820 1119 889 quadraginta
1170 818 1287 869 dies
1338 824 1716 877 conversatus,

146 915 361 970 ascendit
400 913 450 965 in
484 912 709 965 calum.
748 912 855 965 lllis
900 925 1028 973 ergo
1068 910 1179 963 ait:
1206 906 1499 973 Modicum,
1527 918 1572 960 et
1608 908 1718 977 jam

147 1025 234 1061 non
260 1004 479 1059 videbitis
512 1019 617 1070 me,
646 1003 728 1070 qui
760 1018 880 1057 eum
910 1002 1259 1069 corporaliter
1289 1011 1413 1053 tunc
1442 999 1716 1062 videbant,

148 1100 255 1165 quis
290 1098 451 1150 iturus
482 1105 607 1151 erat
639 1096 700 1148 ad
736 1095 970 1156 Patrem,
1006 1104 1057 1148 et
1086 1108 1206 1147 eum
1235 1092 1491 1160 deinceps
1521 1105 1717 1144 morta—

147 1191 238 1243 lem
271 1187 425 1241 \isuri
471 1203 581 1240 non
635 1198 805 1252 erant,
856 1188 1064 1253 qualem
1096 1182 1219 1238 cum
1254 1183 1352 1237 ista
1388 1183 1715 1252 loqueretur,

141 1279 393 1333 videbant.
444 1277 605 1343 Quod
673 1292 797 1331 vero
836 1277 1078 1330 addidit:
1117 1275 1185 1327 Et
1221 1276 1407 1327 iterum
1437 1273 1713 1336 modicum,

141 1382 181 1422 rt
215 1372 439 1423 videbitis
481 1386 590 1434 me,
638 1372 903 1423 universa:
951 1367 1197 1438 promisit
1245 1366 1527 1429 Ecclesiae,
1578 1364 1718 1418 sicut

142 1464 387 1517 universa:
419 1464 675 1529 promisit
701 1479 713 1516 :
748 1462 880 1515 Ecce
915 1476 1009 1530 ego
1038 1460 1295 1514 vobiscum
1326 1475 1437 1511 sum
1467 1473 1623 1525 usque
1650 1458 1717 1510 ad

138 1554 619 1607 consummationem
668 1553 845 1605 saeculi
886 1550 1099 1621 (Matth.
1148 1548 1363 1616 xxviii).
1394 1548 1508 1601 Non
1542 1546 1716 1601 tardat

139 1642 377 1697 Dominus
431 1641 763 1710 promissum
790 1657 806 1695 :
832 1641 1121 1703 modicum,
1174 1647 1229 1693 et
1264 1638 1563 1692 videbimus
1593 1650 1714 1690 eum

138 1733 216 1785 ubi
259 1735 363 1799 jam
415 1732 550 1785 nihil
605 1746 884 1799 rogemus,
938 1728 1068 1785 nihil
1128 1730 1540 1797 interrogemus,
1592 1725 1712 1792 quia

1822 547 1999 593 autem
2047 539 2189 593 aliud
2241 536 2458 606 petitur,
2488 537 2619 591 nihil
2650 541 2871 606 petitur,
2898 556 3002 595 non
3027 542 3151 611 quia
3182 546 3401 599 omnino

1823 630 1966 684 nulla
2017 644 2101 683 res
2130 638 2231 693 est,
2289 630 2381 683 sed
2431 630 2552 699 quia
2606 629 2657 683 in
2705 639 2864 684 tanta:
2894 632 2969 686 rei
3000 639 3404 699 comparatione

1822 720 2077 791 quidquid
2121 721 2261 774 aliud
2295 722 2714 790 concupiscitur,
2750 723 2877 776 nihil
2908 733 3008 777 est.
3041 722 3226 792 Neque
3255 723 3403 779 enim

1823 831 2041 883 prorsus
2084 818 2224 869 nulla
2275 830 2361 870 res
2416 828 2495 870 est
2531 820 2713 882 homo,
2740 818 2807 870 de
2833 832 2939 885 quo
2968 817 3041 869 ait
3065 796 3352 884 Apostolus
3386 832 3400 871 :

1826 904 1924 970 Qui
1972 921 2024 958 se
2086 913 2229 976 putat
2274 906 2470 973 aliquid
2517 922 2663 970 esse,
2711 921 2823 959 cum
2867 906 2931 958 sit
2974 904 3123 960 nihil.
3158 906 3212 961 In
3254 922 3401 960 rom-

1824 997 2096 1063 paratione
2153 997 2351 1066 quippe
2405 998 2659 1065 spiritalis
2702 997 2956 1063 hominis,
2988 998 3077 1066 qui
3109 998 3209 1051 scit
3237 1001 3403 1065 gratia

1822 1093 1913 1149 Dei
1968 1109 2028 1148 se
2076 1107 2196 1147 esse
2247 1095 2386 1164 quod
2436 1105 2542 1156 est,
2571 1094 2614 1146 si
2642 1093 2765 1161 quis
2787 1107 2919 1145 vana
2955 1091 3248 1158 prmsumit,
3274 1092 3404 1145 nihil

1819 1194 1899 1238 est
1926 1183 2106 1237 etiam.
2134 1184 2223 1237 Sic
2252 1198 2379 1251 ergo
2403 1194 2547 1237 recte
2577 1183 2798 1250 intelligi
2832 1192 3003 1247 potest
3032 1184 3406 1242 :Aiiien,nmen

1820 1278 1933 1331 dico
1983 1278 2141 1343 vobis,
2187 1277 2233 1329 si
2288 1277 2411 1342 quid
2441 1276 2688 1343 petieritis
2720 1274 2930 1329 Patrem
2970 1276 3022 1329 in
3046 1278 3248 1327 nomine
3271 1291 3405 1337 meo,

1819 1368 1959 1420 dabit
2004 1368 2163 1430 vobis,
2219 1376 2276 1419 ut
2302 1368 2399 1419 hoc
2429 1367 2567 1434 quod
2599 1368 2695 1427 ait,
2723 1366 2785 1421 Si
2806 1366 2947 1434 quid,
2979 1382 3084 1419 non
3118 1365 3401 1432 quodlibet

1819 1458 2165 1525 intelligatur,
2194 1456 2285 1511 sed
2313 1457 2508 1522 aliquid
2538 1456 2679 1521 quod
2708 1472 2813 1509 non
2840 1458 2890 1508 in
2924 1456 3231 1509 beattevitte
3253 1470 3405 1508 com-

1820 1550 2101 1618 paratione
2150 1548 2219 1603 sit
2266 1548 2396 1601 nihil
2426 1565 2439 1611 ;
2485 1557 2539 1601 et
2568 1548 2708 1614 quod
2740 1550 3026 1615 sequitur:
3064 1544 3236 1616 Usque
3257 1547 3407 1600 modo

1821 1657 1923 1695 non
1966 1640 2163 1711 petistis
2204 1640 2481 1708 quidquam
2514 1641 2567 1692 in
2594 1642 2798 1692 nomine
2830 1656 2961 1703 meo,
2993 1639 3203 1693 duobus
3232 1638 3408 1693 modis

1826 1731 2055 1802 intelligi
2076 1741 2270 1801 potest,
2289 1731 2396 1795 vel,
2429 1732 2550 1799 quia
2582 1746 2684 1784 non
2711 1730 2762 1783 itt
2794 1729 3009 1783 nomine
3032 1745 3152 1783 meo
3177 1728 3406 1797 petistis,

137 1823 256 1877 nihil
304 1823 752 1897 interrogandum
808 1820 1129 1885 remanebit,
1181 1818 1314 1873 nihil
1365 1818 1713 1885 quaerendum
1745 1794 1794 1856 Β
1825 1822 1965 1894 quod
2018 1837 2211 1878 nomen
2263 1838 2368 1877 non
2396 1822 2531 1876 sicut
2556 1821 2988 1891 cognoscendum
3017 1819 3407 1889 est,cognovi-

137 1916 322 1969 latebit.
368 1913 482 1967 Hoc
526 1915 827 1979 modicum,
878 1913 1094 1982 longum
1129 1910 1283 1964 nobis
1313 1910 1541 1973 videtur,
1578 1923 1713 1977 quo-

135 2006 261 2059 niam
292 2004 463 2058 adhuc
486 2004 673 2072 agitur
703 2021 717 2059 :
749 2018 867 2057 cum
904 2004 1109 2057 finitum
1141 2003 1320 2067 fuerit,
1362 2011 1487 2055 tunc
1516 2002 1715 2056 sentie-

134 2110 264 2159 mus,
294 2108 448 2161 quam
493 2094 768 2146 modicum
820 2092 995 2147 fuerit.
1030 2090 1145 2145 Non
1181 2106 1309 2160 ergo
1352 2092 1419 2143 sit
1462 2091 1711 2160 gaudium

134 2196 383 2254 nostrum,
432 2186 598 2256 quale
631 2188 793 2241 habet
833 2185 1083 2251 mundus,
1119 2186 1186 2237 de
1215 2197 1324 2253 quo
1350 2182 1553 2237 dictum
1586 2191 1667 2237 est
1695 2199 1708 2234 :

132 2277 347 2333 Hundus
369 2288 541 2331 autem
587 2278 846 2349 gaudebit.
877 2276 984 2331 Nec
1013 2285 1189 2329 tamen
1216 2275 1267 2327 in
1303 2274 1459 2341 hujus
1487 2275 1713 2330 deside-

134 2371 193 2425 rii
222 2370 574 2439 partnritione
605 2370 723 2423 sine
752 2370 949 2438 gaudio
984 2370 1169 2421 tristvs
1199 2366 1388 2432 simus,
1421 2365 1537 2429 sed,
1573 2366 1709 2418 sicut

135 2461 202 2515 ait
224 2460 525 2529 Apostolus,
554 2475 645 2531 spe
686 2459 987 2530 gaudentes,
1023 2458 1076 2509 in
1110 2455 1443 2509 tribulatione
1463 2456 1708 2525 patientes

136 2553 295 2621 (Rom.
329 2553 445 2622 xu),
492 2554 623 2622 quia
674 2561 731 2608 et
773 2555 883 2619 ipsa
916 2548 1246 2618 parturiens,
1298 2547 1381 2600 cui
1412 2546 1707 2613 compatati

136 2659 325 2709 sumus,
350 2646 468 2713 plus
495 2644 698 2714 gaudet
717 2645 783 2698 de
808 2658 933 2699 mox
958 2641 1131 2697 futura
1158 2641 1329 2711 prole,
1354 2655 1511 2711 quain
1543 2639 1708 2693 tristis

136 2744 209 2789 est
232 2738 295 2787 de
324 2735 578 2803 praesenti
612 2734 819 2788 dolore.

196 2827 364 2887 Amen,
396 2812 551 2879 umeri
588 2826 703 2879 dico
732 2826 892 2889 vobis,
925 2827 969 2879 si
995 2823 1119 2893 quid
1141 2822 1387 2895 petieritis
1418 2820 1627 2875 Patrem
1652 2822 1706 2873 in

136 2918 318 2971 nomine
340 2933 467 2980 meo,
494 2917 640 2969 dabit
666 2916 821 2970 vobis.
849 2914 964 2970 Jam
996 2917 1195 2970 dictum
1224 2924 1305 2968 est
1332 2915 1383 2967 in
1411 2911 1705 2979 superiori-

136 3012 221 3065 bus
265 3009 413 3078 hujus
462 3007 728 3062 Dominici
778 3008 1048 3061 sermonis
1078 3004 1340 3075 partibus,
1369 3014 1587 3073 prapter
1613 3017 1706 3057 eos

136 3102 211 3168 qui
258 3099 508 3153 nonnulla
559 3107 745 3165 petunt
787 3112 816 3150 a
850 3097 1003 3151 Patre
1030 3097 1079 3149 in
1116 3094 1331 3149 nomine
1354 3092 1576 3157 Christi,
1603 3106 1702 3149 nec

136 3189 380 3258 accipiunt
416 3206 428 3241 :
458 3203 574 3242 non
622 3188 815 3256 petitur
865 3187 915 3241 in
962 3188 1177 3242 nomine
1195 3184 1511 3248 Salvatoris,
1545 3182 1701 3254 quid-

135 3278 244 3348 quid
278 3280 466 3347 petitur
494 3286 684 3333 contra
716 3279 973 3332 rationem
998 3277 1207 3335 salutis.
1228 3276 1339 3331 Non
1363 3278 1505 3331 enim
1521 3276 1697 3329 solum

138 3374 407 3425 litterarum
440 3385 503 3424 ac
532 3370 884 3441 syllabarum,
915 3368 1007 3423 sed
1030 3368 1173 3437 quod
1197 3382 1361 3424 sonus
1394 3369 1507 3434 ipse
1537 3366 1700 3437 signi-

135 3460 260 3525 ﬁcat,
290 3469 341 3515 et
363 3459 507 3527 quod
546 3473 611 3513 eo
640 3473 773 3512 sono
802 3466 948 3513 recte
968 3474 1031 3512 ac
1060 3459 1325 3513 veraciter
1352 3456 1697 3527 intelligatur,

135 3554 221 3605 hoc
242 3550 608 3619 accipiendum
634 3558 735 3617 est,
769 3565 888 3603 cuin
922 3550 1049 3604 dicit
1078 3550 1131 3601 in
1154 3549 1361 3601 nomine
1388 3564 1522 3603 meo.
1550 3547 1700 3602 Unde

132 3644 209 3711 qui
257 3643 351 3697 hoc
402 3642 567 3697 sentit
612 3641 679 3695 de
725 3639 963 3706 Christo,
1012 3640 1153 3709 quod
1199 3654 1304 3695 non
1335 3639 1511 3693 estde
1541 3639 1699 3692 unico

135 3733 216 3789 Dei
261 3734 392 3787 Filio
440 3731 806 3796 sentiendum,
862 3747 966 3786 non
1016 3732 1148 3800 petit
1194 3732 1245 3785 in
1297 3731 1415 3797 ejus
1440 3730 1696 3794 nomine,

134 3828 278 3881 etiam
317 3827 360 3878 si
409 3841 515 3878 nou
563 3832 734 3877 taceat
783 3824 972 3875 litteris
1014 3836 1075 3875 ac
1120 3822 1341 3890 syllabis
1378 3820 1651 3873 Christum
1680 3858 1694 3881 ,

134 3921 361 3987 quoniam
394 3920 445 3970 in
478 3917 596 3984 ejus
626 3916 840 3969 nomine
872 3914 1021 3981 petit,
1050 3928 1206 3982 quem
1236 3912 1432 3981 cogitat
1460 3926 1580 3965 cum
1609 3926 1698 3978 pe-

135 4012 203 4062 tit.
227 4010 319 4074 Qui
344 4025 469 4063 vcro
504 4008 647 4076 quod
674 4016 758 4061 est
787 4008 851 4059 de
886 4007 977 4058 illo
1006 4006 1345 4057 sentiendum
1376 4002 1558 4063 sentit,
1586 4001 1699 4069 ipse

133 4104 177 4155 in
225 4104 333 4170 ejus
377 4101 594 4155 nomine
642 4101 806 4168 petit;
852 4108 907 4152 et
931 4096 1124 4166 accipit
1151 4098 1293 4165 quod
1321 4096 1474 4165 petit,
1512 4097 1555 4149 si
1592 4112 1696 4148 non

136 4204 297 4249 contra
353 4194 579 4247 salutem
636 4191 1021 4259 sempiternam
1062 4189 1212 4257 petit.
1240 4188 1446 4257 Accipit
1472 4198 1651 4241 autem
1678 4228 1693 4251 ,

166 4285 325 4337 nando
346 4284 504 4338 debet
526 4282 795 4350 accipere.
827 4281 1085 4347 Qumdam
1115 4280 1256 4335 enim
1283 4297 1387 4334 non
1414 4289 1696 4351 negantur,

139 4376 216 4428 sed
244 4386 292 4427 ut
318 4389 548 4444 congruo
574 4372 771 4427 dentur
803 4384 1065 4440 tempore,
1099 4370 1441 4428 tliﬂeruntur.
1474 4373 1549 4425 lla
1572 4388 1699 4427 sane

140 4467 510 4534 intelligendum
556 4473 657 4528 est,
691 4464 831 4532 quod
858 4464 933 4517 ait
962 4461 1113 4525 Dabit
1136 4465 1293 4529 vobis,
1322 4474 1380 4517 ut
1409 4478 1473 4517 ea
1498 4464 1696 4518 beueli-
1729 4446 2001 4557 D'dicttur
2052 4479 2064 4514 :

140 4558 208 4607 ria
253 4558 533 4626 significata
588 4558 825 4608 sciantur
874 4555 957 4608 his
1000 4558 1195 4617 verbis,
1241 4571 1359 4623 qua:
1390 4556 1454 4608 ad
1488 4570 1585 4609 eos
1610 4559 1697 4626 qui

139 4657 306 4715 petunt
355 4650 563 4718 proprie
619 4650 907 4715 pertinent.
953 4646 1323 4701 Exaudinntur
1352 4650 1549 4716 quippe
1580 4663 1700 4701 om-

140 4752 223 4792 nes
248 4740 404 4793 saucti
438 4755 534 4808 pro
565 4738 782 4805 seipsis,
811 4754 914 4791 non
950 4749 1127 4792 autem
1156 4754 1250 4805 pro
1271 4740 1697 4793 omnibuscxau-

140 4832 355 4897 diuutur,
407 4834 484 4887 vel
535 4833 743 4896 amicis,
795 4834 873 4885 vel
926 4832 1177 4893 inimicis,
1233 4834 1317 4886 vel
1370 4834 1701 4902 quibuslibet

143 4925 261 4982 aliis,
291 4924 401 4993 quia
434 4940 537 4978 non
568 4933 841 4991 utcunque
871 4924 1071 4979 dictum
1101 4933 1206 4985 est,
1237 4924 1411 4989 Dabit,
1434 4926 1527 4979 scd
1551 4924 1700 4979 Dabit

142 5017 283 5069 vobis.

208 5105 363 5173 Usque
385 5109 554 5174 modo,
585 5108 780 5177 inquit,
802 5124 900 5161 non
916 5108 1109 5177 petistis
1127 5108 1406 5179 quidquam
1427 5110 1478 5162 in
1500 5111 1704 5165 nomine

144 5213 264 5259 iuro;
289 5203 424 5266 petite
446 5212 489 5257 et
516 5202 799 5269 accipietis,
826 5212 879 5254 ut
905 5202 1147 5269 gaudium
1163 5211 1376 5253 vestrum
1392 5203 1457 5255 sit
1476 5204 1700 5271 plenum.

146 5288 244 5343 Hoc
271 5294 392 5359 quod
440 5292 591 5356 dicit,
626 5289 885 5344 Gaudium
914 5290 1148 5360 plenum,
1180 5291 1420 5357 proiecto
1453 5309 1555 5345 non
1580 5310 1701 5348 rar-

148 5382 274 5442 nale.
322 5383 401 5435 sed
459 5382 702 5451 spiritale
749 5382 997 5449 gaudium
1026 5395 1129 5435 est.
1167 5382 1467 5448 thuaii..'o
1498 5394 1700 5437 tantum

150 5472 259 5532 erit,
310 5480 358 5525 ut
401 5470 598 5536 aliquid
656 5469 834 5539 eijatn
894 5484 997 5523 non
1048 5471 1117 5523 sit.
1158 5472 1484 5535 addendum,
1520 5476 1700 5542 proetil

152 5562 297 5615 duhio
326 5573 439 5619 lunc
463 5566 567 5619 erit
592 5564 827 5632 plenum.
854 5563 1120 5633 Quidquid
1152 5580 1278 5633 ergo
1314 5567 1532 5633 petitur,
1560 5570 1699 5636 quod

154 5656 387 5719 pertineat
415 5657 477 5707 ad
504 5656 603 5712 huc
624 5655 873 5730 gaudium
902 5658 1360 5725 consequendum,
1395 5660 1492 5711 hoc
1521 5668 1623 5722 est,
1649 5660 1700 5712 in

156 5748 341 5803 nomine
388 5747 589 5805 Christi
644 5749 947 5820 petendum,
999 5751 1045 5807 si
1079 5752 1315 5809 dLVinatn
1352 5753 1716 5825 intelligimus-

1815 1916 1912 1971 stis
1936 1933 1950 1981 ;
1979 1916 2060 1971 vel
2082 1933 2182 1971 non
2209 1916 2403 1983 petistis
2429 1916 2734 1986 quidquam,
2767 1914 3019 1984 quoniam
3043 1913 3094 1966 in
3123 1926 3410 1979 compara-

1816 2009 1961 2062 tione
2012 2007 2110 2073 rei,
2156 2023 2314 2074 quem
2348 2017 2529 2075 petere
2559 2007 2839 2070 debuistis,
2874 2020 2971 2073 pro
3002 2006 3168 2059 nihilo
3189 2003 3401 2059 haben-

1814 2099 1940 2153 dum
1994 2109 2077 2155 est
2109 2100 2246 2167 quod
2280 2100 2510 2169 petistis.
2542 2098 2606 2153 Ut
2634 2098 2797 2165 igitur
2825 2097 2877 2150 in
2905 2096 3020 2165 ejus
3050 2097 3269 2150 nomine
3296 2110 3402 2149 non

1814 2174 1965 2255 nihil,
1990 2192 2082 2243 sed
2108 2190 2358 2259 gaudium
2386 2192 2606 2259 plenum
2640 2197 2843 2257 petant,
2868 2191 3123 2257 quoniam
3144 2189 3186 2243 si
3204 2188 3405 2258 aliquid

1812 2282 1954 2336 aliud
1989 2292 2193 2351 petunt,
2239 2282 2288 2335 id
2320 2281 2521 2351 aliquid
2552 2280 2804 2345 nihilest,
2825 2280 3162 2343 exhortatur,
3184 2278 3404 2332 dicens:

1813 2375 1999 2438 Petite,
2025 2386 2071 2429 et
2095 2358 2452 2443 accipietis,/ut
2482 2391 2547 2444 ga
2569 2374 2968 2426 idiuntvestrum
2997 2373 3061 2424 sit
3089 2371 3319 2440 plenum,
3352 2368 3405 2423 id

1811 2473 1912 2526 est,
1950 2463 2050 2516 hoc
2077 2464 2128 2515 iii
2164 2460 2378 2516 nomin’e
2409 2478 2526 2516 meo
2559 2462 2742 2530 petite,
2760 2470 2811 2513 ut
2827 2460 3075 2531 gaudium
3105 2468 3323 2513 vestrum
3341 2460 3411 2512 sit

1810 2559 2016 2627 plenum
2043 2597 2057 2620 ,
2093 2565 2146 2610 et
2176 2556 2471 2625 accipietis.
2499 2554 2602 2609 lste
2628 2555 2769 2607 enim
2804 2555 2941 2608 bene
2963 2553 3016 2607 in
3041 2552 3270 2621 petendo
3288 2566 3411 2618 per-

1810 2658 2121 2703 severantes
2152 2658 2368 2701 sanctos
2409 2660 2537 2701 suos
2570 2660 2904 2715 nequaquam
2937 2643 3302 2701 misericordia
3327 2643 3411 2699 dl-

1811 2741 1930 2793 viua
1988 2735 2276 2792 fraudabit.

1884 2828 2033 2896 "ter,
2067 2830 2255 2899 inquit,
2290 2830 2340 2882 in
2380 2828 2666 2899 proverbiis.
2686 2828 2879 2881 locutus
2899 2842 3013 2881 sum
3041 2825 3198 2880 vobis.
3239 2823 3394 2879 Venit

1808 2922 1959 2988 liora,
2007 2938 2121 2975 cum
2138 2924 2253 2993 jam
2277 2938 2378 2975 non
2406 2923 2458 2974 in
2482 2920 2760 2985 proverbiis
2785 2920 2968 2997 loquar
2997 2920 3159 2984 vobis,
3184 2922 3270 2973 sed
3298 2936 3396 2990 pa-

1812 3016 1913 3069 lam
1943 3014 2006 3067 de
2034 3013 2187 3067 Patre
2233 3014 2550 3067 annuntiubo
2592 3014 2753 3066 vobis.
2780 3013 3000 3068 Possem
3031 3012 3214 3066 dicere
3240 3012 3399 3075 hanc.

1812 3107 1879 3161 de
1926 3123 2029 3177 qua
2083 3107 2315 3175 loquitur
2344 3108 2557 3171 horam,
2593 3090 2830 3160 futurum
2854 3114 3107 3173 oportere
3135 3104 3397 3159 Sicculttm

1802 3198 2054 3268 intelligi,
2102 3198 2191 3251 ubi
2242 3198 2542 3251 videbimus
2585 3197 2784 3265 palam,
2811 3196 2953 3266 quod
2982 3198 3174 3251 beatus
3202 3196 3399 3251 Paulus

1803 3289 1953 3354 dicit,
2007 3288 2138 3358 facie
2177 3289 2245 3340 ad
2276 3288 2458 3357 faciem
2487 3285 2545 3357 (1
2578 3284 2697 3340 Cor.
2734 3288 2839 3357 tit),
2875 3296 2931 3339 nt
2960 3287 3103 3357 quod
3129 3288 3243 3341 :tit:
3278 3285 3408 3341 Hac

1802 3380 1853 3433 in
1877 3378 2155 3449 proverbiis
2178 3376 2381 3431 locutus
2410 3394 2519 3431 sum
2542 3378 2701 3441 vobis,
2726 3379 2825 3432 hoc
2859 3378 2948 3441 sit,
2967 3378 3107 3446 quod
3125 3377 3193 3430 ab
3212 3376 3401 3433 eodem

1804 3470 2062 3539 Apostolo
2093 3471 2295 3525 dictum
2322 3481 2404 3525 est
2440 3489 2451 3523 :
2492 3469 2739 3524 Videmus
2771 3486 2905 3523 nunc
2946 3484 3034 3537 per
3063 3471 3328 3535 speculum
3350 3471 3404 3523 in

1800 3561 2072 3633 tenigmate
2119 3560 2330 3633 (lbid.).
2374 3561 2715 3616 Anunntiaho
2741 3569 2919 3614 autem
2954 3560 3127 3624 vobis,
3156 3560 3277 3628 quia
3310 3575 3404 3627 per

1803 3652 1994 3707 Filium
2040 3652 2198 3707 Pater
2234 3652 2523 3715 videbitur,
2584 3652 2745 3719 juxta
2789 3649 2921 3704 illud
2948 3652 3087 3719 quod
3129 3651 3253 3703 alibi
3285 3651 3397 3703 ait:

1804 3741 1983 3809 Neque
2014 3740 2217 3794 Patrem
2240 3744 2352 3809 quis
2374 3742 2649 3810 cognoscit,
2684 3741 2783 3792 nisi
2815 3739 3011 3802 Filius,
3045 3751 3090 3791 rt
3126 3740 3206 3792 cui
3230 3740 3409 3793 volue-

1801 3833 1866 3883 rit
1913 3829 2086 3885 Filius
2128 3833 2353 3886 revelare
2384 3834 2536 3903 (Luc.
2569 3833 2650 3901 ι).
2681 3831 2786 3887 Sed
2820 3833 2980 3885 istum
3011 3847 3231 3888 sensum
3262 3834 3406 3889 vide-

1804 3932 1887 3975 tur
1911 3923 2169 3990 impedire
2202 3925 2343 3991 quod
2378 3926 2617 3989 sequitur
2651 3940 2663 3975 :

1879 4010 1947 4065 In
2000 4011 2088 4064 illo
2145 4013 2229 4063 die
2272 4013 2322 4063 in
2352 4014 2555 4064 nomine
2587 4028 2697 4064 meo
2731 4014 2929 4081 patetis.
2963 4012 3016 4066 in
3051 4012 3230 4065 futuro
3257 4015 3424 4069 enim'

1801 4101 1998 4153 saeculo
2042 4115 2163 4154 cuni
2212 4101 2615 4169 peiveneritnus
2639 4100 2703 4153 ad
2737 4117 2985 4169 regnum,
3017 4104 3105 4155 ubi
3130 4104 3325 4156 similes
3351 4105 3400 4158 ei

1802 4193 2017 4255 erimus,
2048 4194 2293 4259 quoniam
2319 4192 2597 4243 videbimus
2624 4208 2741 4244 eum
2771 4192 2923 4244 sicuti
2949 4204 3020 4244 est
3046 4192 3092 4262 (Ι
3118 4190 3400 4262 Ιοαγωιι).

1803 4279 1937 4347 quid
1968 4279 2186 4349 petituri
2211 4296 2415 4341 sumus.
2445 4281 2659 4349 quando
2684 4281 2961 4335 satiabitur
2991 4281 3042 4334 in
3074 4282 3224 4335 bonis
3248 4284 3398 4339 δεδι.

1802 4372 2007 4425 deriuin
2054 4379 2293 4423 nostrum
2347 4372 2521 4441 (Psal.
2566 4372 2697 4439 cu)?
2732 4370 2881 4425 Unde
2905 4382 2955 4424 et
2986 4373 3035 4425 in
3060 4375 3163 4426 alio
3194 4378 3399 4439 psalmo

2128 4460 2393 4525 Satiubor,
2448 4478 2564 4515 cum
2626 4458 3040 4529 manifestabitur
3090 4463 3255 4533 gloria
3309 4474 3397 4519 tua

1806 4551 1979 4623 (Psal.
2033 4554 2166 4620 XVI).
2222 4554 2413 4609 Petilio
2442 4570 2674 4623 namque
2703 4555 2927 4625 alicujus
2956 4566 3036 4609 est
3060 4558 3393 4629 indigentia,

1803 4662 1921 4715 qua:
1954 4646 2022 4699 ibi
2056 4647 2193 4699 nulla
2225 4648 2345 4712 erit,
2374 4648 2457 4701 ubi
2488 4648 2605 4701 haec
2632 4650 2852 4702 satietas
2883 4649 3006 4701 erit.
3052 4648 3393 4717 Relinquitur

1805 4737 2004 4807 itaque.
2037 4749 2291 4805 quantum
2322 4756 2511 4808 sapere
2541 4742 2715 4803 valeo,
2750 4751 2807 4793 ut
2844 4741 3175 4811 imeldgatur
3217 4742 3399 4796 Domi-

1806 4845 1903 4882 nus
1959 4828 2115 4883 .lesus
2141 4830 2429 4898 discipulos
2453 4845 2578 4886 suos
2604 4830 2672 4883 de
2704 4833 3012 4885 carnalibus
3045 4832 3125 4885 vel
3155 4834 3401 4887 animalia

1806 4922 1903 4974 bus
1945 4936 2003 4975 se
2059 4922 2364 4990 spirituales
2424 4922 2737 4993 promisisse
2794 4922 3097 4983 facturum.
3151 4925 3396 4993 quamvis

1806 5011 2040 5065 nonduin
2070 5016 2221 5078 tales,
2257 5014 2441 5080 quales
2463 5015 2683 5077 alimus,
2712 5014 2927 5083 quando
2957 5016 3195 5082 Spiritale
3228 5018 3390 5071 etiam

1804 5118 1997 5171 corpus
2050 5104 2381 5170 habebimus,
2432 5107 2523 5161 sed
2576 5105 2953 5173 qual-is‘erat,
3004 5106 3094 5174 qui
3124 5108 3330 5160 dicebat
3372 5126 3386 5161 :

1807 5196 1846 5249 S
1888 5196 2130 5262 pientiam
2162 5198 2419 5263 loquimur
2448 5198 2579 5250 inter
2622 5198 2867 5265 perfectos
2914 5195 2969 5260 (1
3013 5196 3131 5251 Cur.
3160 5200 3217 5267 ιι)
3247 5215 3260 5263 ;
3294 5211 3344 5252 et
3380 5216 3393 5252 :

1809 5284 1929 5337 Non
1959 5288 2099 5355 potui
2135 5289 2274 5341 vobis
2306 5289 2443 5359 loqui
2477 5290 2624 5357 quasi
2647 5288 2984 5355 spiritalibus,
3008 5290 3095 5343 sed
3120 5295 3262 5357 quasi
3286 5308 3398 5345 car-

1806 5379 2001 5429 nalibus
2028 5378 2074 5445 (I
2109 5377 2224 5431 Cor.
2264 5385 2378 5445 ut);
2411 5390 2499 5433 et:
2532 5376 2648 5431 Non
2673 5380 2908 5446 spiritum
2936 5383 3082 5450 hujus
3114 5382 3293 5434 mundi
3314 5398 3398 5435 ac-

1805 5472 2054 5538 cepimus,
2088 5472 2175 5524 sed
2208 5472 2462 5539 Spiritum
2494 5472 2579 5537 qui
2608 5489 2669 5525 ea:
2698 5472 2802 5525 Deo
2835 5486 2928 5535 cst,
2960 5486 3010 5525 ut
3034 5478 3253 5527 sciamus
3285 5478 3405 5540 quat

1805 5582 1836 5616 α
1887 5564 1989 5616 Deo
2018 5566 2207 5618 donata
2234 5578 2349 5620 sunt
2380 5567 2541 5630 nobis,
2582 5582 2695 5634 qua:
2720 5578 2764 5619 et
2789 5568 3065 5636 loquimur,
3102 5586 3199 5621 non
3232 5570 3282 5621 in
3310 5586 3395 5623 sa-

1810 5660 2008 5725 piutite
2050 5660 2282 5713 ltumaucv
2326 5661 2489 5715 doctis
2520 5663 2699 5725 verbis,
2749 5665 2837 5717 sed
2869 5665 3003 5717 docti
3029 5665 3249 5730 Spiritu,
3285 5666 3394 5735 spi-

1808 5752 2039 5808 ritalibus
2086 5754 2341 5825 spiritalia
2387 5766 2748 5828 comparentur.
2802 5757 3054 5813 Animalia
3101 5766 3390 5814 autemnon
