3884 6232
497 395 598 451 867

921 390 1122 447 BEDE
1166 387 1608 445 VENERABILIS
1646 378 1795 444 OPP.
1836 387 2016 444 PARS
2057 385 2121 443 ll.
2162 385 2353 443 SECT.
2388 383 2430 439 l.
2468 412 2539 431 μ’
2580 382 2968 440 EXEGETICA
3014 384 3333 441 GENUINA.
3623 388 3722 445 868

495 507 833 577 percipitun
859 516 973 557 sunt
1002 503 1227 569 Spiritus
1257 500 1350 556 Dei
1382 501 1431 569 (1
1462 501 1582 557 Cor.
1615 502 1697 570 ll).
1734 502 1845 556 Non
1872 500 2050 569 itaque
2086 504 2133 560 Α
2160 498 2492 562 ascensione,
2527 512 2624 552 nec
2657 498 2914 552 mundum
2946 498 3181 552 deseruit
3214 497 3511 565 praesentia
3537 500 3724 568 guber-

498 596 794 665 perciplens
840 609 959 663 qua:
996 603 1118 647 sunt
1165 593 1392 661 Spiritus
1441 592 1555 657 Dei,
1592 591 1754 645 homo
1783 590 2055 653 animalis,

494 690 571 741 sic
620 684 766 739 audit
819 694 1147 752 quaecunque
1180 683 1321 737 audit
1365 684 1431 735 de
1462 678 1554 737 Del
1598 697 1807 746 natura,
1831 692 1887 736 ut
1917 681 2057 735 aliud

496 790 657 846 quam
688 790 877 841 corpus
907 778 1139 841 cogitare
1171 790 1273 826 non
1306 774 1489 842 possit,
1521 773 1811 841 quamlibet
1842 773 2060 837 amplis-

500 865 693 917 simum
724 864 802 916 vel
832 862 1174 926 immensum,
1207 861 1490 931 quamlibet
1524 862 1750 915 lucidum
1773 876 1835 915 ac
1856 863 2058 926 specio-

494 970 610 1010 sum
638 969 850 1019 corpus.
880 952 1077 1009 Tamen
1109 954 1226 1009 ideo
1255 953 1527 1023 proverbia
1561 953 1629 1007 illi
1661 963 1783 1006 sunt
1809 968 2056 1022 quttcun-

493 1062 594 1115 que
642 1045 781 1098 dicta
841 1044 1110 1113 sapientiae
1155 1046 1223 1098 de
1276 1044 1586 1112 incorporea
1636 1043 2054 1113 immutabilique

494 1134 784 1190 substantia
812 1149 947 1186 :nnn
965 1134 1102 1201 quod
1132 1148 1193 1187 ea
1225 1143 1469 1201 tanquam
1499 1134 1772 1199 proverbia
1803 1133 2057 1199 deputat,

493 1224 589 1280 sed
638 1225 761 1288 quia
816 1223 893 1276 sic
917 1223 1131 1292 cogitat,
1161 1222 1427 1287 quomodo
1456 1224 1543 1291 qui
1575 1221 1852 1288 proverbia
1885 1222 2061 1275 solent

496 1315 705 1383 audire,
762 1326 932 1384 neque
955 1316 1265 1383 intelligere.
1294 1313 1427 1367 Cum
1452 1328 1577 1367 vero
1602 1312 1862 1380 spiritalis
1886 1324 2059 1379 caepe-

492 1411 559 1471 rit
590 1412 761 1462 omnia
796 1407 1110 1478 diiudicare,
1137 1408 1247 1474 ipse
1278 1415 1452 1459 autem
1484 1419 1512 1458 a
1539 1403 1749 1457 nemine
1776 1400 2057 1469 diiudicari

494 1498 550 1571 (1
582 1502 702 1555 Cor.
742 1501 799 1569 ιι)
860 1500 1089 1569 (etiamsi
1122 1499 1171 1551 in
1204 1496 1301 1551 hac
1324 1498 1426 1551 vita
1449 1496 1791 1549 adlru'c'velut
1814 1509 1907 1562 per
1932 1509 2059 1562 spe-

495 1594 671 1645 culum
720 1604 783 1644 es
837 1597 984 1658 parte
1031 1588 1297 1657 perspicit,
1350 1596 1524 1639 tamen
1555 1601 1659 1639 nou
1683 1586 1790 1639 ullo
1818 1585 2058 1649 corporis

500 1695 682 1746 sensu,
718 1696 819 1731 non
852 1680 953 1734 ulla
987 1678 1289 1748 imaginaria
1313 1677 1647 1744 cogitatione,
1679 1686 1779 1745 qua
1800 1676 1941 1743 capit
1968 1685 2059 1729 aut

500 1774 648 1840 lingit
714 1772 1107 1839 qualescunque
1166 1769 1534 1822 similitudines
1580 1776 1909 1836 corporum,
1960 1766 2053 1821 sed

496 1860 691 1913 mentis
715 1860 1004 1912 certissima
1032 1860 1398 1927 intelligentia,
1431 1860 1497 1911 ita
1532 1858 1693 1912 Deum
1724 1873 1826 1911 nun
1860 1870 2052 1925 corpus

492 1962 632 2010 esse,
674 1950 766 2003 sed
809 1951 1073 2015 spiritum,
1129 1949 1198 2003 ita
1236 1948 1406 2013 palam
1427 1949 1495 2003 de
1524 1947 1677 2002 Patre
1702 1948 2052 2003 annuntiante

494 2038 650 2103 Filio,
700 2050 753 2092 ut
797 2038 1035 2107 eiusdem
1087 2041 1395 2093 substantiae
1450 2040 1805 2106 conspiciatur
1833 2048 1889 2093 et
1918 2039 2052 2107 ipse,

492 2130 581 2199 qui
622 2130 949 2200 annuntiat);
972 2138 1095 2183 tum:
1124 2129 1174 2182 iu
1213 2130 1329 2199 ejus
1367 2130 1583 2183 nomine
1609 2140 1820 2198 petunt,
1851 2144 1973 2197 quia
2002 2130 2054 2183 in

490 2232 623 2272 sono
644 2218 760 2287 ejus
790 2226 1019 2272 nominis
1042 2234 1146 2273 nun
1177 2218 1315 2273 aliud
1348 2232 1505 2286 quam
1537 2235 1622 2273 res
1654 2224 1764 2288 ipsa
1794 2229 1896 2282 est,
1936 2231 2056 2289 qute

497 2308 596 2363 huc
653 2309 865 2363 nomine
910 2320 1145 2371 vocatur,
1175 2309 1491 2379 intelligunt.
1526 2310 1588 2363 Hi
1620 2319 1839 2377 possunt
1869 2322 2056 2364 utcun-

496 2414 599 2468 que
620 2400 854 2470 cogitare
886 2398 1162 2455 Dominum
1193 2412 1429 2454 nostrum
1459 2401 1639 2455 Jesum
1668 2401 1961 2466 Christum,
1998 2403 2050 2457 in

491 2502 746 2559 quantum
797 2494 957 2543 homo
984 2499 1087 2557 est,
1119 2507 1216 2560 pro
1238 2492 1392 2545 nobis
1420 2491 1763 2560 interpellare
1787 2494 1997 2546 Patrem
2034 2509 2049 2557 ;

499 2582 557 2632 in
596 2591 847 2649 quatitum
894 2594 1069 2633 autem
1125 2581 1262 2634 Deus
1309 2590 1412 2647 est,
1444 2592 1496 2635 et
1525 2596 1620 2635 nos
1649 2582 1903 2639 exaudire
1932 2599 2050 2640 cum

499 2670 688 2735 Patre;
711 2670 853 2738 quod
874 2685 992 2724 eum
1024 2671 1352 2738 signiﬁcasse
1380 2674 1627 2734 arbitror,
1660 2672 1747 2726 ubi
1767 2674 1842 2726 ait
1872 2690 1887 2726 :

565 2761 628 2816 Et
651 2778 750 2815 non
778 2761 893 2814 dico
922 2762 1059 2815 vobis
1101 2762 1218 2830 quia
1248 2778 1338 2833 ego
1375 2765 1561 2833 rogabo
1592 2762 1795 2817 Patrem
1815 2765 1877 2818 de
1898 2764 2055 2820 vobis.

491 2850 569 2906 Ad
621 2853 721 2907 bnc
760 2854 954 2921 quippe
990 2852 1320 2917 intuendum,
1352 2855 1616 2920 quomodo
1646 2869 1748 2908 non
1780 2864 1929 2923 rogat
1955 2854 2055 2909 Pa-

499 2955 632 2997 trem
686 2943 879 3007 Filius;
913 2947 1005 2997 sed
1037 2944 1194 2998 simul
1219 2945 1502 2999 exaudiunt
1533 2954 1782 3017 rogantes
1813 2946 1967 3001 Pater
1995 2955 2051 3001 ct

497 3035 684 3098 Filius,
717 3048 819 3089 nan
854 3036 950 3089 nisi
981 3036 1233 3102 spiritalis
1260 3040 1445 3091 oculus
1474 3040 1664 3092 mentis
1694 3037 1957 3092 ascendit.

563 3126 683 3196 Ipse
709 3128 839 3181 enim
867 3125 1037 3192 Pater,
1059 3129 1246 3193 inquit,
1270 3142 1525 3194 amatvos,
1548 3131 1666 3200 quia
1694 3146 1780 3183 vos
1801 3146 1890 3183 me
1907 3147 2043 3183 ama-
2078 3165 2129 3231 ο

489 3224 601 3277 stis.
652 3223 775 3277 ideo
824 3235 964 3276 amat
1020 3225 1128 3289 ille,
1170 3224 1294 3291 quia
1346 3239 1441 3278 nos
1466 3224 1737 3277 amamus?
1763 3227 1843 3279 An
1874 3225 2052 3293 potius

492 3312 615 3383 quia
664 3312 750 3365 ille
791 3323 954 3377 ιιιιιιι,
997 3314 1117 3367 ideu
1146 3330 1241 3368 nos
1266 3316 1546 3369 amamus?
1582 3316 1656 3369 Ex
1690 3316 1923 3384 Epistula
1952 3330 2047 3370 sua

493 3407 811 3472 evangelista
844 3407 980 3461 idem
1006 3408 1116 3471 ipse
1147 3411 1480 3473 respnudeat.
1512 3409 1623 3464 Nos
1653 3412 1938 3481 diligimus,
1974 3412 2055 3465 in-

490 3496 621 3562 quit,
670 3496 791 3563 quia
839 3497 948 3563 ipse
997 3500 1138 3568 prior
1190 3502 1368 3556 dilexit
1398 3514 1487 3555 nos
1512 3500 1566 3571 (I
1594 3501 1755 3558 Joan.
1791 3503 1886 3572 tv).
1922 3503 2056 3559 llinc

486 3600 614 3652 ergo
663 3584 857 3639 iactum
910 3598 987 3641 est
1020 3600 1073 3641 ut
1100 3589 1454 3658 diligeremus,
1483 3594 1603 3660 quia
1635 3594 1814 3648 dilecti
1841 3610 2050 3650 sumus.

489 3676 714 3729 Prorsus
754 3681 948 3729 donum
982 3680 1069 3731 Dei
1106 3690 1207 3741 est,
1239 3681 1459 3746 diligere
1486 3683 1672 3737 Deum.
1699 3685 1819 3750 Ipse
1850 3695 1908 3737 ut
1937 3686 2057 3737 dili-

485 3774 701 3831 geretur
746 3765 911 3827 dedit,
961 3768 1051 3833 qui
1097 3783 1199 3818 uou
1225 3768 1450 3823 dilectus
1472 3771 1677 3823 dilexit.
1703 3771 2056 3839 Displicentes

489 3856 645 3908 amati
693 3870 895 3921 sumu~,
946 3866 1004 3909 ut
1044 3868 1184 3910 esset
1232 3859 1281 3910 in
1332 3861 1482 3912 nobis
1533 3862 1671 3913 unde
1696 3861 2053 3927 place'remus.

489 3945 601 3997 Non
644 3948 784 3996 enim
833 3960 1136 3999 amaremus
1176 3946 1388 4012 Filium,
1418 3950 1517 4002 nisi
1547 3966 1848 4003 amaremus
1871 3962 1920 4003 et
1954 3951 2055 4004 Pa-

482 4040 640 4088 trem.
700 4037 854 4089 Amat
904 4051 1000 4088 nos
1061 4037 1236 4100 Pater,
1282 4042 1400 4105 quia
1432 4054 1526 4092 nos
1557 4054 1794 4092 amamus
1828 4038 2044 4107 Filium,

486 4139 605 4180 cum
659 4142 685 4177 a
733 4126 887 4179 Patre
917 4135 969 4179 et
998 4125 1131 4180 Filio
1158 4124 1539 4192 acceperimus,
1570 4141 1622 4182 ut
1656 4130 1864 4183 Patrem
1897 4146 2051 4184 ame-

488 4230 609 4270 mus
635 4225 685 4265 et
717 4214 923 4267 Fliiﬂtn.
956 4214 1205 4268 DJTunrlit
1227 4216 1366 4269 enim
1389 4217 1697 4270 charitatem
1726 4218 1778 4271 in
1801 4218 2053 4273 cordibus

492 4312 688 4362 nostris
735 4310 1010 4360 amborum
1071 4309 1318 4375 Spiritus,
1357 4324 1450 4378 per
1494 4308 1959 4381 quem’Spiritum
2002 4322 2055 4368 et

489 4398 695 4452 Putrem
736 4412 996 4461 amamus,
1050 4407 1105 4452 et
1156 4398 1367 4463 Filium,
1405 4408 1457 4453 et
1477 4417 1628 4469 quem
1653 4402 1907 4470 Spiritum
1930 4420 2050 4459 cum

490 4490 642 4542 Patre
694 4502 935 4541 amamus
985 4497 1039 4541 et
1084 4489 1236 4543 Filio.
1292 4492 1542 4544 Amorem
1590 4492 1766 4563 itaque
1809 4505 2047 4550 nostrum
2079 4512 2130 4574 υ

486 4584 653 4651 pium,
711 4598 817 4651 qnu
858 4584 1079 4637 colimus
1115 4586 1301 4650 Deum,
1332 4583 1457 4639 fecit
1487 4588 1645 4652 Deus,
1677 4599 1729 4641 et
1758 4590 1887 4643 vidit
1923 4592 2047 4659 quia

491 4677 685 4727 bonum
716 4684 799 4727 est
823 4691 837 4737 ;
868 4676 987 4727 ideo
1012 4677 1202 4745 quippe
1230 4691 1325 4730 nos
1352 4677 1544 4730 amavit
1574 4680 1739 4746 ipsos,
1761 4680 1885 4750 quia
1908 4695 2055 4734 ama-

494 4769 566 4819 vit
617 4765 731 4832 ipse
782 4766 923 4834 quod
969 4767 1106 4820 ferit.
1168 4767 1273 4822 Sed
1304 4783 1404 4821 non
1432 4770 1481 4821 in
1513 4770 1662 4823 nobis
1690 4770 1884 4825 laceret
1910 4774 2051 4841 quod

490 4864 711 4918 amaret,
746 4856 842 4909 nisi
874 4866 1153 4925 antequam
1184 4857 1231 4911 id
1265 4855 1459 4913 faceret
1483 4874 1579 4912 nos
1609 4868 1841 4914 amaret.

560 4942 629 4999 Et
652 4946 959 5013 credidistis,
992 4947 1178 5012 inquit,
1201 4950 1319 5017 quia
1340 4966 1371 5002 a
1402 4950 1505 5003 Deo
1534 4952 1679 5005 exivi.
1714 4951 1862 5007 Exivi
1891 4972 1921 5008 a
1947 4952 2051 5007 Pa-

492 5046 585 5101 tre,
611 5046 657 5090 et
685 5039 795 5090 verti
824 5038 875 5089 in
906 5042 1163 5091 mundum.
1197 5038 1387 5092 lterum
1433 5044 1659 5111 relinquo
1694 5047 1935 5097 mundum
1962 5086 1976 5110 ,
2008 5055 2055 5098 et

490 5129 621 5181 uade
645 5129 711 5181 ad
744 5128 969 5182 Patrem.
1009 5130 1167 5183 Plane
1198 5133 1485 5184 credimus.
1522 5132 1701 5201 Neque
1747 5136 1889 5187 cnim
1930 5152 2055 5203 pro-

492 5231 668 5289 pterea
692 5219 1004 5275 incredibile
1034 5221 1187 5274 debet
1218 5221 1405 5285 videri,
1439 5222 1562 5291 quia
1590 5224 1666 5276 sic
1697 5224 1762 5276 ad
1799 5226 2051 5279 mundtun

488 5318 707 5373 veniens
757 5319 865 5373 exit
891 5333 918 5369 a
953 5317 1125 5383 Patre,
1174 5326 1230 5371 ut
1270 5329 1373 5370 non
1403 5318 1674 5373 desereret
1708 5320 1959 5387 Patrem;
2000 5334 2055 5379 et

488 5411 564 5464 sic
596 5411 735 5463 vadit
767 5411 832 5463 ad
862 5411 1096 5476 Patrem,
1147 5412 1333 5466 relicto
1375 5411 1591 5475 mundo,
1624 5422 1680 5465 ut
1710 5429 1813 5468 non
1844 5416 2054 5470 deserat

491 5506 767 5558 mundum.
813 5506 953 5558 Exiit
994 5507 1131 5559 enim
1164 5522 1189 5557 τι
1222 5506 1394 5569 Patre,
1425 5508 1542 5574 quia
1576 5506 1643 5561 de
1676 5506 1825 5560 Patre
1858 5520 1970 5573 est;
2002 5520 2055 5563 et

488 5602 537 5651 iu
568 5598 822 5651 mundum
868 5597 1034 5662 Venit,
1075 5600 1196 5666 quia
1239 5598 1437 5651 mundo
1465 5613 1616 5651 suum
1648 5614 1841 5667 corpus
1872 5610 2051 5653 osten-

489 5687 584 5751 dit,
638 5688 776 5757 quod
810 5689 875 5741 de
913 5689 1111 5757 virgine
1160 5692 1464 5756 assumpsit.
1520 5688 1753 5758 Reliquit
1800 5691 2052 5745 mundum

488 5781 748 5850 corporali
799 5777 1144 5843 discessione,
1204 5782 1433 5849 perrexit
1461 5782 1521 5834 ad
1557 5779 1765 5836 Patrem
1823 5782 2053 5839 hominis

2164 588 2399 653 natione,
2433 587 2616 655 quales
2645 598 2798 643 erant
2835 588 3075 656 discipuli
3118 588 3336 653 Christi,
3367 591 3577 657 quando
3603 604 3719 647 cum

2153 677 2237 730 "eis
2286 686 2409 729 ante
2456 678 2756 744 pa~sionem
2793 676 3106 743 loquebatur
3134 691 3319 745 magna
3360 692 3478 731 cum
3527 680 3723 745 parvis,

2161 766 2252 820 sed
2299 768 2435 820 sicut
2476 769 2755 835 oportebat
2784 776 2842 818 ut
2873 782 3061 835 magna
3105 768 3406 821 dicerentur
3444 779 3496 822 et
3530 771 3723 836 parvis,

2163 858 2285 925 quia
2318 857 2549 909 nondum
2578 867 2798 919 accepto
2824 856 3019 923 Spiritu
3048 865 3252 921 sancto,
3275 858 3719 926 quemadmodum

2148 963 2283 1003 eum
2324 958 2440 1017 post
2468 949 2583 1017 ejus
2614 948 3077 1007 resurrectionem.
3120 950 3196 1001 vel
3245 949 3360 1017 ipso
3400 948 3720 1013 irtsuillaute,

2162 1042 2245 1095 vel
2272 1040 2522 1106 desuper,
2570 1049 2907 1105 acceperunt,
2958 1040 3186 1093 humana
3232 1043 3395 1108 magis
3439 1056 3592 1109 quam
3641 1044 3723 1096 di-

2164 1131 2284 1184 vina
2334 1130 2632 1197 sapiebaut,
2666 1138 2728 1183 ut
2767 1130 2947 1183 multis
2997 1131 3206 1184 indiciis
3233 1148 3325 1199 per
3358 1143 3529 1186 totum
3560 1132 3725 1185 Evan-

2162 1220 2357 1287 gelium
2400 1216 2717 1271 declaratur.
2773 1216 2927 1272 Unde
2976 1228 3029 1271 et
3077 1220 3175 1272 hoc
3224 1229 3326 1283 est,
3376 1222 3517 1289 quod
3552 1224 3600 1277 in
3629 1222 3723 1276 ista

2163 1309 2389 1364 loetione
2412 1308 2681 1362 dixerunt.
2714 1308 2801 1362 Ait
2826 1309 2969 1363 enim
3001 1310 3331 1379 Evangelista
3360 1330 3372 1364 ι

2235 1398 2422 1452 Dicunt
2448 1399 2493 1451 ei
2522 1399 2760 1470 discipuli
2783 1403 2893 1470 ejus
2916 1414 2936 1452 .'
2963 1398 3094 1452 Ecce
3127 1417 3259 1453 nunc
3285 1402 3457 1468 palam
3490 1403 3725 1471 loqueris,

2162 1497 2206 1542 el
2231 1489 2542 1558 proverbium
2568 1488 2765 1541 nullum
2794 1490 2946 1542 dicis.
3000 1488 3156 1541 Nunc
3202 1490 3390 1542 scimus
3439 1495 3559 1555 quia
3606 1494 3728 1543 nosti

2162 1581 2353 1643 etauio,
2381 1592 2425 1633 et
2452 1596 2551 1633 non
2579 1596 2706 1645 opus
2736 1589 2806 1633 est
2830 1580 2919 1633 tibi
2945 1590 2997 1632 ut
3028 1581 3140 1651 quis
3165 1591 3210 1633 te
3232 1583 3530 1648 interroget.
3554 1578 3619 1632 la
3638 1581 3727 1633 hcc

2162 1672 2433 1735 credimus,
2475 1671 2611 1739 quod
2659 1686 2691 1722 a
2739 1669 2845 1722 Deo
2892 1670 3060 1723 existi.
3108 1669 3223 1736 Ipse
3268 1670 3525 1723 Dominus
3580 1672 3727 1735 paulo

2163 1771 2284 1815 ante
2318 1761 2564 1814 dixerat:
2597 1758 2721 1813 Herc
2768 1760 2820 1813 in
2861 1760 3139 1829 proverbiis
3187 1760 3385 1812 locutus
3412 1776 3524 1812 sum
3559 1759 3728 1822 vobis;

2159 1854 2290 1906 venit
2323 1851 2450 1905 hora
2486 1867 2601 1905 cum
2631 1854 2747 1917 jam
2791 1868 2891 1905 non
2938 1852 2994 1904 in
3039 1852 3316 1919 proverbiis
3348 1852 3529 1919 loquar
3566 1853 3721 1907 vobis.

2160 1942 2438 2010 Quomodo
2460 1956 2587 2011 ergo
2615 1941 2701 1995 isti
2743 1942 2928 1995 dicunt
2959 1955 2973 1992 :
3007 1939 3138 1995 Ecce
3183 1956 3316 1994 nunc
3362 1940 3531 2006 palam
3562 1942 3731 2010 loque-

2159 2035 2249 2099 ris,
2273 2042 2319 2087 et
2350 2033 2670 2104 proverbium
2707 2033 2909 2086 nullum
2939 2034 3105 2087 dicis?
3163 2032 3405 2101 Nunquid
3448 2038 3576 2085 liora
3619 2032 3726 2100 jam

2160 2137 2397 2189 venerat,
2427 2141 2529 2194 qua
2555 2140 2660 2179 non
2678 2122 2788 2191 jam
2814 2123 3183 2193 in-proverbiis
3210 2139 3270 2178 se
3299 2128 3618 2191 prmitiserat
3646 2126 3726 2179 lo-

2160 2216 2438 2270 cuturum?
2480 2215 2707 2269 Prorsus
2747 2214 2885 2282 quod
2918 2214 3151 2283 nondum
3186 2213 3274 2265 ills
3308 2215 3435 2281 liora
3466 2213 3725 2277 meruisset,

2162 2305 2495 2360 continuatio
2516 2306 2796 2359 verborum
2826 2302 2939 2372 ejus
2966 2302 3217 2363 ostendit,
3250 2319 3370 2369 quae
3390 2302 3560 2356 adhuc
3587 2303 3725 2355 illam

2162 2396 2442 2466 promittat
2494 2395 2677 2447 boram
2725 2408 2826 2462 qua
2871 2408 2972 2447 n0n
3002 2392 3111 2461 jam
3141 2392 3193 2446 in
3226 2394 3520 2460 proverbiis
3548 2395 3729 2461 Ιοειιιοι

2163 2494 2270 2551 tur,
2298 2484 2394 2540 sed
2426 2485 2599 2550 palam
2625 2484 2690 2537 de
2716 2482 2873 2537 Patre
2908 2484 3239 2537 annuntiabit
3261 2485 3339 2537 eis
3365 2500 3379 2536 :
3405 2484 3454 2536 iu
3476 2500 3576 2553 qua
3601 2485 3728 2537 hora

2161 2575 2289 2631 dicit
2321 2590 2414 2630 eos
2444 2576 2494 2629 iu
2526 2590 2622 2629 suo
2653 2576 2869 2629 nomine
2896 2575 3174 2644 petituros,
3207 2591 3304 2630 nec
3326 2590 3394 2631 se
3426 2576 3632 2644 Patrem
3663 2577 3727 2631 de

2163 2665 2273 2719 illis
2325 2675 2659 2734 rogaturum,
2692 2680 2759 2719 eo
2784 2667 2922 2731 quod
2953 2667 3065 2733 ipse
3110 2665 3264 2719 Pater
3300 2679 3440 2719 amet
3466 2680 3576 2730 eos,
3608 2667 3727 2733 quia

2160 2754 2259 2825 ipsi
2285 2747 2598 2811 am‘averunt
2618 2755 2909 2826 Christum,
2927 2766 2980 2812 et
3000 2758 3343 2813 crediderunt
3368 2759 3547 2828 quod:
3573 2762 3726 2813 Patre

2159 2846 2369 2913 exierit,
2421 2858 2475 2904 et
2525 2851 2733 2903 venerit
2778 2852 2832 2903 in
2882 2852 3159 2916 mundum,
3202 2848 3394 2905 iteru'm
3444 2850 3727 2906 relicturus

2160 2939 2433 3004 mundum,
2456 2949 2509 2994 et
2532 2940 2700 2994 iturus
2721 2941 2789 2996 ad
2817 2940 3053 2997 Patrem.
3081 2944 3212 2996 Cum
3243 2959 3371 3011 ergo
3400 2942 3569 2996 adhuc
3598 2959 3725 3013 pro.

2160 3027 2400 3083 mittatur
2458 3030 2544 3083 illa
2594 3030 2743 3095 hora,
2780 3035 2828 3086 in
2854 3049 2954 3100 qua
2986 3036 3103 3088 sine
3128 3033 3429 3099 proverbiis
3458 3034 3728 3087 locuturas

2158 3130 2264 3185 est,
2287 3136 2384 3175 cur
2405 3121 2492 3175 isti
2518 3122 2701 3177 dicunt
2725 3140 2737 3175 :
2764 3121 2893 3177 Ecce
2916 3139 3051 3175 nunc
3078 3127 3247 3193 palam
3278 3124 3516 3190 loqueris,
3539 3135 3587 3177 et
3613 3140 3732 3189 pro-

2161 3211 2383 3266 verbium
2423 3214 2620 3266 nullum
2670 3213 2842 3268 dicis?
2885 3215 2985 3268 nisi
3030 3216 3150 3285 quia
3197 3216 3283 3269 illa
3314 3230 3431 3283 qua:
3460 3214 3551 3269 scit
3586 3216 3727 3283 ipse,

2161 3317 2265 3355 n0u
2311 3303 2727 3371 intelligentibus
2786 3305 3066 3372 proverbia
3109 3305 3272 3357 sunt?
3318 3320 3435 3372 quae
3464 3305 3595 3357 adeo
3623 3318 3730 3357 nun

2160 3393 2483 3462 intelligunt,
2522 3404 2577 3447 ut
2602 3408 2701 3448 nec
2725 3401 2912 3449 saltem
2961 3412 3063 3449 non
3108 3411 3165 3448 se
3206 3395 3499 3463 intelligere
3528 3396 3728 3447 intelli-

2157 3496 2300 3555 gant.
2338 3486 2547 3540 Parvuli
2580 3486 2723 3540 enim
2756 3497 2931 3549 erant,
2979 3484 3207 3537 nondum
3253 3483 3602 3553 Spiritttul.ter
3649 3485 3730 3537 di-

2154 3577 2485 3646 judicabanl,
2509 3578 2599 3645 qui
2624 3577 2691 3629 de
2720 3576 2879 3629 rebus
2910 3590 3013 3627 non
3051 3576 3118 3627 ad
3146 3588 3361 3640 corpus,
3391 3575 3482 3626 sed
3514 3576 3576 3625 ad
3617 3574 3733 3643 spi-

2158 3672 2316 3723 ritum
2370 3668 2798 3735 pertinentibus,
2855 3668 3161 3720 audiebant.
3218 3666 3452 3731 Denique
3499 3668 3563 3720 de
3614 3670 3729 3733 ipsa

2160 3758 2349 3812 borum
2379 3768 2538 3813 artate
2566 3759 2741 3811 adhuc
2778 3758 3069 3810 secundum
3112 3758 3415 3812 interiorem
3459 3758 3731 3813 hominem

2159 3861 2317 3913 parva
2344 3857 2397 3899 et
2427 3848 2634 3900 iulirnta
2661 3861 2752 3901 eos
2776 3848 3112 3903 admonens:

2172 3947 2203 3975 α
2228 3934 2509 4005 Respondit
2567 3938 2638 3989 eis
2689 3936 2838 3991 Iesus
2864 3953 2884 3992 :
2942 3938 3099 3993 Modo
3140 3942 3390 3996 creditis?
3422 3940 3549 3994 Ecce
3600 3945 3735 3996 venit

2158 4025 2300 4087 liora,
2328 4029 2499 4097 et'jam
2526 4030 2678 4093 venit,
2702 4040 2756 4081 ut
2778 4029 3143 4096 dispergautini
3167 4035 3508 4100 unusquisque
3529 4034 3578 4085 in
3603 4052 3729 4101 pro-

2159 4116 2292 4183 pria,
2324 4126 2369 4170 et
2401 4132 2477 4171 me
2504 4119 2672 4171 solum
2714 4120 3053 4189 relinquatis;
3094 4131 3140 4175 et
3182 4134 3348 4175 tamen
3380 4139 3477 4176 non
3505 4141 3614 4175 sunt
3644 4140 3730 4177 so-

2158 4206 2257 4269 lus,
2287 4208 2406 4277 quia
2437 4205 2599 4260 Pater
2626 4223 2819 4261 mecum
2862 4222 2956 4264 est.
2995 4211 3159 4266 Paulo
3185 4226 3311 4266 ante
3340 4214 3549 4267 dixerat
3576 4232 3587 4264 :
3626 4216 3727 4267 ble-

2157 4298 2327 4366 linquo
2369 4302 2638 4367 mundum,
2689 4312 2736 4354 et
2785 4305 2914 4356 vado
2964 4305 3032 4357 ad
3078 4304 3323 4369 Patrem;
3380 4323 3517 4360 nunc
3558 4308 3728 4360 dicit:

2158 4390 2314 4443 Pater
2354 4407 2548 4446 mecum
2576 4404 2671 4447 est.
2718 4394 2847 4459 Quis
2877 4396 3016 4448 vzrdit
3045 4396 3109 4449 ad
3140 4411 3283 4459 eum,
3332 4398 3419 4464 qui
3467 4414 3584 4449 rum
3638 4399 3732 4450 illo

2158 4485 2275 4538 est?
2325 4486 2427 4541 Sed
2455 4491 2555 4541 hoc
2596 4488 2905 4555 iutelligenti
2954 4499 3037 4543 est
3083 4496 3325 4554 verbum,
3378 4508 3480 4544 nun
3532 4493 3731 4546 intelti~

2159 4579 2300 4647 genti
2348 4581 2728 4647 prmerbium;
2781 4580 2857 4634 sic
2906 4590 3080 4634 tamen
3131 4588 3401 4651 quorundo
3430 4598 3458 4634 a
3502 4590 3734 4650 parvulis

2159 4686 2262 4724 non
2311 4671 2647 4740 intelligitur,
2695 4682 2959 4740 utcunque
3013 4673 3229 4741 fugitur,
3277 4685 3331 4726 et
3372 4676 3448 4727 eis
3478 4688 3638 4727 etiam
3691 4676 3734 4729 si

2159 4777 2263 4814 non
2300 4764 2521 4831 praebet,
2555 4764 2675 4833 quia
2708 4766 2941 4818 nondum
2973 4781 3092 4818 eum
3123 4767 3357 4832 οςιρίιιιιι,
3399 4770 3626 4821 subdunt
3657 4770 3733 4820 ci-

2158 4853 2305 4919 bum,
2354 4858 2541 4910 saltem
2593 4858 2817 4911 lacteum
2851 4872 2955 4909 non
2987 4856 3213 4925 denegat
3254 4860 3594 4911 alimentum.
3653 4859 3728 4913 Es

2160 4944 2261 4998 hoc
2302 4946 2557 5000 alimento
2602 4958 2683 5001 est
2722 4948 2859 5015 quod
2907 4949 3145 5000 sciebant
3187 4964 3310 5000 eum
3346 4964 3503 5001 nosse
3529 4951 3733 5010 munis.

2160 5051 2255 5090 nec
2284 5053 2415 5106 opus
2441 5040 2489 5092 ei
2521 5054 2638 5092 esse
2669 5050 2724 5092 ut
2753 5056 2872 5092 eum
2905 5055 3020 5108 quis
3063 5040 3374 5108 interroget.
3423 5044 3574 5105 Quod
3606 5044 3731 5112 qui-

2156 5131 2275 5185 dem
2305 5148 2398 5185 cur
2432 5133 2660 5185 dixerint
2691 5134 2855 5202 qumri
2894 5144 3089 5200 potest.
3135 5134 3353 5187 Videtur
3381 5136 3519 5189 enim
3559 5140 3734 5204 potius

2158 5222 2318 5276 fuisse
2346 5223 2628 5277 dicendum
2661 5242 2671 5275 :
2704 5225 2815 5277 Non
2842 5241 2976 5292 opus
2998 5235 3081 5280 est
3104 5227 3193 5278 tibi
3220 5238 3276 5279 ut
3300 5244 3620 5294 quemquam
3648 5232 3735 5283 iu-

2157 5322 2414 5385 terroges,
2438 5332 2568 5379 nun,
2585 5317 2649 5370 Ut
2674 5320 2793 5384 quis
2820 5327 2867 5371 te
2892 5317 3204 5387 interroget.
3226 5320 3732 5390 Dixeruntquippe:

2158 5410 2358 5466 Scimus
2380 5414 2499 5479 quia
2527 5414 2660 5465 nosti
2688 5416 2857 5465 omnia
2885 5431 2899 5477 ,'
2929 5424 2982 5467 et
3018 5418 3202 5483 utique
3233 5418 3321 5485 qui
3352 5429 3497 5469 llOVll
3526 5420 3733 5481 omnis,

2156 5505 2320 5572 magis
2377 5519 2402 5559 τι
2439 5504 2793 5558 nescientibus
2842 5508 3153 5571 interrogari
3202 5510 3361 5569 solvi,
3398 5518 3455 5561 ut
3489 5512 3732 5563 interro-

2154 5604 2336 5662 gantes
2369 5597 2604 5659 audiunt,
2632 5598 2768 5664 quod
2796 5600 2999 5660 volunt,
3035 5599 3099 5648 ab
3126 5613 3189 5650 co
3222 5599 3308 5664 qui
3344 5600 3487 5651 novit
3518 5614 3740 5661 Omnia,

2158 5701 2261 5740 non
2292 5686 2401 5754 ipse
2434 5689 2758 5757 interrogare
2805 5701 3050 5760 tanquam
3102 5692 3283 5745 volens
3326 5692 3532 5760 aliquid
3565 5695 3735 5749 scire.

2152 5784 2246 5853 qui
2295 5786 2437 5837 norit
2481 5788 2679 5841 omnia.
2713 5787 2849 5854 Quid
2882 5788 2980 5841 sibi
3016 5803 3141 5857 ergo
3176 5790 3285 5841 vult
3317 5788 3456 5856 quod
3488 5789 3536 5838 vi
3571 5802 3742 5857 quem
