3884 6232
120 395 219 453 809

1034 389 1098 446 IN
1138 389 1197 447 S.
1236 388 1517 445 JOANNIS
1560 380 2005 444 EVANGBLIUM
2048 378 2422 440 EXPOSITIO.

3265 380 3372 436 870

119 507 351 565 sciebant
379 519 538 561 nosse
566 501 767 567 omnia,
798 516 918 557 cum
958 502 1136 557 dicere
1162 501 1415 557 debuisse
1450 484 1674 554 videan-
1707 499 1755 559 Α
1782 496 1848 551 ad
1883 505 2084 550 tantam
2113 493 2562 564 desperationem,
2590 474 2665 548 fet
2692 506 2802 549 sua
2844 490 3077 563 pristina:
3124 492 3243 549 ﬁdei
3285 496 3366 560 (ut

123 608 204 655 tur
239 619 251 654 :
282 598 398 652 Non
429 611 566 665 opus
614 605 697 651 est
745 595 835 649 tibi
886 604 941 647 ut
982 608 1300 663 quamquam
1356 593 1679 660 interroges,

123 692 408 747 dicendum
453 689 626 757 potius
658 696 1012 757 putaverunt:
1049 682 1168 739 Non
1210 700 1339 753 opus
1377 695 1448 737 est
1494 684 1584 737 tibi
1627 691 1684 735 ut

117 783 227 850 quis
252 790 301 836 ts
324 779 642 850 interroget?
686 778 818 845 Quid
855 774 998 846 quod
1031 785 1315 843 utrumque
1343 775 1572 843 legimus
1603 772 1683 827 fa-

120 883 285 938 ctum,
315 880 370 925 et
401 872 759 938 interrogasse
786 869 993 923 scilicet
1034 865 1337 928 Dominum,
1366 875 1422 919 et
1453 865 1683 917 interro.

122 972 298 1033 gatum
342 963 551 1017 fuisse?
596 961 699 1016 Sed
746 961 847 1014 hoc
883 948 991 1015 cito
1015 959 1261 1023 solvitur,
1296 958 1417 1027 quia
1452 956 1551 1012 hoc
1579 971 1683 1010 non

119 1052 185 1115 ei,
218 1054 311 1106 sed
345 1052 450 1107 illis
481 1068 613 1118 opus
642 1062 780 1115 erat,
811 1065 946 1119 quos
979 1049 1360 1117 interrogabat.
1390 1048 1473 1102 vel
1506 1062 1536 1100 a
1567 1048 1685 1113 qni-

120 1144 213 1197 bus
262 1143 709 1208 interrogabatur.
742 1140 927 1209 Neque
967 1140 1107 1193 enim
1149 1140 1360 1209 aliquos
1387 1138 1476 1191 ille
1504 1138 1679 1190 inter-

118 1237 366 1305 rogabat,
418 1244 473 1287 ut
520 1232 587 1286 ab
618 1234 697 1287 eis
726 1232 925 1295 aliquid
959 1232 1215 1294 disceret,
1260 1229 1354 1285 sed
1385 1244 1478 1283 eos
1512 1230 1684 1295 potius

120 1335 175 1377 ut
204 1325 461 1387 doceret;
504 1330 561 1376 et
599 1324 686 1389 qui
732 1322 1135 1392 interrogabant
1164 1336 1309 1380 eum.
1342 1319 1586 1373 volentes
1617 1317 1686 1372 ab

122 1412 213 1467 illo
252 1410 451 1474 aliquid
481 1412 715 1480 discere,
747 1413 847 1466 illis
876 1412 1117 1483 profecto
1160 1412 1208 1465 id
1259 1426 1393 1479 opus
1439 1416 1579 1472 erat.
1631 1421 1686 1464 ut

118 1506 319 1559 scirent
350 1504 523 1569 aliqua
566 1506 633 1559 ab
679 1504 791 1568 illo,
824 1505 911 1571 qui
944 1516 1165 1559 noverat
1186 1503 1384 1558 omnia.
1419 1502 1683 1556 Nimirum

116 1608 239 1662 ergo
270 1603 552 1663 propterea
592 1595 640 1647 ei
691 1610 794 1648 non
830 1608 961 1660 opus
990 1602 1108 1648 erat
1138 1604 1196 1648 ut
1223 1609 1341 1648 eum
1373 1595 1491 1661 quis
1522 1594 1687 1646 inter-

118 1695 347 1754 rogaret,
403 1687 652 1751 quoniam
688 1701 806 1750 nos,
840 1688 1052 1756 quando
1084 1688 1479 1756 interrogamnr
1511 1687 1578 1738 ab
1609 1687 1688 1740 eis

116 1776 201 1842 qui
233 1778 422 1830 volunt
448 1793 476 1829 a
505 1778 659 1833 nobis
686 1779 886 1845 aliquid
917 1781 1076 1845 scire,
1115 1792 1187 1833 ex
1228 1778 1357 1848 ipsis
1387 1774 1681 1847 inferres:-

1784 588 1855 644 ita
1884 587 2130 655 dixerim)
2159 597 2407 650 mortem,
2439 593 2633 653 quanta
2657 586 2900 653 apparuit
2928 586 2981 640 in
3011 585 3105 638 illo
3134 581 3355 654 Cleopa.

1783 677 1871 749 qui
1927 687 2046 747 post
2088 679 2205 743 ejus
2237 678 2682 729 resurrectionem
2714 688 2833 727 cum
2867 675 2956 729 illo
2987 685 3047 727 se
3086 673 3228 741 loqui
3260 688 3355 727 ne-

1781 768 1981 828 sciens,
2026 775 2077 820 et
2130 766 2253 833 quid
2285 766 2334 819 ei
2365 765 2644 826 cuntiierit
2677 776 2937 819 narrans:
3000 763 3131 830 Nos,
3165 766 3360 835 inquit,

1784 859 2117 925 sperabamus
2139 846 2281 925 quod
2309 856 2416 922 ipse
2443 856 2610 925 fuerat
2649 858 3002 923 redempturus
3024 855 3190 910 Israel
3211 858 3362 928 (an.

1786 948 1955 1018 xxiv).
2010 949 2144 1002 Ecce
2193 947 2462 1015 quomodo
2500 958 2620 999 eum
2674 951 3016 1015 reliquerunt,
3067 949 3367 1003 deserendo

1784 1040 1942 1093 etiam
1977 1039 2148 1107 ipsam
2180 1040 2359 1101 lldem,
2397 1053 2497 1105 qua
2530 1038 2583 1092 in
2616 1054 2737 1092 eum
2767 1052 2890 1094 ante
2918 1042 3277 1095 crediderant.
3309 1043 3368 1099 In

1786 1149 1849 1190 ea
1882 1149 2007 1188 vero
2046 1147 2390 1201 oppressura,
2434 1148 2592 1199 quam
2626 1144 2743 1201 post
2770 1133 2885 1202 ejus
2925 1136 3366 1203 glorificationem

1786 1233 2006 1291 accepto
2038 1234 2226 1279 sancto
2251 1224 2449 1289 Spiritu
2476 1226 2823 1292 pertulerunt,
2850 1242 2952 1279 non
2983 1241 3103 1281 eum
3136 1230 3368 1296 relique-

1789 1322 1945 1379 runt;
1974 1323 2047 1370 et.
2074 1312 2315 1383 quamvis
2347 1312 2588 1383 fugerent
2642 1315 2710 1368 de
2758 1315 2969 1369 civitate
2995 1316 3045 1368 in
3075 1318 3367 1381 civitatem,

1786 1407 1855 1460 ab
1886 1407 2005 1475 ipso
2046 1421 2149 1459 non
2183 1405 2526 1475 refugerunt;
2552 1407 2643 1460 sed
2683 1407 2938 1461 habentes
2969 1420 3270 1476 pressuram
3313 1411 3366 1464 in

1788 1498 2012 1560 mundo,
2038 1507 2097 1551 ut
2126 1498 2176 1550 in
2200 1497 2290 1551 illo
2310 1511 2494 1561 pacem
2526 1499 2791 1557 tenerent,
2816 1498 2881 1551 ab
2910 1496 3029 1567 ipso
3054 1500 3221 1567 refugi
3255 1500 3366 1554 fue-

1789 1597 1909 1641 runt
1935 1587 2037 1661 [An
2067 1588 2147 1659 leg
2195 1601 2301 1640 non
2328 1586 2626 1660 inerunt?],
2655 1591 2747 1643 sed
2779 1589 2952 1655 ipsum
2994 1591 3251 1661 refugium
3277 1602 3371 1660 po-

1791 1678 1893 1733 tius
1914 1680 2232 1733 habuerunt.
2269 1678 2403 1732 Dato
2433 1681 2629 1748 quippe
2659 1691 2846 1734 sancto
2873 1682 3074 1745 Spiritu
3101 1722 3119 1746 ,
3168 1682 3365 1738 factum

1789 1779 1872 1827 est
1900 1772 1951 1825 in
1981 1772 2060 1825 eis
2088 1771 2228 1841 quod
2260 1786 2398 1826 nunc
2420 1772 2618 1826 dietum
2659 1781 2740 1828 est
2782 1772 2896 1828 eis:
2925 1771 3205 1841 Con/idm,
3240 1775 3363 1843 quia

118 1870 352 1925 tionibus
412 1886 597 1926 eorum
655 1873 1025 1943 cognOscimus
1076 1875 1201 1944 quid
1233 1875 1398 1929 velint
1449 1875 1680 1929 discere.

1791 1878 1878 1934 ego
1903 1863 1995 1917 sici
2015 1864 2284 1919 mundum.
2400 1861 2407 1869 ’
3286 1903 3291 1907 -

114 1958 255 2027 Opus
277 1973 363 2015 est
387 1977 515 2032 ergo
540 1964 693 2017 nobis
721 1964 788 2017 ab
832 1965 912 2017 eis
954 1963 1268 2034 interrogari
1316 1980 1450 2032 quos
1491 1964 1685 2020 docere

116 2053 313 2121 aliquid
374 2056 641 2118 volumus,
692 2064 751 2109 ut
798 2055 1171 2124 inquisitiones
1221 2071 1430 2122 eorum,
1488 2058 1683 2121 quibus

122 2144 551 2209 respondendum
579 2152 683 2209 est,
711 2147 1036 2199 noverimus.
1070 2144 1145 2200 illi
1174 2153 1351 2200 autem
1393 2160 1458 2198 ne
1481 2146 1530 2199 id
1562 2146 1683 2210 qui.

117 2232 231 2285 dem
264 2248 403 2299 opus
429 2243 567 2298 erat,
601 2236 689 2301 qui
720 2233 897 2288 omnia
930 2243 1151 2289 noverat
1182 2250 1197 2300 ;
1236 2248 1335 2289 nec
1361 2248 1495 2302 opus
1521 2232 1684 2290 babe-

131 2320 215 2376 bat
244 2322 385 2390 quod
418 2322 487 2375 ab
512 2337 577 2377 eo
603 2323 830 2393 quisque
856 2324 995 2379 scire
1026 2325 1151 2379 velit
1198 2339 1292 2392 per
1327 2325 1444 2392 ejus
1484 2339 1683 2394 cogno-

118 2426 265 2467 scere
297 2414 795 2485 interrogationem,
820 2417 941 2484 quia
975 2418 1281 2486 priusquam
1327 2416 1684 2486 interrogare-

132 2504 636 2574 Iurinterrogatoris
682 2517 902 2562 noverat
940 2509 1285 2562 voluntatem.
1337 2508 1439 2563 Sed
1470 2509 1592 2563 ideo
1623 2523 1682 2562 se

127 2594 422 2662 patiebatur
452 2597 787 2667 intermgari,
820 2607 875 2652 ut
901 2599 982 2653 vel
1018 2598 1098 2654 eis
1135 2600 1224 2669 qui
1257 2612 1380 2653 tunc
1410 2608 1566 2654 erant
1596 2600 1677 2654 vel

120 2682 200 2748 qui
239 2681 354 2738 hac
402 2684 520 2739 sive
567 2687 708 2740 dicta
762 2686 972 2741 fuerant
1026 2689 1275 2758 audituri,
1327 2690 1441 2745 sire
1488 2690 1681 2758 scripta

121 2770 317 2838 lecturi,
347 2774 535 2841 quales
562 2785 746 2831 essent
773 2790 801 2829 a
833 2779 1025 2846 quibus
1050 2779 1479 2848 interrogabatur
1504 2791 1684 2835 osten-

120 2861 283 2927 deret,
327 2878 506 2935 eoque
544 2867 705 2921 modo
755 2875 1033 2923 nossemus
1080 2870 1160 2923 vel
1205 2871 1397 2939 quibus
1446 2885 1548 2925 non
1579 2871 1685 2926 eir-

123 2944 513 3013 cumveniretur
552 2958 846 3024 fraudibus,
903 2962 987 3016 vel
1019 2961 1208 3030 quibus
1236 2962 1373 3029 apud
1407 2978 1527 3017 eum
1561 2978 1684 3030 pro-

124 3043 363 3100 ficeretur
390 3050 718 3104 accessibus.
769 3050 1070 3105 Prsevidere
1118 3058 1292 3105 autem
1338 3052 1686 3123 cogitationes

122 3133 406 3201 hominum,
440 3149 494 3193 et
518 3139 637 3193 ideo
662 3156 766 3194 non
798 3152 932 3211 Opus
973 3142 1174 3197 habere
1205 3152 1261 3196 ut
1294 3156 1415 3196 eum
1446 3144 1563 3211 quis
1602 3141 1682 3197 in-

125 3234 432 3291 terrogaret,
488 3242 735 3296 magnum
794 3230 903 3285 Deo
954 3246 1058 3287 non
1110 3240 1248 3298 erat,
1297 3232 1389 3287 sed
1439 3246 1685 3303 magnum

124 3316 343 3378 parvulis
386 3330 501 3370 erat
533 3322 618 3386 qui
651 3320 699 3374 ei
729 3320 978 3377 dieebant
1004 3339 1018 3377 :
1050 3321 1118 3376 In
1144 3324 1237 3377 hoc
1278 3324 1530 3378 credimus
1558 3329 1679 3396 quia

126 3419 154 3452 α
191 3404 291 3458 Deo
315 3407 489 3461 existi.
526 3408 691 3463 Multo
716 3420 891 3465 autem
925 3412 1096 3483 majus
1126 3421 1244 3468 erat
1269 3414 1333 3468 ad
1362 3416 1500 3483 quod
1530 3416 1687 3471 intel-

124 3493 384 3563 ligendum
410 3511 507 3553 eos
537 3502 748 3556 volebat
778 3504 992 3557 extendi
1018 3515 1069 3557 et
1098 3516 1362 3572 crescere,
1393 3508 1532 3576 quod
1563 3522 1683 3575 cum

123 3583 190 3636 illi
231 3588 516 3656 dixissent,
559 3605 850 3662 verumque
886 3593 1143 3649 dixissent
1170 3612 1183 3648 :
1216 3598 1256 3650 Α
1282 3594 1387 3650 Deo
1413 3599 1581 3663 existi,
1614 3600 1685 3654 ait

122 3675 428 3732 iliezPater
481 3697 673 3735 mecum
720 3693 809 3749 est,
860 3701 929 3739 ne
974 3685 1051 3739 sic
1089 3698 1120 3740 a
1164 3686 1319 3742 Patre
1363 3687 1554 3743 Filium
1596 3705 1686 3745 co-

127 3764 341 3831 gitarent
392 3773 599 3837 exisse,
640 3782 695 3827 ut
728 3784 973 3841 putarent
1019 3777 1181 3831 etiam
1232 3781 1539 3835 recessisse.
1588 3783 1686 3839 De-

122 3853 240 3910 inde
272 3874 582 3917 sermonem
636 3864 795 3919 istum
834 3880 1085 3937 magnum
1138 3868 1512 3941 prolixumque
1560 3888 1687 3927 con-

128 3946 335 4003 eludens
366 3969 381 4004 :

179 4036 324 4106 Hac,
356 4042 548 4112 inquit,
572 4045 770 4100 lautus
798 4062 910 4100 sum
930 4048 1085 4111 vobis,
1111 4058 1165 4101 ut
1201 4048 1256 4101 in
1286 4064 1363 4102 me
1394 4065 1566 4117 pacem
1594 4052 1686 4105 Ita-

122 4138 283 4191 ὁρατὴ.
314 4135 380 4190 ιιι
402 4140 595 4191 mundo
646 4152 932 4206 pressuram
980 4139 1258 4205 habebitis;
1311 4142 1400 4195 sed
1427 4144 1685 4211 conﬁdite,

122 4245 203 4299 ego
230 4228 325 4281 sici
371 4230 641 4282 mundum.
677 4230 807 4285 Illud
851 4230 1054 4283 initium
1106 4233 1274 4286 fuerat
1313 4233 1548 4287 habitura
1589 4234 1686 4288 ista

125 4333 377 4385 pressura,
414 4320 483 4374 de
506 4335 606 4389 qua
638 4322 908 4387 superius.
942 4330 997 4372 ut
1025 4334 1118 4373 eos
1146 4322 1449 4376 ostenderet
1494 4337 1687 4392 parvu-

126 4415 217 4472 los,
247 4412 439 4476 quibus
484 4412 661 4464 adhuc
712 4425 817 4463 non
866 4409 1309 4481 intelligentibus,
1342 4422 1395 4465 et
1424 4411 1563 4466 aliud
1595 4425 1689 4481 pro

125 4502 217 4555 alio
265 4504 622 4557 sentientibus
654 4543 670 4567 ,

123 4608 441 4662 quacunque
480 4609 665 4664 magna
695 4605 749 4648 et
777 4595 955 4649 divina
980 4595 1199 4649 dixisset
1226 4613 1239 4648 :
1269 4597 1369 4650 ait:
1398 4595 1559 4651 Modo
1578 4614 1685 4652 cre-

125 4684 263 4738 ditis:
316 4699 430 4738 ecce
474 4685 777 4749 venitltora,
835 4697 878 4739 et
899 4690 1013 4758 jam
1035 4688 1187 4751 venit,
1231 4698 1286 4741 ut
1323 4689 1687 4759 dispergamini

126 4780 679 4847 νπιιιᾳιήεᾳιιευειινωη
694 4778 745 4829 in
769 4780 999 4847 prapria.
1017 4779 1154 4833 Ecce
1172 4781 1377 4833 initium
1402 4795 1684 4849 pressura».

125 4866 209 4920 sed
236 4882 336 4921 non
366 4883 430 4921 eo
449 4869 611 4921 modo
628 4879 1070 4935 persevesaturte.
1086 4869 1240 4936 Quod
1257 4871 1398 4925 enim
1416 4871 1684 4937 adiunxit:

128 4955 189 5008 Et
211 4973 288 5011 me
326 4974 426 5011 non
452 4959 618 5014 solum
658 4959 977 5026 relinquatis,
1023 4975 1128 5013 non
1152 4962 1263 5014 vult
1289 4972 1381 5015 eos
1408 4963 1539 5017 tales
1569 4978 1689 5019 esse

131 5047 177 5100 in
206 5061 563 5117 consequente
609 5066 879 5116 pressura,
911 5065 1067 5118 quant
1125 5062 1237 5120 post
1272 5052 1388 5120 ejus
1412 5055 1687 5109 ascensio-

128 5153 238 5192 nem
266 5143 313 5195 in
347 5144 547 5196 mundo
580 5141 789 5197 fuerant
821 5144 1075 5205 habituri,
1116 5154 1171 5197 ut
1216 5128 1687 5213 relinquant-cum,

129 5230 211 5281 sed
238 5240 290 5283 ut
322 5232 370 5283 in
403 5232 493 5285 illo
525 5246 707 5301 pacem
742 5232 972 5286 habeant
1000 5247 1371 5301 permanentes
1398 5234 1448 5288 in
1479 5250 1562 5289 eo.
1580 5237 1689 5291 Non

128 5319 254 5370 enim
286 5326 494 5388 quando
538 5323 956 5388 comprehensus
985 5336 1089 5389 est,
1126 5326 1495 5379 tantummodo
1533 5342 1693 5382 carne

132 5418 215 5458 sua
242 5407 351 5478 ejus
370 5426 608 5473 carnem,
634 5427 813 5465 verum
850 5413 1011 5466 etiam
1061 5427 1238 5467 mente
1270 5417 1601 5483 reliquerunt
1630 5416 1693 5469 li-

131 5498 258 5551 dem.
287 5501 364 5553 Ad
398 5503 497 5555 hoc
522 5503 748 5571 pertinet
792 5505 927 5573 quod
961 5504 1060 5557 ait.
1116 5504 1273 5558 Modo
1307 5508 1551 5571 creditis;
1580 5523 1695 5562 ecce

132 5590 247 5640 renit
270 5593 393 5643 liora
426 5603 482 5645 ut
509 5595 873 5664 dispergamini
913 5595 965 5647 in
997 5596 1223 5663 propria,
1252 5605 1299 5651 et
1324 5612 1403 5649 me
1428 5598 1689 5665 relinqua-

134 5681 205 5733 tis.
235 5682 502 5754 Tanquam
531 5689 735 5742 diret-et
774 5706 785 5739 :
836 5686 985 5741 Tunc
1041 5687 1110 5739 ita
1144 5691 1605 5756 perturbabimini,
1637 5700 1693 5745 ut

135 5772 275 5825 etiam
304 5780 439 5845 quod
470 5779 627 5832 modo
648 5778 862 5833 creditis
886 5779 1217 5850 relinquatis.
1248 5780 1517 5837 Venerunt
1548 5783 1687 5835 enim

1855 1952 2207 2021 Conﬁderunt,
2237 1963 2285 2007 et
2306 1954 2550 2010 riserunt.
2583 1953 2639 2009 lu
2669 1969 2797 2025 quo,
2845 1955 2947 2010 nisi
2992 1958 3044 2010 lu
3086 1955 3218 2010 illo?
3248 1955 3364 2011 Non

1784 2040 1924 2096 enim
1953 2044 2166 2097 vicisset
2209 2046 2301 2099 ille
2332 2046 2608 2108 mundum,
2641 2044 2684 2098 si
2716 2046 2953 2099 membra
2984 2043 3107 2115 ejus
3130 2046 3370 2101 vinceret
3402 2036 3409 2037 ί

1786 2136 2041 2190 mundus.
2078 2132 2227 2189 Unde
2275 2137 2348 2188 ait
2388 2138 2703 2204 Apostolus:
2754 2134 2930 2189 Gratia
2980 2133 3106 2199 Dea,
3156 2136 3242 2204 qui
3280 2138 3373 2190 dat

1784 2227 1930 2281 nobis
1976 2228 2237 2280 victoriam
2291 2225 2343 2297 (Ι
2396 2226 2517 2282 Cor.
2570 2228 2684 2296 av),
2717 2229 3075 2297 continuoque
3100 2229 3371 2296 subjecit:

1785 2317 1895 2372 Per
1930 2318 2204 2373 Dominum
2244 2302 2474 2372 nostrum
2519 2317 2695 2373 Iesum
2737 2319 2997 2374 Christum
3027 2317 3243 2390 (lbid.),
3279 2321 3369 2388 qui

1783 2410 1988 2463 dixerat
2026 2410 2160 2462 suis:
2200 2407 2466 2476 Conﬁdite,
2512 2414 2635 2475 quia
2673 2425 2765 2479 ego
2807 2410 2901 2462 vici
2931 2411 3194 2462 mandunt.
3229 2414 3370 2465 Ante

1783 2502 1905 2564 ista,
1938 2516 2056 2570 qua:
2080 2516 2221 2555 nunc
2252 2495 2454 2565 suibus,
2479 2502 2761 2570 adiuvante
2781 2501 3033 2565 Domino,
3053 2503 3358 2564 tractaturi.

1783 2591 1991 2645 dixerat
2014 2590 2168 2645 Jesus
2193 2606 2208 2644 :
2240 2585 2362 2645 fite:
2387 2587 2586 2644 locutus
2610 2606 2721 2644 sum
2738 2590 2897 2655 vobis,
2920 2600 2977 2645 ut
3000 2591 3052 2644 in
3086 2606 3163 2644 nte
3186 2607 3365 2660 pacem

1785 2679 2047 2734 habeatis:
2076 2694 2199 2749 qum
2227 2695 2331 2735 non
2376 2681 2674 2735 recentiora
2720 2681 2877 2749 paulo
2923 2682 3169 2749 superius
3195 2684 3263 2736 ab
3292 2699 3359 2737 eo

1795 2770 1957 2831 dicta.
1989 2773 2084 2824 sed
2108 2773 2289 2824 omnia
2320 2770 2575 2825 debemus
2600 2774 2862 2839 accipere.
2904 2771 3015 2826 sive
3040 2784 3370 2844 quaecunque

1788 2863 1893 2918 illis
1926 2865 2133 2918 locutus
2161 2870 2269 2929 est,
2293 2877 2359 2917 ex
2388 2877 2497 2932 quo
2528 2878 2623 2917 eos
2651 2865 2812 2931 erepit
2834 2863 3032 2918 habere
3056 2863 3367 2930 discipulos,

1789 2956 1899 3011 sive
1925 2966 2090 3030 certe,
2120 2970 2182 3009 ex
2215 2970 2321 3027 quo
2360 2966 2480 3024 post
2510 2970 2719 3011 caenam
2748 2970 2974 3010 exorsus
3002 2966 3085 3010 est
3117 2957 3256 3010 hunc
3277 2956 3371 3011 ad-

1790 3048 2085 3103 mirabilem
2140 3049 2508 3117 prolixumque
2557 3060 2880 3103 sermonem.
2936 3048 3120 3105 Talem
3175 3052 3371 3119 quippe

1792 3142 2232 3194 commemoravit
2285 3154 2524 3203 oausam,
2576 3152 2673 3193 cur
2711 3140 2793 3194 eis
2841 3139 2911 3193 sit
2964 3138 3194 3205 locutus,
3223 3151 3279 3195 ut
3303 3141 3371 3196 ad

1795 3241 1916 3286 eum
1945 3229 2103 3287 ﬂuem
2150 3231 2443 3286 rectissime
2474 3231 2792 3296 referantur,
2816 3237 2897 3287 vel
2922 3232 3099 3287 omnia
3131 3248 3248 3301 qua
3289 3235 3373 3288 lo-

1793 3327 1949 3377 cutus
1977 3332 2057 3376 est
2087 3324 2187 3389 cis,
2223 3324 2308 3375 vel
2340 3336 2401 3377 ea
2436 3323 2669 3383 maxime
2720 3336 2838 3394 quae
2868 3324 3002 3380 dixit
3021 3325 3129 3394 jam
3169 3336 3265 3394 pro
3291 3325 3373 3382 eis

1791 3412 2101 3476 moriturus,
2146 3421 2394 3482 tanquam
2452 3411 2612 3467 verba
2660 3416 2969 3482 novissima,
3025 3424 3368 3486 posteaquam

1790 3500 1855 3555 de
1881 3502 2129 3556 convivio
2158 3512 2346 3556 sancto
2390 3502 2497 3567 ille,
2530 3504 2619 3573 qui
2668 3520 2788 3559 eum
2833 3504 3004 3559 fuerat
3052 3506 3364 3571 traditurus,

1788 3605 2035 3663 egressus
2074 3604 2180 3650 est.
2216 3595 2362 3649 lianc
2387 3594 2529 3649 enim
2581 3608 2798 3651 causam
2825 3597 3218 3652 commendavit
3256 3612 3371 3653 ser-

1789 3685 1962 3739 monis
1989 3686 2093 3750 sui,
2137 3694 2195 3740 ut
2221 3689 2272 3739 in
2304 3686 2395 3740 lllo
2421 3700 2608 3756 parem
2655 3688 2933 3751 haberent,
2979 3700 3193 3757 propter
3230 3690 3369 3759 quod

1803 3784 1971 3829 totum
1996 3774 2169 3845 agitur
2197 3778 2337 3844 quod
2364 3777 2654 3832 Christiani
2684 3790 2887 3834 sumus.
2940 3780 3065 3835 Hil‘c
3093 3783 3234 3836 enim
3268 3796 3368 3849 pax

1791 3864 1949 3918 linem
1996 3866 2251 3932 temporis
2305 3883 2409 3920 non
2465 3868 2701 3931 habebit.
2747 3879 2799 3924 et
2824 3872 2968 3924 omni
3016 3873 3129 3939 spei
3176 3881 3372 3928 nostra

1788 3957 2101 4012 intentionis
2130 3956 2458 4025 actionisque
2490 3958 2610 4012 linis
2648 3962 2757 4027 ipsa
2806 3961 2929 4015 erit.
2967 3961 3190 4031 Propter
3235 3962 3372 4017 banc

1786 4054 2135 4103 sacramentis
2154 4050 2270 4117 ejus
2298 4050 2603 4117 imltuimur,
2624 4063 2838 4119 propter
2863 4055 2997 4107 lianc
3029 4056 3367 4113 mirabilibus

1790 4140 2047 4208 operibus
2076 4150 2128 4193 et
2158 4140 2501 4194 sermonibus
2531 4142 2823 4207 erudimur,
2880 4153 3095 4212 propter
3140 4147 3278 4199 lianc
3307 4149 3359 4200 in

1792 4244 1911 4283 eum
1936 4230 2206 4283 credimus
2232 4241 2284 4282 et
2332 4245 2630 4297 speramus,
2662 4241 2715 4286 et
2736 4233 2850 4299 ejus
2877 4248 3077 4297 amore,
3110 4245 3366 4302 quantum

1791 4320 1973 4385 donat,
2000 4322 2367 4376 accendimur.
2424 4325 2532 4378 llac
2585 4324 2637 4379 in
2671 4338 2801 4394 pace
2829 4326 2879 4378 in
2907 4329 3174 4396 pressuris
3193 4330 3369 4384 omni-

1791 4413 1892 4469 bus
1922 4415 2279 4481 consolamur,
2326 4417 2421 4469 ltac
2453 4419 2715 4483 pressuris
2764 4419 3009 4473 omnibus
3054 4421 3368 4475 liberamur.

732 4503 1010 4571 proverbia
1065 4503 1457 4571 quodammodo
1503 4516 1683 4560 essent
1718 4532 1767 4592 Ι)
1798 4504 2021 4590 Pro‘pter
2052 4506 2188 4559 Itane
2219 4520 2432 4560 omnem
2468 4508 2865 4564 tribulationem
2898 4510 3105 4565 fortiter
3135 4516 3366 4567 sustine.

1797 4609 1933 4658 mus,
1962 4605 2019 4646 nt
2052 4596 2100 4647 in
2129 4597 2224 4648 hac
2256 4595 2481 4649 feliciter
2512 4598 2631 4649 sine
2678 4598 2781 4651 ulla
2815 4598 3155 4653 tribulatione
3183 4615 3370 4668 resne.

1797 4700 1933 4738 mus.
1964 4686 2154 4737 Merito
2184 4686 2247 4739 ad
2282 4701 2401 4740 eam
2444 4689 2632 4741 clausit
2665 4688 2824 4742 verba
2854 4703 2973 4757 qua:
3002 4704 3186 4756 parum
3218 4690 3368 4743 intel-

1792 4774 2077 4843 ligentibus
2142 4775 2418 4843 discipulis
2467 4788 2621 4831 erant
2674 4778 2979 4847 proverbia.
3045 4777 3176 4832 Cum
3232 4794 3367 4847 ergo

1790 4866 2012 4918 dixisset
2040 4876 2257 4935 propter
2280 4867 2405 4934 quid
2434 4869 2609 4922 omnia
2640 4870 2709 4925 sit
2737 4872 2964 4935 locutus,
2998 4879 3052 4923 ut
3074 4871 3124 4924 in
3154 4871 3242 4924 illo
3262 4873 3371 4926 sci-

1788 4956 1911 5010 licet
1936 4972 2116 5023 puccm
2144 4958 2417 5021 baberent,
2453 4961 2508 5012 in
2536 4961 2734 5014 umndo
2755 4960 3013 5016 habentes
3037 4977 3368 5031 pre~suram,

1790 5048 2212 5113 exltortatusque
2240 5048 2422 5101 luisset
2452 5058 2507 5101 ut
2557 5052 2806 5113 ﬁderent,
2834 5052 3086 5120 quoniam
3122 5054 3238 5120 ipse
3282 5056 3364 5106 vi—

1797 5136 1871 5189 cit
1904 5140 2182 5201 mundum,
2242 5152 2307 5190 eo
2353 5136 2443 5207 qui
2484 5149 2601 5191 erat
2648 5141 2713 5193 ad
2768 5141 2888 5194 illos
2918 5156 3165 5197 sermone
3197 5143 3367 5207 linito,

1793 5228 1984 5282 deinde
2009 5229 2073 5282 ad
2116 5226 2329 5283 Patrem
2354 5234 2510 5282 verba
2534 5231 2759 5297 direxit,
2782 5244 2835 5287 et
2860 5250 3014 5291 orare
3052 5236 3155 5305 jam
3183 5238 3367 5306 capit.

1792 5322 1880 5375 Sic
1902 5323 2040 5375 enim
2066 5322 2384 5391 evangeliea
2414 5327 2673 5388 sequitur,
2706 5325 2922 5379 dicens:

2365 5418 2587 5471 CAPIT
2630 5418 2669 5471 Χ
2686 5418 2789 5472 Vli.

1863 5506 2199 5560 Hrrclocutus
2217 5520 2285 5559 est
2308 5507 2339 5558 J
2374 5524 2480 5571 sus,
2506 5519 2576 5572 et,
2598 5510 2862 5562 sublet'atis
2888 5512 3044 5562 oculis
3070 5512 3120 5563 in
3158 5512 3357 5575 cclttm,

1793 5600 1919 5655 dixit
1948 5643 1963 5668 ,
2012 5600 2199 5659 Pater,
2228 5603 2356 5651 renit
2386 5602 2533 5664 liora,
2583 5602 2813 5667 rluriﬁca
2840 5601 3038 5655 Filium
3073 5614 3235 5657 tuum.
3267 5605 3363 5657 Pn-

1797 5702 1930 5746 lerat
1958 5693 2209 5747 Dominus
2233 5696 2533 5761 unigemtus
2582 5704 2634 5746 ct
2664 5706 2960 5749 cozeternus
2988 5697 3148 5757 Patri,
3177 5696 3226 5748 iu
3260 5696 3362 5751 for-

1796 5798 1878 5837 ma
1908 5784 2073 5852 servi,
2106 5794 2157 5838 et
2188 5800 2252 5839 ex
2287 5781 2452 5837 forma
2482 5783 2642 5851 servi,
2669 5784 2713 5838 si
2739 5784 2838 5840 ltoc
2862 5801 2993 5855 opus
3014 5796 3174 5853 esset,
3206 5799 3363 5842 orare
