3884 6232
556 331 656 391 871

986 332 1185 388 sane
1226 306 1673 387 VENERABtLIS
1712 326 1862 385 opp.
1907 325 2085 385 rans

2230 323 2423 383 SECT.
2459 322 2499 378 1.
2535 355 2605 369 -—
2646 325 3031 383 EXEGETICA
3072 326 3394 385 GENUINA.

3698 335 3789 394 87!

553 446 771 504 silentio
804 465 819 515 ;
867 447 961 502 sed
996 447 1063 502 ita
1096 464 1153 503 se
1192 449 1334 503 Patri
1383 449 1642 505 exhibere
1694 448 1856 503 voluit
1890 458 2135 517 precato-
2161 448 2207 503 Α
2235 443 2345 514 jam
2378 461 2479 501 non
2510 447 2601 512 sit;
2624 462 2721 501 nec
2742 451 2864 513 erit,
2891 449 3037 518 quasi
3064 452 3297 504 nondum
3320 451 3416 515 sit;
3443 452 3535 506 sed
3566 454 3686 509 sine
3709 455 3795 508 iui-

553 556 690 607 rem,
761 552 818 603 ut
872 542 1202 597 meminisset
1239 557 1301 596 se
1354 552 1593 609 nostrum
1659 556 1781 598 esse
1826 542 2125 596 doctorem.

564 637 790 694 Proinde
809 650 963 703 quam
997 636 1121 690 fecit
1150 635 1441 690 orationem
1458 652 1553 707 pro
1576 637 1753 701 nobis,
1788 646 1965 689 notam
1993 634 2128 689 fecit

558 727 801 790 ctaobis,
833 726 1080 796 quoniam
1106 728 1236 783 tanti
1261 727 1489 798 Magistri
1518 726 1688 795 nostri
1711 744 1813 781 nou
1847 726 2021 782 solum
2055 726 2122 781 ad

556 820 704 887 ipsos
729 828 812 873 est
861 818 1238 873 sermocinatio
1273 858 1289 883 ,
1333 818 1425 873 sed
1449 820 1608 872 etiam
1642 833 1735 887 pro
1760 818 1889 887 ipsis
1919 818 1981 873 ad
2019 817 2126 871 Pa-

557 919 689 961 trem
726 902 933 975 oratio;
964 917 1019 962 et
1067 908 1112 961 si
1146 908 1353 963 illorum
1385 909 1471 978 qui
1499 909 1562 961 ad
1589 910 1701 961 haec
1728 910 1870 964 dicta
1901 910 2128 962 aderant

554 999 809 1063 audituri,
835 1001 1068 1067 profecto
1097 1008 1151 1052 et
1177 1007 1377 1063 nostra,
1400 1000 1494 1068 qui
1528 1000 1794 1053 fueramus
1817 999 2125 1066 conscripta

558 1090 763 1152 lecturi.
788 1090 1123 1159 QuaprOptcr
1151 1090 1254 1144 hoc
1275 1089 1410 1160 quod
1433 1090 1506 1145 ait
1530 1107 1541 1143 :
1596 1088 1775 1156 Pater,
1818 1092 1949 1145 venit
1972 1091 2124 1153 hora,

551 1185 783 1253 clari/ica
810 1181 1003 1237 Filium
1032 1193 1197 1248 tuum,
1220 1182 1456 1237 ostendit
1476 1197 1635 1237 omne
1666 1193 1896 1250 tempus,
1917 1193 1968 1235 et
1996 1181 2120 1250 quid

556 1276 771 1345 quando
795 1276 1013 1339 faceret,
1044 1274 1122 1329 vel
1147 1274 1256 1327 fieri
1281 1275 1500 1339 sineret,
1533 1274 1599 1327 ab
1630 1273 1718 1326 illo
1740 1274 2124 1342 essedisposi-

556 1379 691 1434 tum,
721 1369 812 1437 qui
845 1367 1070 1437 tempori
1098 1367 1341 1422 subditus
1365 1381 1469 1420 non
1498 1375 1600 1428 est.
1627 1366 1876 1434 quoniam
1901 1382 2019 1435 qua:
2045 1366 2122 1419 fu-

553 1468 669 1512 tura
700 1460 906 1513 fuerant
935 1473 1029 1527 per
1048 1458 1252 1526 singula
1284 1468 1521 1525 tempora
1552 1497 1567 1523 ,
1613 1457 1663 1509 in
1717 1457 1809 1511 Dei
1857 1457 2118 1527 sapientia

556 1564 747 1609 Causas
769 1551 1062 1605 efficientes
1092 1550 1309 1615 habent,
1344 1549 1394 1601 in
1426 1563 1525 1617 qua
1543 1548 1683 1602 nulla
1713 1558 1837 1602 sunt
1858 1559 2120 1617 tempora.

548 1639 662 1694 Non
692 1657 818 1711 ergo
858 1640 1107 1696 credatur
1155 1643 1269 1695 haec
1324 1639 1454 1695 hara
1486 1641 1592 1694 fato
1621 1650 1847 1709 urgente
1878 1640 2115 1703 venisse.

556 1733 649 1794 sed
702 1729 811 1784 Deo
859 1730 1033 1801 potius
1062 1731 1366 1795 ordinante,
1426 1738 1524 1784 nec
1571 1730 1779 1784 siderea
1827 1732 2117 1785 necessitas

550 1818 745 1873 Christi
776 1822 1064 1874 connexuit
1108 1822 1427 1888 passionem.
1461 1819 1612 1873 Absit
1637 1821 1804 1885 enim,
1836 1828 1894 1873 ut
1939 1820 2114 1875 sidera

544 1911 679 1968 mori
708 1921 961 1982 cogerent
987 1910 1225 1965 siderum
1251 1911 1606 1976 conditorem.
1623 1911 1736 1965 Non
1762 1914 1937 1979 itaque
1963 1910 2117 1965 Chri-

541 2004 683 2054 stum
714 2013 993 2071 tempusut
1016 2004 1564 2074 morereturimpegit,
1596 2005 1688 2060 sed
1725 2016 1929 2073 tempus
1961 2004 2115 2059 Chri-

540 2100 657 2145 stus
687 2108 791 2159 quo
819 2105 1117 2148 moreretur
1142 2094 1323 2165 elegit,
1347 2097 1433 2165 qui
1464 2097 1627 2150 etiam
1657 2106 1864 2171 tempus
1913 2111 2018 2165 quo
2048 2098 2114 2151 de

546 2185 761 2253 Virgine
792 2197 944 2241 natus
980 2195 1063 2241 est
1091 2202 1210 2243 cum
1260 2188 1413 2241 Patre
1438 2190 1734 2255 constituit,
1766 2191 1831 2244 de
1855 2205 1961 2257 quo
1993 2190 2110 2245 sine

545 2285 791 2344 tempore
830 2287 983 2331 natus
1011 2289 1115 2335 est.
1170 2278 1473 2333 Secundum
1503 2295 1659 2347 quam
1694 2296 1870 2334 veram
1902 2296 2117 2335 sanam-

538 2382 643 2434 qne
671 2367 965 2423 doctrinam
998 2370 1154 2422 etiam
1181 2368 1375 2421 Paulus
1403 2370 1677 2434 apostolus
1708 2387 1720 2420 :
1772 2368 1898 2421 Cum
1928 2379 2102 2421 autem

538 2459 690 2517 venit,
723 2457 909 2525 inquit,
956 2456 1219 2524 plenitudo
1271 2457 1531 2520 temporis.
1578 2456 1715 2509 misit
1746 2454 1882 2509 Deus
1917 2454 2113 2511 Filium

539 2563 685 2601 sursus
718 2546 915 2617 (Colat.
948 2549 1043 2616 tt“);
1074 2556 1126 2600 et
1160 2546 1298 2599 Deus
1330 2562 1423 2615 per
1450 2549 1757 2616 prophetam
1792 2567 1803 2601 :
1839 2548 2110 2617 Tempore,

547 2642 643 2703 ait,
702 2640 1001 2707 acceptabili
1050 2639 1290 2691 exaudiui
1316 2650 1383 2707 te,
1415 2649 1460 2692 et
1480 2640 1533 2692 in
1557 2640 1638 2692 die
1658 2641 1839 2693 salutis
1867 2641 2040 2711 ατί]αηὶ
2066 2650 2114 2694 te

537 2726 673 2795 (Isti.
706 2728 877 2798 uix);
896 2740 947 2781 et
995 2730 1506 2797 rursusApostolus
1557 2748 1570 2782 :
1628 2729 1759 2785 Ecce
1784 2748 1916 2784 nunc
1974 2742 2112 2800 tem-

538 2834 631 2886 pus
661 2817 991 2886 acceptubile,
1013 2834 1127 2872 ecce
1145 2836 1278 2872 nunc
1303 2819 1410 2874 dies
1436 2821 1617 2875 salutis
1648 2821 1729 2893 (Il
1753 2822 1869 2876 Cor.
1896 2822 1986 2893 Vl).
2026 2825 2112 2877 Di-

538 2910 610 2963 cit
648 2925 805 2977 ergo:
840 2911 1012 2977 Pater,
1048 2913 1178 2965 uenit
1205 2912 1353 2977 liora,
1384 2914 1472 2982 qui
1518 2929 1636 2967 cum
1671 2913 1823 2969 Patre
1850 2916 2112 2984 disposuit

536 3018 721 3064 omues
754 3005 927 3069 horas,
955 3014 1201 3073 tauquam
1231 3005 1414 3061 dzcens
1438 3025 1459 3079 7:
1489 3006 1670 3070 Pater,
1694 3023 1851 3075 quam
1884 3017 2105 3078 propter

2150 1789 2197 1848 Β

2234 539 2329 605 tio,
2348 537 2472 592 sine
2492 537 2595 592 fine
2621 553 2833 608 semper
2857 549 2940 595 est
2962 541 3195 595 claritas.
3220 542 3373 609 Quod
3399 559 3526 612 ergo
3552 549 3619 597 ait
3653 561 3670 597 :
3700 543 3789 601 Ps-

2231 638 2326 693 ter,
2346 631 2484 687 iacuit
2498 632 2644 692 hora,
2670 631 2905 713 εἰςιν-ὕβρει
2944 630 3137 685 Filium
3172 643 3335 699 tuum,
3369 635 3447 689 sic
3497 636 3790 703 intelligen-

2230 719 2355 772 dum
2378 730 2482 785 est,
2539 730 2785 788 tanquam
2820 724 3051 777 dixerit:
3088 722 3240 779 Venit
3286 727 3410 778 hora
3471 730 3787 783 seininandz

2231 808 2564 876 humilitatis,
2590 810 2819 865 fructum
2854 828 2957 868 non
2976 815 3189 870 differas
3215 817 3493 872 claritatis.
3528 819 3633 871 Sed
3656 820 3772 888 quid

2229 902 2329 957 sibi
2361 906 2490 966 vult,
2524 904 2664 972 quod
2694 906 2935 973 sequitur
2965 925 2999 983 χ

2305 994 2371 1049 Ut
2404 992 2575 1047 Filius
2622 1005 2734 1048 tuus
2765 997 3012 1066 clarificet
3045 1000 3134 1053 te?
3193 997 3550 1054 Clarificalum
3584 1014 3611 1053 a
3646 1000 3787 1054 Patre

2231 1087 2427 1142 Filium
2461 1090 2756 1142 secundum
2792 1089 3017 1142 iamiam
3037 1092 3200 1154 servi,
3224 1109 3377 1161 quant
3397 1095 3555 1148 Pater
3579 1097 3789 1148 suscita.

2228 1178 2303 1231 vit
2329 1195 2357 1231 a
2382 1179 2604 1233 mortuis
2631 1189 2683 1233 et
2706 1181 2769 1233 ad
2785 1195 2933 1234 suam
2958 1181 3229 1235 dexteram
3254 1187 3551 1252 collocavit,
3579 1203 3665 1239 res
3688 1188 3784 1253 ipsa

2227 1269 2450 1336 indicat,
2479 1282 2531 1325 et
2561 1273 2739 1325 nullus
2779 1272 2999 1341 ambigit
3044 1275 3390 1330 christianos.
3416 1278 3519 1332 Sed
3554 1280 3786 1346 quoniam

2226 1379 2332 1417 non
2358 1373 2559 1416 tantum
2589 1364 2761 1418 dixit:
2798 1362 2971 1429 Pater,
3025 1367 3255 1432 clari/ica
3287 1366 3483 1421 Filium
3506 1380 3674 1434 tuum,
3706 1369 3785 1424 sed

2224 1454 2428 1509 addidit
2450 1456 2611 1509 etiam
2638 1467 2691 1509 ut
2716 1454 2884 1509 Filius
2913 1468 3031 1511 tuus
3054 1459 3301 1527 clari/feet
3333 1471 3395 1522 te,
3433 1464 3627 1515 merito
3655 1479 3785 1528 qum-

2224 1545 2360 1599 ritur
2384 1546 2653 1615 quomodo
2671 1546 2879 1602 Patrem
2903 1549 3279 1619 glorificaverit
3310 1550 3495 1615 Filius,
3515 1568 3782 1607 cumsemo

2226 1636 2435 1705 piterna
2468 1638 2683 1693 claritas
2713 1639 2883 1693 Patris
2914 1654 3010 1694 nec
3063 1640 3322 1695 diminuta
3358 1642 3518 1696 fuerit
3552 1644 3605 1697 in
3633 1642 3782 1697 forms

2228 1728 2479 1793 humana,
2514 1745 2613 1784 nec
2643 1732 2821 1801 augeri
2843 1733 3067 1800 potuerit
3089 1733 3141 1785 in
3172 1748 3265 1787 sua
3298 1734 3631 1802 perfectione
3658 1736 3780 1788 divi-

2225 1836 2311 1874 na.
2339 1820 2447 1875 Sed
2476 1819 2529 1875 in
2558 1821 2731 1890 seipsa
2774 1823 2986 1875 claritas
3019 1823 3193 1877 Patris
3223 1840 3321 1879 nec
3372 1828 3537 1880 minui
3572 1844 3667 1879 nec
3696 1844 3781 1880 au-

2221 1907 2332 1977 geri
2370 1917 2581 1977 potest:
2615 1908 2753 1977 apud
2788 1910 3031 1965 homines
3062 1924 3235 1967 autem
3274 1917 3453 1982 procul
3506 1916 3671 1969 duhin
3700 1920 3784 1970 mi-

2223 2016 2321 2055 nor
2350 2013 2489 2065 crat,
2515 2002 2725 2070 quando
2754 2001 2807 2056 in
2831 2000 3011 2056 Iudaea
3066 2008 3434 2059 tantummodo
3468 2007 3607 2062 Deus
3644 2021 3783 2061 notus

2221 2108 2337 2151 erat
2364 2097 2534 2165 (Psal.
2583 2097 2741 2166 uxv)
2778 2117 2791 2151 :
2821 2110 2873 2151 et
2904 2100 3140 2153 nondum
3174 2115 3202 2152 a
3233 2101 3363 2153 solis
3392 2110 3511 2154 ortu
3546 2119 3709 2171 usque
3727 2104 3781 2156 ad

2219 2205 2467 2244 occasum
2486 2189 2780 2266 laudabant
2804 2192 2951 2259 pueri
2978 2207 3168 2245 nomen
3193 2193 3402 2246 Domini
3433 2193 3606 2259 (Psnl.
3637 2198 3781 2263 cru).

2223 2280 2526 2333 llocautcm
2554 2281 2674 2347 quia
2702 2296 2797 2347 per
2831 2281 3179 2350 Evangelium
3228 2282 3427 2335 Christi
3462 2282 3657 2337 laetum
3689 2297 3779 2344 est,

2218 2382 2273 2421 ut
2296 2386 2389 2435 per
2412 2371 2600 2424 Filium
2651 2371 2808 2425 Pater
2839 2371 3197 2426 innotesceret
3248 2374 3517 2442 gentibus,
3553 2376 3777 2443 proiecto

2218 2460 2428 2514 Patrem
2457 2460 2766 2515 clariﬁcavit
2793 2471 2847 2516 et
2872 2462 3084 2517 Filium.
3116 2462 3169 2519 Si
3218 2473 3394 2519 autem
3424 2469 3776 2522 tantummodo

2221 2565 2462 2608 mortuus
2487 2553 2673 2608 fuisset
2702 2552 2886 2621 Filius,
2914 2570 3013 2609 nec
3044 2556 3445 2619 resurresissct,
3480 2560 3659 2626 procul
3685 2560 3773 2611 du-

2216 2642 2307 2695 bio
2335 2658 2432 2698 nec
2460 2658 2488 2695 a
2518 2642 2674 2698 Patro
2703 2644 3024 2698 clariﬁcatus
3051 2656 3215 2709 esset,
3249 2662 3347 2702 nec
3382 2650 3592 2703 Patrem
3623 2651 3775 2704 clari-

2217 2734 2451 2789 ﬁcasset.
2484 2733 2634 2788 Nunc
2663 2743 2838 2787 autem
2869 2735 3265 2791 resurrectione
3292 2735 3614 2791 clarificatus
3638 2753 3665 2789 a
3689 2737 3776 2792 Pa-

2217 2834 2298 2899 tre
2318 2866 2331 2888 ,
2392 2825 2803 2880 resurrecdonis
2829 2840 2939 2880 suae
2996 2827 3373 2895 praedicatione
3404 2827 3659 2881 clariﬁcet
3690 2828 3774 2880 Ps-

2216 2927 2374 2973 trem.
2410 2917 2523 2972 lloc
2548 2918 2746 2987 quippe
2771 2918 2937 2989 aperit
2964 2918 3096 2971 ordo
3128 2918 3244 2986 ipse
3292 2918 3595 2973 verborum.
3623 2917 3777 2971 Clario

2214 3012 2336 3081 ﬁca,
2367 3010 2557 3079 inquit,
2586 3007 2785 3063 Filium
2836 3007 2976 3079 tuum
3010 3018 3061 3063 ut
3090 3007 3262 3064 Filius
3301 3022 3417 3063 turos
3453 3010 3694 3085 rlariﬁcet
3717 3023 3775 3069 tr.

540 3096 785 3155 homines
814 3108 867 3151 et
891 3096 1027 3167 apud
1054 3098 1297 3152 homines
1322 3099 1383 3153 ad
1413 3115 1499 3153 me
1513 3101 1910 3155 clarificandum
1939 3101 2103 3155 simul
2137 3126 2185 3189 ο
2217 3110 2464 3171 tanquam
2496 3100 2699 3155 diceret
2728 3117 2740 3153 :
2804 3099 3077 3154 Resuscita
3104 3115 3215 3163 me,
3250 3109 3304 3154 ut
3360 3100 3665 3154 innotescas
3694 3102 3776 3154 toti

535 3188 923 3253 constituimus,
978 3191 1109 3243 venit
1154 3188 1322 3243 liora:
1353 3191 1580 3257 clari/ica
1624 3188 1816 3244 Filium
1859 3200 2023 3255 tuum,
2049 3200 2108 3247 ut

536 3277 705 3333 Filius
733 3290 847 3337 tuus
874 3280 1120 3347 clari/iret
1152 3290 1216 3334 te.
1246 3281 1604 3334 Clariftcatum
1637 3296 1665 3335 a
1700 3282 1853 3337 Patre
1886 3282 2103 3346 Filium,

541 3370 781 3427 ttonnulli
810 3370 1070 3437 accipiunt
1093 3370 1143 3424 in
1178 3369 1279 3424 hoc
1314 3410 1329 3432 ,
1362 3371 1497 3439 quod
1528 3371 1575 3425 ei
1604 3387 1707 3425 non
1736 3373 1990 3439 pepercit,
2014 3374 2107 3427 sed

544 3477 641 3533 pro
664 3464 819 3517 nobis
844 3464 1091 3517 omnibus
1143 3463 1359 3517 tradidit
1389 3464 1535 3517 illum
1567 3462 1721 3533 (Rom
1756 3465 1892 3535 vin).
1919 3464 2025 3520 Sed
2060 3467 2104 3519 si

547 3556 797 3622 passione
826 3555 1147 3611 clarificatus
1176 3556 1370 3608 dicitur
1393 3599 1409 3622 ,
1434 3564 1631 3623 quanto
1658 3554 1830 3625 magis
1861 3571 2104 3609 resurre-

541 3646 718 3697 ctione
741 3644 763 3696 ἲ
786 3645 914 3701 Nam
945 3645 995 3697 in
1034 3645 1288 3711 passione
1319 3646 1484 3715 magis
1508 3646 1624 3715 ejus
1651 3647 1921 3701 humilitas
1943 3664 2100 3714 (piam

536 3734 752 3788 claritas
800 3733 1221 3798 commendatur,
1278 3738 1531 3803 Apostolo
1580 3744 1734 3802 teste,
1787 3738 1874 3803 qui
1926 3738 2102 3793 dicit:

533 3824 845 3879 Humiliavit
860 3826 1199 3890 semetipsum,
1228 3826 1391 3893 [actus
1416 3825 1648 3879 obediens
1676 3844 1830 3893 usque
1852 3828 1921 3880 ad
1957 3845 2100 3881 mor-

536 3924 656 3978 teut,
686 3924 896 3967 mortem
922 3926 1087 3969 autem
1117 3919 1278 3967 crucis
1304 3914 1523 3985 (Philip.
1558 3917 1641 3976 It).
1698 3916 1894 3972 Deinde
1922 3920 2101 3986 sequi-

541 4013 625 4057 tur
647 4015 701 4057 et
730 4004 794 4057 de
825 4003 939 4069 ejus
958 4002 1355 4065 clarilicatioue,
1378 4018 1497 4056 cum
1526 4004 1651 4057 dicit
1682 4023 1693 4057 :
1732 4004 1946 4075 PrOpter
1962 4008 2097 4076 quod

528 4104 576 4148 et
608 4091 744 4147 Deus
772 4094 916 4146 illum
941 4094 1204 4156 exultavit,
1234 4103 1281 4145 et
1307 4094 1510 4147 donavit
1532 4096 1579 4147 ei
1618 4112 1818 4160 nomen,
1853 4099 1988 4165 quod
2017 4111 2097 4151 est

527 4199 682 4251 super
705 4198 852 4243 omne
896 4199 1104 4249 nomen,
1137 4194 1189 4236 ut
1218 4185 1270 4235 in
1293 4186 1490 4238 nomine
1528 4184 1656 4239 Jesu
1679 4205 1826 4242 omne
1852 4205 1980 4256 genu
2006 4194 2099 4260 ﬂe-

527 4290 718 4343 ctatur,
750 4279 1044 4346 caelestium,
1082 4280 1391 4335 terrestrium
1422 4290 1468 4333 et
1492 4283 1826 4351 infernarum,
1853 4296 1900 4338 et
1929 4288 2094 4339 omnis

527 4378 705 4447 lingua
727 4376 1024 4443 conﬁteatur
1050 4377 1169 4445 quia
1192 4374 1441 4429 Dominus
1468 4373 1618 4429 Iesus
1651 4376 1886 4431 Christus
1910 4382 1962 4433 in
1981 4382 2094 4450 glo-

2217 3195 2331 3249 orbi
2368 3210 2459 3261 per
2490 3210 2595 3248 me.
2632 3194 2832 3247 Deinde
2861 3195 3029 3263 magis
3055 3194 3331 3263 magisque
3362 3196 3619 3261 pandens.
3648 3211 3775 3265 qun-

2214 3286 2375 3341 modo
2403 3285 2661 3339 clarillcct
2690 3284 2899 3339 Patrem
2929 3284 3094 3339 Filius
3128 3301 3141 3338 :

2283 3372 2429 3429 Sicut
2460 3374 2642 3427 dedisti
2668 3414 2683 3434 ,
2716 3374 2924 3440 inquit,
2978 3374 3025 3426 ei
3062 3381 3357 3443 potestatem
3387 3374 3546 3427 omnis
3586 3376 3769 3432 carnis.

2211 3477 2266 3521 ut
2289 3483 2455 3527 omne,
2487 3464 2622 3535 quod
2644 3463 2829 3518 dedisti
2857 3465 2926 3527 ei,
2953 3464 3032 3517 det
3072 3464 3141 3516 cis
3184 3465 3251 3515 rit
3287 3479 3337 3514 m
3368 3475 3627 3516 cisternam.
3662 3465 3774 3516 Oni-

2212 3573 2335 3613 nem
2362 3572 2600 3620 carnem,
2647 3556 2781 3609 dixit
2832 3570 3040 3608 omnem
3072 3556 3325 3619 animam,
3359 3569 3389 3608 ι
3418 3563 3561 3620 parte
3618 3568 3770 3607 latum

2219 3648 2546 3719 signiﬁcans,
2570 3646 3013 3716 quemadmodum
3055 3660 3239 3699 rursus
3264 3660 3292 3696 a
3325 3657 3474 3713 parte
3495 3650 3760 3713 superiore

2210 3741 2544 3809 significatus
2572 3751 2652 3793 est
2684 3743 2841 3793 homo
2864 3748 3027 3801 totus,
3056 3739 3141 3791 ubi
3170 3740 3243 3791 ait
3271 3739 3559 3802 Apostolus
3583 3756 3595 3791 :
3654 3738 3765 3792 Oar-

2209 3832 2287 3885 nis
2310 3833 2484 3884 animo
2510 3830 2841 3899 potestatibus
2862 3830 3239 3882 sublimioribus
3257 3831 3459 3883 subdita
3505 3832 3568 3884 sit
3599 3831 3767 3900 (Dom.

2202 3921 2343 3989 vnn).
2362 3920 2496 3987 Quid
2519 3920 2658 3975 cnim
2689 3920 2822 3972 dixit
2849 3920 3012 3973 omnis
3037 3919 3371 3987 unima,nisi,
3393 3922 3566 3974 omnis
3598 3921 3767 3973 homo?

2209 4009 2319 4063 lloc
2351 4020 2524 4063 autem
2556 4050 2571 4071 ,
2620 4010 2757 4076 quod
2791 4017 3023 4074 pote~tas
3052 4006 3264 4063 Christo
3297 4025 3326 4063 a
3365 4011 3521 4065 Patre
3549 4012 3669 4064 data
3693 4023 3763 4065 est

2208 4100 2381 4153 omnis
2404 4099 2599 4161 carnis,
2631 4098 2920 4152 secundum
2943 4098 3207 4155 hominem
3228 4100 3633 4168 intelligendum
3656 4110 3728 4154 est
3751 4117 3763 4161 ;

2206 4208 2325 4245 nam
2358 4189 2647 4244 secundum
2682 4189 2844 4243 Deum
2875 4191 3045 4243 omnia
3074 4206 3162 4259 per
3190 4190 3359 4257 ipsum
3390 4192 3529 4257 facta
3560 4201 3695 4251 sunt,
3725 4202 3763 4241 et

2204 4286 2255 4336 in
2280 4285 2392 4349 ipso
2411 4283 2613 4336 condita
2637 4292 2753 4334 sunt
2776 4282 2947 4333 omnia
2968 4284 3018 4333 in
3036 4281 3160 4333 caelo
3186 4292 3231 4334 et
3262 4283 3312 4333 in
3332 4293 3494 4346 terra,
3553 4282 3763 4335 visibilis

2206 4388 2251 4431 ct
2284 4372 2557 4428 invisibilia
2587 4370 2810 4441 (Coloss.
2836 4376 2897 4439 t).
2931 4371 3076 4425 Sicut
3101 4385 3225 4437 ergo
3252 4372 3434 4425 dedisti
3474 4374 3521 4425 ei
3559 4382 3763 4441 potesta-

528 4472 609 4523 ris
628 4479 704 4523 est
735 4467 828 4522 Dei
859 4466 1025 4520 Patris
1050 4466 1258 4537 (Ibid).
1283 4468 1408 4521 llaec
1435 4479 1515 4522 est
1544 4470 1853 4525 clariticatio
1878 4471 2087 4529 Domini

2224 4486 2319 4537 ein,
2348 4466 2539 4533 inquit,
2563 4463 2721 4516 omnis
2735 4462 2924 4525 carnis,
2941 4463 3008 4512 ita
3027 4471 3075 4514 te
3097 4460 3354 4530 glorificet
3382 4460 3569 4524 Filius,
3595 4458 3645 4514 id
3667 4469 3757 4521 εει,

528 4560 656 4617 Jesu
686 4559 904 4622 Christi,
927 4574 1043 4626 quas
1064 4560 1128 4611 ab
1154 4558 1268 4627 ejus
1288 4560 1673 4614 resurrectione
1699 4562 2099 4631 sumpsitesor-

528 4651 694 4705 dium.
716 4648 995 4704 Humilitas
1036 4660 1209 4703 autem
1240 4649 1354 4719 ejus
1385 4651 1568 4719 incipit
1597 4653 1647 4704 in
1684 4668 1927 4708 sermone
1950 4657 2098 4723 Apo-

526 4740 649 4795 stoli
677 4743 743 4793 sb
770 4755 838 4793 eo
858 4741 995 4801 loco,
1025 4741 1110 4795 ubi
1137 4742 1209 4793 ait
1238 4759 1251 4793 :
1304 4740 1649 4809 Semetipsum
1686 4746 1963 4799 exinanivit
1989 4751 2101 4813 for-

531 4846 666 4883 mant
695 4831 822 4883 servi
847 4831 1094 4899 accipiens
1118 4828 1399 4899 (lbid.),et
1424 4834 1662 4900 pervenit
1687 4831 1853 4903 usque
1874 4836 1941 4887 ad
1964 4854 2099 4889 mor-

530 4929 628 4973 tem
652 4920 837 4973 crucis.
878 4917 1107 4973 Claritas
1134 4934 1261 4973 vero
1301 4920 1416 4988 ejus
1448 4922 1633 4989 incipit
1657 4924 1723 4975 ab
1754 4938 1819 4976 eo
1844 4925 1967 4979 loco
2002 4926 2091 4980 ubi

528 5013 600 5065 ait
631 5027 646 5064 :
678 5009 898 5079 Propter
925 5012 1061 5081 quod
1084 5019 1126 5063 et
1159 5011 1294 5066 Deus
1334 5027 1448 5064 eum
1476 5014 1739 5077 exultavit,
1769 5024 1819 5068 et
1853 5018 2098 5082 pervenit

529 5116 637 5171 quo
680 5101 730 5153 in
780 5102 941 5171 gloria
985 5112 1057 5153 est
1092 5100 1183 5153 Dei
1230 5098 1419 5154 Patris.
1471 5102 1537 5156 Ut
1567 5118 1693 5172 ergo
1727 5106 1981 5160 Slediator
2006 5107 2097 5162 Dei

530 5200 585 5244 et
616 5191 908 5254 hominum,
944 5192 1101 5243 homo
1127 5191 1367 5243 ChriStus
1388 5191 1543 5244 Jesus
1569 5197 1959 5247 resurrectione
1983 5198 2095 5249 cla-

536 5284 829 5338 riﬁcaretur
870 5285 948 5336 vel
1005 5284 1385 5351 glarilicaretur
1418 5325 1431 5347 ,
1482 5284 1627 5350 prius
1687 5283 1992 5338 humiliatus
2014 5298 2099 5341 est

535 5377 805 5444 passione;
842 5376 1100 5426 noneuim
1144 5389 1172 5425 a
1206 5376 1427 5426 mortuis
1466 5374 1923 5436 resurrexisset,si
1958 5393 2099 5431 mor-

531 5479 651 5520 tuus
703 5482 807 5519 nun
838 5464 1041 5517 fuisset.
1076 5463 1358 5517 llurnilitas
1402 5465 1661 5517 claritatis
1702 5474 1780 5516 est
1827 5468 2095 5533 meritum,

533 5556 745 5609 claritas
810 5556 1121 5608 humilitatis
1172 5569 1250 5608 εει
1294 5556 1585 5621 praemium.
1639 5555 1741 5609 Sed
1799 5556 1898 5608 hoc
1928 5566 2095 5610 tutum

532 5651 727 5702 factum
803 5658 883 5703 est
943 5651 992 5701 in
1052 5646 1218 5701 forma
1270 5648 1429 5701 servi.
1482 5649 1533 5701 In
1580 5647 1747 5702 forma
1809 5665 1935 5704 vero
2005 5651 2099 5705 Dei

523 5755 736 5809 semper
766 5738 1110 5809 fuit,setnper
1141 5739 1241 5792 erit
1264 5739 1505 5807 claritas;
1537 5736 1647 5794 imo
1671 5754 1776 5794 non
1805 5738 1920 5807 fuit,
1941 5742 2092 5810 quasi

2208 4573 2389 4615 notum
2445 4567 2494 4610 te
2513 4555 2673 4608 faciat
2694 4554 2836 4604 omni
2863 4552 3029 4613 carni,
3053 4566 3209 4619 quam
3232 4552 3424 4604 dedisti
3445 4552 3609 4606 ei.Sic
3638 4558 3765 4606 enim

2204 4648 2418 4710 dedisti,
2447 4657 2499 4700 ut
2522 4661 2668 4699 omne
2695 4646 2831 4712 quod
2856 4641 3041 4695 dedisti
3062 4644 3107 4694 ei
3123 4643 3202 4695 det
3228 4643 3300 4695 eis
3322 4642 3473 4693 vitam
3509 4653 3759 4695 aeternam.

2279 4741 2406 4795 Ηωε
2422 4750 2494 4793 εει
2535 4749 2700 4790 autem
2731 4738 2833 4789 vita
2854 4745 3065 4799 teterna,
3115 4736 3302 4801 inqut,
3328 4744 3382 4786 ut
3404 4745 3708 4804 cognoscant
3728 4748 3767 4784 te

2205 4837 2369 4887 solum
2394 4845 2567 4885 verum
2592 4814 2774 4891 Deum,
2797 4836 2842 4878 et
2893 4840 3037 4890 quem
3060 4826 3240 4877 misisti
3288 4824 3466 4878 Jesum
3493 4824 3763 4878 Christum.

2205 4924 2347 4976 Ordo
2398 4923 2679 4974 verborum
2708 4927 2823 4970 est:
2877 4926 2932 4969 ut
2956 4925 3027 4976 te,
3058 4927 3111 4968 et
3152 4931 3308 4981 quem
3346 4915 3536 4968 Illisisil
3595 4917 3764 4967 stim

2207 5012 2501 5073 Christum,
2543 5016 2878 5075 cognoscant,
2915 5006 3087 5057 solum
3124 5021 3304 5056 verum
3342 5007 3531 5058 Deum.
3557 5004 3763 5058 Conse-

2203 5116 2423 5174 queuter
2460 5106 2597 5157 enim
2628 5114 2679 5155 et
2711 5103 2936 5167 Spiritus
2987 5108 3201 5152 sanctus
3256 5099 3594 5166 intelligitur,
3652 5100 3759 5154 ηιιὶςί

2203 5197 2432 5263 Spiritus
2459 5205 2541 5247 est
2600 5192 2771 5246 Palris
2802 5203 2853 5245 et
2889 5189 3026 5255 Filii,
3079 5200 3326 5255 unquam
3356 5191 3593 5242 charitas
3650 5189 3763 5240 sub-

2204 5289 2465 5343 stantialis
2487 5299 2538 5339 et
2565 5283 3031 5338 coitsubstantialis
3083 5282 3357 5334 amborum
3392 5284 3642 5347 quoniam
3672 5295 3763 5330 non

2202 5378 2304 5430 duo
2327 5377 2396 5428 dii
2427 5377 2579 5427 Pater
2608 5383 2663 5425 et
2712 5372 2905 5435 Filius;
2935 5386 3029 5423 nec
3057 5381 3163 5423 tres
3195 5372 3267 5423 dii
3329 5372 3479 5423 Pater
3514 5378 3583 5424 et
3616 5371 3671 5423 Fi
3696 5374 3762 5418 ius

2205 5477 2256 5521 et
2280 5467 2507 5531 Spiritus
2536 5473 2749 5517 Sanctus
2777 5481 2789 5527 ;
2825 5466 2915 5515 sed
2940 5465 3048 5525 ipsa
3073 5463 3304 5515 Trinitas
3329 5478 3467 5514 unus
3496 5463 3645 5515 Solus
3677 5478 3757 5512 ve-

2204 5574 2291 5611 rus
2324 5557 2481 5610 Deus.
2530 5554 2634 5607 Nec
2668 5554 2803 5606 idem
2858 5563 3028 5606 tamen
3086 5552 3241 5605 Pater
3295 5554 3382 5617 qui
3442 5551 3629 5609 Filius.
3678 5568 3759 5600 ne:

2207 5650 2343 5702 idem
2380 5646 2543 5699 Filius
2569 5646 2656 5713 qui
2690 5644 2864 5705 Pater,
2896 5658 2991 5696 nec
3016 5642 3151 5695 idem
3177 5644 3410 5709 Spiritus
3435 5651 3656 5694 sanctus
3684 5642 3755 5705 qui

2204 5742 2359 5797 Pater
2388 5751 2471 5796 aut
2508 5740 2691 5804 Filius,
2722 5740 2973 5808 quoniam
2999 5749 3104 5793 tres
3126 5748 3268 5806 sunt,
3298 5738 3473 5803 Pater,
3494 5748 3550 5791 et
3586 5737 3763 5797 Filius,
