3884 6232
139 305 248 363 813

1073 310 1135 365 ΙΝ
1176 312 1234 368 S.
1274 311 1552 368 JOANNIS
1593 307 2036 367 EVANGELIUM
2076 304 2451 364 EXPOSI'I‘IO.

3291 307 3395 362 87‘

138 424 192 469 et
216 417 454 486 Spiritus
481 428 721 487 sanctus,
749 420 840 475 sed
866 420 977 485 ipsa
1008 420 1243 475 Trinitas
1266 437 1405 476 unus
1442 434 1524 475 est
1552 422 1714 475 Deus.
1751 424 1799 481 Α
1826 433 1934 486 que
1967 418 2130 473 νθτὺο
2156 417 2402 486 superi“
2424 428 2575 469 "50'"
2605 414 2895 471 εεουηάιυη
2915 416 2969 472 id
2997 418 3137 487 (Ιυοά
3156 422 3394 476 “mle

137 508 196 563 Si
237 524 369 581 ergo
394 525 465 567 eo
493 512 653 568 modo
682 522 733 569 te
769 512 1031 583 glorificat
1056 511 1246 578 Filius,
1280 524 1420 569 sicut
1465 515 1649 569 dedisti
1679 514 1726 567 ei

136 609 441 667 potestatem
463 603 631 658 omnis
668 604 859 666 carnis.
889 611 945 659 et
962 617 1040 659 sic
1068 604 1292 671 dedisti,
1331 616 1387 660 ut
1418 622 1569 661 omne
1588 607 1725 675 quod

137 693 397 748 dedistiei
422 696 510 752 det
529 697 601 751 eis
625 699 780 751 vitam
807 710 1052 753 meritam
1082 740 1097 762 ,
1133 710 1183 755 et
1206 701 1314 755 ha-c
1336 711 1409 756 est
1449 703 1550 757 vita
1576 712 1727 757 teter-

140 797 232 846 na,
258 791 313 835 ut
341 796 653 855 cognoscant
679 797 731 843 te
750 803 769 841 :
798 787 878 843 sic
902 799 952 844 te
977 790 1140 859 igitur
1172 790 1335 865 Filius
1355 792 1638 861 glorificat,
1670 802 1729 847 ut

139 871 395 926 omnibus
420 889 559 945 quos
584 876 776 930 dedisti
808 878 880 944 ei,
912 887 964 934 te
983 881 1255 950 cognitum
1275 881 1452 937 faciat.
1484 880 1651 937 Porro
1679 885 1725 937 si

137 965 385 1034 cognitio
413 965 505 1020 Dei
534 977 617 1022 est
636 968 738 1021 vita
768 979 991 1037 atcrna,
1024 980 1172 1025 tanto
1202 972 1370 1040 magis
1396 973 1577 1027 vivere
1612 984 1727 1036 ten-

138 1057 345 1126 dimus,
393 1071 591 1129 quanto
619 1063 785 1133 magis
815 1066 865 1119 in
921 1065 1021 1123 hac
1048 1070 1347 1140 cognitione
1397 1067 1727 1138 proficimus.

141 1147 261 1203 Non
290 1163 473 1206 autem
503 1156 794 1210 moriemur
825 1158 876 1211 iu
905 1158 1011 1212 vita
1039 1170 1261 1214 eterna.
1293 1159 1443 1215 Tunc
1475 1176 1605 1231 ergo
1630 1161 1727 1215 Dei

139 1240 386 1310 cognitio
414 1244 648 1310 perfecta
672 1247 797 1312 erit,
822 1247 1038 1317 quando
1070 1250 1209 1303 nulla
1243 1265 1387 1306 mors
1421 1252 1545 1306 erit.
1571 1251 1731 1308 Sum-

140 1344 229 1381 ma
264 1341 393 1387 tunc
417 1334 506 1388 Dei
538 1336 872 1401 clarilicatio,
898 1338 1019 1408 quia
1045 1354 1249 1394 summa
1278 1340 1468 1411 gloria.
1502 1344 1542 1396 Α
1570 1354 1719 1397 vete-

137 1421 294 1477 ribus
319 1435 503 1479 autem
528 1426 729 1495 gloria,
786 1444 887 1496 qua
918 1430 1136 1499 gloriosi
1184 1430 1428 1487 homines
1457 1434 1726 1497 dicuntur,

139 1512 213 1565 ita
235 1523 321 1567 est
379 1515 597 1572 definita
632 1536 645 1570 :
685 1518 865 1573 Gloria
905 1530 987 1575 est
1017 1522 1266 1592 frequens
1296 1522 1364 1578 de
1385 1524 1562 1592 aliquo
1591 1523 1729 1578 fama

134 1616 267 1658 cum
294 1604 470 1662 laude.
504 1608 573 1663 At
601 1609 644 1663 si
674 1609 832 1665 homo
860 1611 1128 1679 laudatur,
1148 1628 1268 1667 cum
1289 1613 1444 1669 fama:
1470 1616 1728 1683 creditur,

1828 518 1978 564 erat:
2010 507 2250 577 ϐιανίρω
2278 503 2493 582 Filium,
2515 512 2573 559 ut
2599 506 2841 577 clari/ieci
2868 503 3073 575 Filius;
3095 510 3254 565 modo
3277 525 3402 567 veru

1830 615 1986 654 usum
2021 600 2186 654 fuisse
2234 597 2397 654 verbo
2426 597 2675 667 praeteriti
2707 598 2963 667 temporis
3010 599 3077 655 de
3123 616 3181 656 re
3205 600 3404 663 futura.

1829 691 1916 746 ubi
1948 692 2049 747 ait:
2085 686 2196 761 Ego
2223 700 2269 742 te
2297 689 2586 755 clariﬁcavi
2618 705 2770 759 super
2789 696 3159 763 tsrram;opus
3172 707 3407 748 consitur-

1828 783 1977 846 maui,
2008 782 2144 849 quod
2175 781 2357 835 dedisti
2377 779 2503 834 mihi
2524 790 2576 834 ut
2605 781 2812 850 faciant.
2840 780 3040 839 Deinde
3058 782 3316 845 dicendo:
3341 785 3408 841 Et

1831 889 1965 926 nunc
1990 872 2219 939 clariﬁca
2249 887 2351 937 me,
2403 879 2460 924 tu
2504 870 2689 939 Pater,
2718 873 2857 939 apud
2895 875 3236 944 temetipsum,
3259 879 3406 945 quasi

1833 963 2095 1031 posterius
2120 972 2263 1016 esset
2290 962 2663 1017 claritlcandns
2689 978 2719 1017 a
2749 963 2925 1031 Patre,
2953 980 3111 1035 quem
3133 965 3278 1035 prius
3295 966 3411 1036 ipsc

1830 1052 2239 1118 clarificaverat,
2269 1053 2393 1121 quid
2441 1052 2694 1119 ostendit,
2727 1053 3114 1124 nisi‘superius
3157 1057 3247 1111 ubi
3288 1057 3404 1113 ait:

1838 1142 1951 1213 Ego
1974 1154 2019 1199 te
2048 1143 2327 1213 cfariﬁcavi
2345 1136 2498 1213 super
2524 1154 2731 1212 terram,
2764 1146 2834 1202 ita
2866 1146 3096 1203 locutum
3136 1164 3197 1206 se
3223 1150 3406 1218 fuisse,

1834 1242 2080 1303 tanquam
2110 1231 2481 1305 fecissetquod
2514 1235 2748 1294 facturus
2767 1248 2947 1306 esset;
2986 1240 3073 1296 hic
3095 1250 3275 1299 autem
3309 1258 3408 1312 po—

1834 1327 2069 1395 poscis~e
2092 1334 2149 1380 ut
2179 1325 2337 1381 Pater
2360 1329 2578 1392 faceret,
2598 1342 2691 1398 per
2715 1330 2861 1411 quod
2885 1329 3015 1384 illud
3043 1329 3210 1388 Filius
3238 1331 3411 1389 factu-

1835 1433 1930 1472 rus
1958 1428 2124 1483 esset,
2184 1418 2236 1473 id
2266 1429 2367 1486 est,
2417 1432 2472 1473 ut
2506 1420 2659 1475 Pater
2687 1421 3267 1489 cfarilicaret’Filiutn,
3318 1441 3417 1497 per

1833 1524 1995 1577 quam
2027 1511 2146 1565 Filii
2177 1512 2509 1566 clarillcatie.
2532 1528 2617 1568 em
2648 1514 2808 1569 etiam
2842 1513 3012 1571 Filius
3048 1526 3194 1573 esset
3220 1518 3415 1575 clariti-

1832 1606 2051 1654 caturus
2102 1596 2353 1656 Patrem?
2404 1594 2639 1673 Demque
2686 1601 2731 1657 si
2760 1600 2831 1660 de
2860 1618 2917 1661 re
2942 1620 3063 1676 qua
3093 1606 3269 1663 futura
3297 1618 3415 1665 erat

133 1700 417 1766 quomodo
444 1698 587 1756 Deus
619 1703 939 1771 laudabitur,
990 1707 1205 1775 quando
1255 1708 1370 1777 ipse
1418 1708 1730 1765 videbitur?
1770 1769 1807 1807 η
1838 1689 3137 1807 ςῗῗξἻῗξξξίεῗβυωοξυί
3158 1713 3257 1807 Ρηξ
3278 1709 3417 1807 mf"

139 1786 380 1860 PrOpler
400 1792 542 1862 quod
565 1798 823 1864 scriptum
840 1769 954 1853 est:
974 1769 1119 1855 [Beati
1143 1803 1231 1871 qui
1252 1769 1480 1858 habitant
1504 1804 1557 1858 in
1580 1806 1732 1859 domo
1767 1769 1808 1827 Β
1839 1798 1970 1853 Po”
2000 1784 2179 1839 (“mro
2225 1785 2406 1855 905"“
2432 1786 2546 1857 ip“
2570 1790 2923 1859 pmmrimm'
2963 1792 3105 1848 "una
3134 1796 3416 1851 “meum:

136 1889 255 1948 tua,
285 1881 343 1936 in
366 1887 561 1939 secula
574 1889 877 1943 seculorum
907 1890 1194 1946 laudabunt
1225 1903 1272 1947 te
1300 1892 1728 1965 (Psal.t.xxxttl).

137 1967 219 2024 lbi
242 1972 350 2025 erit
380 1972 475 2028 Dei
502 1973 621 2029 sine
646 1976 751 2030 ﬁne
783 1978 1038 2045 laudatio,
1072 1980 1161 2035 ubi
1182 1982 1285 2036 erit
1323 1982 1417 2037 Dei
1460 1983 1612 2050 plena
1641 1998 1733 2038 co-

130 2060 349 2131 gnitio;
388 2072 443 2119 et
470 2064 592 2135 quia
622 2067 777 2135 plena
810 2071 1045 2139 cognitio
1072 2112 1087 2135 .
1112 2071 1234 2127 ideo
1263 2072 1602 2139 clarificatio,
1634 2077 1713 2129 vel

132 2150 482 2219 glorificatio.
512 2154 617 2210 Sed
648 2158 793 2224 prius
817 2158 903 2215 hic
917 2160 1239 2218 clarilicatur
1285 2164 1446 2231 Deus,
1472 2165 1597 2220 dum
1635 2181 1729 2219 au-

141 2242 428 2300 nuntiatus
458 2246 762 2303 hominibus
790 2250 1097 2319 innotescit,
1121 2260 1179 2307 et
1192 2267 1287 2323 per
1310 2254 1468 2311 fidem
1494 2257 1730 2312 creden—

139 2330 282 2387 tium
316 2336 658 2403 prcdicatur,
680 2349 897 2408 propter
924 2343 1063 2409 quod
1091 2343 1218 2400 dicit
1248 2362 1261 2397 :

208 2420 327 2494 Ego
376 2433 425 2479 te
449 2426 730 2495 dariﬁcavi
781 2446 934 2497 super
962 2441 1182 2489 terram:
1211 2451 1337 2504 opus
1381 2452 1730 2492 consummavi

136 2516 285 2583 quod
299 2515 644 2584 dedistimihi,
660 2530 715 2571 ut
730 2521 937 2589 faciam.
956 2524 1068 2579 Non
1086 2526 1397 2595 aitjussisti,
1412 2529 1505 2583 sed
1523 2529 1729 2596 dedisti,

138 2604 229 2658 ubi
278 2608 688 2663 commendatur
715 2611 935 2668 evidens
962 2624 1153 2684 gratia.
1197 2617 1331 2684 Quid
1365 2619 1507 2673 enim
1550 2619 1731 2687 habet,

135 2693 286 2759 quod
319 2711 426 2749 non
455 2701 934 2767 accepit,etiamin
955 2706 1475 2777 uuigenitolmmana
1506 2712 1732 2767 natura?

137 2784 223 2839 Au
254 2801 363 2839 non
412 2791 619 2858 accepit
666 2802 722 2846 ut
751 2794 879 2849 nihil
912 2797 1057 2863 mali,
1089 2799 1181 2854 sed
1219 2800 1356 2867 bona
1388 2802 1589 2859 faceret
1616 2819 1734 2860 om-

139 2877 253 2942 nia,
308 2879 525 2949 quando
576 2882 628 2936 in
681 2886 937 2942 unitatem
982 2904 1233 2960 persona
1278 2904 1523 2965 suscepta
1576 2903 1659 2952 est
1702 2912 1731 2951 a

141 2968 347 3036 Verbo,
395 2987 492 3041 per
534 2976 676 3043 quod
730 2976 867 3035 facta
896 2993 1023 3037 sunt
1062 2985 1279 3041 omnia?
1316 2987 1421 3043 Sed
1463 2988 1734 3060 quomodo

140 3063 540 3115 Consummavit
597 3080 767 3133 opus,
823 3072 965 3139 quod
1014 3076 1218 3144 accepit
1272 3086 1329 3131 ut
1379 3079 1573 3149 faciat,
1605 3096 1804 3174 eumc

140 3157 308 3174 ω.-.
368 3151 738 3174 -J.---__---.,
794 3158 805 3169 .
1050 3164 1061 3174 .
1401 3170 1448 3174 __

137 3157 315 3203 restet
367 3151 543 3207 adhuc
575 3156 837 3220 passionis
881 3164 1329 3233 experimentum,
1363 3170 1450 3225 ubi
1478 3175 1729 3246 martyri-

144 3240 245 3295 bus
272 3244 390 3298 suis
437 3247 668 3303 maxime
702 3251 929 3318 praebuit
968 3258 1112 3325 quod
1165 3274 1520 3330 sequerentur
1548 3240 1732 3322 exem-

143 3330 328 3397 plum;
355 3337 497 3387 unde
526 3338 596 3388 ait
625 3341 900 3406 apostolus
928 3346 1151 3404 Petrus:
1190 3346 1423 3408 Christus
1465 3372 1562 3425 pro
1588 3358 1731 3413 nobis

141 3436 331 3488 pessus
382 3436 474 3486 est,
510 3426 791 3496 relinquens
830 3434 975 3488 nobis
1013 3439 1320 3509 exemplum,
1366 3453 1418 3497 ut
1460 3460 1735 3513 sequamur

136 3513 352 3581 vestigia
396 3516 508 3585 ejus
537 3515 587 3585 (1
625 3516 767 3573 Petr.
793 3522 881 3591 tt):
907 3526 1009 3579 nisi
1037 3530 1153 3595 quia
1177 3544 1579 3589 consummasse
1603 3536 1732 3591 dicit

139 3603 287 3667 quod
340 3617 403 3657 se
455 3619 945 3665 cnttsummaturum
995 3618 1299 3673 certissime
1350 3624 1533 3677 novit?
1596 3627 1731 3680 sicut

141 3690 308 3759 longe
338 3704 465 3749 ante
496 3698 545 3749 in
596 3701 877 3767 prophetia
926 3707 1176 3772 preteriti
1208 3714 1460 3775 temporis
1500 3730 1626 3769 usus
1650 3728 1733 3772 est

138 3789 350 3853 verbis,
381 3790 595 3859 quando
644 3805 761 3863 post
790 3811 959 3851 annos
990 3800 1247 3867 plurimos
1302 3805 1533 3862 futurum
1561 3809 1732 3868 fuerat

138 3880 290 3949 quod
321 3881 857 3951 diccbat.Foderunt,
890 3888 1081 3957 inquit,
1113 3908 1296 3945 manus
1315 3911 1476 3961 meas,
1507 3910 1554 3953 et
1578 3902 1730 3968 pedes

139 3988 319 4036 meos;
339 3974 783 4031 dinumerauerunt
804 3981 975 4035 omnia
998 3998 1113 4037 ossa
1140 3984 1433 4053 mea(Psal.
1463 3992 1597 4062 xxi).
1614 3993 1727 4049 Non

142 4061 219 4115 ait
246 4061 481 4119 Fodient
510 4065 1016 4123 etdiuumerabunt.
1053 4071 1117 4125 Et
1138 4089 1189 4127 in
1226 4076 1324 4129 hoc
1361 4075 1477 4146 ipso
1502 4093 1731 4151 evange-

143 4152 217 4205 lio
247 4170 259 4204 :
298 4153 509 4218 Omnia,
542 4156 737 4226 inquit,
767 4175 881 4227 quae
903 4161 1078 4216 audivi
1099 4180 1130 4216 a
1159 4162 1315 4220 Patre
1334 4183 1465 4235 meo,
1490 4181 1611 4226 nota
1632 4175 1730 4243 feci

139 4244 284 4295 robis
315 4242 498 4314 (Joan.
529 4248 641 4315 xv).
669 4248 871 4315 Quibus
893 4251 972 4306 ait
997 4265 1177 4323 poetea
1200 4274 1212 4310 :
1246 4258 1428 4314 Adhuc
1450 4265 1611 4319 multa
1630 4242 1727 4319 ha-

139 4334 229 4386 beo
284 4336 428 4389 vobis
476 4337 688 4407 dicere,
743 4344 834 4396 sed
891 4361 992 4398 non
1051 4350 1261 4418 potestis
1323 4363 1528 4422 portare
1579 4362 1728 4413 modo

139 4422 325 4493 (lauri.
358 4428 495 4495 xvi).
522 4429 621 4494 Qui
649 4431 788 4485 enim
832 4437 994 4488 certis
1024 4447 1079 4491 et
1100 4439 1517 4500 immutabilibus
1547 4451 1721 4505 causis
1758 4471 1808 4532 ι)

144 4518 330 4572 omnia
366 4516 538 4572 futura
592 4525 1010 4595 praedestinavit,
1070 4532 1322 4602 quidquid
1366 4536 1599 4596 facturus
1649 4554 1731 4597 est

144 4605 299 4661 fecit.
325 4607 459 4662 Nam
484 4620 539 4664 et
561 4626 655 4679 per
680 4616 994 4685 prophetam
1019 4620 1221 4676 dictum
1250 4625 1316 4680 de
1347 4627 1439 4683 illo
1468 4644 1578 4685 est:
1630 4634 1730 4700 Qui

142 4695 262 4758 fecit
292 4713 409 4765 qua:
432 4698 608 4769 futura
634 4715 774 4757 sunt.
801 4704 1101 4766 Secundum
1138 4712 1237 4771 hoc
1264 4718 1424 4773 etiam
1455 4724 1594 4792 quod
1635 4695 1726 4780 se-

141 4784 327 4851 quitur
353 4786 517 4842 dicit:

218 4872 285 4924 Et
304 4890 438 4928 nunc
464 4878 692 4945 clariﬁca
714 4898 811 4945 me,
832 4894 883 4937 tu
909 4886 1238 4958 Pater,apud
1263 4904 1597 4963 temetmum,
1621 4905 1729 4956 cla—

144 4962 295 5017 ritate
334 4984 489 5035 quam
528 4969 683 5023 habui
733 4977 877 5041 prius
920 4997 1073 5047 quum
1103 4991 1322 5039 mundus
1355 5001 1479 5042 esset
1502 4999 1639 5059 upttd
1662 5006 1725 5050 te.

148 5058 279 5111 Nam
314 5074 473 5127 supra
504 5062 669 5118 dixit:
704 5065 857 5122 Pater
882 5109 898 5135 ,
940 5076 1070 5126 venit
1098 5076 1246 5142 hora,
1278 5083 1505 5149 clari/ica
1536 5084 1730 5141 Filium

148 5162 311 5213 tuam,
343 5165 394 5206 ut
422 5153 591 5212 Filius
617 5170 732 5213 tuus
760 5162 999 5225 clariﬁcet
1024 5177 1087 5221 te.
1118 5170 1170 5223 In
1198 5188 1306 5240 quo
1331 5178 1614 5234 verborum
1644 5196 1729 5237 or-

148 5242 275 5296 dine
300 5246 611 5333 ostenderat
635 5252 781 5317 prius
815 5268 843 5307 a
877 5254 1032 5311 Patre
1060 5260 1464 5321 ciariiicandum
1512 5268 1725 5342 Filium,

152 5341 208 5385 ut
234 5332 473 5389 l’atrem'
501 5339 819 5397 ciarilicaret
872 5355 926 5399 et
953 5347 1139 5404 Filius.
1176 5353 1333 5410 Modo
1355 5369 1530 5413 autem
1567 5332 1727 5418 dicit;

150 5424 261 5494 Ego
302 5441 347 5480 te
398 5430 681 5498 clarificaui
719 5451 871 5506 super
919 5449 1141 5511 terram;
1190 5463 1315 5517 Opus
1361 5459 1723 5520 consummavi,

150 5520 284 5580 quod
311 5519 493 5572 dedisti
529 5522 654 5576 mihi
673 5534 729 5576 ut
751 5528 968 5594 faciam;
992 5542 1039 5583 et
1062 5550 1194 5587 nunc
1224 5540 1449 5607 clari/ica
1468 5560 1563 5597 me.
1588 5519 1728 5599 Tan?

151 5622 307 5674 quam
335 5613 479 5679 prior
504 5615 619 5685 ipse
655 5617 865 5675 Patrem
888 5623 1283 5697 ciariiicaverit,
1314 5648 1340 5685 a
1372 5650 1479 5703 quo
1507 5638 1720 5707 deinde,

155 5710 207 5751 ut
240 5702 582 5774 clariﬂcelur,
609 5715 872 5778 exposcit.
904 5716 1041 5783 Ergo
1061 5702 1454 5792 intelligendum
1479 5740 1555 5783 est
1581 5702 1723 5786 utro;

627 5826 893 5886 Pariter.
944 5827 1128 5889 XCII.

1837 1876 2137 1932 remanebit
2164 1878 2490 1948 obscuritas,
2531 1882 2676 1936 velut
2704 1881 2749 1937 si
2778 1881 3033 1940 dixisset:
3067 1884 3181 1954 Ego
3226 1893 3278 1943 te
3306 1886 3417 1942 cla-

1837 1968 2062 2024 iiilcabo
2087 1984 2253 2039 super
2280 1982 2516 2039 terram;
2544 1986 2683 2042 opus
2709 1975 3114 2043 cousummabo,
3159 1975 3301 2044 quod
3322 1978 3416 2033 de.

1830 2060 1956 2115 disti
1987 2061 2116 2117 mihi
2160 2071 2217 2116 ut
2241 2060 2456 2131 faciam,
2481 2074 2532 2119 et
2552 2080 2691 2119 nunc
2735 2065 2975 2136 clariﬁca
3019 2082 3123 2136 me,
3149 2076 3204 2122 tu
3236 2067 3414 2134 Pater,

1830 2152 1973 2220 apud
2026 2153 2365 2225 temetipsum.
2393 2154 2595 2225 Nempe
2633 2156 2704 2212 ita
2736 2156 2955 2227 planum
2984 2168 3088 2226 est,
3112 2160 3251 2217 sicut
3283 2160 3414 2217 illud

1817 2244 1921 2300 .ubi
1952 2245 2055 2299 ait:
2090 2242 2332 2316 Clariﬁca
2353 2244 2548 2303 Filium
2577 2257 2743 2315 tuum,
2773 2258 2828 2303 ut
2856 2246 3032 2305 Filius
3069 2260 3189 2306 tuus
3225 2252 3419 2321 clari/i-

1831 2346 1908 2390 cet
1936 2346 2004 2391 te.
2032 2335 2099 2392 Et
2122 2325 2245 2408 ipsa
2264 2349 2348 2395 est
2368 2340 2591 2395 omnino
2620 2340 2909 2407 sententia,
2940 2342 3042 2398 nisi
3083 2344 3205 2414 quia
3232 2343 3423 2401 biedio

1831 2438 1951 2484 ctus
1976 2439 2061 2485 est
2090 2428 2332 2501 ejusdem
2364 2432 2765 2489 clarificationis
2792 2434 3007 2501 modus,
3032 2436 3102 2490 ibi
3134 2447 3311 2493 autem
3340 2444 3419 2491 ta-

1832 2517 1994 2583 citus,
2014 2525 2271 2589 tauquam
2300 2520 2427 2575 illud
2457 2519 2560 2577 isto
2588 2533 2947 2593 exponeretur
2965 2526 3043 2580 eis
3062 2538 3195 2595 quos
3212 2534 3420 2593 poterat

1833 2624 2143 2677 permovere
2165 2611 2440 2680 quomodo
2469 2612 2628 2670 Pater
2659 2612 2882 2683 Filium,
2931 2626 2983 2671 et
3013 2617 3243 2673 maxime
3285 2632 3418 2687 quo-

1838 2701 2001 2756 modo
2036 2701 2247 2757 Patrem
2272 2704 2594 2763 clarificaret
2628 2706 2811 2762 Filius.
2849 2708 3086 2764 Dicendo
3115 2709 3257 2767 enim
3308 2712 3420 2767 cla-

1832 2793 2090 2850 riilcaria
2114 2808 2176 2851 se
2215 2794 2429 2852 Patrem
2451 2813 2619 2868 super
2648 2809 2871 2867 terram,
2902 2815 2963 2857 se
2988 2809 3163 2857 autem
3190 2817 3221 2858 a
3265 2803 3420 2860 Patre

1832 2884 1971 2951 apud
2021 2886 2270 2942 eumdem
2334 2887 2570 2957 Patrem,
2621 2892 2842 2948 modum
2876 2891 3116 2962 profecto
3145 2897 3422 2967 utriusque

1832 2976 2236 3034 clarificationis
2265 2982 2526 3038 ostendit.
2553 2983 2675 3055 ipse
2699 2985 2894 3056 quippe
2928 2987 3141 3045 Patrem
3162 2990 3420 3059 clarifica-

1834 3067 1911 3123 vit
1935 3083 2099 3139 super
2138 3078 2356 3137 terram,
2401 3088 2523 3129 eum
2580 3077 2829 3147 gentibus
2853 3081 3214 3149 pradicando.
3264 3083 3421 3141 Pater

1837 3176 1966 3217 vero
2017 3160 2190 3232 ipsum
2246 3165 2384 3233 apud
2426 3168 2798 3239 semetipsum,
2848 3171 2916 3225 ad
2960 3187 3109 3228 suam
3141 3174 3415 3231 dexteram

1833 3252 2174 3309 collocando.
2208 3257 2311 3312 Sed
2346 3258 2468 3313 ideo
2517 3271 2696 3327 postea
2745 3262 2815 3317 de
2866 3264 3212 3321 clariiicando
3240 3266 3420 3331 Patre.

1840 3346 1926 3400 ubi
1959 3346 2060 3402 ait:
2091 3347 2203 3421 Ego
2232 3359 2281 3405 te
2303 3350 2605 3421 clnriﬁcavi,
2629 3356 2846 3410 verbum
2874 3360 3125 3421 praeteriti
3164 3367 3422 3434 temporis

1840 3453 2040 3505 ponere
2079 3441 2286 3508 maluit,
2311 3452 2366 3495 ut
2396 3454 2723 3501 monstraret
2753 3446 2802 3500 in
2830 3447 3294 3515 praedestinatione
3308 3452 3417 3523 j-Itn

1845 3528 2067 3596 factum,
2092 3542 2145 3585 et
2194 3548 2290 3600 pro
2313 3536 2419 3601 jam
2450 3533 2589 3590 facto
2619 3536 2925 3594 habendum
2950 3541 3089 3611 quod
3122 3542 3422 3599 certissime

1843 3616 2017 3674 fuerat
2047 3617 2317 3687 futurum;
2344 3623 2393 3676 id
2426 3632 2533 3690 est,
2558 3636 2668 3681 uta
2703 3626 2861 3684 Patre
2903 3633 3041 3697 apud
3074 3632 3289 3690 Patrem
3305 3636 3421 3707 glo-

1834 3711 2089 3777 rificatus,
2120 3712 2328 3769 Patrem
2356 3730 2518 3783 super
2549 3727 2744 3774 terram
2790 3720 3116 3790 gloriﬁcaret
3144 3736 3199 3782 et
3227 3726 3391 3784 Filius

1832 3798 1938 3854 Sed
1972 3802 2108 3857 hanc
2136 3804 2657 3872 prmdestinationem
2692 3809 2742 3863 in
2771 3826 2865 3865 sua
2889 3813 3272 3873 clarificatioue
3296 3834 3413 3874 ma-

1835 3890 2081 3946 nifestius
2111 3894 2344 3962 aperuit,
2377 3911 2480 3964 qua
2522 3912 2645 3959 eum
2677 3900 2987 3958 clariﬁcavit
3039 3906 3216 3973 Pater,
3246 3908 3299 3964 in
3329 3925 3416 3971 eo.

1831 3981 1971 4049 quod
1998 3980 2270 4049 adiunxit:
2303 3982 2547 4041 Claritate
2568 4005 2717 4056 quam
2748 3992 2903 4046 habui
2929 3995 3226 4065 priusquam
3256 4015 3419 4054 mun-

1833 4072 1930 4125 dus
1976 4082 2102 4125 esset
2142 4076 2284 4141 apud
2331 4087 2396 4131 te.
2426 4076 2571 4132 Ordo
2601 4082 2888 4137 verborum
2918 4096 3001 4141 est
3049 4103 3206 4157 quant
3256 4092 3418 4146 habui

1829 4164 1969 4232 apud
1996 4174 2046 4219 te
2076 4166 2381 4237 priusquam
2407 4171 2638 4227 mundus
2663 4184 2828 4231 esset.
2866 4177 2946 4231 Ad
2980 4176 3081 4232 hoc
3106 4180 3240 4235 valet
3273 4187 3415 4253 quod

1832 4256 1935 4308 ait:
1969 4253 2035 4309 Et
2065 4273 2199 4309 nunc
2227 4259 2458 4329 clariﬁca
2502 4278 2599 4315 me.
2648 4262 2761 4319 Hoc
2789 4275 2894 4333 est,
2926 4269 3065 4324 sicut
3091 4278 3236 4336 tunc,
3269 4273 3337 4327 ita
3366 4287 3419 4328 ιιι

1834 4361 1993 4401 nunc.
2047 4347 2201 4404 Sicut
2231 4360 2357 4405 tunc
2385 4354 2949 4425 prmdcslinalioneﬁta
2978 4370 3033 4415 et
3061 4376 3201 4417 nunc
3244 4367 3416 4433 perfe—

1832 4442 2012 4497 ctiune
2044 4442 2122 4497 fac
2156 4445 2207 4498 in
2238 4448 2457 4514 mundo,
2488 4449 2631 4518 quod
2671 4452 2813 4520 apud
2858 4463 2909 4509 te
2955 4455 3063 4522 jam
3095 4458 3265 4514 fuerat
3293 4472 3417 4517 ante

1836 4535 2112 4589 umndum.
2140 4534 2243 4591 Fac
2270 4538 2321 4591 iu
2355 4553 2455 4593 suo
2483 4550 2720 4610 tempore
2751 4544 2892 4612 quod
2923 4554 3048 4601 ante
3075 4552 3252 4604 omnia
3274 4564 3412 4608 tem-

1837 4644 1964 4695 pora
1994 4631 2245 4685 statuisti.
2280 4632 2390 4688 lloc
2415 4636 2630 4703 quidam
2658 4640 2738 4693 sic
2765 4639 3168 4711 intelligendum
3192 4654 3418 4715 putave-

1838 4730 1958 4772 runt
1991 4732 2245 4790 tanquam
2293 4735 2481 4779 natura
2526 4726 2781 4794 humana,
2811 4745 2929 4799 qua:
2971 4744 3219 4803 suscepta
3274 4748 3355 4791 est
3385 4754 3414 4792 a

1838 4814 2033 4879 Verbo,
2064 4829 2469 4873 converteretur
2496 4819 2546 4875 iu
2576 4822 2831 4892 Verbum,
2856 4839 2907 4880 et
2933 4826 3092 4882 homo
3114 4840 3413 4888 mutaretur

1835 4906 1887 4957 in
1918 4905 2104 4973 Deum,
2142 4910 2249 4962 imo
2278 4913 2322 4964 si
2357 4912 2663 4979 diligentius
2688 4918 2826 4985 quod
2858 4912 3415 4995 opinatisuntcogile-

1835 5011 1973 5061 mus,
2012 5001 2171 5051 homo
2195 5003 2392 5066 periret
2434 5003 2483 5056 in
2533 5005 2662 5061 Deo.
2696 5009 2807 5063 Non
2854 5014 2997 5068 enim
3026 5016 3303 5086 quisquam
3347 5032 3412 5073 ex

1836 5088 1935 5141 ista
1968 5092 2262 5147 mutatione
2295 5097 2524 5151 hominis
2577 5101 2661 5153 vel
2713 5103 2973 5171 duplicari
3035 5105 3125 5162 Dei
3180 5108 3411 5167 Verbum

1833 5178 2071 5235 dicturus
2102 5193 2207 5252 est,
2242 5188 2325 5240 vel
2358 5190 2561 5258 augeri,
2591 5202 2645 5244 ut
2676 5204 2765 5248 aut
2805 5198 2910 5249 duo
2940 5198 3049 5253 sint
3076 5204 3215 5269 quod
3241 5219 3408 5258 unum

1833 5269 1951 5336 fuit,
1988 5282 2079 5327 aut
2107 5278 2332 5343 amplius
2360 5280 2427 5333 sit
2452 5283 2589 5348 quod
2616 5286 2787 5341 minus
2808 5289 2922 5343 fuit.
2954 5290 3118 5346 Porro
3146 5296 3188 5347 si
3219 5306 3407 5351 natura

1833 5363 2061 5421 humana
2118 5369 2167 5423 in
2198 5370 2427 5426 Verbum
2462 5388 2661 5432 mutata
2694 5391 2852 5450 atque
2879 5400 3135 5443 conversa
3184 5390 3407 5445 Verbum

1834 5456 1925 5511 Dei
1952 5471 2208 5527 quantum
2243 5475 2377 5529 erat,
2411 5476 2462 5520 et
2512 5473 2650 5537 quod
2701 5478 2848 5529 erat?
2883 5479 2989 5532 ΙΙοε
3019 5484 3147 5536 erit:
3201 5488 3285 5540 ulti
3328 5501 3411 5542 cst

1834 5548 2018 5614 homo,
2045 5555 2087 5607 si
2114 5571 2216 5608 nun
2252 5558 2447 5623 periit?
2477 5558 2581 5616 Sed
2605 5565 2669 5618 ad
2697 5565 2831 5622 banc
2870 5574 3202 5641 Opinionem,
3250 5593 3407 5647 quam

1831 5644 2041 5695 veritati
2100 5660 2314 5711 prorsus
2343 5665 2445 5701 non
2479 5655 2633 5709 video
2678 5662 2985 5725 convenire,
3020 5666 3144 5717 nihil
3196 5682 3290 5721 nos
3322 5686 3407 5721 llr-

1831 5745 1940 5803 gcl,
1971 5737 2012 5790 Si
2044 5736 2176 5793 Filio
2205 5740 2446 5799 dicente:
2478 5746 2544 5801 I‘Tt
2592 5768 2723 5804 nunc
2747 5754 2979 5825 clariﬁca
3010 5777 3107 5825 me,
3145 5772 3193 5813 tu
3232 5761 3406 5828 Pater,

2977 5870 3052 5927 ‘23
