3884 6232
529 319 631 373 875

1035 320 1234 376 ΒΗ).ὧί
1282 323 1546 379 VENERA
1561 327 1728 381 DHJS
1770 330 2046 389 UI'ERUM

2185 330 2265 384 BS
2306 329 2365 383 ΙΙ.
2404 362 2465 370 -ν
2500 333 2883 387 κλεπτιολ
2925 334 3249 392 GENl'lNA.

3674 343 3763 397 8‘6

521 438 659 502 apud
704 439 1019 506 temetipsum
1049 437 1278 491 claritate
1300 457 1446 509 quam
1469 442 1623 496 habui
1644 460 1935 515 pr-usquam
1957 464 2099 499 mnn-
2137 452 2173 503 Α
2207 461 2360 500 orare
2393 450 2673 515 ititipetot,
2708 460 2810 501 tatu
2843 453 3001 503 multa
3048 453 3252 505 locutus
3282 465 3388 514 est.
3420 471 3519 509 non
3554 461 3763 526 pettinel

544 527 639 581 dus
684 542 809 582 esset
862 530 997 599 apud
1055 540 1134 596 te,
1179 530 1533 602 intelligamus
1584 538 2100 603 pracdestinatiuueni

534 618 792 674 claritatis
823 621 1069 675 humanm
1098 636 1216 691 qua;
1249 622 1300 677 in
1333 623 1423 678 illo
1445 635 1524 679 est
1545 637 1766 693 naturaa,
1794 645 1855 685 ex
1894 633 2100 683 mortali

534 709 860 764 immortalis
874 713 1014 781 apud
1048 711 1257 767 Patrem
1283 713 1471 768 futura:
1494 733 1507 779 ;
1541 726 1594 771 et
1619 718 1719 772 hoc
1745 721 1850 788 jam
1875 723 2100 786 prrcdes-

533 798 756 855 tinando
788 799 985 855 factum
1021 802 1183 858 fuisse
1211 815 1494 873 antequam
1528 810 1754 863 mundus
1775 819 1937 875 esset,
1961 814 2099 881 quod

534 896 804 952 inmundo
833 898 1016 964 etiam,
1068 897 1112 952 si
1163 908 1276 953 toto
1306 909 1542 969 tetnpOre
1586 902 1751 956 lieret.
1786 903 1839 957 Si
1865 906 2001 958 enim
2033 906 2100 959 de

532 992 684 1046 nobis
724 992 857 1046 dixit
907 992 1226 1061 Apostolus:
1276 993 1422 1048 Sicut
1452 996 1596 1063 elegit
1640 1013 1728 1049 nos
1775 998 1825 1049 iit
1856 999 1963 1067 ipso
1987 1009 2101 1051 ante

530 1089 705 1142 mundi
731 1087 1138 1141 constitutionem
1154 1088 1364 1158 (Ephes.
1391 1095 1451 1158 I),
1471 1106 1565 1143 cur
1585 1091 1871 1145 abhorrere
1890 1104 2099 1158 putatur

518 1193 554 1229 a
606 1193 755 1243 vero,
804 1178 849 1231 si
908 1188 1032 1233 tunc
1081 1178 1238 1231 Pater
1288 1189 1713 1244 raputuostrum
1762 1181 2092 1248 glorificavit,

523 1272 733 1339 quando
756 1285 859 1325 stos
886 1270 937 1325 in
965 1270 1101 1340 ipso,
1130 1281 1185 1325 ut
1217 1273 1449 1324 membra
1483 1271 1598 1339 ejus
1622 1286 1884 1338 essemus,
1905 1274 2094 1343 elegit?

523 1365 613 1417 Sic
644 1364 787 1418 enim
821 1377 919 1417 uos
952 1362 1131 1425 electi,
1166 1364 1434 1430 quomodo
1464 1363 1575 1426 ipso
1600 1364 1938 1427 rlarilicatus,
1968 1365 2089 1431 quia

524 1454 833 1522 priusquam
865 1453 1091 1507 mundus
1118 1462 1280 1514 esset.
1320 1469 1350 1505 η
1387 1469 1414 1507 c
1461 1470 1558 1504 nos
1594 1468 1822 1517 ernnnrs,
1859 1468 1953 1506 nec
1982 1454 2093 1521 ipse

524 1544 782 1598 Mediator
835 1541 925 1595 Dei
981 1554 1032 1596 et
1084 1542 1402 1609 hominum,
1454 1544 1610 1595 homo
1646 1540 1885 1597 Christus
1941 1543 2090 1598 Jesus

516 1640 695 1697 (Rom.
742 1638 837 1705 Iv).
871 1636 974 1692 Sed
1008 1637 1096 1691 ille
1140 1637 1227 1708 qui
1263 1653 1355 1705 per
1384 1638 1579 1705 ipsum,
1612 1640 1663 1690 in
1695 1647 1946 1705 quantum
1972 1651 2089 1689 ver-

521 1734 641 1785 bum
671 1733 787 1799 ejus
826 1741 926 1792 est,
961 1730 1122 1783 etiam
1152 1746 1269 1799 qua:
1300 1730 1475 1783 futura
1520 1738 1644 1783 sunt
1681 1731 1821 1794 fecit,
1873 1738 1917 1782 et
1949 1738 2087 1781 vocat

2210 540 2307 589 hoc
2335 538 2399 592 ad
2444 538 2584 619 illam
2615 540 3047 597 clarificationem
3072 584 3087 607 ,
3122 547 3230 598 sive
3274 549 3357 613 (ut
3389 548 3474 601 alii
3519 549 3764 617 interpre-

2206 628 2299 680 tati
2331 638 2474 694 sunt)
2508 629 2949 699 gloriﬁcationem
2974 676 2987 701 ,
3020 634 3086 688 de
3116 649 3216 703 qua
3251 639 3497 703 superius
3530 638 3765 704 loqul’bd-

2206 727 2319 783 tur,
2372 736 2471 790 qua
2524 721 2692 777 Filius
2744 724 3043 789 clarificat,
3097 726 3179 780 vel
3235 726 3497 795 glorificat
3551 729 3764 783 Patrem.

2203 807 2409 875 Quanta
2457 821 2538 865 est
2568 814 2709 866 enim
2735 854 2749 878 ,
2801 815 2880 868 vel
2910 817 3079 884 qualis
3116 818 3281 884 gloria
3312 856 3329 880 ,
3372 818 3653 871 duodecim
3698 821 3763 871 vel

2204 903 2448 956 undecim
2507 904 2682 973 p0tius
2739 907 3035 963 inttntuisse
3088 911 3442 964 mortalibus?
3500 911 3554 965 Si
3605 923 3763 965 autem

2201 993 2337 1055 quod
2370 994 2443 1047 nit
2477 1013 2489 1047 :
2525 996 2852 1063 Manifestavi
2890 1016 3069 1053 nomen
3110 1011 3252 1053 tuum
3290 1003 3571 1054 hominibus
3598 1042 3613 1063 ,
3657 1020 3765 1069 quos

2200 1081 2387 1136 dedisti
2434 1085 2558 1139 mihi
2586 1086 2650 1139 de
2694 1089 2921 1153 mundo,
2956 1104 3141 1143 omnes
3184 1090 3268 1144 h'c
3310 1089 3526 1154 intelligi
3572 1094 3764 1149 voluit.

2198 1179 2358 1229 etiam
2393 1178 2481 1245 qui
2531 1179 2581 1230 iu
2631 1194 2750 1232 eum
2803 1178 3007 1233 fuerant
3055 1182 3350 1245 credituri,
3394 1182 3461 1235 ad
3509 1185 3625 1247 ejus
3666 1199 3764 1233 tn..-

2196 1282 2377 1334 gnatu,
2402 1286 2518 1336 qua:
2563 1268 2738 1323 futura
2785 1282 2898 1324 erat
2922 1286 2983 1325 ex
3010 1272 3260 1326 omnibus
3299 1275 3564 1339 gentibus,
3596 1274 3764 1325 Εειιιςι-

2196 1358 2353 1420 siam,
2389 1361 2738 1425 pertinentes,
2771 1361 2838 1415 de
2868 1377 2967 1427 qua
3002 1364 3050 1413 in
3077 1364 3279 1427 pSaInto
3301 1363 3504 1416 canitur
3541 1382 3550 1413 :
3586 1362 3648 1414 In
3681 1362 3766 1413 Er-

2195 1450 2346 1499 clesia
2372 1466 2554 1517 magna
2577 1450 2853 1517 confitebor
2882 1452 2967 1503 tibi
2991 1450 3161 1517 (Psal.
3181 1453 3382 1521 xutv),
3400 1464 3477 1506 est
3504 1454 3658 1519 plane
3680 1456 3763 1505 ista

2193 1540 2538 1602 clartlicatio,
2579 1556 2679 1609 qua
2724 1542 2888 1596 Fil.us
2926 1544 3179 1596 claiilicat
3223 1545 3455 1606 Patrem,
3496 1559 3619 1597 curn
3663 1544 3764 1611 ejus

2195 1646 2385 1683 nomen
2420 1640 2604 1684 uotum
2637 1632 2761 1685 facit
2791 1634 3036 1687 omnilms
3066 1637 3336 1702 gentibus,
3368 1645 3419 1689 et
3453 1648 3558 1687 tam
3594 1638 3763 1687 multis

2192 1721 2628 1783 generationibus
2678 1722 2967 1775 hominum.
3010 1724 3075 1776 Et
3111 1725 3215 1777 tale
3254 1724 3356 1779 hoc
3401 1736 3481 1778 est
3516 1726 3656 1793 quod
3690 1725 3763 1777 hic

515 1840 573 1874 ea
601 1838 713 1891 qua!
738 1839 839 1874 non
865 1833 979 1873 sunt
1007 1830 1246 1890 tanquam
1268 1822 1365 1873 sint
1394 1819 1569 1877 (liam.
1613 1819 1706 1890 tv),
1740 1820 1975 1888 profecto
2004 1836 2087 1874 se.
2123 1804 2168 1862 Β
2194 1827 2218 1859 a
2248 1818 2266 1862 t
2299 1828 2309 1860 :
2348 1809 2671 1879 illanifestat-i
2702 1829 2883 1866 nomen
2917 1827 3055 1867 tuum
3084 1815 3386 1879 hominibus,
3432 1834 3557 1885 quos
3596 1820 3761 1869 dedisti

515 1912 746 1966 cundum
772 1912 845 1975 id,
867 1912 1004 1979 quod
1038 1912 1292 1966 Mcdiator
1326 1912 1417 1965 Dei
1442 1923 1493 1967 et
1513 1913 1783 1965 hominum
1807 1912 1966 1967 homo
1987 1922 2089 1977 est,

512 2017 636 2058 an'e
695 2003 875 2058 mundi
923 2003 1363 2057 constitutionem
1416 2019 1513 2071 pro
1552 2004 1705 2057 nobis
1750 2004 1886 2057 Deus
1936 2003 2091 2058 Pater

511 2095 825 2163 glorilicavit
856 2096 1205 2163 ipsum,sicut
1229 2106 1351 2149 tunc
1370 2096 1532 2163 elegit
1561 2095 1716 2148 etiam
1753 2108 1849 2147 nos
1878 2096 1927 2147 in
1950 2095 2086 2159 ipso.

508 2185 644 2251 Quid
685 2185 826 2241 enim
879 2185 1008 2239 dicit
1060 2185 1381 2253 Apostolus?
1413 2184 1617 2240 Scimus
1647 2194 1813 2237 autem
1849 2186 2088 2253 quoniam

509 2276 833 2347 diligentibus
866 2274 1026 2330 Deum
1047 2276 1215 2329 omnia
1238 2285 1573 2344 cooperantur
1598 2276 1649 2328 in
1677 2276 1883 2341 bonum,
1912 2276 1974 2329 iis
2004 2275 2088 2344 qui

507 2370 784 2423 secundum
811 2370 1122 2439 propositum
1147 2370 1308 2421 vocati
1333 2377 1469 2423 sunt.
1515 2370 1651 2434 Quos
1680 2369 1811 2421 enim
1841 2368 2087 2437 prescivit

508 2469 553 2511 et
574 2459 972 2527 praedestinavit,
1006 2460 1290 2527 conformes
1320 2459 1429 2527 ﬁeri
1456 2459 1693 2528 imaginis
1716 2458 1841 2512 Filii
1871 2462 1998 2527 ejus,
2032 2470 2085 2513 ut

504 2552 569 2603 sit
614 2550 976 2621 prinwgrnitus
1009 2550 1061 2603 in
1088 2549 1257 2602 ntultis
1282 2550 1546 2619 fratribus.
1576 2549 1712 2614 Quos
1746 2558 1913 2602 autem
1957 2567 2084 2615 pra:-

508 2640 803 2705 dcstinatit,
827 2639 945 2693 illos
991 2652 1036 2692 et
1058 2642 1262 2692 vocavit.
1296 2638 1405 2692 Nisi
1448 2639 1584 2693 forte
1613 2640 1779 2704 ipsum
1812 2640 2082 2706 praedesti-

499 2742 687 2785 statutn
720 2732 897 2785 dicere
948 2730 1374 2796 formidabimus,
1408 2731 1525 2797 quia
1580 2731 1645 2784 de
1674 2731 1824 2783 nobis
1856 2739 2076 2791 tantum,

508 2834 565 2878 ut
594 2824 909 2888 efficiamur,
941 2824 1241 2878 conformes
1286 2823 1530 2891 imaginis
1559 2822 1691 2891 ejus,
1740 2823 1840 2877 hoc
1881 2824 2081 2877 dixisse

494 2915 713 2971 -videtnr
741 2916 1045 2985 Apostolus.
1078 2914 1240 2970 Recte
1273 2916 1469 2985 quippe
1497 2915 1688 2969 dcitur
1714 2959 1726 2981 ,
1790 2932 1894 2970 non
1945 2934 2080 2983 prm-

496 3010 832 3075 vdestinatus,
892 3008 1183 3063 semiudum
1242 3007 1312 3072 id,
1373 3008 1510 3075 quod
1557 3018 1636 3061 cst
1691 3008 1917 3063 Verbum
1965 3009 2075 3074 Dei,

494 3100 649 3155 Deus
700 3099 838 3170 apud
897 3098 1086 3153 Dentn.
1145 3098 1210 3153 Ut
1258 3099 1381 3167 quid
1414 3100 1550 3153 enim
1587 3100 2073 3167 prdidestinaretur,

482 3206 625 3245 cum
649 3190 757 3261 jant
789 3199 933 3245 esset
962 3190 1102 3260 quod
1134 3199 1267 3252 erat,
1301 3190 1419 3243 sine
1447 3190 1614 3253 initio,
1666 3190 1780 3243 sine
1829 3194 2073 3257 termino,

507 3283 901 3351 sempiternus?
951 3282 1082 3337 Illud
1135 3290 1310 3337 autem
1379 3282 1862 3350 prtedistiuandutn
1920 3292 2072 3350 erat,

506 3374 648 3441 quod
680 3374 913 3428 nondum
937 3384 1072 3437 erat,
1107 3382 1163 3427 ut
1185 3374 1260 3427 sic
1292 3362 1389 3426 suo
1413 3383 1648 3441 tempore
1691 3376 1857 3438 liere',
1892 3391 2075 3444 qneru-

504 3462 789 3518 admodunt
841 3473 965 3517 ante
996 3463 1173 3517 omnia
1207 3468 1443 3529 tempora
1480 3462 1909 3525 put-destinatum
1960 3474 2079 3516 erat

505 3564 563 3610 ut
595 3553 766 3609 ﬁeret.
814 3550 1068 3621 QuiSquis
1098 3552 1255 3622 igitur
1287 3552 1374 3607 Dei
1410 3550 1599 3605 Filium
1635 3552 2071 3619 praedestinatum

508 3652 688 3715 negat,
722 3642 865 3699 hunc
916 3645 1163 3697 eumdem
1214 3642 1406 3696 Filium
1464 3640 1694 3694 hominis
1743 3650 1917 3709 negat.
1968 3641 2072 3696 Sed

502 3744 719 3806 propter
766 3735 1132 3791 contentioscs
1177 3733 1341 3787 etiam
1376 3731 1495 3785 hinc
1528 3732 1803 3783 audiamus
1848 3731 2073 3799 Aposto-

502 3829 611 3883 lum
638 3829 689 3883 in
719 3842 935 3883 suarum
960 3825 1184 3881 enirdio
1219 3826 1541 3877 litterarum:
1572 3821 1767 3875 Paulus
1792 3840 1963 3875 servus
1984 3822 2072 3875 Je-

499 3937 560 3975 ιιι
590 3919 799 3985 Christi,
820 3928 1036 3973 locatus
1068 3918 1360 3987 Apostolus,
1398 3924 1686 3984 segregatus
1734 3914 1786 3965 in
1836 3910 2063 3983 Evange-

504 4011 634 4069 limtt
659 4008 774 4073 Dei,
799 4009 931 4076 quod
973 4017 1093 4059 ante
1115 4007 1410 4075 promiserat
1455 4021 1541 4067 per
1580 4004 1843 4069 prophetas
1871 4020 1990 4055 suos
2022 4005 2073 4054 in

505 4100 792 4170 Scripturis
823 4098 1012 4153 sanctis
1034 4098 1095 4150 de
1126 4093 1259 4149 Filio
1292 4110 1404 4156 suo,
1436 4096 1517 4163 qui
1548 4098 1707 4159 Iactus
1729 4106 1801 4147 est
1830 4094 1873 4146 ei
1899 4111 1961 4147 ea:
1990 4110 2071 4147 sc-

498 4191 634 4245 ntine
694 4187 859 4242 David
897 4186 1169 4241 secundum
1210 4200 1431 4246 carnem,
1461 4185 1544 4252 qui
1574 4184 1957 4252 pra'destinatus
2000 4195 2072 4235 est

502 4281 674 4337 Filius
705 4279 802 4335 Dei
828 4280 880 4333 in
900 4282 1083 4333 virtute
1112 4280 1387 4331 secundum
1417 4276 1669 4342 Spiritum
1708 4276 2067 4342 sanctiﬁcatio-

498 4375 602 4439 nis,
658 4388 721 4428 ea:
769 4370 1139 4427 resurrectione
1190 4374 1526 4421 mortuorum.
1587 4366 1886 4421 Secundum
1938 4366 2073 4419 hanc

2191 1904 2316 1955 milii
2345 1905 2407 1956 de
2439 1908 2646 1969 mundo,
2675 1908 2830 1974 quale
2858 1908 2983 1960 illud
3011 1908 3153 1975 quod
3187 1911 3342 1978 paulo
3371 1921 3493 1964 ante
3524 1912 3757 1963 dixerat:

2196 1994 2302 2063 ligo
2328 2005 2375 2048 te
2404 1998 2684 2075 clariﬁcavi
2711 2016 2863 2067 super
2895 2013 3080 2053 (errant
3108 2019 3125 2064 ;
3160 2018 3253 2069 pro
3286 2012 3529 2069 tempore
3575 2003 3760 2064 futuro,

2190 2096 2243 2138 et
2286 2086 2391 2139 il|.c
2422 2097 2476 2140 et
2518 2089 2600 2140 hic
2646 2090 2973 2156 praiteritum
3022 2107 3261 2159 ponens,
3297 2094 3435 2146 sicut
3476 2096 3566 2161 qui
3614 2097 3763 2147 sciret

2192 2177 2627 2243 prmdestiuatum
2676 2196 2795 2233 esse
2833 2192 2887 2236 ut
2919 2182 2968 2234 id
3004 2182 3190 2247 ﬁeret,
3225 2194 3279 2237 et
3328 2186 3445 2236 ideo
3495 2186 3685 2237 fecisse
3712 2201 3762 2236 sc

2191 2270 2392 2329 dicvns.
2424 2272 2561 2341 quod
2590 2282 2706 2326 erat
2735 2275 2850 2327 sine
2880 2277 2981 2329 ulla
3010 2277 3345 2331 dubitatione
3376 2274 3636 2333 iacturas.
3666 2281 3757 2335 Sed

2188 2360 2252 2415 de
2285 2361 2365 2415 his
2396 2362 2487 2431 qui
2514 2363 2623 2433 jam
2657 2378 2809 2418 erant
2839 2367 3085 2436 discipuli
3119 2370 3255 2435 ejus,
3289 2385 3394 2423 non
3427 2372 3493 2423 de
3523 2372 3759 2424 omnibus

2186 2452 2273 2520 qui
2322 2453 2375 2507 in
2428 2454 2573 2507 illum
2628 2453 2840 2510 fuerant
2886 2459 3164 2519 credituri,
3214 2474 3334 2513 eum
3378 2460 3581 2514 dixisse
3628 2464 3753 2526 quod

2186 2543 2318 2596 dixit
2352 2566 2362 2595 ;
2397 2542 2725 2613 Manifedavi
2776 2562 2953 2600 nomen
2982 2558 3122 2599 tuum
3160 2546 3446 2601 hominibus
3470 2586 3485 2609 ,
3522 2565 3648 2618 quos
3678 2553 3755 2601 deo

2185 2634 2305 2685 disti
2334 2634 2455 2707 mihi
2502 2635 2564 2686 de
2610 2636 2829 2703 mundo,
2863 2652 2921 2689 ea
2956 2653 3070 2703 «luas
3119 2648 3414 2707 sequuntur
3457 2640 3752 2692 credibilius

2185 2736 2301 2775 csse
2321 2722 2709 2777 demonstrent.
2740 2723 2871 2778 Cum
2901 2726 3042 2779 enim
3076 2728 3173 2780 hoc
3202 2726 3453 2792 dixisset,
3484 2728 3749 2795 adjunxit:

2252 2830 2349 2883 Tui
2374 2841 2535 2897 erant,
2570 2842 2613 2885 et
2657 2833 2782 2885 nti/ti
2829 2851 2912 2887 eos
2958 2834 3164 2898 dedisti,
3211 2845 3254 2889 et
3296 2853 3579 2889 sermonem
3618 2848 3750 2889 tuum

2182 2933 2522 2975 servaverunt.
2560 2922 2713 2975 Nunc
2735 2936 3073 2992 cognoverunt
3095 2929 3214 2993 quia
3245 2929 3415 2979 omnia
3442 2943 3555 2991 qua:
3578 2928 3751 2980 dedisti

2182 3014 2305 3065 milii
2327 3014 2415 3066 abs
2438 3023 2485 3066 te
2511 3024 2646 3077 sunt,
2678 3016 2795 3085 quia
2824 3016 2990 3082 verba,
3018 3034 3131 3085 quae
3153 3020 3336 3071 dedisti
3366 3020 3508 3083 mihi,
3529 3022 3649 3072 dedi
3668 3024 3752 3081 eis,

2186 3110 2231 3153 et
2260 3106 2359 3168 ipsi
2390 3114 2687 3170 acceperunt
2728 3113 2773 3155 et
2813 3116 3148 3171 coquoverunt
3174 3122 3307 3170 rere,
3344 3109 3466 3176 quia
3502 3124 3532 3159 a
3565 3120 3616 3160 te
3640 3114 3751 3170 ait,

2192 3202 2239 3245 et
2270 3191 2617 3255 crediderunt,
2649 3196 2768 3260 quia
2792 3204 2847 3244 tu
2877 3210 2953 3245 me
2977 3194 3171 3246 misisti.
3216 3198 3525 3264 Quanquam
3567 3210 3620 3250 et
3650 3199 3752 3251 brec

2181 3282 2363 3334 omnia
2407 3282 2474 3336 de
2503 3283 2750 3336 omnibus
2785 3281 2973 3337 futuris
3027 3284 3271 3338 ﬁdelibus
3316 3286 3423 3340 dici
3473 3299 3753 3355 potuerunt

2178 3374 2354 3440 specie
2384 3375 2640 3441 perfecta,
2670 3389 2788 3427 cum
2820 3376 2992 3428 adhuc
3024 3386 3202 3428 essent
3240 3378 3411 3429 futura
3435 3417 3449 3439 ,
3482 3379 3572 3430 sed
3610 3390 3667 3431 ut
3695 3382 3753 3431 de

2182 3463 2264 3515 bis
2288 3464 2417 3516 solis
2448 3464 2592 3531 quod
2632 3475 2755 3517 tunc
2800 3465 3029 3518 habebat
3058 3464 3328 3531 discipulis
3363 3466 3475 3520 inec
3506 3467 3652 3533 loqui
3684 3470 3750 3519 iu-

2179 3553 2458 3620 telligatur,
2508 3554 2636 3607 iliud
2672 3553 2838 3622 magis
2870 3564 3057 3622 urget,
3107 3559 3249 3624 quod
3286 3558 3443 3624 paulo
3472 3568 3591 3625 post
3641 3560 3745 3610 ait:

2178 3636 2304 3690 Cum
2331 3655 2484 3691 essent
2515 3657 2629 3691 cum
2660 3643 2763 3705 eis,
2796 3658 2889 3710 ego
2918 3644 3175 3695 satvabam
3220 3659 3304 3696 eos
3337 3645 3387 3695 in
3419 3647 3625 3699 nomine
3655 3658 3749 3697 tuo.

2179 3728 2315 3791 Quos
2344 3730 2527 3782 dedisti
2552 3731 2694 3795 milii,
2726 3734 2973 3785 custodivi
2998 3750 3015 3795 ;
3042 3744 3088 3787 et
3110 3750 3256 3787 nemo
3285 3752 3351 3789 ex
3374 3737 3433 3788 iis
3456 3740 3629 3802 periit,
3660 3741 3748 3789 nisi

2175 3818 2314 3883 ﬁlius
2344 3820 2667 3884 perditionis,
2721 3830 2773 3872 ut
2817 3820 3091 3890 Scriptura
3121 3824 3417 3890 impleatur.
3466 3826 3660 3879 Judatn
3687 3831 3748 3878 si-

2176 3907 2457 3976 gniﬁcans,
2502 3910 2590 3977 qui
2640 3911 2852 3964 tradidit
2881 3926 3023 3966 eum.
3082 3914 3153 3965 Ex
3188 3915 3289 3967 isto
3320 3918 3512 3985 quippe
3540 3920 3745 3970 duode-

2182 4002 2334 4054 nario
2366 4017 2591 4055 numero
2626 4004 2990 4069 apostolorum
3037 4007 3181 4059 solus
3212 4008 3299 4060 ille
3331 4009 3506 4071 periit.
3542 4008 3743 4063 Dcittdt’

2175 4094 2445 4163 suhjnngit
2470 4112 2484 4150 :
2523 4094 2669 4148 Nunc
2700 4108 2865 4149 autem
2887 4101 2953 4148 int
2976 4110 3022 4150 te
3043 4100 3207 4154 venio.
3237 4099 3384 4153 Unde
3408 4102 3742 4156 manifestum

2175 4196 2255 4238 est
2285 4201 2407 4237 eum
2439 4186 2507 4239 de
2550 4188 2811 4251 corporali
2841 4202 2932 4239 sua
2981 4189 3178 4240 dixisse
3225 4191 3503 4255 prtesentia
3553 4206 3577 4242 ι
3626 4194 3746 4243 Cum

2172 4293 2330 4329 essent
2356 4294 2469 4330 cum
2497 4279 2589 4343 eis,
2622 4293 2713 4348 ego
2739 4277 2996 4331 servabam
3026 4296 3137 4343 eos,
3191 4281 3351 4333 veluti
3380 4280 3489 4349 jam
3527 4297 3652 4336 cum
3679 4290 3747 4337 eis

2173 4388 2233 4423 ea
2268 4374 2550 4439 prmseutia
2585 4388 2687 4423 non
2723 4382 2886 4423 esset.
2931 4371 3004 4423 Eu
3053 4373 3209 4423 modo
3258 4373 3403 4425 enim
3449 4374 3747 4440 signiﬁcare

502 4480 632 4537 ergo
656 4463 1176 4534 pradestinationem
1203 4461 1362 4515 etiam
1394 4458 1708 4513 clariliczitus
1745 4469 1846 4523 est,
1889 4458 2066 4525 prius-
2098 4496 2147 4556 ο
2177 4463 2339 4515 voluit
2398 4462 2765 4515 ascensionem
2816 4478 2972 4514 suam
3030 4478 3149 4514 mox
3202 4461 3476 4526 futuram,
3525 4464 3594 4517 de
3651 4482 3744 4533 qui

426 4602 429 4605 λ
499 4572 657 4625 quam
685 4556 912 4611 mundus
942 4563 1104 4615 esset,
1145 4561 1199 4603 ut
1224 4559 1365 4603 esset
1391 4550 1604 4601 claritas
1628 4546 1763 4615 ejus,
1791 4562 1856 4601 ex
1889 4562 2067 4601 resur-

502 4651 743 4704 rectione
774 4650 1132 4711 hiortuorum,
1163 4645 1300 4711 apud
1334 4642 1563 4704 Patrem,
1595 4640 1659 4692 ad
1701 4640 1853 4707 cujus
1881 4640 2065 4694 dexte-

502 4756 617 4796 ram
639 4739 812 4796 sedct.
842 4740 973 4794 Cum
1000 4752 1131 4805 ergo
1162 4735 1364 4788 videret
1391 4732 1531 4785 illius
1553 4734 1939 4799 pra-desinant:
1961 4749 2069 4787 suae

500 4832 903 4889 clariﬁcatiouis
933 4829 1147 4883 venisse
1186 4825 1293 4894 jam
1331 4833 1559 4892 tempus,
1595 4833 1650 4876 ut
1677 4832 1729 4875 et
1757 4837 1896 4877 nunc
1923 4824 2071 4878 fieret

500 4926 555 4980 in
587 4923 885 4979 redditione
918 4920 1057 4990 quod
1087 4920 1255 4973 fuerat
1284 4918 1332 4969 in
1367 4915 1830 4984 prmdestinatione
1855 4914 1963 4983 jam
1996 4915 2071 4967 la-

500 5027 665 5079 ctum,
688 5012 878 5078 oravit,
911 5012 1121 5065 dicens:
1172 5008 1235 5063 Et
1261 5024 1394 5060 nunc
1432 5008 1659 5071 rlariﬁca
1685 5023 1781 5073 me,
1809 5017 1862 5060 tu
1892 5006 2066 5071 Pater,

496 5114 641 5177 apud
681 5107 1018 5174 temetipsum,
1074 5105 1300 5158 claritate
1349 5117 1500 5170 quam
1540 5100 1717 5164 habui,
1774 5102 2069 5169 priusquam

496 5202 717 5255 mundus
764 5206 915 5261 esset,
969 5196 1111 5263 apud
1163 5205 1227 5256 te,
1287 5204 1532 5261 tauquam
1585 5193 1790 5247 dircret
1832 5192 2071 5247 claritate

496 5304 660 5361 quam
713 5288 869 5343 habui
902 5284 1041 5354 apud
1073 5296 1144 5350 te,
1178 5282 1226 5335 id
1258 5291 1359 5346 est,
1404 5282 1544 5335 illam
1588 5282 1883 5336 claritatem
1912 5297 2069 5351 quam

498 5380 658 5436 habui
688 5378 827 5449 apud
860 5386 914 5432 te
952 5377 1004 5430 iu
1035 5372 1498 5443 praedestinatione
1526 5380 1631 5435 tua,
1668 5381 1874 5440 tempus
1902 5384 1986 5428 est
2017 5381 2072 5427 ut

498 5472 724 5526 habeam
752 5470 911 5525 etiam
944 5467 1126 5521 vivens
1149 5464 1201 5520 in
1225 5463 1440 5516 dextera
1467 5470 1573 5514 tua.

570 5562 897 5629 Hanifestavi
942 5576 1120 5614 nomen
1168 5568 1308 5611 tuum
1354 5555 1666 5619 hominibus,
1718 5568 1843 5620 quos
1888 5554 2071 5606 dedisti

498 5654 624 5709 mihi
666 5655 729 5707 de
758 5654 966 5706 mundo.
1016 5650 1167 5718 Quod
1216 5649 1257 5703 si
1299 5647 1365 5701 de
1398 5647 1478 5700 his
1509 5653 1706 5699 tantum
1738 5644 1865 5698 dicit
1910 5643 2067 5699 disci-

502 5748 636 5819 pulis
663 5786 682 5813 ,
731 5758 851 5803 cun
882 5744 1071 5813 quibus
1121 5741 1350 5798 creuaxit
1377 5780 1389 5803 ,
1440 5749 1490 5794 et
1520 5737 1582 5793 ad
1614 5753 1699 5809 qu.
1722 5752 1746 5792 s
1784 5746 2066 5807 antequam

2174 4554 2342 4604 dixit:
2396 4550 2552 4622 Nunc
2598 4564 2767 4605 autem
2812 4553 2880 4603 ad
2925 4561 2970 4605 te
3012 4553 3175 4617 venio,
3227 4552 3401 4605 iturus
3451 4552 3632 4620 utique
3687 4558 3743 4605 ad

2173 4644 2444 4697 dexteram
2476 4644 2669 4708 Patris,
2716 4643 2854 4697 unde
2884 4653 3139 4697 venturus
3186 4655 3269 4697 est
3313 4646 3465 4698 vivos
3496 4653 3550 4698 et
3596 4661 3741 4697 mor-

2177 4734 2572 4803 tuosjudicare,
2612 4736 2895 4803 praisentia
2926 4736 3111 4787 itidem
3152 4736 3420 4804 corporali
3455 4738 3743 4789 secundum

2176 4822 2301 4877 ﬁdei
2336 4824 2571 4892 regulam
2605 4840 2898 4893 sanamque
2942 4823 3239 4878 doctrinam
3269 4844 3287 4891 ;
3317 4839 3435 4877 nam
3470 4830 3743 4892 presenti:

2170 4911 2432 4978 spirituali
2462 4928 2585 4967 cum
2617 4915 2696 4967 eis
2724 4923 2838 4968 erat
2868 4914 3049 4982 utique
3081 4915 3289 4969 futurus
3327 4923 3447 4983 post
3472 4919 3744 4969 ascensio-

2175 5020 2293 5058 nem
2324 5019 2508 5071 suam,
2540 5014 2596 5059 et
2644 5020 2765 5057 cum
2795 5013 2899 5057 tota
2929 5004 3165 5059 Ecclesia
3192 5020 3285 5058 sua
3318 5005 3369 5058 iu
3406 5004 3505 5059 hoc
3547 5011 3747 5059 mundo

2176 5111 2346 5166 usque
2378 5098 2429 5151 itt
2459 5099 2977 5151 consummationem
3006 5099 3205 5151 smculi.
3242 5095 3395 5151 Unde
3430 5113 3531 5149 non
3561 5098 3744 5166 utiqi'e

2173 5198 2319 5244 recte
2353 5190 2721 5259 intelliguntur
2764 5188 2831 5241 de
2885 5188 3075 5257 quibus
3121 5188 3317 5241 dixerit
3358 5204 3373 5241 :
3426 5188 3552 5240 Cum
3581 5205 3741 5240 essem

2172 5297 2284 5333 cum
2313 5282 2404 5343 eis,
2432 5297 2523 5353 ego
2547 5280 2807 5333 servabam
2833 5296 2936 5343 eos,
2982 5281 3079 5333 nisi
3114 5281 3162 5332 hi
3192 5294 3324 5348 quos
3351 5281 3401 5334 in
3431 5296 3490 5335 se
3515 5283 3695 5335 crede:
3723 5311 3746 5321 -

2174 5382 2252 5426 tes
2301 5388 2517 5427 servare
2563 5376 2671 5439 jam
2723 5383 2956 5441 (mperat
3010 5376 3287 5440 praesentia
3338 5373 3642 5437 corporali,
3696 5390 3744 5425 ei

2173 5480 2312 5533 quos
2369 5465 2653 5518 relicturus
2704 5467 2873 5518 fuerat
2920 5464 3158 5516 absentia
3210 5465 3495 5533 corporali,
3549 5474 3601 5516 ut
3656 5482 3746 5517 eo:

2170 5570 2289 5608 cum
2323 5555 2481 5609 Patre
2523 5567 2762 5610 servaret
2795 5557 3073 5624 praesentia
3128 5558 3414 5625 spirituali.
3460 5557 3586 5611 Post
3619 5573 3745 5611 vero

2170 5648 2403 5719 adjuugit
2454 5660 2508 5707 et
2555 5660 2779 5705 caeteros
2806 5664 2961 5712 suos,
3012 5648 3100 5703 ubi
3149 5649 3313 5703 dicit:
3372 5649 3491 5703 Non
3525 5667 3615 5717 pro
3671 5654 3744 5702 his

2168 5751 2336 5795 autem
2383 5758 2506 5814 rogo
2538 5753 2754 5808 tantum,
2807 5743 2894 5794 sed
2938 5751 2983 5797 et
3010 5756 3100 5809 pro
3131 5741 3200 5795 eis
3229 5740 3317 5811 qui
3358 5742 3599 5794 credituri
3629 5755 3742 5795 sunt

3866 2310 3884 2859 ἱ

3870 2910 3884 3599 i
