3884 6232
137 402 235 455 877

1064 398 1125 453 IN
1165 398 1223 451 S.
1264 395 1539 452 JUANNIS
1578 391 2002 451 EVANGEIJUM
2046 389 2415 449 EXPOSITIO.

3263 398 3365 449 878

139 518 191 564 in
225 528 303 567 me
329 530 419 582 per
450 511 646 565 verbum
689 527 859 564 eorum
890 526 906 570 ;
956 509 1042 563 ubi
1091 506 1422 561 manifestius
1470 502 1700 555 ostendit
1740 508 1778 562 Α
1810 500 2101 567 Ρτονθτδίίε
2143 517 2248 556 Ιιοη
2275 511 2356 556 εει
2387 500 2552 570 Palam
2577 502 2598 556 ?
2625 502 2772 570 Ουοδ
2800 513 2972 558 autem
3005 523 3104 561 "‘l"
3141 525 3363 577 Pro'ef‘

141 602 283 664 quod
318 617 422 655 non
451 602 518 655 de
561 599 807 656 omnibus
856 599 920 652 ad
947 614 1068 653 eum
1103 596 1492 665 pertinentibus
1539 607 1707 661 supe-

144 692 255 744 rius
286 692 614 758 loqueretur,
646 691 712 743 ab
741 705 805 744 eo
838 688 957 743 loco
984 688 1071 743 ubi
1102 688 1174 740 ait
1205 702 1221 741 :
1256 682 1580 753 .llanifestavi
1616 697 1707 734 no-

142 800 260 838 men
300 794 443 836 tuum
482 780 786 845 hominibus,
823 797 947 850 quos
987 780 1171 835 dedisti
1212 778 1357 839 mihi,
1407 775 1502 831 sed
1530 775 1595 829 de
1627 774 1706 827 his

145 885 352 929 tantum
381 874 468 942 qui
498 888 616 925 eum
642 888 762 927 cum
791 873 882 927 illa
909 872 1110 926 diceret
1139 868 1440 923 audiebant.
1483 866 1565 921 Ab
1591 864 1708 934 ipso

149 966 336 1032 itaque
363 962 618 1018 orationis
647 964 759 1032 ejus
783 964 1022 1027 exordio,
1077 960 1182 1025 ubi,
1229 959 1514 1013 sublevatio
1539 955 1705 1011 oculis

142 1058 194 1108 in
226 1056 420 1109 cmlutn
449 1055 584 1108 dixit
617 1073 628 1108 :
682 1054 858 1117 Pater,
891 1056 1018 1109 venit
1048 1053 1201 1111 hora,
1252 1051 1479 1118 clari/ica
1509 1048 1705 1104 Filium

141 1159 311 1211 tuum,
338 1155 389 1199 ut
417 1144 586 1198 Filius
613 1155 730 1198 tuus
754 1146 998 1212 clari/iret
1030 1153 1101 1209 te,
1132 1159 1298 1212 usque
1323 1142 1387 1195 ad
1420 1141 1542 1195 illud
1566 1141 1704 1208 quod

142 1238 301 1300 paulo
345 1245 464 1303 post
483 1235 590 1289 ait:
628 1236 689 1289 Et
719 1252 847 1289 nunc
875 1235 1100 1303 clari/ica
1139 1251 1235 1294 me,
1280 1245 1332 1285 tu
1363 1232 1534 1300 Pater,
1569 1232 1706 1300 apud

137 1327 481 1395 temetipsum,
517 1327 748 1380 claritate
790 1342 941 1395 quam
988 1325 1143 1377 habui
1171 1335 1440 1392 antequam
1485 1323 1706 1375 mundus

137 1431 288 1482 esset,
321 1422 465 1487 apud
494 1430 560 1483 te,
613 1434 800 1474 omnes
827 1432 953 1472 suos
980 1418 1192 1471 volebat
1220 1415 1470 1485 intelligi,
1517 1414 1708 1482 quibus

139 1520 328 1564 notum
360 1510 600 1564 faciendo
629 1513 859 1574 Patrem,
910 1509 1168 1562 clarificat
1195 1521 1338 1561 eum.
1385 1507 1514 1560 Cum
1567 1508 1707 1559 enim

134 1599 406 1656 dixisset:
444 1599 512 1654 Ut
539 1600 706 1653 Filius
737 1609 851 1653 tuus
880 1601 1128 1668 clariﬁcet
1170 1609 1237 1661 te,
1284 1612 1406 1651 mox
1453 1596 1708 1664 quemad-

137 1693 358 1746 modum
391 1692 442 1745 id
471 1695 618 1746 ﬂeret
647 1692 1055 1760 demonstravit,
1087 1692 1272 1745 dicens
1301 1708 1311 1742 :
1344 1689 1490 1745 Sicut
1521 1687 1709 1741 dedisti

133 1783 182 1836 ei
209 1793 509 1853 potestatem
537 1786 695 1836 omnis
726 1783 915 1848 carnis,
948 1796 999 1836 ut
1022 1800 1164 1837 omne
1187 1782 1320 1851 quod
1349 1779 1531 1834 dedisti
1550 1779 1595 1832 ei
1625 1780 1706 1832 det

1813 592 1914 646 hiis
1942 593 2252 660 occultatur,
2297 596 2390 650 sed
2419 596 2591 651 verbis
2636 599 3019 664 manifestatur,
3055 604 3236 671 procul
3265 604 3366 657 du-

1812 683 1899 736 bio
1925 685 2097 750 palam
2121 686 2332 740 dicitur.
2361 687 2636 755 Quomodo
2662 704 2790 759 ergo
2821 693 3197 758 manifestavit,
3224 697 3362 764 quod

1814 773 2048 828 nondum
2079 774 2250 842 palam
2280 777 2455 830 dixit?
2499 778 2723 833 Proinde
2752 780 2832 835 sic
2856 781 3252 854 intelligendum
3285 795 3367 841 est

1812 880 1907 936 pro
1938 875 2175 929 tempore
2223 867 2402 923 futuro
2451 872 2774 937 prmteritum
2817 874 3064 940 positum,
3116 877 3367 944 quemad-

1811 959 2021 1012 modum
2054 960 2215 1013 illud.
2251 960 2434 1015 Omnia
2458 979 2766 1033 quacunque
2790 965 2959 1020 audivi
2989 983 3019 1018 a
3049 964 3206 1020 Patre
3235 986 3367 1032 meo.

1813 1059 1933 1101 nota
1959 1049 2054 1116 feci
2079 1050 2235 1114 vobis,
2261 1053 2400 1121 quod
2434 1053 2668 1106 nondum
2699 1053 2914 1118 fecerat,
2944 1055 3036 1111 sed
3062 1057 3372 1128 loquebatur

1811 1138 1959 1204 quasi
1990 1137 2201 1192 fecisset
2245 1140 2381 1206 quod
2414 1140 2754 1196 immobiliter
2782 1158 2902 1198 esse
2932 1147 3202 1214 praeﬁxum
3230 1151 3369 1203 scie-

1811 1231 1899 1283 bat
1926 1242 1976 1284 ut
2004 1231 2217 1286 faceret.
2270 1234 2404 1299 Quid
2429 1241 2511 1288 est
2538 1243 2711 1290 autem
2757 1236 2896 1303 Quos
2935 1240 3118 1293 dedisti
3157 1244 3284 1298 mihi
3313 1246 3374 1296 de

1810 1323 2044 1376 mundo?
2074 1324 2277 1377 Dictum
2324 1335 2406 1380 est
2432 1327 2572 1380 enim
2599 1329 2664 1382 de
2692 1328 2799 1382 illis
2846 1331 2986 1398 quod
3039 1349 3142 1387 non
3191 1348 3375 1390 essent

1808 1411 1875 1467 de
1913 1413 2128 1471 mundo.
2175 1415 2276 1470 Sed
2331 1417 2429 1471 hoc
2477 1423 2803 1488 regeneratio
2853 1426 3117 1491 prtcstitit,
3151 1442 3254 1496 non
3283 1446 3373 1500 ge-

1811 1505 2033 1560 neratio.
2065 1507 2198 1571 Quid
2248 1519 2329 1561 est
2369 1511 2550 1574 etiam,
2583 1512 2722 1578 quod
2753 1518 3029 1583 sequitur:
3066 1515 3166 1571 Tui
3204 1533 3370 1586 erant,

1808 1604 1855 1647 et
1876 1595 2000 1648 mihi
2018 1612 2103 1650 eos
2125 1599 2309 1652 dedisti
2332 1601 2356 1654 ?
2381 1602 2462 1655 An
2477 1602 2762 1670 aliquando
2783 1618 2929 1660 erant
2952 1607 3140 1672 Patris,
3163 1613 3376 1680 quando

1811 1700 1916 1740 non
1946 1700 2095 1742 erant
2121 1691 2371 1761 unigeniti
2409 1693 2521 1748 Filii
2569 1695 2728 1764 ejus?
2771 1708 2824 1751 et
2873 1698 3057 1753 habuit
3092 1702 3376 1770 aliquando

1811 1775 1967 1832 Pater
1993 1777 2188 1846 aliquid
2229 1781 2345 1836 sine
2388 1782 2562 1838 Filio?
2597 1787 2781 1854 Absit;
2821 1802 3163 1846 veruntamen
3198 1793 3375 1849 habuit

133 1875 209 1928 eis
240 1877 394 1927 vitam
419 1885 679 1928 cateruam.
719 1874 841 1929 Htec
869 1886 939 1928 est
967 1886 1132 1928 autem
1161 1875 1262 1926 vita
1289 1884 1501 1936 eterna,
1535 1880 1588 1924 ut
1613 1886 1701 1923 co-
1739 1854 1783 1913 Β
1812 1869 2093 1939 aliquando
2118 1873 2314 1941 aliquid
2359 1875 2496 1929 Deus
2525 1876 2686 1930 Filius
2706 1919 2720 1942 ,
2766 1880 2903 1946 quod
2937 1883 3167 1936 nondum
3199 1887 3380 1941 habuit

135 1976 387 2036 gnoscant
428 1976 476 2020 te
502 1967 666 2019 solum
689 1981 856 2018 verum
891 1966 1067 2031 Deum,
1092 1975 1136 2018 et
1161 1981 1303 2032 quem
1326 1964 1509 2016 misisti
1533 1960 1711 2015 Jesum

135 2054 420 2108 Christum.
453 2054 566 2109 Non
593 2057 733 2109 enim
770 2066 944 2122 potest
971 2055 1272 2125 cognitione
1303 2053 1578 2109 hominum
1600 2052 1712 2108 cla-

133 2144 334 2198 rilicari
364 2145 544 2209 Pater,
573 2146 674 2200 nisi
697 2153 751 2200 et
777 2145 864 2199 ille
891 2156 1258 2216 cognoscatur,
1293 2160 1384 2214 per
1415 2159 1571 2213 quem
1601 2144 1710 2196 cla-

133 2235 400 2300 rincatur,
437 2233 487 2287 id
513 2245 616 2297 est,
661 2250 754 2304 per
784 2251 943 2305 quem
978 2236 1183 2303 populis
1231 2235 1534 2288 iunotescit.
1586 2233 1709 2288 Haec

131 2332 218 2377 est
248 2324 562 2379 clarificatio
591 2326 783 2390 Patris,
814 2342 930 2396 qua:
958 2343 1061 2381 non
1091 2331 1231 2380 circa
1261 2329 1404 2382 solos
1433 2327 1552 2410 illos
1578 2341 1710 2394 apo-

133 2419 305 2472 stolos
329 2420 463 2472 facta
496 2428 597 2483 est,
623 2421 717 2475 sed
746 2422 887 2476 circa
914 2438 1101 2476 omnes
1134 2423 1374 2476 homines
1398 2423 1477 2486 lit,
1511 2420 1708 2490 quibus

132 2507 249 2561 suis
272 2509 530 2563 membris
558 2522 710 2578 caput
733 2522 819 2566 est
848 2512 1109 2567 Christus.
1143 2512 1327 2581 Neque
1357 2513 1497 2566 enim
1522 2512 1590 2566 de
1621 2527 1709 2566 so-

133 2595 199 2648 lis
226 2597 489 2665 apostolis
527 2608 698 2667 potest
747 2602 1004 2670 intelligi:
1042 2601 1188 2656 Sicut
1229 2603 1413 2654 dedisti
1461 2602 1533 2655 eis
1564 2611 1706 2669 pote-

133 2696 320 2740 statem
343 2689 509 2742 omnis
537 2692 727 2758 carnis,
758 2701 812 2745 ut
842 2709 1018 2760 omne,
1053 2696 1185 2762 quod
1218 2693 1399 2746 dedisti
1418 2693 1482 2758 ei,
1529 2693 1612 2746 det
1643 2693 1711 2746 eis

134 2778 293 2830 vitam
320 2788 587 2848 cateruam,
637 2783 731 2837 sed
783 2785 962 2853 utique
1011 2785 1078 2839 de
1123 2785 1368 2839 omnibus
1420 2785 1612 2853 quibus
1658 2787 1708 2839 in

134 2884 261 2924 eum
308 2871 651 2928 credentibus
700 2877 805 2929 vita
857 2886 1053 2931 interna
1099 2877 1343 2931 donatur.
1395 2876 1513 2932 .larn
1568 2891 1708 2932 nunc

135 2975 272 3032 ergo
300 2963 580 3019 videamus
608 2965 734 3034 quid
783 2966 850 3021 de
895 2969 997 3021 illis
1029 2983 1058 3021 a
1086 2968 1276 3038 quibus
1307 2979 1431 3024 tunc
1459 2967 1709 3023 audieba-

138 3060 228 3104 tur
249 3051 529 3122 discipulis
555 3055 663 3109 suis
691 3056 832 3110 dicat
863 3075 874 3110 :
903 3058 1252 3127 Manifestavi,
1305 3059 1495 3127 inquit,
1529 3074 1709 3113 nomen

135 3153 286 3195 tuum
307 3143 614 3212 hominibus,
639 3165 764 3212 quos
786 3150 966 3204 dedisti
990 3153 1133 3205 mihi.
1167 3153 1279 3206 Non
1303 3167 1430 3222 ergo
1455 3161 1709 3209 noverant

138 3232 234 3286 Dei
271 3249 492 3302 nomen,
518 3251 640 3291 cum
671 3250 849 3294 essent
872 3240 1085 3297 Judaei?
1127 3255 1177 3296 et
1219 3244 1303 3297 ubi
1330 3252 1431 3309 est,
1462 3245 1601 3312 quod
1633 3245 1709 3300 le-

134 3325 316 3391 gitur:
349 3323 520 3379 Notus
549 3328 599 3380 in
626 3327 808 3383 Iudaea
839 3328 996 3397 Deus,
1021 3332 1073 3385 in
1121 3332 1289 3386 Israel
1331 3349 1570 3404 magnum
1611 3351 1705 3389 no-

132 3428 252 3466 men
303 3415 416 3484 ejus
467 3414 640 3485 (Psal.
692 3421 896 3490 uxr)?
947 3422 1086 3491 Ergo
1130 3424 1462 3479 manifestavi
1515 3441 1706 3482 nomen

133 3515 288 3559 tuum
321 3508 620 3564 hominibus
651 3511 785 3576 istis,
837 3528 969 3582 quos
1002 3514 1195 3570 dedisti
1225 3517 1349 3572 mibi
1383 3519 1450 3575 de
1481 3523 1704 3587 mundo,

132 3599 224 3666 qui
283 3615 372 3654 me
417 3602 638 3656 audiunt
686 3605 797 3658 haec
845 3606 1109 3662 dicentem
1140 3647 1154 3674 ,
1207 3624 1310 3663 non
1354 3611 1480 3666 illud
1515 3629 1706 3667 nomen

134 3701 312 3757 tuum,
345 3706 450 3759 quo
483 3694 686 3747 vocaris
712 3695 867 3760 Deus,
902 3697 994 3750 sed
1024 3698 1147 3751 illud
1183 3715 1286 3766 quo
1315 3703 1522 3756 vocaris
1554 3703 1708 3758 Pater

135 3797 316 3843 meus,
362 3783 501 3851 quod
534 3800 728 3841 nomen
757 3786 1081 3842 manifestari
1113 3789 1226 3843 sine
1255 3793 1416 3860 ipsius
1445 3793 1562 3847 Filii
1595 3811 1708 3848 ma-

132 3873 477 3926 nifestatione
523 3888 627 3927 non
678 3886 876 3944 posset.
934 3876 1063 3931 Nam
1114 3882 1252 3948 quod
1302 3882 1441 3936 Deus
1491 3883 1706 3949 dicitur,

129 3965 296 4018 etiam
322 3966 572 4019 omnibus
603 3968 848 4034 gentibus
877 3978 1001 4022 ante
1029 3985 1184 4037 quam
1217 3972 1266 4024 in
1289 3971 1560 4027 Christum
1590 3989 1704 4028 cre-

133 4059 354 4124 derent,
413 4073 514 4112 non
545 4059 855 4114 omnimodo
884 4075 1006 4116 esse
1035 4062 1206 4129 potuit
1235 4061 1335 4117 hoc
1383 4079 1577 4119 nomen
1626 4067 1704 4119 in-

127 4151 430 4217 cognitum.
486 4149 612 4203 Htcc
660 4161 742 4204 est
787 4153 930 4205 enim
979 4154 1057 4207 vis
1105 4167 1245 4206 verat
1290 4154 1603 4222 divinitatis,
1646 4165 1705 4210 ut

126 4253 395 4298 creaturae
429 4244 668 4297 rationali
698 4244 802 4314 jam
835 4247 1039 4299 ratione
1063 4245 1228 4299 uteuti
1258 4261 1360 4299 non
1391 4248 1610 4300 omnino
1640 4263 1702 4302 ac

131 4336 348 4403 penitus
405 4336 568 4402 possit
595 4334 870 4388 abscondi.
924 4336 1172 4403 Exceptis
1205 4337 1346 4390 enim
1393 4339 1592 4406 paucis,
1650 4339 1701 4392 in

129 4426 328 4494 quibus
355 4432 542 4479 natura
575 4424 792 4478 nimium
822 4425 1108 4494 depravata
1142 4434 1241 4491 est,
1275 4427 1581 4482 universum
1611 4442 1704 4497 ge-

1815 1961 1954 2016 idem
1985 1964 2097 2030 ipse
2122 1965 2280 2018 homo
2310 1964 2492 2031 Filius,
2533 1968 2654 2036 quia
2695 1971 2924 2024 nondum
2967 1983 3079 2028 erat
3106 1975 3265 2030 homo
3297 1977 3378 2032 la-

1812 2064 1930 2107 ctus
1949 2069 2012 2108 ex
2042 2063 2228 2122 matre,
2261 2058 2472 2124 quando
2499 2067 2670 2113 tamen
2711 2061 2938 2116 habebat
2962 2065 3215 2121 universa
3253 2083 3372 2123 cum

1813 2143 2007 2209 Patre;
2050 2157 2370 2215 quapropter
2397 2150 2534 2204 dixit
2565 2150 2657 2204 Tui
2696 2164 2860 2208 erant.
2913 2155 3027 2211 Non
3053 2173 3111 2212 se
3142 2158 3265 2215 inde
3294 2177 3379 2215 se—

1812 2234 2014 2300 paravit
2056 2236 2194 2291 Deus
2239 2238 2419 2304 Filius,
2467 2243 2583 2296 sine
2625 2257 2728 2312 quo
2780 2246 2908 2299 nihil
2953 2264 3181 2314 unptam
3230 2254 3381 2309 Pater

1813 2324 2026 2391 h.buit;
2073 2327 2166 2381 sed
2194 2329 2328 2382 solet
2356 2330 2401 2383 ei
2451 2332 2687 2388 tribuere
2715 2350 2873 2390 omne
2917 2337 3056 2406 quod
3106 2349 3301 2408 potest,
3347 2361 3375 2395 ιι

1811 2430 1914 2484 quo
1944 2426 2024 2471 est
2051 2417 2164 2485 ipse
2188 2420 2274 2487 qui
2300 2429 2494 2486 potest.
2538 2423 2579 2476 A
2607 2439 2711 2493 quo
2749 2428 2888 2481 enim
2920 2427 3076 2483 habet
3112 2441 3167 2486 ut
3194 2436 3283 2498 sit,
3308 2438 3375 2490 ab

1814 2505 1905 2560 illo
1951 2507 2108 2562 habet
2148 2519 2202 2563 ut
2231 2512 2438 2580 possit;
2485 2524 2543 2568 et
2573 2515 2622 2568 id
2661 2517 2816 2572 simul
2856 2528 3138 2591 utrumque
3167 2539 3378 2596 semper

1814 2596 2016 2664 habuit,
2047 2600 2167 2667 quia
2200 2617 2468 2671 nunquam
2496 2603 2614 2670 fuit,
2660 2618 2713 2662 et
2740 2623 2842 2663 non
2883 2613 3070 2676 potuit.
3120 2614 3374 2680 Quocirca

1810 2689 2060 2757 quidquid
2093 2695 2260 2761 potuit
2295 2695 2466 2762 Pater,
2496 2713 2710 2767 semper
2731 2716 2849 2756 cum
2875 2701 2964 2756 illo
2992 2705 3085 2759 fuit
3111 2715 3162 2760 et
3186 2709 3374 2775 potuit,

1811 2784 2055 2845 quoniam
2089 2783 2176 2838 ille
2205 2787 2291 2852 qui
2318 2802 2582 2858 nunquam
2611 2806 2714 2844 nun
2749 2791 2863 2860 fuit,
2901 2803 2954 2849 et
2975 2812 3242 2866 nunquam
3271 2815 3375 2854 non

1813 2872 1998 2937 patuit,
2032 2888 2296 2941 nunquam
2328 2877 2443 2932 sine
2474 2878 2628 2934 Patre
2656 2879 2773 2946 fuit,
2825 2899 3093 2953 nunquam
3126 2888 3241 2943 sine
3287 2889 3375 2944 illo

1811 2956 1967 3014 Pater
1989 2959 2103 3017 fuit.
2147 2963 2298 3030 Quod
2331 2966 2508 3036 itaque
2530 2969 2602 3022 ait
2629 2988 2638 3022 :
2679 2968 2741 3023 Et
2773 2972 2896 3025 mihi
2922 2990 3008 3028 eos
3041 2977 3248 3044 dedisti,
3287 2980 3379 3033 lto-

1811 3048 2010 3104 minem
2038 3066 2097 3106 se
2126 3056 2403 3122 accepisse
2434 3057 2572 3112 hanc
2618 3068 2957 3128 potestatein,
3001 3073 3057 3118 ut
3094 3081 3186 3123 eos
3217 3070 3376 3125 habe-

1813 3147 1913 3205 ret,
1948 3143 2203 3206 ostendit,
2255 3148 2504 3213 quoniam
2545 3147 2634 3216 qtti
2684 3165 2846 3219 super
2893 3167 3079 3209 omnes
3129 3156 3226 3211 fuit
3274 3175 3376 3213 non

1813 3245 2027 3300 semper
2043 3232 2200 3288 homo
2231 3234 2345 3289 fuit.
2378 3236 2731 3304 Quamobrem
2752 3256 2874 3296 cum
2918 3243 3053 3299 Patri
3075 3247 3248 3315 potius
3279 3251 3378 3304 tri—

1811 3321 1990 3378 buisse
2013 3324 2250 3380 videatur
2295 3335 2352 3380 ut
2372 3328 2439 3382 ab
2464 3343 2529 3383 eo
2560 3328 2678 3384 illos
2706 3335 2989 3402 acceperit,
3030 3338 3278 3404 quoniam
3308 3355 3376 3395 ex

1811 3416 1927 3483 ipso
1957 3427 2040 3474 est
2069 3420 2319 3490 quidquid
2366 3430 2469 3490 est,
2517 3423 2582 3478 de
2611 3440 2719 3496 quo
2760 3435 2874 3493 est,
2920 3429 3078 3484 etiam
3124 3434 3236 3502 ipse
3275 3435 3378 3490 sibi

1811 3523 1906 3562 eos
1935 3509 2098 3574 dedit,
2135 3513 2233 3566 hoc
2257 3523 2360 3580 est,
2390 3529 2510 3568 cum
2539 3514 2696 3570 Patre
2730 3517 2868 3572 Deus
2907 3520 3148 3575 Christus
3175 3523 3374 3580 homini

1806 3595 2045 3667 Christo,
2095 3602 2236 3669 quod
2265 3617 2384 3657 cum
2429 3604 2585 3660 Patre
2616 3622 2719 3660 non
2768 3618 2876 3676 est,
2927 3610 3169 3667 homines
3212 3616 3382 3672 dedit.

1811 3686 2050 3757 Denique
2078 3692 2165 3761 qui
2191 3693 2290 3747 hoc
2318 3694 2436 3749 loco
2456 3695 2583 3750 dicit
2611 3715 2622 3749 :
2658 3696 2756 3752 Tui
2775 3710 2940 3768 erant,
2965 3713 3014 3756 et
3040 3706 3166 3758 milii
3187 3724 3270 3761 eos
3293 3711 3382 3765 de-

1807 3776 1961 3846 disti,
2005 3779 2114 3848 jam
2138 3783 2384 3851 superius
2413 3784 2616 3840 eisdem
2646 3787 2923 3858 discipulis
2972 3791 3222 3850 dixerat:
3266 3797 3378 3871 Ego

1807 3883 1892 3923 vos
1911 3871 1975 3924 de
1999 3873 2187 3926 mundo
2216 3876 2360 3944 elegi.
2391 3874 2710 3933 Conteratur
2738 3879 2823 3933 hic
2843 3884 3095 3952 cogitatio
3116 3889 3370 3956 carnalis,

1807 3971 1964 4030 atque
1988 3962 2276 4031 dispereat.
2325 3965 2401 4021 De
2431 3969 2629 4022 mundo
2676 3969 2779 4024 sibi
2808 3985 2836 4024 a
2869 3971 3026 4028 Patre
3055 3975 3183 4030 dicit
3212 3977 3382 4036 Filius

1805 4049 1961 4105 datos
1983 4055 2247 4119 homines,
2277 4056 2471 4126 quibus
2516 4057 2622 4112 alio
2668 4059 2785 4114 loco
2834 4061 2997 4117 dicit:
3052 4062 3163 4134 Ego
3195 4083 3279 4122 ros
3317 4073 3381 4123 de

1806 4143 1994 4196 mundo
2014 4144 2162 4215 elegi.
2214 4146 2344 4201 Cum
2375 4147 2532 4202 Patre
2562 4150 2700 4203 idern
2751 4150 2865 4220 ipse
2896 4153 3058 4209 homo
3105 4155 3270 4212 Filius
3311 4161 3380 4216 de

1805 4235 2004 4288 mundo
2045 4250 2137 4289 eos
2166 4242 2371 4306 accepit
2415 4254 2444 4292 a
2482 4239 2659 4295 Patre.
2710 4241 2825 4296 Non
2875 4247 3015 4300 enim
3063 4247 3218 4303 Pater
3256 4251 3379 4307 illos

1804 4323 1912 4377 lilio
1931 4324 2183 4394 dedisset,
2232 4330 2334 4383 nisi
2365 4329 2635 4398 elegisset.
2666 4334 2742 4387 Ac
2767 4348 2861 4401 per
2891 4334 2992 4390 hoc
3023 4336 3207 4405 Filius,
3239 4343 3379 4397 sicut

1805 4430 1908 4468 non
1934 4415 2056 4470 inde
2077 4421 2348 4486 separavit
2374 4421 2603 4488 Patrem,
2629 4426 2843 4492 quando
2865 4425 2996 4480 dixit
3021 4444 3034 4479 :
3067 4426 3180 4500 Ego
3201 4448 3288 4486 vos
3311 4437 3374 4486 dc

129 4530 230 4570 nus
256 4514 548 4568 humanum
576 4514 739 4568 Deum
771 4515 951 4569 mundi
984 4515 1139 4584 hujus
1165 4515 1357 4570 fatetur
1393 4527 1691 4573 auctorem.

1809 4507 1993 4560 mundo
2014 4509 2164 4578 elegi,
2190 4511 2440 4579 quoniam
2469 4514 2629 4568 simul
2669 4528 2763 4569 eos
2789 4516 2949 4584 elegit
2993 4531 3046 4572 et
3079 4520 3255 4588 Pater,
3300 4528 3377 4579 sic

128 4608 182 4661 ln
211 4606 317 4661 hoc
338 4621 485 4676 ergo,
535 4611 674 4675 quod
707 4605 833 4660 fecit
860 4606 999 4661 hunc
1041 4607 1301 4661 mundum
1352 4614 1491 4663 ccelo
1529 4621 1700 4666 terra-

124 4712 229 4767 que
252 4698 631 4765 conspicuum,
679 4697 838 4751 etiam
892 4706 1174 4768 antequam
1227 4700 1592 4757 imbuerentur
1645 4705 1699 4758 in

127 4790 232 4844 tide
259 4791 483 4852 Christi,
539 4801 696 4843 noms
745 4798 829 4844 est
875 4790 1124 4845 omnibus
1169 4794 1435 4861 gentibus.
1493 4794 1547 4849 In
1598 4797 1700 4852 hoc

123 4891 331 4946 autem,
377 4891 518 4949 quoa
542 4897 645 4936 non
674 4893 755 4936 est
783 4883 989 4952 injuriis
1019 4885 1130 4938 suis
1164 4894 1218 4939 et
1240 4900 1358 4941 cum
1401 4889 1503 4945 diis
1550 4889 1698 4946 falsis

123 4972 406 5038 colendus,
441 4984 596 5026 notus
628 4973 678 5026 in
709 4974 887 5027 Judaea
919 4973 1080 5031 Deus.
1115 4976 1171 5029 lu
1216 4975 1318 5032 hoc
1348 4993 1499 5045 vero,
1553 4982 1694 5050 quod

131 5064 286 5118 Pater
312 5073 396 5118 est
426 5059 580 5129 hujus
626 5062 856 5130 Christi,
905 5079 998 5133 per
1029 5081 1194 5134 quem
1241 5068 1376 5122 tollit
1422 5081 1696 5139 peccatum

129 5159 313 5210 mundi
345 5156 522 5226 (Joan.
568 5157 630 5226 ι),
685 5160 784 5210 hoc
833 5173 1025 5212 nomen
1069 5159 1184 5226 eius
1235 5161 1377 5227 prius
1426 5162 1692 5216 occultum

127 5249 402 5311 omnibus,
454 5263 592 5301 nunc
625 5248 988 5303 manifeslavit
1014 5251 1094 5304 eis
1130 5265 1264 5318 quos
1293 5251 1509 5307 deditei
1542 5253 1698 5307 Pater

130 5341 244 5408 ipse
274 5340 342 5394 de
372 5339 591 5393 mundo.
622 5337 726 5393 Sed
755 5339 1023 5408 quomodo
1054 5339 1436 5406 mauifestavit,
1486 5344 1530 5396 si
1565 5358 1697 5396 non-

127 5435 252 5485 duin
287 5440 432 5487 venit
461 5433 588 5484 hora
611 5432 677 5485 de
708 5447 810 5500 qua
842 5431 1085 5500 superius
1115 5432 1325 5486 dixerat
1369 5434 1511 5500 quod
1545 5436 1695 5488 veni-

131 5533 210 5576 ret
258 5525 388 5577 hora
436 5538 549 5575 cum
568 5526 683 5592 jam
708 5539 806 5574 non
848 5524 900 5575 in
929 5523 1222 5592 proverbiis,
1274 5525 1465 5593 inquit,
1519 5527 1698 5595 loquar

129 5618 284 5679 vobis,
313 5618 400 5671 sed
439 5616 608 5684 palam
639 5618 701 5670 de
731 5615 883 5670 Patre
910 5634 1018 5672 meo
1043 5619 1356 5672 annuntiabo
1387 5619 1569 5673 vobis?
1615 5624 1694 5674 An

132 5723 259 5762 vero
282 5708 608 5762 sununtiatio
637 5709 915 5764 manifesta
965 5711 1230 5773 potabitur
1271 5713 1322 5765 in
1356 5713 1694 5781 proverbiis?

135 5805 241 5854 (lor
272 5816 400 5871 ergo
424 5801 619 5856 dictum
649 5810 753 5869 est,
785 5803 951 5873 palam
983 5803 1313 5872 annuutiabo,
1358 5803 1457 5858 nisi
1487 5807 1610 5875 quia
1638 5810 1691 5860 itt

1803 4613 1908 4652 non
1935 4599 2056 4653 inde
2101 4603 2367 4668 Separavit
2411 4613 2465 4658 et
2505 4619 2586 4671 se,
2634 4607 2847 4676 quando
2896 4608 3030 4665 dixit
3082 4611 3179 4667 Tui
3205 4629 3374 4680 erant,

1800 4690 1921 4759 quia
1943 4699 1996 4745 et
2021 4693 2187 4759 ipsius
2218 4694 2308 4746 lilii
2338 4693 2495 4749 Pater
2520 4705 2656 4750 erat.
2681 4698 2830 4752 Nunc
2844 4709 3021 4754 autem
3046 4701 3206 4758 homo
3230 4705 3372 4761 idem

1802 4783 1914 4848 ipse
1940 4781 2105 4837 Filius
2135 4789 2474 4854 accepiteos,
2505 4790 2594 4859 qui
2622 4804 2724 4842 non
2755 4800 2906 4844 erant
2951 4787 3142 4862 ipsitts,
3171 4799 3291 4866 quia
3320 4811 3372 4852 et

1800 4873 2024 4928 fortnam
2054 4875 2192 4930 servi
2222 4877 2390 4945 ipsius
2436 4881 2659 4947 accepit,
2709 4881 2763 4934 id
2801 4891 2906 4949 est,
2954 4899 3076 4954 qua:
3120 4902 3226 4941 non
3255 4898 3364 4944 erat

1800 4968 1986 5037 ipsius.
2011 4971 2262 5040 Sequitur
2283 4986 2346 5027 ac
2375 4973 2503 5027 dicit
2532 4991 2543 5026 :
2581 4972 2646 5026 Et
2671 4992 2953 5030 sermonem
2976 4989 3118 5032 tuum
3145 4996 3370 5036 servave-

1797 5071 1934 5114 runt.
1970 5061 2126 5117 Nunc
2146 5075 2482 5135 cognoverunt
2510 5068 2632 5136 quia
2670 5069 2841 5122 omnia
2881 5086 2995 5140 qua!
3017 5071 3203 5127 dedisti
3247 5077 3371 5128 nti/ti

1797 5154 1884 5207 abs
1902 5166 1948 5207 te
1968 5164 2111 5221 sunt,
2145 5156 2195 5210 id
2226 5165 2329 5223 est,
2355 5169 2719 5227 cognoverunt
2743 5158 2864 5228 quia
2892 5162 2987 5214 abs
3031 5171 3084 5218 te
3114 5178 3252 5218 sum.
3285 5165 3370 5221 Si-

1799 5246 1905 5299 mul
1931 5248 2071 5302 enim
2103 5249 2259 5304 Pater
2281 5250 2430 5306 dedit
2456 5253 2656 5315 omnia,
2700 5267 2816 5306 cum
2851 5255 3054 5322 genuit,
3089 5259 3177 5325 qui
3209 5257 3370 5311 habe-

1798 5349 1881 5391 ret
1904 5341 2099 5392 omuia.
2133 5339 2265 5413 Quia
2292 5341 2460 5410 verba,
2485 5342 2677 5412 inquit,
2705 5360 2817 5412 qua:
2846 5346 3033 5398 dedisti
3060 5347 3204 5411 mihi,
3251 5348 3371 5402 dedi

1798 5430 1866 5482 cis
1893 5445 1910 5494 ;
1935 5443 1982 5483 et
2004 5431 2103 5500 ipsi
2131 5443 2454 5502 acceperunt,
2480 5431 2532 5487 id
2556 5441 2659 5497 est,
2705 5434 3074 5488 intellexerunt
3103 5442 3264 5503 atque
3292 5448 3375 5490 te-

1801 5533 2050 5577 nuerunt.
2077 5524 2225 5578 Tunc
2249 5527 2389 5580 enim
2407 5525 2626 5580 verbum
2645 5525 2924 5595 accipitur,
2954 5526 3165 5594 quando
3187 5538 3367 5582 mente

1800 5616 2106 5687 percipitur.

1867 5705 1935 5762 Et
1973 5720 2304 5780 cognoverunt
2345 5725 2456 5764 vero
2482 5713 2601 5782 quia
2630 5728 2660 5764 a
2699 5720 2746 5764 te
2785 5711 2918 5778 exii,
2957 5720 3002 5764 et
3042 5708 3365 5763 crediderunt

1797 5806 1916 5873 quia
1949 5815 2001 5857 tu
2046 5820 2126 5857 me
2172 5804 2371 5858 misisti.
2420 5805 2484 5859 Et
2533 5805 2620 5858 hte
2651 5803 3067 5859 subaudiendum
3111 5812 3190 5881 est
3231 5818 3360 5854 rere.
