3884 6232
512 337 621 391 δτι)

1006 327 1205 383 Blisz
1252 323 1691 381 VENltllMlllJS
1727 318 2010 377 OPERUM
2054 312 2225 369 PARS
2266 309 2322 367 ll.
2365 337 2439 352 -—-
2477 303 2861 361 EXEGETICA
2905 298 3228 358 GENUINA.

3628 303 3718 354 890

511 450 663 519 Quod
714 449 853 501 enim
882 444 1053 499 dixit":
1089 442 1439 514 Cognoveruut
1469 455 1577 493 uere
1602 480 1616 503 ,
1665 451 1927 506 exponere
1971 448 2060 486 νο·
2097 436 2143 493 Α
2170 432 2310 476 Clum
2341 432 2421 475 εει
2452 420 2541 472 lini
2583 433 2647 472 ex
2694 417 2898 471 duabus
2927 415 3054 517 liliis
3084 454 3099 478 ,
3149 412 3333 480 majori
3380 412 3578 519 εςῖξίεοι
3610 428 3624 469 ε
3652 413 3719 466 Tu

515 546 610 600 lttit
640 538 973 612 adjungeudo
1005 554 1017 590 :
1062 535 1124 593 Et
1153 536 1491 590 crediderunt.
1527 534 1635 587 lloc
1683 532 1858 600 itaque
1900 526 2071 583 credi-

514 642 708 693 derunt
737 646 859 686 vere
879 628 1017 697 quod
1045 636 1408 697 cognm'erunt
1436 638 1579 678 vere.
1615 621 1664 675 Id
1698 620 1836 674 enim
1864 626 1948 672 est
1967 634 1997 668 a
2028 626 2073 667 te

495 727 636 787 etii,
665 722 800 789 quod
828 729 910 775 est
933 736 947 773 :
976 718 1055 772 Tu
1083 733 1160 771 me
1183 715 1385 768 misisti.
1417 714 1545 769 Cum
1573 726 1701 781 ergo
1726 710 1948 763 dixisset
1977 705 2071 759 Co-

514 826 787 890 gnoverunt
815 829 942 878 vero,
980 826 1049 866 ne
1075 809 1353 879 quisquam
1386 815 1593 875 putaret
1633 804 1787 857 istam
1814 798 2070 871 cognitio-

518 925 635 965 nem
670 911 771 972 iam
803 920 892 973 per
921 901 1153 972 speciem
1184 898 1397 963 factam,
1430 912 1531 947 non
1559 909 1650 960 per
1680 893 1834 946 iidem
1864 931 1879 955 ,
1912 903 2072 957 expo-

518 1001 693 1055 nendo
728 996 927 1051 addidit
953 1004 997 1048 et
1028 991 1346 1045 crediderunt
1374 1029 1388 1051 ,
1421 996 1477 1040 ut
1506 985 1881 1040 subaudiamus
1925 995 2033 1033 uere
2057 1019 2072 1043 ,

520 1101 573 1144 et
602 1087 956 1156 Intelligamus
986 1084 1085 1136 hoc
1128 1078 1324 1134 dictum
1356 1090 1474 1131 esse
1503 1091 1515 1127 :
1550 1072 1896 1141 Cognouerunt
1921 1084 2032 1122 vere
2055 1107 2070 1129 ,

525 1181 662 1252 quod
704 1189 785 1233 est
813 1198 823 1230 :
854 1173 1201 1229 Crediderunt
1248 1184 1401 1228 vere;
1437 1181 1539 1220 non
1581 1180 1646 1220 eo
1690 1164 1845 1219 modo
1869 1203 1885 1227 ,
1918 1174 2073 1226 quem

521 1271 833 1339 signiﬁcavit
868 1266 1022 1335 paulo
1053 1270 1176 1316 ante
1200 1299 1215 1326 ,
1246 1276 1363 1314 cum
1394 1259 1532 1310 dixit
1577 1274 1590 1309 :
1634 1255 1789 1309 Modo
1831 1253 2033 1307 creditis
2056 1294 2071 1319 ,

504 1362 648 1413 uenit
674 1362 820 1420 Itora,
862 1364 904 1410 et
929 1355 1039 1425 jam
1068 1354 1217 1415 venit,
1248 1359 1298 1401 ut
1345 1347 1706 1417 dispergamini
1736 1345 2076 1412 unusquisque

515 1452 570 1502 in
602 1446 827 1517 prapria,
864 1454 908 1498 et
939 1460 1014 1495 me
1052 1439 1217 1495 solum
1247 1438 1538 1506 relinquatis
1564 1474 1578 1498 ,
1619 1434 1710 1488 sed
1742 1432 2073 1487 crediderunt

525 1554 667 1603 sere,
712 1535 977 1605 quomodo
1004 1531 1324 1585 credendum
1367 1537 1468 1589 est,
1504 1528 1812 1580 inconcusse
1835 1566 1850 1589 ,
1882 1524 2031 1576 [lrrne
2056 1562 2071 1586 ,

522 1630 795 1687 stabiliter.
833 1625 1054 1685 ltrtiter,
1100 1638 1201 1675 non
1244 1622 1350 1686 jam
1397 1621 1446 1672 in
1481 1619 1688 1688 prppria
1722 1615 1979 1677 redituri,
2022 1623 2075 1666 et

524 1719 786 1772 tihristutn
830 1714 1081 1769 relicturi.
1121 1711 1305 1765 Adhuc
1347 1724 1474 1776 ergo
1503 1708 1743 1776 discipuli
1781 1719 1886 1759 non
1924 1711 2073 1758 erant

2172 526 2364 564 mecum
2393 525 2586 576 semper
2614 524 2692 571 es,
2723 518 2769 560 et
2800 507 2970 559 omnia
3014 521 3122 557 mea
3150 515 3236 557 tua
3275 513 3392 557 sunt
3424 501 3573 573 (Luc.
3609 515 3719 575 xv);

2175 606 2303 660 lllud
2335 605 2476 658 enim
2507 604 2703 656 dictqu
2734 610 2819 655 est
2847 602 2913 653 de
2944 600 3027 653 his
3056 598 3301 653 omnibus
3329 599 3591 653 creaturis
3615 615 3721 667 qua-

2183 696 2315 747 infra
2346 703 2643 747 creaturam
2683 688 2923 745 sancta‘in
2956 690 3263 743 rationalem
3293 700 3417 743 sunt
3439 729 3453 753 .
3489 704 3607 758 qua:
3636 690 3725 743 uti-

2172 800 2276 853 que
2321 784 2619 838 subduntur
2661 782 2933 837 Ecclesia).
2968 780 3021 834 In
3071 796 3174 848 qua
3226 783 3465 836 universa
3500 782 3720 837 Ecclesia

2174 884 2225 928 et
2258 874 2333 928 illi
2357 875 2461 927 duo
2490 874 2849 941 intelliguntur
2878 870 2968 924 lilii
3001 871 3170 940 major
3196 882 3248 925 et
3279 873 3449 926 minor
3475 887 3595 926 cum
3623 888 3721 927 om-

2178 964 2331 1017 nibus
2362 964 2562 1033 angebs
2588 954 2806 1025 sanetis,
2835 961 3026 1030 quibus
3055 964 3259 1016 erimus
3286 964 3521 1033 aequales
3550 963 3601 1015 in
3642 980 3724 1015 re-

2173 1072 2276 1126 gno
2306 1056 2499 1110 Christi
2547 1062 2603 1107 et
2642 1055 2752 1107 Dei.
2789 1054 2897 1107 lloc
2937 1062 3113 1105 autem
3164 1053 3237 1106 ita
3282 1054 3475 1107 dictum
3519 1066 3598 1107 est
3628 1073 3639 1105 :
3673 1054 3723 1106 Et

2173 1163 2283 1200 mea
2311 1146 2481 1198 omnia
2511 1156 2597 1196 tua
2626 1154 2761 1211 sunt,
2792 1151 2839 1195 et
2870 1153 2957 1194 tua
2982 1158 3115 1209 mea,
3142 1152 3201 1196 ut
3232 1144 3316 1197 hic
3339 1144 3407 1198 sit
3439 1144 3599 1197 etiam
3627 1145 3724 1212 ipsa

2174 1246 2414 1290 creatura
2444 1234 2737 1298 rationalis,
2766 1249 2884 1299 quae
2910 1248 3013 1287 non
3044 1234 3143 1288 nisi
3176 1236 3282 1288 Deo
3311 1235 3576 1299 subditur,
3613 1247 3664 1289 ut
3686 1254 3725 1287 et

2175 1341 2294 1393 qua:
2341 1327 2473 1380 infra
2506 1326 2649 1380 illam
2697 1333 2821 1379 sunt
2849 1335 3041 1379 cuncta
3090 1325 3401 1379 subdantur.
3456 1325 3580 1379 llaec
3617 1341 3727 1393 ergo

2175 1430 2294 1470 cum
2323 1416 2391 1469 sit
2420 1414 2513 1468 Dei
2543 1415 2734 1479 Patris,
2767 1428 2871 1467 non
2904 1413 3062 1467 simul
3087 1422 3231 1468 esset
3259 1421 3312 1466 et
3340 1412 3478 1477 Filii,
3513 1412 3612 1466 nisi
3644 1415 3727 1467 Pa-

2178 1508 2241 1560 tri
2273 1516 2415 1562 esset
2444 1506 2683 1574 aequalis.
2720 1505 2794 1558 De
2821 1506 2931 1573 ipsa
2962 1505 3158 1574 quippe
3182 1505 3410 1573 agebat,
3454 1518 3574 1558 cum
3601 1504 3729 1557 dict--

2179 1604 2259 1649 ret
2286 1613 2298 1647 :
2334 1594 2454 1649 Non
2486 1611 2577 1661 pro
2606 1595 2797 1647 mundo
2837 1610 2961 1663 rogo
2987 1634 3001 1658 ,
3046 1596 3135 1646 sed
3170 1609 3262 1662 pro
3290 1593 3368 1647 his
3398 1609 3521 1662 quos
3562 1594 3729 1645 dedisti

2180 1686 2323 1750 mihi,
2353 1686 2437 1755 qui
2466 1686 2539 1739 tui
2567 1696 2705 1751 sunt,
2734 1696 2778 1739 et
2806 1701 2913 1738 mea
2942 1686 3115 1738 omnia
3141 1697 3225 1737 tua
3254 1695 3392 1750 sunt,
3424 1698 3467 1739 et
3496 1697 3583 1739 tua
3611 1702 3728 1739 men.

529 1810 679 1871 tales,
705 1807 883 1875 quales
906 1819 996 1858 eos
1018 1803 1143 1855 dicit
1161 1800 1333 1854 verbis
1359 1801 1605 1867 praeteriti
1624 1796 1893 1865 temporis,
1918 1794 2066 1865 quasi

2192 1776 2287 1830 Nec
2314 1775 2392 1829 fas
2431 1785 2513 1829 est
2560 1784 2616 1827 ut
2660 1775 2853 1838 sancti,
2888 1775 2955 1829 de
2983 1774 3175 1842 quibus
3219 1776 3333 1829 lucc
3379 1775 3584 1829 locutus
3622 1786 3729 1835 est.

522 1900 635 1969 jam
680 1903 876 1959 essent,
928 1892 1282 1961 praenuntiatus
1324 1891 1505 1960 quales
1552 1889 1707 1943 luturi
1751 1895 1951 1951 essent,
1990 1899 2074 1939 ac-

522 2000 676 2059 cepto
704 1987 908 2041 scilicet
936 1984 1134 2054 Spiritu
1162 1994 1378 2049 sancto,
1412 1983 1499 2051 qui
1543 1995 1653 2043 eos,
1687 1979 1823 2033 sicut
1856 1976 2075 2045 promis-

518 2095 634 2133 sum
665 2087 779 2141 est,
810 2076 1026 2130 doceret
1056 2073 1274 2128 omnia:
1322 2087 1478 2141 quem
1515 2071 1819 2137 priusquam
1863 2068 2074 2135 accipe-

519 2180 660 2237 rent,
686 2166 947 2238 quomodo
969 2174 1315 2221 servaverunt
1344 2162 1459 2231 ejus
1487 2176 1788 2215 sermonem
1819 2160 1983 2231 (quod
2012 2160 2076 2215 de

526 2263 633 2316 illis
664 2260 809 2330 quasi
847 2257 1067 2311 fecerint
1095 2253 1274 2324 dixit),
1306 2255 1515 2321 quando
1559 2253 1757 2321 primus
1784 2266 1969 2305 eorum
1999 2261 2079 2305 ter

522 2369 642 2411 eum
676 2351 900 2421 negavit,
936 2365 1052 2403 cum
1081 2362 1144 2401 ex
1173 2362 1265 2400 ore
1288 2344 1403 2415 t-jus
1436 2344 1665 2399 audisset
1692 2342 1813 2412 quid
1846 2342 2075 2396 futurum

526 2451 669 2497 esset
697 2439 893 2493 homini
924 2439 1008 2506 qui
1040 2452 1160 2490 eum
1193 2450 1372 2490 coram
1406 2433 1703 2487 hominibus
1737 2432 2079 2500 negavisset?

526 2531 674 2585 Dedit
699 2544 825 2598 ergo
845 2530 922 2583 eis
952 2528 1133 2589 verba,
1163 2525 1299 2580 sicut
1325 2525 1474 2589 dicit,
1505 2540 1622 2592 quae
1653 2523 1800 2578 dedit
1826 2524 1872 2578 ei
1902 2522 2077 2578 Pater.

525 2622 628 2675 Sed
674 2620 885 2690 quando
913 2617 1001 2669 illa
1050 2630 1152 2669 non
1184 2614 1310 2669 loris
1341 2615 1391 2668 in
1434 2615 1682 2679 auribus,
1728 2613 1822 2667 sed
1855 2613 1993 2668 intus
2028 2612 2079 2666 in

522 2713 769 2767 cordibus
800 2709 1144 2780 spiritualiter
1173 2714 1491 2776 acceperunt
1516 2744 1530 2768 ,
1559 2715 1682 2757 tunc
1711 2718 1835 2758 vere
1864 2717 2080 2773 accepe-

524 2814 668 2869 runt,
700 2801 818 2873 quia
844 2810 975 2856 tunc
1017 2814 1139 2854 vere
1172 2806 1554 2868 cognoverunt.
1591 2796 1725 2852 Vere
1766 2807 1940 2851 autem
1986 2811 2080 2850 co-

523 2901 818 2963 gnoverunt
843 2933 859 2959 ,
891 2890 1010 2959 quia
1055 2904 1181 2942 vere
1209 2888 1564 2943 crediderunt.
1615 2888 1713 2953 lpsi
1744 2898 1917 2940 autem
1952 2884 2083 2938 Filio

531 2982 795 3057 quomodo
819 2982 975 3035 Pater
994 2993 1055 3033 ea
1080 2977 1237 3032 verba
1267 2976 1489 3042 dederit,
1514 2976 1702 3044 quibus
1728 2975 1899 3028 verbis
1923 2974 2079 3027 homo

532 3074 719 3145 poterit
752 3069 1060 3140 etplicare?
1107 3067 1336 3123 Facilior
1364 3080 1489 3119 sane
1516 3067 1736 3134 quaestio
1776 3066 1999 3128 videtur,
2034 3065 2075 3117 si

532 3166 820 3223 secundum
874 3163 925 3217 id
968 3161 1105 3231 quod
1150 3159 1311 3214 Filius
1355 3168 1436 3212 est
1490 3157 1715 3211 bomiuis
1752 3160 2022 3224 accepisse
2053 3172 2080 3206 ιι

532 3261 691 3314 Patre
720 3256 806 3310 illa
854 3252 1013 3307 Verba
1045 3251 1307 3314 credatur,
1340 3262 1637 3319 quanquam
1686 3256 1839 3301 natus
1879 3260 1942 3300 ex
1974 3244 2088 3298 Vir-

529 3352 674 3419 giue,
708 3344 919 3414 quando
951 3351 1005 3395 et
1031 3340 1293 3411 quomodo
1323 3353 1385 3393 ea
1427 3337 1689 3401 didicerit,
1724 3334 1841 3404 quis
1866 3345 2087 3388 enarra-

530 3424 887 3505 hit‘liquando
917 3432 1072 3486 etiam
1107 3431 1273 3498 ipsam
1314 3443 1430 3497 qua:
1478 3427 1542 3480 de
1583 3426 1795 3494 Virgine
1827 3425 1961 3477 facta
2008 3432 2091 3476 est

528 3529 901 3602 generationem
930 3527 1038 3597 ejus
1080 3521 1191 3591 quis
1222 3520 1468 3574 euarrabit
1519 3516 1649 3585 (Ιειοι.
1686 3516 1834 3597 bili)?
1876 3517 1932 3571 Si
1966 3530 2089 3569 vero

536 3618 825 3673 secundum
863 3614 912 3669 id
942 3612 1081 3682 quod
1130 3620 1209 3664 cst
1249 3610 1314 3662 de
1363 3608 1514 3661 Patre
1553 3606 1760 3678 genitus
1786 3648 1799 3669 ,
1850 3604 2091 3672 Patrique

530 3717 825 3764 coaeternus
852 3746 867 3770 ,
911 3702 1178 3771 accepisse
1216 3713 1244 3751 a
1290 3706 1439 3766 patre
1470 3697 1570 3749 ista
1622 3696 1780 3748 verba
1812 3694 2087 3763 cogitetur,

531 3802 664 3855 nihil
710 3799 780 3854 ibi
814 3795 1067 3865 temporis
1113 3792 1393 3860 cogitetur,
1429 3788 1579 3856 quasi
1635 3787 1777 3855 prius
1819 3786 1975 3839 fuerit
2004 3784 2089 3853 qui

533 3908 594 3947 ea
626 3905 728 3945 non
759 3886 1003 3943 habuerit
1029 3925 1043 3946 ,
1071 3894 1227 3949 atque
1257 3888 1314 3932 ut
1342 3879 1558 3932 haberet
1586 3892 1704 3947 qua:
1736 3892 1844 3930 non
1877 3875 2093 3927 haberet

538 3980 842 4049 acceperit,
873 3974 1119 4045 quoniam
1149 3968 1403 4039 quidquid
1455 3969 1595 4023 Deus
1629 3968 1781 4019 Pater
1827 3965 1932 4019 Deo
1962 3963 2094 4017 Filio

545 4071 729 4135 dedit,
778 4063 1040 4137 gignendo
1071 4061 1232 4115 dedit.
1268 4058 1338 4112 Ita
1391 4061 1531 4111 enim
1564 4057 1705 4109 dedit
1755 4055 1887 4109 Filio
1920 4054 2092 4119 Pater,

545 4161 660 4215 sine
687 4158 883 4226 quibus
899 4152 1068 4223 {illus
1096 4164 1216 4204 esse
1245 4164 1345 4201 non
1382 4157 1589 4213 posset,
1622 4144 1756 4199 sicut
1794 4145 1842 4197 ei
1872 4142 2013 4197 dedit
2040 4153 2097 4194 ιιι

545 4261 709 4307 esset.
732 4248 824 4301 Nu.
870 4243 1153 4328 qumodo
1181 4240 1335 4293 aliter
1358 4241 1517 4293 verbo
1548 4237 1703 4290 verba
1727 4237 1877 4291 daret
1902 4234 2093 4303 aliqua,

543 4347 593 4397 in
625 4357 728 4411 quo
758 4335 1091 4395 ittcuabiliter
1118 4334 1251 4387 dixit
1278 4330 1495 4387 omnia?

2178 1868 2487 1938 cujusquam
2517 1868 2644 1933 sint,
2686 1867 2786 1921 nisi
2817 1865 2933 1935 ejus
2965 1881 2995 1920 a
3028 1881 3133 1934 quo
3160 1867 3325 1921 creati
3356 1878 3409 1920 et
3435 1868 3730 1921 sanctilicsu

2178 1967 2320 2011 sunt.
2353 1958 2429 2013 Ac
2460 1972 2553 2027 per
2597 1958 2698 2012 hoc
2735 1958 2909 2010 omnia
2937 1971 3056 2025 qua:
3104 1956 3338 2022 ipsorum
3367 1968 3489 2010 sunt
3528 1973 3732 2011 necesse

2180 2057 2262 2103 est
2290 2057 2347 2103 ut
2373 2048 2490 2117 ejus
2517 2048 2625 2102 sint
2668 2048 2823 2114 cujus
2852 2057 2902 2102 et
2934 2048 3031 2114 ipsi
3062 2055 3205 2101 sunt.
3258 2047 3392 2115 Ergo
3423 2062 3541 2100 cum
3569 2057 3622 2101 et
3648 2048 3737 2107 PA"

2184 2137 2280 2191 tris
2304 2146 2355 2191 et
2381 2136 2501 2191 Filii
2533 2148 2676 2201 sunt,
2705 2137 2938 2205 aequales
2966 2151 3057 2190 eos
3084 2150 3202 2189 esse
3231 2136 3579 2202 demonstrat,
3610 2151 3734 2203 quo-

2182 2241 2297 2280 rum
2327 2226 2604 2294 aequaliter
2640 2234 2781 2278 sunt.
2826 2224 2954 2277 lllud
2999 2234 3174 2278 autem
3206 2226 3345 2293 quod
3384 2226 3455 2277 ait
3479 2263 3492 2287 ,
3537 2212 3650 2277 cum
3678 2227 3735 2276 de

2181 2316 2379 2386 Spiritu
2410 2325 2593 2370 sancto
2637 2316 2939 2384 loqueretur
2971 2334 2983 2367 :
3022 2316 3203 2369 Untnia
3243 2331 3357 2384 qua:
3397 2316 3542 2367 habet
3577 2313 3733 2375 Pater,

2182 2422 2291 2459 mea
2321 2415 2478 2472 sunt,
2523 2416 2788 2475 propterea
2818 2406 2927 2459 dixi
2950 2448 2963 2471 ,
3009 2408 3127 2475 quia
3168 2406 3232 2459 de
3271 2422 3381 2459 meo
3411 2407 3657 2472 accipiet,
3698 2422 3735 2456 η

2182 2499 2497 2551 annuntiabit
2528 2498 2665 2550 vobis
2690 2535 2704 2561 ,
2738 2496 2805 2549 de
2856 2496 2937 2549 his
2968 2499 3102 2549 dixit
3131 2512 3249 2564 quae
3280 2497 3343 2549 ad
3375 2497 3537 2565 ipsam
3582 2497 3736 2550 Panis

2184 2587 2448 2655 pertinent
2476 2584 2829 2649 divinitatem,
2864 2584 2914 2638 iu
2943 2584 3132 2653 quibus
3164 2583 3236 2637 illi
3264 2594 3347 2638 est
3371 2586 3608 2653 aequalis,
3635 2600 3737 2637 ont-

2184 2677 2268 2731 nia
2302 2692 2418 2744 qua
2469 2677 2626 2731 habet
2658 2676 2921 2731 habendo.
2967 2677 3145 2747 Neque
3176 2680 3318 2733 enim
3367 2678 3593 2746 Spiritus
3622 2693 3735 2733 san-

2183 2778 2297 2822 ctus
2324 2767 2391 2822 de
2418 2754 2655 2823 creatura
2690 2784 2807 2837 qua:
2846 2769 2985 2823 Patri
3016 2781 3096 2823 est
3126 2770 3332 2824 subdita
3369 2781 3422 2824 et
3454 2772 3609 2837 Filio,
3638 2774 3734 2826 [ιιιιο

2186 2866 2265 2910 rat
2293 2868 2604 2926 accepturus
2634 2858 2772 2925 quod
2802 2858 2909 2922 ait,
2940 2858 3003 2911 de
3041 2874 3151 2912 meo
3182 2858 3415 2925 accipiet,
3446 2860 3534 2913 sed
3567 2861 3737 2929 utique

2184 2948 2250 3003 de
2277 2948 2452 3014 Patre,
2486 2948 2553 3004 de
2583 2964 2687 3018 quo
2717 2949 2957 3018 procedit
2981 2950 3228 3018 Spiritus,
3261 2951 3329 3004 de
3356 2966 3461 3019 quo
3487 2962 3566 3006 est
3596 2963 3737 3005 natus

2186 3051 2237 3093 et
2267 3040 2443 3093 Filius.

2110 3102 2155 3163 δ
2265 3132 2331 3184 Et
2360 3133 2667 3200 clari/iratus
2698 3150 2828 3198 sum,
2857 3131 3043 3203 inquit,
3076 3134 3127 3187 in
3150 3134 3245 3186 eis.
3280 3133 3427 3188 Nunc
3454 3150 3600 3189 suam
3633 3136 3731 3189 cla-

2190 3222 2535 3277 ritieatiouem
2562 3237 2811 3293 tanquam
2837 3222 2973 3278 facta
3000 3227 3071 3279 sit
3094 3224 3242 3291 dicit,
3267 3236 3389 3279 cum
3412 3227 3580 3279 adhuc
3608 3236 3740 3280 esset

2191 3311 2398 3366 futura:
2435 3316 2677 3381 superius
2707 3324 2883 3369 autem
2926 3331 2954 3368 a
2991 3315 3144 3369 Patre
3180 3317 3431 3385 poscebat
3481 3328 3531 3370 ut
3577 3316 3737 3369 ﬂeret.

2190 3408 2289 3461 Sed
2322 3422 2491 3459 urunt
2543 3408 2653 3474 ipsa
2688 3407 2755 3460 sit
2802 3408 3110 3462 clarilicatio
3155 3409 3223 3463 de
3270 3424 3373 3477 qua
3404 3408 3604 3463 dixerat
3635 3426 3649 3460 :
3687 3412 3736 3460 hi

2191 3513 2321 3550 nunc
2350 3496 2576 3563 clariﬁca
2624 3515 2700 3549 me
2728 3509 2802 3561 tu,
2848 3495 3023 3559 Pater,
3058 3499 3195 3567 apud
3226 3500 3567 3565 temetipsum,
3598 3502 3742 3552 clari-

2192 3597 2291 3639 tate
2331 3604 2483 3655 quam
2512 3587 2665 3639 habui
2716 3590 2853 3655 prius
2890 3605 3041 3657 quam
3082 3591 3299 3642 mundus
3331 3601 3490 3655 esset,
3520 3597 3656 3657 apud
3683 3603 3739 3648 ιρι,

2196 3678 2375 3746 utique
2409 3678 2784 3747 requirendum
2817 3689 2918 3733 est.
2946 3681 3001 3734 Si
3032 3682 3173 3735 enim
3220 3684 3360 3751 apud
3392 3693 3455 3746 te,
3490 3686 3741 3752 quomoda

2195 3770 2246 3822 in
2278 3772 2388 3823 eis?
2412 3772 2488 3823 An
2514 3784 2630 3823 cum
2657 3773 2755 3824 hoc
2782 3771 2950 3840 ipsum
2976 3774 3261 3827 innotescit
3286 3773 3387 3836 eis,
3414 3788 3475 3827 ac
3499 3789 3587 3842 per
3614 3776 3743 3839 ipsos

2194 3859 2437 3913 omnibus
2484 3862 2572 3927 qui
2621 3861 2842 3913 credunt
2891 3862 2968 3915 eis
3026 3862 3248 3916 testibus
3296 3866 3431 3926 suis,
3483 3879 3745 3932 possumus

2198 3949 2351 4018 plane
2377 3951 2451 4005 sic
2484 3952 2777 4019 intelligere
2805 3951 3005 4007 dixisse
3053 3953 3332 4007 Dominum
3383 3955 3450 4009 de
3497 3955 3747 4022 Apostolis

2197 4040 2334 4107 quod
2388 4041 2706 4094 clarilicatus
2734 4041 2807 4093 sit
2845 4041 2894 4094 itt
2923 4042 3037 4097 eis?
3070 4042 3299 4097 Dicendo
3346 4045 3486 4098 enim
3515 4059 3631 4098 esse
3649 4043 3746 4112 jam

2201 4131 2414 4195 factum,
2449 4131 2681 4185 ostendit
2711 4133 2817 4201 jam
2862 4131 3023 4187 fuisse
3065 4133 3519 4201 praedestinatum,
3547 4142 3600 4188 et
3644 4150 3748 4187 cer-

2201 4231 2306 4274 tum
2334 4223 2509 4275 haberi
2544 4224 2707 4275 voluit
2736 4224 2876 4292 quod
2900 4233 3043 4277 esset
3070 4223 3323 4277 futurum.

2275 4314 2338 4365 Et
2358 4317 2495 4383 jam,
2530 4314 2711 4382 inquit,
2746 4331 2844 4367 non
2870 4331 2977 4367 sum
3011 4316 3061 4366 in
3104 4317 3311 4379 mundo,
3345 4327 3390 4368 et
3417 4316 3469 4369 lti
3499 4317 3549 4368 in
3575 4319 3752 4367 ntundn

614 4403 721 4503 Ego
750 4448 841 4500 pro
865 4431 935 4483 eis
965 4443 1109 4497 rogo,
1141 4442 1241 4477 non
1282 4439 1371 4493 pro
1396 4424 1581 4476 mundo
1611 4437 1761 4493 rago,
1791 4420 1879 4474 sed
1910 4435 1999 4487 pro
2027 4419 2097 4472 eis
2128 4443 2174 4502 Ι)
2201 4416 2334 4457 sunt.
2364 4403 2419 4461 Si
2446 4405 2625 4459 horam
2655 4422 2870 4473 prorsus
2911 4407 3052 4459 illam
3084 4422 3187 4475 qua
3238 4408 3551 4476 loquebatur
3592 4418 3755 4462 atten-

538 4543 664 4593 quos
694 4522 874 4575 dedisti
916 4517 1063 4571 mihi.
1099 4516 1345 4570 Mundum
1376 4514 1484 4565 vult
1513 4513 1670 4566 modo
1714 4510 1934 4578 intelligi
1961 4550 1973 4573 ,
2009 4510 2097 4578 qui

545 4618 729 4669 vivunt
774 4608 1061 4665 secundum
1108 4605 1590 4673 concupiscentiam
1638 4601 1855 4663 mundi,
1900 4609 1954 4654 et
1995 4614 2098 4653 non

541 4718 659 4759 sunt
693 4706 743 4758 in
770 4717 832 4757 ea
860 4710 1001 4755 sorte
1026 4700 1233 4768 gratim,
1269 4707 1324 4749 ut
1352 4695 1417 4748 ab
1449 4694 1536 4746 illo
1565 4694 1824 4757 eligantur
1852 4706 1912 4745 ex
1947 4702 2096 4741 mun-

543 4802 632 4851 do.
665 4797 773 4850 Non
802 4792 985 4860 itaque
1014 4804 1109 4859 pro
1130 4788 1347 4851 mundo,
1378 4785 1467 4840 sed
1499 4801 1590 4852 pro
1620 4785 1699 4837 his
1725 4798 1856 4850 quos
1877 4782 1923 4836 ei
1950 4780 2103 4836 Pater

556 4893 699 4945 dedit
748 4901 935 4957 rogare
976 4898 1035 4936 se
1077 4882 1221 4934 dicit.
1257 4881 1352 4933 Per
1397 4877 1495 4930 hoc
1540 4877 1677 4930 enim
1711 4875 1846 4943 quod
1895 4887 1985 4928 eos
2031 4873 2102 4926 illi

549 4986 703 5039 Pater
743 4982 849 5049 jam
892 4976 1068 5038 dedit,
1105 4973 1297 5025 factum
1345 4980 1421 5024 est
1469 4978 1524 5023 ut
1571 4983 1671 5021 non
1716 4967 2010 5035 pertineant
2039 4964 2101 5018 ad

547 5088 666 5129 eum
699 5067 977 5130 mundum,
1011 5080 1104 5133 pro
1126 5078 1229 5130 quo
1259 5076 1361 5115 non
1387 5070 1553 5127 rogat.
1585 5058 1779 5110 Deinde
1802 5055 2103 5123 subjuugit:

621 5160 749 5225 Quia
788 5157 860 5211 tui
904 5163 1037 5207 sunt.
1090 5152 1268 5219 Neque
1299 5150 1437 5202 enim
1476 5147 1594 5215 quia
1636 5146 1788 5199 Pater
1833 5158 1925 5197 eos
1978 5142 2107 5195 Filio

553 5254 718 5317 dedit,
749 5250 922 5304 amisit
952 5247 1086 5313 ipse,
1119 5258 1254 5311 quos
1285 5242 1450 5302 dedit,
1491 5255 1607 5291 cum
1641 5238 1809 5289 adhuc
1838 5235 1999 5288 Filius
2026 5250 2109 5287 se-

548 5356 758 5416 quatur,
790 5352 839 5393 et
865 5340 1005 5391 dicat
1035 5356 1041 5386 :

631 5434 688 5487 Et
714 5448 821 5485 mea
853 5428 1020 5481 omnia
1052 5436 1137 5477 tuo
1167 5433 1279 5475 sunt
1302 5463 1316 5486 ,
1350 5434 1393 5474 et
1440 5432 1524 5471 tua
1558 5437 1683 5471 mea.
1726 5418 1820 5471 Ubi
1853 5418 1979 5469 satis
2011 5431 2113 5484 ap-

567 5538 709 5595 paret
741 5524 1005 5592 qunmodo
1038 5515 1285 5584 unigeniti
1330 5513 1447 5566 Filii
1492 5513 1595 5564 sint
1626 5509 1799 5563 omnia
1839 5524 1953 5577 qute
1990 5514 2115 5560 sunt

558 5619 753 5673 Patris;
788 5630 877 5683 per
911 5614 1005 5665 hoc
1033 5609 1232 5677 utique,
1263 5605 1397 5674 quod
1427 5605 1585 5657 etiam
1622 5604 1732 5667 ipsc
1766 5602 1898 5653 Deus
1926 5610 2027 5662 est,
2061 5608 2113 5652 ot

551 5713 612 5759 dc
658 5706 805 5759 l‘stre
840 5704 974 5756 i’atri
1004 5710 1082 5753 est
1115 5714 1265 5749 natus
1315 5697 1528 5763 :rqunlis
1557 5736 1568 5755 ,
1613 5709 1712 5744 non
1742 5689 2005 5760 ιιιιωιιιοιὶο
2032 5689 2111 5741 (ii-

2207 4498 2321 4561 das,
2357 4498 2563 4566 utrique
2594 4500 2766 4552 adhuc
2798 4501 2848 4551 in
2875 4500 3069 4552 mundo
3091 4508 3262 4566 erant,
3292 4510 3346 4561 et
3374 4502 3507 4569 ipse,
3538 4501 3749 4559 scilicet.

2207 4592 2356 4645 etilli
2389 4592 2454 4644 de
2486 4592 2673 4659 quibus
2708 4593 2806 4645 hoc
2854 4592 3082 4645 dicebat.
3127 4590 3238 4645 Non
3285 4594 3425 4646 enim
3477 4597 3756 4645 secundum

2210 4683 2499 4752 proiectum
2533 4684 2705 4737 cordis
2738 4694 2789 4735 et
2822 4682 2941 4735 vitae
2989 4682 3037 4736 id
3082 4683 3325 4751 accipere
3369 4699 3650 4751 possumus
3688 4690 3757 4734 vel

2208 4775 2483 4839 debemus,
2520 4786 2573 4827 ut
2604 4776 2675 4828 illi
2721 4782 2998 4841 proliterea
3038 4790 3155 4827 esse
3202 4776 3374 4827 adhuc
3420 4776 3661 4827 dicantur
3715 4776 3757 4825 in

2211 4868 2426 4931 mundo,
2458 4867 2594 4934 quod
2629 4866 2888 4919 mundana
2940 4865 3113 4919 adhuc
3164 4867 3402 4933 sapiant;
3461 4868 3549 4920 ille
3594 4878 3758 4919 autem

2206 4960 2311 5027 jam
2367 4975 2467 5011 non
2502 4974 2620 5013 esse
2670 4958 2720 5012 in
2762 4958 2993 5023 mundo,
3024 4959 3277 5025 sapiendo
3309 4960 3505 5012 divina.
3544 4962 3761 5012 Positum

2212 5066 2286 5105 est
2321 5052 2458 5105 enim
2494 5050 2579 5103 hic
2624 5066 2781 5103 unum
2828 5050 3045 5103 verbum
3076 5048 3213 5115 quod
3248 5063 3341 5102 nos
3375 5049 3442 5102 ita
3479 5049 3762 5111 intelligi-re

2209 5142 2425 5194 omnino
2477 5154 2578 5192 non
2630 5139 2789 5202 sinat,
2832 5140 2952 5206 quia
2994 5152 3098 5191 non
3144 5139 3259 5191 ait:
3297 5138 3362 5191 Et
3409 5155 3509 5194 non
3561 5155 3676 5191 Sum
3723 5140 3764 5187 in

2217 5230 2431 5293 mundo,
2463 5228 2552 5281 sed
2590 5244 2601 5278 :
2630 5226 2747 5277 Jam
2773 5242 2873 5279 non
2900 5242 3009 5278 sum
3034 5227 3083 5278 in
3111 5228 3319 5290 mundo,
3351 5242 3441 5295 per
3475 5229 3575 5281 hoc
3603 5239 3767 5281 Osten-

2212 5322 2342 5374 dcus
2369 5335 2427 5373 se
2458 5320 2619 5371 luisse
2668 5318 2719 5370 in
2759 5318 2975 5381 mundo,
3024 5318 3134 5386 jam
3191 5332 3294 5369 non
3345 5332 3482 5371 esse.
3537 5318 3768 5381 Nonum

2215 5427 2340 5480 ergo
2372 5410 2447 5464 fas
2487 5421 2570 5463 est
2602 5420 2657 5462 ut
2688 5424 2807 5463 eum
2855 5409 3136 5463 credamus
3186 5408 3471 5476 aliquando
3521 5412 3770 5462 mundana

2214 5502 2472 5569 sapuisse,
2518 5510 2571 5553 et
2612 5502 2676 5551 ab
2706 5499 2805 5553 hoc
2846 5513 3029 5552 crr0te
3080 5497 3383 5561 liberatum,
3426 5497 3533 5566 jam
3567 5498 3655 5551 illa
3682 5516 3773 5549 non

2217 5593 2588 5661 s:ipere?Quis
2621 5601 2721 5643 tam
2768 5589 2929 5657 impio
2958 5604 3119 5643 sensu
3166 5604 3223 5643 se
3275 5588 3549 5644 induerit?
3606 5589 3775 5642 Restat

2219 5687 2372 5751 igitur
2426 5696 2475 5737 ut
2525 5684 2815 5735 secundum
2867 5682 2914 5735 id
2948 5682 3085 5751 quod
3136 5682 3296 5737 etiam
3348 5682 3546 5750 ipsein
3591 5680 3777 5735 munda
