3884 6232
153 362 245 415 m
1080 357 1145 415 IN
1185 358 1240 414 S.
1284 354 1561 413 JOANNIS
1602 353 1733 409 EVA

1846 350 2045 408 ELIUM
2088 348 2464 406 EXPOSITIO.

3310 350 3429 405 88?

152 493 290 540 prius
313 476 529 539 arat,in
555 473 755 529 mundo
776 488 836 529 se
857 472 1053 529 dixerit
1064 474 1174 544 jam
1194 488 1299 528 non
1322 486 1461 537 esse,
1488 468 1725 540 profecto
1756 469 1804 529 Α
1903 465 2043 530 Quos
2088 465 2273 519 dedisti
2316 465 2460 527 mihi,
2510 480 2601 536 ego
2654 465 2923 528 custodisti,
2967 473 3013 518 et
3057 480 3200 519 nemo
3240 480 3302 517 es
3329 465 3408 517 his

152 567 435 631 trrzesentia
484 568 771 633 corporali,
815 582 844 620 11
889 565 1108 627 mundo.
1153 566 1385 631 scilicet,
1430 562 1726 619 absentiam

149 673 297 709 suam
328 657 445 725 jam
477 659 584 711 cito
615 655 868 719 futuram,
906 655 1117 709 illorum
1149 664 1327 710 autem
1356 654 1559 709 tardius
1593 672 1604 707 :
1636 668 1731 723 per

151 750 251 804 hoc
277 750 589 815 ostendens,
617 750 754 817 quod
783 766 840 805 se
857 749 969 819 jam
995 764 1098 803 non
1132 748 1217 803 hic
1241 763 1380 815 esse,
1406 748 1522 802 illos
1549 752 1729 801 autem

152 842 238 893 hic
263 855 388 896 esse
412 841 566 908 dixit,
601 857 718 896 cum
752 852 805 893 et
846 840 959 908 ipse
986 840 1092 906 hic,
1124 849 1179 895 et
1204 840 1277 893 illi
1310 840 1415 904 ltic,
1447 838 1619 892 adhuc
1646 852 1729 893 es-

149 941 289 984 sent.
322 931 413 986 Sic
438 932 581 985 enim
610 941 692 985 est
725 932 929 985 locutus
980 930 1138 986 homo
1167 945 1467 999 congruens
1500 928 1732 983 homini-

151 1022 270 1084 bus,
305 1028 363 1073 ut
392 1035 505 1074 mos
555 1020 799 1091 loquendi
831 1037 952 1076 sese
984 1021 1140 1077 habet
1186 1021 1470 1076 humanus.
1504 1020 1583 1074 An
1623 1036 1731 1074 non

148 1110 393 1175 quotidie
431 1110 661 1166 dicimus
690 1110 840 1166 :Jatn
872 1126 977 1167 non
1004 1121 1088 1167 est
1120 1112 1223 1176 hic,
1259 1112 1325 1167 de
1354 1111 1534 1179 aliquo
1562 1126 1730 1182 quau-

150 1199 326 1254 tocius
372 1201 617 1256 abituro?
651 1202 712 1256 Et
756 1202 989 1257 maxime
1034 1202 1134 1256 1100
1183 1204 1251 1257 de
1300 1203 1569 1255 morituris
1597 1202 1733 1256 solet

148 1288 278 1357 dici,
296 1306 600 1361 quanquam
630 1300 683 1346 et
713 1293 827 1359 ipse
854 1290 1127 1354 Dominus,
1151 1303 1399 1360 tanquam
1434 1291 1731 1360 prmvidens

150 1380 280 1447 quid
312 1379 545 1435 lecturos
573 1396 790 1436 movere
821 1390 1020 1450 posset,
1051 1381 1137 1450 adj
1164 1382 1248 1435 icit
1273 1397 1287 1435 :

220 1465 289 1522 Et
316 1484 408 1541 ego
434 1470 503 1521 ad
530 1482 575 1524 te
601 1471 772 1525 venio.
803 1471 890 1527 Sic
920 1486 1193 1540 exponens
1215 1470 1607 1541 quodammodo
1636 1486 1735 1526 cur

143 1562 344 1617 dixerit
370 1580 382 1614 :
405 1560 529 1615 Jam
576 1579 681 1617 11011
719 1580 833 1617 sum
874 1564 927 1617 in
964 1565 1175 1619 1111111110.
1208 1564 1562 1618 Commendat
1605 1577 1736 1631 ergo

152 1651 301 1706 Patri
332 1668 428 1709 eos
450 1667 587 1724 quos
618 1654 884 1724 corporali
914 1656 1158 1711 absentia
1191 1656 1477 1712 relicturus
1507 1663 1611 1721 est,
1656 1653 1737 1707 di-

144 1759 276 1807 CBM
300 1762 317 1801 2

1834 557 2006 623 periit,
2036 556 2134 608 nisi
2164 555 2305 621 ﬁlius
2341 554 2663 625 perditionis,
2701 566 2755 607 ut
2807 554 3071 621 Scriptura
3118 553 3411 622 impleatur.

1836 646 1999 700 Filius
2046 644 2358 713 perditionis
2414 645 2586 699 dictus
2617 656 2697 699 est
2728 644 2951 699 traditos
2993 642 3205 708 Christi,
3240 645 3411 710 perdi-

1839 741 1968 795 tioni
2002 741 2432 811 praedestinatus,
2475 741 2765 794 secundum
2796 741 3147 808 Scripturam,
3176 740 3296 810 quia
3340 738 3409 792 do

1835 833 1926 886 illo
1980 833 2029 886 in
2078 834 2284 901 psalmo
2331 831 2625 886 centesimo
2668 844 2854 885 oetavo
2903 829 3131 885 maxime
3177 829 3403 897 propba-

1832 932 1993 977 tatur.

1910 1011 2061 1067 Nunc
2101 1021 2290 1078 autem,
2335 1013 2522 1082 inquit,
2569 1013 2636 1064 ad
2665 1022 2711 1064 te
2742 1015 2919 1075 venio;
2952 1022 2993 1063 et
3026 1012 3129 1065 Inec
3155 1009 3332 1079 loquor
3354 1010 3407 1063 in

1834 1107 2049 1169 mundo,
2074 1112 2133 1158 ut
2151 1104 2367 1158 habeant
2399 1104 2644 1176 gaudium
2679 1119 2842 1155 meum
2868 1102 3128 1171 impletum
3153 1102 3205 1154 in
3234 1109 3412 1154 semet-

1834 1200 1981 1270 ipsis.
2029 1199 2165 1251 Ecce
2198 1199 2251 1251 in
2286 1198 2480 1250 mundo
2529 1211 2587 1250 se
2618 1198 2758 1263 loqui
2788 1196 2936 1260 dicit,
2968 1194 3055 1261 qui
3096 1193 3251 1262 paulo
3289 1200 3433 1245 anto-

1839 1292 2049 1346 dixerat
2078 1308 2090 1343 :
2117 1291 2238 1343 Jam
2284 1306 2385 1345 non
2414 1307 2523 1344 sum
2557 1292 2616 1343 iis
2644 1289 2853 1342 mundo.
2882 1288 3030 1354 Quod
3070 1300 3165 1339 cur
3193 1284 3407 1347 dixerit,

1847 1381 1919 1436 ibi
1952 1380 2313 1449 exposuimus,
2348 1380 2453 1433 imo
2482 1380 2650 1446 ipsum
2684 1378 2731 1431 id
2762 1376 3073 1445 exposuisse
3110 1373 3407 1428 docuimus.

1844 1474 1984 1543 Ergo
2004 1484 2060 1528 et
2089 1472 2210 1542 quia
2238 1472 2465 1525 nondum
2497 1468 2719 1536 abierat,
2753 1469 2837 1524 hic
2857 1469 3027 1521 adhuc
3047 1480 3193 1531 erat;
3217 1472 3271 1520 et
3290 1467 3408 1532 quia

1842 1578 1965 1617 mox
1991 1564 2153 1618 luerat
2180 1563 2440 1624 abiturus,
2472 1562 2555 1615 hic
2577 1557 2971 1630 quodammodo
3000 1557 3105 1625 jam
3141 1570 3245 1609 non
3268 1566 3406 1615 erat.

1842 1655 1994 1719 Quod
2046 1655 2115 1709 sit
2142 1662 2323 1707 autem
2369 1653 2469 1704 hoc
2519 1650 2794 1720 gaudium,
2832 1651 2897 1703 de
2925 1664 3030 1717 quo
3071 1648 3183 1700 ait:
3218 1644 3286 1701 Ut
3322 1646 3413 1696 Ita-

1849 1746 1993 1797 beant
2014 1743 2260 1814 gaudium
2299 1757 2466 1794 meum
2502 1741 2759 1809 impletum
2789 1740 2842 1792 in
2868 1739 3164 1807 semetipsis,
3186 1735 3303 1807 jam»
3328 1749 3414 1786 su-

227 1834 388 1891 Pater
415 1848 609 1903 sancte,
641 1852 787 1890 serva
832 1852 915 1892 eos
942 1838 996 1891 in
1033 1837 1236 1892 nomine
1264 1846 1373 1902 tuo,
1404 1852 1527 1907 quos
1554 1837 1741 1892 dedisti
1770 1815 1819 1878 Β
1848 1834 2020 1902 perius
2049 1847 2357 1899 expressum
2390 1839 2490 1897 est,
2523 1832 2609 1885 ubi
2634 1831 2705 1884 ait
2737 1849 2749 1883 :
2782 1828 2850 1884 Ut
2870 1830 2969 1884 sint
2999 1843 3175 1893 unum,
3207 1828 3337 1880 sicut
3367 1833 3415 1876 et

147 1930 299 1981 mihi.
335 1928 538 1996 Nempe
567 1930 706 1983 sicut
737 1930 901 1985 homo
930 1929 1098 1985 Deum
1144 1938 1297 1997 rogat
1337 1944 1432 1999 pro
1458 1930 1736 2000 discipulis

149 2020 266 2073 suis
296 2035 433 2085 quos
462 2021 669 2088 accepit
695 2020 887 2075 a.Deo.
920 2020 1026 2075 Sed
1050 2022 1266 2076 attende
1287 2023 1428 2092 quod
1461 2023 1728 2091 sequitur:

224 2110 296 2167 Ut
344 2114 468 2176 sint,
515 2112 705 2182 inquit,
757 2128 937 2177 unum,
969 2112 1099 2167 sicut
1145 2121 1193 2165 et
1230 2127 1341 2165 nos.
1376 2112 1491 2167 Non
1534 2112 1739 2170 ait:Ut

149 2205 432 2258 nobiscum
464 2203 573 2258 sint
621 2218 816 2269 unum;
853 2214 940 2257 aut
968 2221 979 2255 :
1006 2202 1075 2259 Ut
1122 2203 1291 2257 simus
1331 2218 1494 2257 unum
1524 2212 1579 2259 et
1608 2203 1735 2275 ipsi,

146 2304 202 2349 et
249 2308 369 2360 nos,
422 2295 562 2351 sicut
609 2310 771 2348 unum
825 2308 1010 2348 sumus
1060 2308 1185 2358 nos;
1244 2294 1338 2350 sed
1393 2293 1606 2350 ait:Ut
1634 2294 1736 2348 sint

148 2400 331 2448 unum,
385 2386 516 2438 sicut
565 2395 613 2439 et
659 2401 772 2438 nos.
806 2383 906 2453 Ipsi
961 2385 1140 2454 utique
1171 2384 1223 2438 in
1273 2393 1462 2439 natura
1508 2400 1602 2440 sua
1631 2385 1737 2454 siut

149 2401 331 2448 unum,
385 2401 516 2438 sicut
565 2401 613 2439 et
659 2401 772 2438 nos.
807 2401 906 2453 ψει
961 2401 1140 2454 utique
1171 2401 1223 2438 111
1273 2401 1462 2439 natura
1508 2401 1602 2440 sua
1631 2401 1734 2440 snt

149 2492 343 2537 unum.
378 2478 515 2531 sicut
557 2488 612 2533 et
660 2493 758 2531 nos
791 2479 842 2532 in
895 2484 1076 2533 nostra
1126 2494 1286 2531 unum
1331 2494 1537 2537 sumus.
1585 2401 1734 2635 Quo}

154 2568 341 2635 procul
375 2569 537 2622 dubio
567 2584 751 2624 verum
800 2585 903 2624 non
948 2570 1172 2634 diceret,
1206 2571 1308 2626 nisi
1340 2572 1481 2630 Dens
1525 2571 1623 2628 hoc
1650 2573 1734 2628 (1”-

154 2568 341 2635 1110001
375 2569 537 2622 dubio
567 2584 751 2624 verum
800 2585 903 2624 non
948 2570 1172 2634 diceret,
1206 2571 1308 2626 nisi
1340 2572 1481 2630 Dens
1525 2571 1623 2628 hoc
1650 2568 1735 2635 di-

156 2670 325 2723 ceret,
357 2660 498 2729 quod
526 2660 769 2728 ejusdem
802 2671 1005 2717 natura:
1035 2661 1172 2716 Deus
1212 2672 1315 2729 est,
1347 2662 1501 2732 cujus
1545 2667 1606 2720 et’
1639 2664 1736 2717 Pa-

154 2758 261 2814 ter,
311 2750 607 2805 secundum
656 2750 797 2821 quod
828 2752 950 2808 alibi
980 2752 1110 2807 dixit
1137 2769 1152 2809 :
1178 2751 1290 2823 Ego
1319 2762 1366 2809 et
1395 2752 1551 2817 Pater
1579 2770 1735 2813 unum

152 2854 335 2893 sumus
368 2838 551 2908 (101111.
578 2840 659 2909 x),
688 2856 792 2895 non
815 2843 1108 2897 secundum
1143 2844 1193 2897 id
1221 2845 1359 2913 quod
1384 2844 1541 2917 etiam
1575 2845 1736 2906 homo

153 2942 275 2993 επις
308 2945 429 2983 nam
480 2931 779 2986 secundum
808 2930 931 3000 hoc,
981 2930 1137 2988 Pater
1189 2936 1355 3007 major
1386 2952 1464 2991 nte
1489 2947 1561 2993 est
1605 2936 1736 2998 dixit

146 3023 330 3090 (101111.
363 3025 497 3091 ιη).
1495 3044 1501 3055 ’

219 3113 350 3169 Cum
376 3130 538 3168 essem
563 3131 676 3168 cum
700 3116 793 3182 eis,
822 3132 915 3189 ego
937 3117 1198 3172 servabam
1220 3135 1303 3173 eos
1325 3122 1376 3173 in
1398 3122 1599 3179 nomine
1622 3131 1727 3181 1110.

148 3206 255 3269 Me,
306 3206 501 3274 inquit,
556 3206 803 3263 veniente
852 3208 919 3262 ad
972 3217 1043 3276 te,
1093 3224 1246 3265 serva
1288 3227 1379 3266 eos
1418 3213 1471 3267 111
1517 3213 1733 3273 nomine

149 3312 265 3362 tuo,
300 3298 352 3352 in
379 3313 485 3368 quo
530 3314 645 3361 eos,
676 3300 891 3367 quando
922 3316 1042 3355 cum
1071 3304 1149 3356 eis
1180 3318 1348 3366 eram,
1384 3314 1435 3359 et
1478 3305 1592 3375 ipse
1628 3322 1729 3364 scr-

154 3390 368 3442 vabam.
421 3387 476 3443 In
520 3389 736 3444 nomine
780 3388 952 3445 Patris
999 3393 1244 3446 servabat
1272 3393 1565 3461 discipulos
1611 3410 1733 3453 suus

150 3479 319 3533 Filius
371 3482 549 3545 homo,
586 3480 713 3533 cnm‘
759 3482 837 3534 eis
878 3482 1105 3535 ltumana
1160 3486 1437 3551 prtesentia
1469 3490 1730 3546 constitu-

151 3581 260 3625 tus.
297 3570 401 3625 Sed
440 3557 788 3625 etiam'Pater
814 3574 864 3626 in
902 3577 1116 3630 nomine
1147 3576 1264 3631 Filii
1298 3582 1566 3645 servabat,
1598 3598 1731 3649 quos

156 3664 208 3713 111
265 3660 484 3716 nomine
539 3662 658 3716 Filii
723 3674 962 3736 petentes
1012 3668 1348 3722 exaudiebat.
1398 3670 1489 3724 llis
1542 3673 1737 3741 quippe

150 3754 295 3807 idem
337 3752 377 3807 F
382 3751 505 3807 ilius
531 3753 743 3808 dixerat
770 3772 781 3807 :
816 3756 980 3809 Amen
1024 3774 1171 3811 amen
1216 3760 1329 3812 dico
1353 3761 1511 3829 vobis,
1542 3762 1584 3815 si
1612 3763 1735 3831 quid

152 3841 403 3905 petieritis
435 3841 646 3896 Patrem
689 3845 743 3897 in
789 3847 995 3899 nomine
1026 3864 1156 3913 meo,
1190 3850 1325 3902 dabit
1356 3852 1511 3905 vobis.
1556 3852 1736 3922 Neque

153 3932 257 3986 hoc
295 3942 404 3986 tam
430 3932 726 3987 carnaliter
754 3934 1015 3989 debemus
1064 3936 1325 4005 accipere,
1361 3940 1524 3994 veluti
1572 3942 1733 3995 vicis-

148 4022 250 4074 sim
282 4035 381 4074 nos
407 4031 620 4075 servent
666 4021 821 4076 Pater
865 4031 917 4077 el
949 4024 1139 4091 Filius,
1193 4030 1467 4084 amborum
1500 4030 1552 4084 in
1584 4032 1737 4086 nobis

147 4110 523 4166 custodiendis
584 4113 881 4167 alternante
933 4117 1171 4169 cusmdia
1209 4158 1222 4181 ,
1279 4120 1430 4188 quasi
1485 4124 1736 4176 succedat

152 4204 295 4255 alius
318 4203 535 4272 quando
558 4204 863 4260 discesserit
890 4209 1047 4261 alius.
1076 4209 1243 4264 Simul
1266 4213 1407 4265 enim
1435 4228 1532 4267 nos
1561 4224 1736 4268 custo-

145 4295 304 4349 diunt
336 4294 519 4361 Pater,
553 4307 606 4350 et
660 4296 849 4363 Filius,
887 4309 937 4353 et
975 4299 1206 4370 Spiritus
1250 4315 1483 4369 sanctus,
1517 4308 1606 4376 qui
1654 4319 1736 4363 est

151 4401 291 4441 unus
324 4400 483 4463 verus
511 4386 699 4441 beatus
732 4390 890 4443 Deus.
932 4389 1033 4446 Sed
1076 4391 1350 4462 Scriptura
1382 4412 1477 4449 nos
1511 4415 1612 4452 uiui
1657 4400 1733 4452 le—

154 4488 263 4542 vat,
295 4478 397 4532 nisi
421 4479 709 4534 descendat
735 4482 799 4534 ad
832 4483 1107 4549 nos,sicut
1131 4486 1362 4541 Verbum
1388 4504 1511 4543 caro
1539 4490 1735 4545 iactant
1765 4512 1815 4573 υ

151 4571 431 4624 descendit
477 4580 532 4624 ut
560 4572 781 4640 levaret,
815 4589 920 4628 non
964 4576 1157 4630 cecidit
1202 4588 1253 4631 ut
1281 4578 1506 4649 jaceret.
1541 4582 1593 4637 Si
1636 4583 1731 4637 110-

154 4662 506 4716 scendentem
539 4666 909 4734 cognovimus,
936 4682 1054 4723 cum
1089 4668 1297 4725 levante
1342 4686 1641 4741 surgamus,
1684 4683 1736 4727 et

154 4756 539 4827 intelligamus,
572 4772 690 4812 cum
725 4759 792 4813 ita
823 4762 1073 4831 loquitur,
1108 4778 1365 4830 personas
1395 4783 1516 4822 eum
1550 4770 1736 4826 distin-

152 4862 341 4917 guere,
393 4862 497 4902 non
528 4863 777 4919 separare
816 4864 1051 4907 naturas.
1087 4854 1306 4921 Quando
1337 4872 1464 4926 ergo
1489 4860 1734 4919 servabat

151 4937 451 5006 discipulos
481 4954 608 4992 suos
658 4939 822 4995 Filius
857 4946 1133 5009 praesentia
1179 4947 1466 5015 corporali,
1501 4963 1602 5002 11011
1636 4966 1737 5006 011-

155 5033 437 5099 spectabat
482 5032 636 5088 Pater
689 5035 753 5087 ad
806 5036 1213 5090 custodiendum
1265 5039 1559 5097 succedere
1601 5042 1734 5103 Filio

156 5124 480 5192 discedenti,
528 5130 622 5182 sed
653 5144 747 5182 eos
794 5130 951 5182 ambo
996 5130 1278 5185 servabant
1309 5136 1540 5199 potentia
1582 5136 1732 5203 spiri-

161 5220 319 5284 tuali;
372 5228 428 5274 et
471 5222 685 5289 quando
710 5223 895 5276 abiens
942 5213 1160 5279 abstuiit
1202 5224 1365 5280 Filius
1392 5230 1733 5294 praesentiam

156 5313 513 5381 corporalem,
564 5314 731 5367 tenuit
775 5329 895 5368 eum
952 5315 1105 5371 Patre
1141 5317 1434 5372 custodiam
1477 5320 1729 5388 spiritua—

162 5406 287 5465 lein,
317 5403 437 5469 quia
468 5412 522 5455 et
549 5405 927 5459 custodiendos
950 5407 1159 5475 quando
1186 5406 1353 5463 Filius
1386 5409 1550 5465 homo
1578 5426 1734 5468 acce-

162 5494 255 5561 pit,
279 5492 537 5545 custodite
576 5504 812 5557 paternas
842 5510 945 5547 non
984 5510 1077 5548 eos
1106 5495 1361 5561 abstulit;
1398 5507 1454 5552 et
1482 5480 1732 5555 01111ιῖ1³0-

164 5592 241 5637 ter
267 5582 405 5635 Filio
435 5582 819 5637 custodiendos
844 5585 1009 5653 dedit,
1043 5601 1146 5643 non
1192 5588 1337 5643 dedit
1362 5592 1478 5647 sine
1510 5593 1625 5661 ipso
1648 5594 1730 5648 cui

162 5673 330 5736 dedit,
358 5673 450 5727 sed
483 5671 685 5727 homini
720 5674 859 5729 Filio
888 5694 989 5732 non
1042 5680 1157 5737 sine
1200 5680 1331 5749 Deo,
1374 5684 1561 5740 eodem
1618 5686 1730 5757 ipso

168 5776 349 5832 anque
377 5763 532 5821 Filio.
560 5764 811 5837 Sequitur
840 5782 963 5839 ergo
992 5769 1176 5841 Filius,
1208 5782 1260 5829 et
1282 5774 1411 5833 dicit
1438 5793 1448 5829 :

1852 1943 1964 1980 nos.
2014 1926 2123 1979 lloc
2150 1926 2401 1995 gaudium
2446 1940 2623 1993 suum,
2653 1925 2700 1977 id
2731 1932 2833 1988 est,
2875 1936 2905 1975 a
2930 1937 2989 1977 se
3029 1922 3080 1975 in
3125 1934 3217 1976 eos
3246 1920 3411 1974 colla-

1843 2030 1973 2081 tum,
2024 2020 2075 2072 in
2102 2020 2180 2072 eis
2208 2019 2333 2072 dicit
2367 2016 2714 2086 implendum,
2747 2026 2961 2083 propter
3002 2014 3142 2083 quod
3174 2027 3231 2067 se
3261 2014 3408 2066 locu-

1854 2120 1961 2163 tum
1996 2109 2129 2163 dixit
2156 2109 2206 2161 in
2236 2108 2456 2164 mundo.
2484 2102 2605 2162 1111το
2632 2117 2713 2161 est
2744 2123 2839 2174 pax
2870 2107 2957 2159 illa
2990 2116 3042 2159 et
3066 2103 3333 2160 beatitudo
3362 2105 3413 2156 111

1843 2204 2020 2259 futuro
2055 2206 2269 2271 saeculo;
2298 2216 2517 2274 propter
2538 2220 2696 2274 quam
2730 2204 3181 2273 consequendam,
3212 2212 3412 2270 tempe—

1841 2306 2019 2350 ranter
2062 2308 2113 2351 01
2136 2297 2278 2365 iuste
2324 2304 2382 2351 et
2413 2297 2496 2364 pie
2532 2297 2814 2350 vivendum
2860 2308 2935 2350 e5t
2970 2295 3019 2349 in
3066 2296 3165 2350 hoc
3194 2294 3409 2349 saaculo.

1840 2383 2085 2455 Loquens
2114 2388 2285 2442 adhuc
2332 2388 2588 2442 Dominus
2635 2390 2701 2443 ad
2747 2389 2975 2454 Patrem,
3023 2397 3079 2441 et
3129 2400 3287 2441 orans
3317 2400 3413 2455 pro

1842 2476 2114 2546 discipulis
2141 2481 2272 2542 suis,
2297 2477 2425 2533 dicit
2450 2496 2463 2532 :

1916 2564 2027 2637 Ego
2053 2568 2172 2621 dedi
2213 2568 2286 2621 eis
2318 2585 2598 2622 sermonem
2627 2578 2791 2635 tuum,
2832 2580 2878 2622 et
2924 2570 3143 2623 mundus
3185 2569 3303 2621 odio
3330 2584 3412 2621 eos

1854 2658 2050 2710 habuit.
2095 2657 2335 2713 NOndnm
2366 2656 2416 2711 id
2447 2658 2653 2728 experti
2682 2657 2889 2713 fuerant
2918 2658 3249 2726 passionibus
3278 2657 3410 2721 suis,

1840 2761 1959 2818 quas
2001 2748 2122 2802 illis
2152 2758 2331 2818 postea
2376 2758 2499 2801 sunt
2545 2758 2777 2813 secutae;
2809 2748 2901 2803 sed
2956 2763 3104 2801 more
3151 2762 3251 2801 suo
3285 2746 3412 2802 dicit

1849 2839 1971 2902 ista,
2018 2838 2197 2894 verbis
2242 2837 2498 2908 praeteriti
2527 2838 2779 2908 temporis
2811 2837 2983 2894 futura
3028 2838 3403 2906 praenuntiatus.

1843 2928 2043 2984 Deinde
2067 2943 2282 2984 causam
2314 2929 2603 3011 subjicieus
2634 2944 2727 2983 cur
2753 2942 2845 2983 eos
2872 2928 2995 2983 ozlio
3035 2927 3219 2982 habuit
3251 2943 3405 2980 1111111-

1839 3020 1936 3075 dus
1962 3037 1976 3072 :
2418 3026 2419 3031 ‘

1914 3113 2047 3177 Quia
2094 3127 2197 3165 non
2222 3120 2360 3175 sunt,
2397 3112 2585 3179 inquit,
2618 3112 2681 3165 de
2708 3110 2915 3176 mundo,
2950 3111 3077 3164 sicut
3106 3118 3151 3165 et
3178 3125 3269 3181 ego
3310 3128 3408 3162 non

1841 3221 1947 3258 sum
1988 3207 2050 3259 de
2082 3206 2289 3258 mundo.
2334 3205 2443 3259 1100
2484 3204 2562 3259 eis
2598 3204 2997 3274 regeneratione
3021 3204 3267 3258 collatum
3300 3215 3404 3257 est.

1838 3298 1968 3353 Natu
2011 3296 2356 3367 generatione
2398 3298 2465 3351 de
2517 3296 2713 3351 mundo
2761 3305 2910 3351 erant
2957 3312 2970 3347 :
3008 3304 3221 3363 propter
3263 3295 3405 3364 qttod

1832 3391 1937 3458 jant
1976 3389 2053 3443 eis
2094 3390 2339 3445 dixerat:
2374 3387 2483 3460 Ego
2509 3403 2595 3441 vos
2624 3385 2687 3439 de
2730 3387 2917 3446 mundo
2963 3386 3107 3457 elegi.
3143 3383 3403 3439 Donatqu

1837 3494 1918 3540 est
1942 3500 2069 3553 ergo
2092 3485 2189 3550 eis,
2227 3492 2283 3536 ut
2304 3484 2442 3537 sicut
2470 3483 2603 3551 ipse.
2633 3495 2727 3535 nec
2757 3480 2855 3547 ipsi
2879 3489 3056 3535 essent
3086 3478 3151 3532 de
3189 3479 3407 3541 mundo,

1837 3591 1929 3629 eos
1962 3576 2077 3642 ipso
2103 3572 2368 3628 liberantc
2399 3572 2465 3627 de
2494 3574 2709 3626 mundo.
2749 3573 2861 3639 Ipse
2896 3579 3074 3625 autem
3113 3570 3178 3623 dc
3208 3570 3406 3643 mundo

1837 3681 2113 3734 nunquam
2137 3664 2255 3730 fuit,
2288 3664 2376 3733 qui
2408 3664 2566 3719 etiam
2595 3666 2883 3717 secundum
2924 3662 3147 3717 fortnam
3175 3663 3314 3717 servi
3337 3664 3404 3715 de

1838 3757 2036 3825 Spiritu
2064 3767 2246 3809 sancto
2274 3756 2385 3824 ipse
2416 3765 2569 3807 natus
2588 3763 2689 3817 est,
2718 3754 2782 3806 de
2808 3768 2911 3820 quo
2948 3752 3020 3807 illi
3052 3754 3238 3809 renati.
3271 3755 3399 3808 Nam

1838 3846 1880 3899 si
1911 3855 2185 3914 pmptcrea
2228 3845 2297 3898 illi
2328 3844 2435 3912 iam
2463 3861 2565 3897 non
2594 3843 2661 3897 de
2687 3845 2904 3909 mundo,
2938 3844 3058 3911 quia
3089 3846 3253 3909 renati
3280 3858 3404 3899 sunt

1836 3937 1905 3990 de
1960 3933 2157 4005 Spiritu
2224 3947 2447 3998 sancto,
2500 3947 2791 4003 praptcrea
2863 3935 2950 3993 il!e
3006 3953 3275 4007 nunquam
3336 3939 3403 3991 de

1843 4030 2059 4093 mundo,
2084 4028 2203 4097 quia
2233 4038 2383 4081 natus
2404 4038 2486 4084 cst
2507 4030 2572 4081 dc
2602 4028 2800 4092 Spiritu
2823 4038 3024 4084 sancto.

1916 4118 2033 4171 Non
2076 4134 2217 4188 rogo,
2265 4116 2453 4185 inquit,
2489 4128 2541 4169 nt
2589 4117 2737 4170 tollas
2781 4135 2864 4171 eos
2893 4122 2956 4172 de
2996 4124 3202 4186 mundo,
3236 4124 3323 4175 sed
3350 4134 3400 4174 nt

1838 4224 1999 4261 serves
2026 4224 2107 4260 eos
2155 4223 2217 4259 ex
2253 4208 2403 4262 mulo.
2442 4205 2624 4259 Avllmc
2654 4207 2796 4261 enim
2843 4211 3202 4268 necessarium
3238 4212 3396 4265 habe-

1842 4300 1983 4361 bant,
2015 4298 2378 4367 quamvisjam
2404 4315 2504 4350 non
2529 4308 2707 4351 essent
2731 4300 2796 4351 de
2824 4300 3040 4363 mundo,
3074 4317 3194 4357 esse
3221 4313 3399 4358 tamen

1843 4392 1892 4442 in
1923 4406 2046 4442 mnn
2069 4393 2138 4441 lo.
2171 4389 2375 4455 Repetit
2400 4392 2638 4443 eamdem
2672 4392 3011 4446 sententiam.

1916 4481 1989 4535 De
2022 4483 2228 4543 mundo,
2267 4483 2448 4549 inquit,
2494 4500 2589 4535 non
2620 4494 2756 4547 sunt,
2788 4486 2915 4538 sicut
2944 4497 2990 4539 et
3030 4504 3121 4551 ego
3164 4506 3261 4540 non
3292 4508 3403 4542 sum

1844 4576 1905 4627 de
1935 4575 2141 4627 mundo.
2194 4573 2470 4643 Sancti/ica
2498 4592 2578 4628 eos
2609 4576 2660 4627 in
2709 4578 2931 4630 ueritate.
2968 4578 3055 4631 Sic
3100 4581 3240 4630 enim
3293 4596 3403 4633 ser-

1840 4678 2027 4722 vantur
2080 4684 2144 4721 ex
2199 4668 2357 4731 mulo,
2409 4670 2550 4736 quod
2604 4672 2849 4737 superius
2900 4671 3071 4725 oravit
3118 4685 3172 4725 ut
3226 4674 3403 4728 licret.

1838 4762 2010 4828 Qtncri
2059 4772 2233 4815 autem
2282 4771 2452 4827 potest
2500 4762 2763 4831 quomodo
2795 4762 2862 4815 de
2913 4763 3109 4815 mundo
3141 4764 3248 4832 jam
3295 4780 3400 4817 non

1837 4863 2011 4917 erant,
2039 4854 2082 4906 si
2110 4853 2415 4907 sanetilicati
2448 4855 2497 4906 in
2533 4855 2749 4907 veritate
2778 4855 3006 4907 nondum
3032 4856 3217 4908 erant?
3240 4865 3329 4907 aut
3358 4858 3400 4907 si

1832 4944 1941 5013 jam
1984 4956 2154 5009 crant,
2200 4962 2292 4998 cur
2332 4956 2513 5013 poscat
2546 4958 2595 4997 ut
2628 4947 2767 4997 sint?
2800 4952 2876 4998 An
2916 4960 3037 5014 quia
3066 4956 3117 4999 et
3163 4946 3399 4999 »111101111-

1836 5038 1959 5106 cati,
1994 5039 2042 5091 111
2067 5040 2247 5091 eadem
2280 5038 2556 5105 proﬁciunt
2583 5042 2882 5098 sanctitate.
2912 5039 3144 5106 linntqne
3166 5039 3398 5091 Sanctio-

1836 5146 1941 5197 res,
1974 5146 2141 5199 neque
2188 5132 2287 5184 ltoc
2324 5133 2438 5186 sine
2482 5132 2744 5199 adjutorio
2788 5133 2968 5202 gl‘dtit'
3002 5131 3113 5195 Dci,
3160 5134 3261 5187 sed
3303 5132 3392 5182 illo

1836 5240 2018 5278 eorum
2048 5223 2408 5277 sanetiﬁcante
2442 5222 2753 5289 profectum,
2799 5228 2885 5291 qui
2918 5225 3267 5276 sanctilicavit
3321 5225 3399 5274 in-

1836 5316 2103 5381 cteptuut?
2136 5313 2283 5368 Unde
2304 5326 2355 5366 et
2386 5315 2668 5380 Apostolus
2699 5314 2861 5367 dicit:
2892 5312 2989 5375 Qui
3015 5314 3067 5365 in
3110 5314 3243 5367 vobis
3270 5330 3396 5381 opus

1834 5406 2019 5459 bonum
2070 5406 2237 5472 capit,
2284 5406 2504 5475 perﬁciet
2557 5420 2714 5475 usque
2753 5406 2804 5458 in
2856 5406 2989 5459 diem
3038 5406 3225 5461 (iltristi
3273 5405 3398 5458 lem

1836 5498 2089 5568 (Philipp.
2116 5497 2174 5560 t).
2197 5497 2602 5551 Sattctilicantnr
2623 5496 2797 5565 itaque
2827 5498 2876 5551 in
2902 5500 3121 5551 veritate
3147 5499 3392 5553 lia-redes

1836 5593 2131 5646 testamenti
2161 5590 2314 5653 novi;
2358 5588 2507 5658 cujus
2541 5584 2773 5643 veritatis
2797 5591 2999 5644 umbrat
3036 5592 3241 5644 luerant
3268 5605 3396 5644 sano

1832 5682 2177 5738 ctillcationcs
2199 5684 2390 5737 veteris
2414 5668 2729 5738 testamenti:
2760 5682 2824 5737 Et
2843 5696 2962 5736 cum
2984 5682 3375 5737 sanctiﬁcantm

1834 5777 1884 5833 in
1916 5777 2157 5839 veritate,
2193 5775 2367 5845 utique
2394 5774 2793 5830 sanctiﬁcautur
2823 5775 2876 5831 111
2910 5771 3149 5841 Cbristo,
3184 5775 3274 5843 qui
3298 5792 3392 5835 vc-
