3884 6232
468 272 571 328 883

470 475 598 529 item
639 473 855 545 quando
900 475 1011 531 ait:
1052 473 1250 529 Veritas
1292 474 1521 528 liberabit
1567 490 1649 527 vos
1682 471 1855 544 (Joan.
1887 471 2032 542 vnn),

473 566 630 634 paulo
681 575 800 636 post
840 581 1112 636 exponens
1153 566 1281 637 quid
1322 566 1557 621 dixerit:
1588 564 1648 626 Si
1689 582 1795 629 vos,
1842 564 2033 634 inquit,

476 654 644 713 Filius
690 660 991 724 liberaverit,
1042 669 1160 713 tunc
1204 674 1316 713 vere
1361 658 1504 713 liberi
1542 659 1679 712 eritis
1722 657 1933 729 (Ibid.).
1968 658 2037 714 Ut

469 750 776 805 ostenderet
796 750 905 804 hoc
935 750 1081 818 prius
1131 749 1334 804 dixisse
1384 748 1681 814 Veritatem,
1709 748 1850 818 quod
1892 757 2037 816 post-

470 838 684 893 modum
718 837 936 894 Filium.
967 839 1102 906 Quid
1153 852 1278 906 ergo
1322 836 1461 891 aliud
1500 847 1555 892 et
1587 838 1684 892 hoc
1710 837 1833 894 loco
1857 836 2033 892 dixit:

471 930 758 1000 Sancti/ica
795 947 879 985 eos
906 933 958 984 in
986 932 1212 996 veritate,
1235 929 1334 984 nisi
1365 948 1380 986 :
1404 928 1683 984 Sanctiﬂca
1703 944 1801 984 eos
1831 929 1882 984 in
1910 928 2038 984 me?

466 1018 705 1092 Denique
732 1022 992 1092 sequitur,
1032 1029 1085 1075 et
1115 1020 1216 1076 hoc
1240 1020 1474 1092 apertius
1514 1020 1788 1078 insinuare
1816 1035 1922 1076 non
1948 1020 2035 1076 de-

538 1204 721 1259 Sermo
748 1215 883 1271 tuus,
927 1205 1116 1273 inquit,
1168 1205 1349 1259 veritas
1395 1214 1489 1260 est.
1542 1202 1677 1273 Quid
1727 1202 1867 1258 aliud
1900 1201 2036 1257 dixit

469 1308 669 1360 quam:
703 1294 817 1362 Ego
864 1295 1061 1348 veritas
1087 1295 1246 1350 sum?
1269 1294 1511 1351 Graecum
1554 1296 1750 1365 quippe
1794 1294 2038 1361 Evange-

466 1385 593 1439 lium
624 1386 787 1458 Λόγος·
814 1386 993 1450 habet,
1038 1388 1177 1454 quod
1208 1387 1367 1442 etiam
1396 1387 1466 1442 ibi
1499 1388 1690 1457 legitur
1720 1387 1807 1443 ubi
1833 1386 2033 1441 dictum

465 1487 592 1532 est:
626 1474 693 1531 In
721 1480 1108 1547 principioerat
1150 1480 1391 1545 Verbum,
1421 1487 1468 1531 et
1507 1478 1724 1533 Verbum
1748 1487 1857 1533 erat
1898 1478 2039 1548 apud

468 1569 653 1633 Deum,
694 1578 741 1623 et
772 1568 907 1622 Deus
933 1577 1039 1623 erat
1078 1568 1299 1623 Verbum
1340 1568 1515 1640 (Joan.
1549 1569 1609 1640 ι).
1644 1570 1709 1624 Ει
1754 1570 1934 1639 utique
1961 1570 2039 1639 ip-

466 1673 585 1712 sum
609 1657 842 1712 Verbum
872 1660 1115 1712 novimus
1146 1660 1472 1729 unigenitum
1514 1658 1605 1713 Dei
1648 1656 1862 1726 Filium,
1894 1656 2034 1725 quod

967 255 1166 327 BBDIE
1211 267 1659 327 VENERABILIS
1696 268 1971 325 OPERUM
2014 252 2191 325 PARS
2229 269 2289 324 II.
2331 297 2400 310 —-
2444 264 2841 324 EXEGETICA
2881 266 3201 323 GENUINA.
3603 263 3695 317 88i

471 384 664 440 raciter
684 381 975 454 dixitzEgo
1002 399 1113 437 sum
1142 386 1243 454 via,
1267 385 1466 449 veritas,
1492 392 1536 437 et
1563 387 1661 437 vita
1686 382 1869 447 (Joan.
1894 383 2032 450 xlv).
2062 385 2112 445 Α
2143 383 2193 439 in
2229 383 2423 439 Verbo.
2454 384 2677 452 Propter
2700 400 2793 440 sua
2816 401 2940 441 vero
2964 389 3195 440 membra
3230 402 3245 441 :
3282 385 3347 440 Et
3376 401 3471 456 pro
3496 388 3587 451 eis,
3624 388 3709 439 in-'

2134 476 2264 545 quit,
2300 492 2410 547 ego.
2444 475 2498 529 ld
2530 486 2643 542 est,
2674 477 2811 544 quod
2860 476 3074 546 promisi
3104 479 3259 532 etiam
3304 478 3465 547 ipsis,
3501 480 3617 545 quia
3649 487 3698 532 et

2136 565 2234 634 ipsi
2261 574 2385 621 sunt
2410 582 2543 635 ego;
2571 567 2709 623 sicut
2737 566 2864 620 mihi
2897 566 3094 634 profuit
3122 568 3173 621 in
3220 584 3328 635 me,
3383 570 3502 637 quia
3547 570 3701 623 homo

2134 670 2251 711 sum
2280 658 2399 713 sine
2444 659 2593 726 ipsis,
2635 666 2683 711 et
2727 674 2817 729 ego
2854 660 3112 725 sancti/ica
3151 660 3419 729 meipsum,
3470 659 3568 713 hoc
3599 669 3695 725 est,

2139 748 2283 813 ipsos
2312 749 2363 803 in
2397 765 2506 814 me,
2542 759 2789 820 tanquam
2822 752 3108 820 meipsum,
3139 753 3541 821 sanctificoego,
3568 765 3695 817 quo-

2138 838 2278 893 niam
2306 839 2359 895 in
2382 855 2468 894 me
2492 840 2649 895 etiam
2682 841 2779 911 ipsi
2800 852 2922 896 sunt
2945 855 3063 910 ego.
3098 838 3165 895 Ut
3191 840 3290 894 sint
3318 848 3363 893 et
3393 840 3491 907 ipsi
3515 841 3701 892 sancti-

2136 929 2278 999 βεαιί
2296 932 2345 985 in
2374 932 2599 987 veritate.
2624 933 2758 998 Quid
2786 941 2866 987 est
2896 948 2911 987 :
2945 930 3012 984 Et
3034 932 3155 998 ipsi,
3182 931 3284 986 nisi
3312 948 3324 983 :
3355 929 3698 999 quemadmo-

2137 1022 2263 1075 dum
2294 1037 2393 1092 ego
2423 1024 2474 1076 iu
2511 1022 2761 1087 Veritate,
2790 1023 2932 1093 quod
2964 1037 3081 1077 sum
3108 1023 3252 1091 ego?

2210 1114 2334 1170 Non
2360 1134 2451 1186 pro
2492 1119 2562 1171 eis
2600 1127 2768 1171 autem
2798 1132 2919 1188 rogo
2946 1127 3164 1170 tantum.
3197 1115 3252 1170 ld
3279 1123 3383 1181 est,
3416 1128 3518 1183 pro
3546 1112 3697 1167 disci-

2140 1208 2276 1275 pulis
2304 1206 2394 1277 qui
2422 1222 2542 1262 cum
2576 1207 2665 1261 illo
2695 1217 2817 1262 tunc
2843 1215 3016 1263 erant.

2208 1297 2315 1352 Sed
2339 1306 2385 1351 et
2412 1313 2504 1366 pro
2543 1298 2633 1362 eis,
2658 1298 2846 1368 inquit,
2874 1299 2962 1368 qui
2987 1296 3227 1351 credituri
3252 1304 3367 1349 sunt
3390 1310 3479 1365 per
3500 1292 3694 1346 verbum

2138 1404 2312 1442 eorum
2341 1390 2393 1442 in
2439 1404 2537 1443 me.
2572 1388 2667 1445 Ubi
2710 1403 2896 1443 omnes
2938 1404 3063 1443 suos
3110 1386 3329 1455 intelligi
3387 1386 3573 1449 voluit,
3600 1401 3696 1440 non

2138 1477 2307 1531 solum
2346 1477 2434 1548 qui
2469 1487 2591 1535 tunc
2625 1486 2777 1533 erant
2805 1479 2857 1531 in
2898 1492 3081 1545 carne,
3110 1477 3202 1532 sed
3232 1476 3392 1532 etiam
3425 1474 3513 1544 qui
3544 1473 3695 1528 futuri

2141 1578 2316 1626 erant.
2359 1570 2627 1640 Quotquot
2681 1573 2824 1627 enim
2883 1582 3063 1639 postea
3106 1569 3448 1624 crediderunt
3477 1568 3531 1621 in
3560 1580 3693 1629 eum,

2143 1672 2237 1725 per
2283 1660 2506 1714 verbum
2535 1659 2901 1728 apostolorum
2930 1657 3048 1712 sine
3077 1656 3238 1712 dubio
3263 1654 3620 1719 crediderunt,
3648 1663 3697 1707 et

464 1762 583 1801 caro
604 1748 768 1820 factm.
824 1757 916 1817 est,
950 1757 997 1803 et
1021 1747 1264 1803 habitavit
1291 1751 1343 1804 in
1380 1750 1524 1805 nobis
1557 1747 1772 1819 (Ibid.).
1809 1748 1960 1804 Unde
1982 1755 2035 1803 et
2072 1738 2113 1798 Β
2141 1753 2310 1807 donec
2336 1753 2513 1807 veniat
2544 1751 2800 1807 credituri
2832 1760 2975 1805 sunt.
3009 1749 3143 1816 Ipsis
3180 1749 3320 1803 enim
3355 1747 3561 1801 dixerat
3591 1763 3602 1797 :
3634 1742 3697 1796 Et

468 1838 554 1893 hic
584 1838 709 1907 poni
738 1836 935 1907 petest,
964 1848 1019 1895 et
1061 1837 1115 1892 in
1148 1839 1459 1906 quihusdam
1487 1838 1769 1893 Codicibus
1804 1838 2033 1907 positum

464 1940 590 1983 est:
628 1927 849 1985 Verbum
878 1938 1018 1983 tuum
1062 1932 1245 1984 veritas
1284 1940 1379 1996 est,
1433 1930 1572 1983 sicut
1620 1928 1673 1983 in
1721 1927 2033 1998 quibusdam

462 2020 749 2076 Codicihus
775 2020 934 2076 etiam
982 2020 1053 2075 ibi
1094 2020 1347 2088 scriptum
1378 2029 1460 2073 est
1494 2036 1507 2071 :
1539 2017 1607 2071 In
1639 2018 1890 2087 principio
1930 2027 2037 2071 erat

464 2129 650 2167 sermo.
684 2114 741 2167 In
771 2111 961 2185 Graeco
1008 2122 1187 2166 autem
1235 2114 1350 2166 sine
1380 2113 1481 2167 ulla
1515 2111 1771 2166 varietate
1798 2122 1853 2166 et
1880 2110 1951 2165 ibi
1983 2119 2037 2165 et

471 2205 557 2258 hic
588 2206 757 2278 Δὸγος
786 2191 886 2259 est.
910 2202 1215 2258 Sanctiﬁeat
1237 2204 1422 2269 itaque
1453 2204 1607 2257 Pater
1631 2204 1681 2257 in
1713 2202 1951 2265 veritate,
1984 2201 2034 2255 id

467 2304 569 2361 est,
597 2296 650 2350 in
688 2296 859 2350 Verbo
886 2310 1004 2358 suo,
1050 2294 1103 2349 in
1134 2295 1405 2363 uuigenito
1435 2310 1553 2360 suo,
1595 2308 1721 2349 suos
1770 2292 2034 2359 iucredes,

465 2385 685 2453 ejusque
710 2386 1035 2440 coheredes.
1068 2385 1173 2441 Sed
1204 2399 1341 2439 nunc
1370 2387 1543 2440 adhuc
1569 2386 1637 2441 de
1666 2385 1927 2454 apostolis
1956 2382 2036 2438 io-

472 2479 671 2545 quitur,
701 2492 820 2530 nam
850 2485 1064 2531 secutus
1095 2477 1165 2530 ita
1190 2474 1427 2543 adjungit
1460 2492 1473 2528 :

539 2566 688 2622 Sicut
712 2581 790 2619 me
819 2566 998 2619 misisti
1021 2568 1073 2619 in
1098 2567 1360 2630 inundurn,
1386 2576 1432 2620 et
1461 2582 1551 2637 ego
1573 2565 1690 2619 misi
1714 2579 1799 2618 eos
1823 2565 1876 2618 in
1894 2580 2041 2617 mun-

465 2659 613 2713 dum.
640 2659 783 2727 Quos
811 2659 974 2726 misit,
1003 2658 1103 2713 nisi
1134 2656 1403 2728 apostolos
1428 2657 1595 2714 suos?
1625 2657 1757 2712 Nam
1785 2666 1839 2711 et
1863 2656 2039 2725 ipsum

468 2765 660 2805 nomen
709 2750 1016 2816 ἀπόστολος,
1057 2752 1304 2821 quoniam
1351 2750 1593 2805 Graecum
1621 2757 1729 2813 est,
1772 2748 1901 2803 nihil
1935 2747 2038 2802 nisi

416 2894 421 2897 .
465 2840 673 2893 missum
700 2838 963 2911 signiﬁcat
993 2840 1044 2893 iu
1088 2839 1296 2894 Latino.
1330 2840 1477 2894 Misit
1516 2856 1637 2910 ergo
1665 2839 1801 2894 Deus
1847 2837 2041 2893 Filium

468 2946 638 2996 suum,
678 2930 855 2984 nonin
892 2944 1044 2984 carne
1079 2932 1288 3002 peccati,
1316 2932 1405 2984 sed
1429 2931 1481 2985 in
1517 2929 1848 2985 similitudine
1871 2926 2041 2983 carnis

469 3021 661 3089 peccati
690 3020 867 3093 (Rom.
898 3019 1045 3092 vui);
1074 3030 1129 3076 et
1154 3020 1298 3076 misit
1328 3020 1491 3076 Filius
1512 3022 1628 3091 ejus
1657 3036 1752 3078 eos
1779 3034 1914 3092 quos
1944 3034 2042 3075 na-

2138 1856 2224 1895 vos
2267 1838 2607 1895 testimonium
2655 1837 2992 1910 perhibebitis,
3044 1838 3169 1906 quia
3210 1836 3273 1888 ab
3315 1834 3461 1888 initio
3512 1848 3695 1885 mecum

2138 1930 2277 1985 estis.
2314 1931 2379 1984 Et
2410 1945 2502 1999 per
2534 1929 2631 1984 hos
2659 1927 3005 1997 Evangelium
3035 1926 3389 1981 ministratum
3422 1932 3523 1989 est,
3546 1923 3695 1976 etiam

2138 2032 2417 2091 antequam
2441 2023 2784 2077 scriberetur.
2811 2020 2875 2076 Et
2899 2019 3077 2087 utique
3105 2016 3342 2086 quisquis
3364 2016 3418 2070 in
3439 2014 3695 2068 Christum

2138 2114 2330 2178 credit,
2364 2111 2649 2181 Evangelia
2680 2111 2869 2165 credit.
2896 2108 3011 2164 Non
3042 2108 3217 2177 itaque
3245 2106 3296 2159 hi
3321 2115 3525 2159 tantum
3552 2102 3697 2157 intel-

2140 2204 2333 2275 ligendi
2359 2214 2499 2269 sunt,
2535 2218 2669 2273 quos
2714 2203 2786 2256 ait
2816 2202 2867 2256 in
2898 2214 2957 2255 se
2994 2199 3292 2254 credituros
3338 2211 3436 2266 per
3479 2195 3686 2250 verbum

2140 2311 2349 2364 eorum,
2380 2298 2467 2368 qui
2499 2298 2665 2366 ipsos,
2696 2312 2814 2351 cum
2858 2296 2909 2349 in
2938 2308 3101 2349 carne
3132 2293 3392 2357 viverent,
3442 2288 3696 2358 apostolos

2140 2389 2446 2455 audiebant,
2470 2388 2562 2444 sed
2590 2397 2645 2443 et
2674 2396 2793 2456 pust
2830 2376 3033 2441 obitum
3058 2399 3264 2451 eorum,
3310 2392 3367 2437 et
3416 2397 3512 2435 nos
3555 2382 3696 2449 longe

2143 2488 2259 2547 post
2283 2482 2415 2546 nati,
2452 2494 2544 2547 per
2574 2478 2791 2532 verbum
2824 2491 3007 2530 eorum
3030 2476 3297 2531 credimus
3327 2473 3379 2527 in
3413 2473 3692 2533 Christum.

2140 2572 2390 2639 quoniam
2424 2571 2522 2640 ipsi
2555 2570 2642 2639 qui
2674 2583 2797 2623 cum
2827 2568 2919 2621 illo
2952 2576 3074 2623 tunc
3108 2569 3319 2621 fuerunt
3344 2565 3485 2635 quod
3516 2564 3579 2616 ab
3611 2561 3693 2616 illo

2141 2660 2422 2717 audierunt
2450 2661 2659 2715 caeteris
2690 2661 3145 2728 praedicaverunt;
3178 2665 3338 2726 atque
3388 2656 3459 2710 ita
3493 2654 3695 2707 verbum

2140 2768 2349 2820 eorum,
2376 2761 2431 2806 ut
2457 2752 2615 2806 etiam
2646 2766 2744 2804 nos
2781 2748 3135 2810 crederemus,
3170 2746 3234 2801 ad
3263 2760 3362 2801 nos
3404 2759 3563 2813 usque
3589 2759 3696 2810 per-

2144 2845 2306 2906 venit,
2338 2843 2638 2911 ubicunque
2686 2850 2766 2895 est
2794 2840 2910 2910 ejus
2951 2838 3209 2900 Ecclesia,
3243 2847 3296 2892 et
3325 2848 3692 2907 perventurum

2142 2931 2314 2987 estad
2345 2940 2608 3002 posteros,
2632 2930 2933 3000 quicunque
2962 2928 3263 2997 ubicunque
3291 2927 3344 2982 in
3377 2940 3497 2982 eum
3525 2937 3696 2993 postea

2144 3024 2396 3081 credituri
2420 3032 2561 3078 sunt.
2592 3022 2771 3075 Potest
2799 3022 2976 3088 itaque
3006 3019 3173 3074 videri
3198 3019 3357 3073 Jesus
3385 3019 3437 3072 in
3469 3017 3562 3071 hac
3588 3030 3699 3068 ora.

470 3086 553 3165 tos
584 3112 635 3165 in
666 3086 828 3164 carne
856 3086 1058 3180 peccati
1093 3109 1442 3165 sanctiﬁcavit
1467 3124 1495 3163 a
1524 3086 1643 3165 labe
1673 3086 1898 3179 peccati.
1926 3108 2036 3164 Sed
2068 3086 2115 3150 δ
2148 3116 2309 3179 tione,
2340 3129 2448 3168 non
2470 3126 2651 3168 orasse
2676 3126 2769 3181 pro
2794 3086 3107 3180 quibusdam
3134 3108 3267 3173 suis,
3302 3107 3406 3162 nisi
3435 3107 3701 3175 diligenter

468 3200 722 3271 quoniam
773 3215 869 3270 per
911 3200 1012 3257 hoc
1059 3201 1198 3268 quod
1231 3202 1487 3256 Mediator
1531 3200 1623 3254 Dei
1670 3208 1726 3254 et
1771 3198 2043 3254 hominum

475 3293 636 3348 homo
662 3292 906 3347 Christus
946 3291 1101 3347 Jesus
1148 3292 1318 3347 factus
1359 3301 1439 3347 est
1464 3301 1625 3361 caput
1667 3290 1937 3356 Ecclesiae,
1970 3289 2043 3343 illi

474 3384 715 3440 membra
740 3393 866 3440 sunt
887 3384 1038 3454 ejus;
1067 3384 1187 3439 ideo
1211 3386 1285 3436 ait
1309 3383 1451 3454 quod
1475 3384 1713 3453 sequitur
1744 3398 1758 3434 :

548 3474 620 3529 Et
648 3491 741 3546 pro
763 3476 833 3529 eis
856 3491 947 3545 ego
977 3476 1238 3543 sanctiﬁco
1270 3476 1535 3544 meipsum.
1578 3472 1711 3539 Quid
1742 3480 1824 3527 est
1851 3468 1995 3525 enim
2030 3487 2042 3521 :

474 3564 544 3618 Et
568 3582 662 3635 pro
696 3566 768 3619 eis
810 3581 903 3635 ego
932 3566 1191 3631 sancti/ica
1234 3564 1504 3634 meipsunt,
1536 3564 1636 3616 nisi
1671 3578 1685 3615 :
1718 3561 1826 3615 Eos
1855 3562 1907 3613 lu
1936 3574 2048 3614 me-

475 3658 593 3727 ipso
633 3656 947 3712 sanctilico?
990 3671 1111 3710 cum
1142 3665 1217 3710 -ει
1258 3656 1356 3724 ipsi
1387 3655 1495 3708 sint
1535 3669 1654 3725 ego,
1696 3654 1944 3722 quoniam
1982 3651 2049 3708 de

477 3749 671 3816 quibus
704 3750 803 3802 hoc
834 3747 930 3811 ait,
960 3754 1018 3800 ut
1057 3746 1186 3813 dixi,
1219 3745 1454 3799 membra
1484 3752 1606 3798 sunt
1634 3743 1770 3813 ejus,
1815 3750 1869 3798 et
1911 3757 2049 3797 unus

482 3847 566 3894 est
592 3837 834 3893 Christus
855 3847 1010 3905 caput
1036 3847 1089 3892 et
1103 3851 1317 3907 corpus,
1341 3836 1565 3890 docente
1595 3836 1870 3903 Apostolo,
1894 3844 2052 3905 atque

482 3929 690 3985 dicente
708 3929 776 3984 de
794 3930 998 3984 semine
1019 3929 1246 3983 Abrahae
1280 3944 1292 3980 :
1326 3927 1386 3981 Si
1408 3937 1574 3979 autem
1594 3942 1682 3979 vos
1702 3925 1909 3992 Christi,
1934 3941 2051 3995 ergo

484 4026 703 4080 Abrahae
728 4041 894 4080 semen
937 4024 1054 4078 estis
1084 4022 1280 4095 (Galat.
1315 4023 1390 4092 ιιι)
1412 4063 1425 4088 ,
1458 4036 1577 4075 eum
1626 4021 1849 4077 dixisset
1890 4035 2051 4088 supe-

486 4119 597 4170 rius
627 4134 639 4171 :
674 4115 793 4170 Non
822 4117 940 4169 dicit
970 4131 989 4170 :
1020 4114 1087 4169 Et
1126 4115 1425 4178 seminibus,
1469 4123 1711 4184 tanquam
1755 4114 1805 4166 in
1847 4114 2050 4181 multis,

486 4212 595 4275 sed,
624 4220 862 4279 tauquam
889 4212 941 4263 in
968 4225 1067 4263 uno
1093 4225 1110 4264 :
1135 4209 1201 4263 Et
1226 4209 1406 4262 semini
1430 4217 1540 4273 tuo,
1564 4208 1699 4277 quod
1730 4216 1801 4261 est
1824 4206 2054 4259 Christus

486 4300 694 4368 (lbid.).
728 4303 781 4354 Si
828 4317 955 4367 ergo
996 4316 1177 4354 semen
1223 4300 1471 4366 Abrahae,
1512 4300 1611 4351 hoc
1653 4309 1737 4353 est
1785 4296 2048 4365 Christus,

2145 3215 2445 3260 scrutemur
2472 3206 2522 3259 in
2545 3206 2729 3259 eadem
2755 3201 2993 3257 oratione
3015 3200 3173 3254 verba
3200 3200 3334 3266 ejus.
3366 3197 3423 3253 Si
3450 3198 3585 3252 enim
3608 3208 3697 3266 pro

2146 3296 2222 3350 eis
2247 3296 2391 3361 prius
2425 3295 2616 3357 oravit,
2648 3292 2801 3346 sicuti
2829 3292 2941 3361 jam
2966 3290 3323 3352 ostendimus,
3356 3287 3445 3357 qui
3475 3300 3587 3340 cum
3619 3285 3701 3337 illo

2147 3397 2272 3440 tunc
2298 3395 2473 3450 erant,
2506 3394 2687 3455 postea
2719 3398 2846 3438 vero
2874 3382 3031 3437 etiam
3064 3396 3158 3450 pro
3191 3381 3269 3435 eis
3289 3420 3303 3443 ,
3334 3377 3426 3447 qui
3456 3392 3547 3447 per
3587 3390 3699 3429 ver-

2147 3477 2271 3530 bum
2303 3491 2487 3531 eorum
2518 3478 2570 3529 in
2602 3474 2751 3528 illum
2806 3470 3018 3527 fuerant
3064 3469 3340 3532 credituri,
3396 3474 3561 3535 potest
3605 3464 3698 3518 dici

2150 3585 2254 3621 non
2293 3582 2475 3622 orasse
2510 3583 2602 3634 pro
2634 3567 2759 3632 illis,
2793 3564 2882 3634 qui
2912 3578 3082 3631 neque
3115 3572 3236 3615 tunc
3267 3568 3426 3614 erant
3453 3573 3566 3613 cum
3596 3557 3699 3619 illo,

2149 3660 2360 3727 quando
2381 3660 2477 3712 ista
2496 3657 2727 3721 dicebat,
2746 3670 2917 3724 neque
2943 3669 3035 3724 per
3058 3653 3274 3707 verbum
3300 3666 3485 3705 eorum
3510 3658 3697 3717 postea,

2150 3753 2242 3806 sed
2272 3753 2324 3805 in
2353 3766 2472 3807 eum
2496 3750 2608 3804 sive
2638 3764 2732 3811 per
2760 3748 2923 3816 ipsos,
2951 3747 3064 3800 sive
3090 3742 3506 3813 quomodolibet,
3539 3750 3699 3791 tamen

2150 3853 2274 3897 ante
2320 3841 2675 3896 crediderant.
2707 3837 2951 3906 Nunquid
2985 3835 3124 3889 enim
3158 3848 3278 3886 cum
3328 3832 3419 3884 illo
3451 3841 3567 3882 tunc
3597 3836 3703 3880 erat

2154 3935 2480 3991 Nathanael‘l
2510 3931 2754 4000 Nunquid
2800 3929 2997 3994 Joseph
3046 3928 3133 3980 illc
3161 3930 3228 3978 ah
3278 3923 3589 3989 Arimathia,
3622 3921 3700 3983 qui

2153 4041 2345 4095 corpus
2374 4026 2489 4092 ejus
2519 4040 2547 4075 a
2591 4020 2756 4075 Pilato
2789 4019 2987 4087 petivit,
3044 4030 3200 4085 quem
3242 4014 3352 4082 jam
3403 4011 3700 4080 discipulum

2155 4120 2271 4187 ejus
2318 4117 2478 4170 fuisse
2522 4116 2620 4170 iste
2652 4115 2763 4182 ipse
2806 4114 3038 4165 Joannes
3072 4108 3405 4177 Evangelista
3456 4105 3701 4159 testatur?

2156 4209 2397 4279 Nunquid
2429 4208 2589 4262 Maria
2630 4214 2799 4259 mater
2828 4204 2963 4271 ejus,
2992 4212 3044 4256 et
3073 4201 3187 4254 alia:
3216 4198 3427 4253 feminae
3456 4213 3579 4265 quas
3601 4197 3703 4263 ejus

2156 4303 2441 4372 discipulus
2490 4303 2540 4355 in
2575 4300 2859 4369 Evangelio
2888 4300 2997 4367 jam
3031 4306 3153 4350 tunc
3206 4294 3367 4348 luisse
3417 4292 3703 4351 didicimus,

486 4392 607 4457 quid
653 4390 794 4443 aliud
839 4391 1039 4443 dietum
1094 4401 1209 4458 est,
1256 4394 1447 4459 quibus
1487 4392 1683 4445 dietum
1726 4402 1807 4445 est
1855 4410 1865 4443 :
1913 4391 2053 4462 Ergo
2086 4429 2135 4488 Ι)
2162 4392 2396 4459 nunquid
2445 4407 2567 4444 cum
2616 4391 2704 4443 illo
2739 4401 2860 4441 tunc
2906 4394 3079 4449 erant,
3106 4385 3173 4438 de
3202 4385 3393 4452 quibus
3425 4397 3563 4451 sape
3592 4380 3705 4433 dicit

488 4482 706 4535 Abraha:
749 4497 913 4533 semen
954 4483 1090 4546 estis,
1127 4483 1227 4536 nisi
1265 4501 1276 4534 :
1311 4480 1450 4552 Ergo
1479 4482 1673 4537 Christi
1721 4484 1884 4537 estis?
1932 4484 2055 4537 Inde

487 4584 571 4628 est
612 4574 749 4642 quod
796 4573 899 4626 alio
944 4574 1059 4627 loco
1098 4575 1233 4628 idem
1278 4575 1391 4643 ipse
1431 4576 1715 4641 Apostolus
1747 4578 1820 4629 ait
1854 4593 1865 4629 :
1902 4575 2057 4629 Nunc

488 4670 682 4736 gaudeo
719 4667 771 4718 in
809 4666 1128 4735 passionibus
1160 4682 1252 4733 pro
1292 4668 1446 4729 vobis,
1475 4678 1520 4719 et
1547 4667 1802 4731 adimpleo
1842 4684 1901 4720 ea
1948 4684 2059 4736 quis

490 4760 611 4808 desu
652 4765 669 4807 t
698 4770 1051 4825 pressururum
1094 4754 1300 4818 Christi,
1347 4756 1399 4807 in
1432 4770 1581 4808 carne
1606 4772 1715 4809 mea
1748 4756 1964 4825 (Coloss.
1995 4752 2055 4826 t).

492 4846 607 4899 Non
653 4845 784 4897 dixit
831 4860 1187 4914 pressurarum
1236 4860 1493 4909 mearmn,
1540 4845 1632 4899 sed
1680 4846 1885 4913 Christi,
1936 4849 2057 4915 quia

493 4936 789 4989 mcmluum
825 4946 938 4988 erat
965 4934 1184 4989 Christi.
1211 4936 1324 4989 Mox
1354 4936 1497 4989 addit
1527 4954 1539 4989 :

568 5023 635 5077 Ut
659 5025 759 5077 sint
788 5033 833 5077 ct
864 5026 963 5091 ipsi
985 5025 1288 5091 sanctiﬁcati
1312 5026 1363 5077 in
1391 5026 1612 5081 veritate.
1641 5026 1793 5093 Quod
1824 5026 1949 5094 quid
1980 5036 2062 5080 est

494 5117 658 5180 aliud,
689 5132 844 5184 quam
880 5116 929 5168 in
975 5115 1102 5168 me?
1133 5116 1422 5170 secundum
1456 5116 1506 5169 id
1548 5117 1687 5185 quod
1732 5116 1941 5171 Veritas
1982 5126 2064 5170 est

501 5208 727 5260 Verbum
754 5207 881 5260 illud
905 5210 955 5260 in
983 5207 1261 5277 principio,
1288 5208 1449 5273 Deus,
1479 5211 1528 5261 in
1552 5225 1655 5277 quo
1686 5218 1738 5264 et
1759 5209 1873 5280 ipse
1896 5208 2062 5264 Filius

501 5300 728 5352 hominis
776 5299 1136 5353 sanctiﬁcatus
1181 5309 1261 5351 est
1314 5299 1385 5351 ah
1423 5300 1570 5353 inrtio
1615 5301 1897 5354 creationis
1927 5316 2059 5365 suae,

497 5391 709 5460 quando
759 5390 983 5443 Verbum
1027 5389 1225 5443 factum
1252 5400 1329 5443 est
1359 5406 1505 5455 caro,
1537 5392 1656 5459 quia
1685 5407 1786 5444 una
1837 5405 2061 5461 persona

497 5486 629 5535 tacta
648 5492 729 5536 est
760 5481 988 5536 Verbum
1017 5490 1071 5536 et
1102 5481 1279 5535 homo.
1304 5480 1453 5536 Tunc
1481 5497 1607 5550 ergo
1629 5482 1975 5535 sanctiiit-avit
2004 5496 2063 5536 se

498 5578 548 5629 in
576 5589 655 5636 se,
703 5576 801 5628 hoc
841 5583 925 5627 est
956 5574 1218 5627 hominem
1250 5587 1330 5637 se,
1363 5571 1414 5623 iu
1448 5570 1623 5626 Verbo
1652 5586 1731 5639 se,
1778 5573 1896 5641 quia
1929 5588 2064 5626 unus

497 5678 577 5723 est
602 5666 841 5721 Christus
876 5665 1105 5721 Verbum
1136 5676 1187 5720 et
1220 5666 1397 5732 homo,
1432 5666 1762 5721 sanctilicans
1795 5664 2060 5720 hominem

2160 4482 2295 4535 idem
2326 4480 2558 4534 Joannes
2599 4479 2928 4545 evangelista
2964 4494 2975 4529 :
3010 4474 3162 4528 Multi
3204 4473 3563 4526 crediderunt?
3588 4470 3702 4525 Nam

2160 4574 2298 4626 unde
2330 4580 2444 4625 erat
2475 4571 2751 4625 multitudo
2786 4571 2870 4623 illa
2903 4583 3086 4623 eorum
3118 4567 3203 4635 qui
3236 4581 3360 4621 cum
3395 4564 3555 4620 ramis
3595 4577 3703 4631 par-

2159 4666 2253 4715 tim
2300 4661 2686 4731 prascedebunt,
2743 4659 2930 4727 partim
2984 4658 3348 4726 sequebantur
3402 4655 3702 4709 insidentem.

2154 4752 2415 4821 jtllllt'lllo,
2460 4753 2700 4806 dicentes
2733 4768 2747 4804 :
2777 4751 3073 4805 Benedictus
3114 4752 3201 4816 qui
3252 4750 3382 4803 venit
3433 4749 3485 4800 in
3528 4746 3705 4799 nomine

2161 4845 2366 4898 Domini
2394 4844 2565 4913 (Psal.
2591 4844 2749 4908 vui)?
2779 4842 2842 4895 Et
2881 4856 2999 4895 cum
3025 4841 3103 4895 eis
3136 4839 3306 4907 pueri,
3339 4840 3404 4892 de
3434 4839 3615 4907 quibus
3641 4838 3705 4886 ait

2162 4935 2322 4989 fuisse
2354 4933 2703 5002 praedictum?
2746 4931 2829 4985 Ea:
2874 4947 2960 4984 ore
3008 4931 3284 4993 infantium
3330 4940 3378 4981 et
3431 4929 3704 4981 iacientium

2162 5029 2415 5098 perfecisti
2437 5027 2637 5080 tandem
2666 5024 2713 5093 (I
2740 5024 2858 5077 Cor.
2892 5024 2976 5093 xv)
2999 5023 3021 5075 τ
3044 5022 3192 5078 Unde
3213 5022 3484 5089 quingenti
3512 5020 3703 5080 fratres,

2160 5120 2351 5187 quibus
2379 5118 2533 5172 simul
2573 5127 2691 5185 pust
2720 5117 3162 5170 rcsmrectionem
3208 5128 3312 5165 non
3363 5111 3699 5179 apparuisset.

2163 5211 2262 5263 nisi
2295 5212 2343 5263 in
2394 5225 2513 5262 eum
2557 5218 2679 5260 ante
2708 5205 3095 5262 credidissent?
3128 5202 3276 5257 Unde
3316 5204 3389 5255 iiii
3434 5211 3634 5254 centum
3663 5210 3708 5251 rt

2163 5314 2373 5361 novem,
2401 5298 2487 5365 qui
2518 5312 2636 5349 cum
2684 5296 2797 5348 istis
2829 5293 3070 5348 undecim
3100 5304 3312 5346 centum
3336 5292 3521 5361 viginti
3548 5300 3708 5349 erant,

2162 5388 2375 5457 quando
2398 5384 2556 5438 simul
2587 5384 2889 5453 congregati
2920 5392 3036 5451 post
3081 5382 3192 5447 ejus
3229 5383 3592 5436 asceu:ionem
3620 5393 3707 5431 ex-

2164 5488 2536 5549 spectaverunt
2562 5485 2617 5531 et
2642 5484 2961 5546 acceperunt
2990 5475 3305 5544 promissum
3332 5474 3580 5543 Spiri'um
3601 5486 3711 5523 san-

2163 5584 2306 5627 ctum
2340 5572 2474 5641 (Act.
2504 5570 2579 5640 t)?
2607 5569 2758 5626 Unde
2782 5578 2933 5623 erant
2962 5569 3046 5623 isti
3076 5586 3285 5634 omnes,
3314 5571 3411 5623 nisi
3442 5584 3503 5621 ex
3536 5566 3630 5619 illis
3654 5566 3709 5617 de

2165 5664 2351 5736 quibus
2376 5662 2568 5717 dictum
2590 5670 2669 5717 est
2692 5682 2702 5715 ;
2729 5659 2878 5716 Multi
2894 5662 3216 5715 credi.’crum
3242 5661 3290 5713 iu
3314 5676 3428 5714 eum
3452 5657 3615 5729 (Joau.
3636 5654 3710 5723 u}?

3814 424 3839 999 l

3826 1026 3847 1603 |
