  <div class='ocr_page' id='page_1' title='image "/cluster/home/n/w/nwhite01/storage/ocr_20150623/92-93/uva.x000827076/450.png"; bbox 0 0 3884 6232; ppageno 0'>
   <div class='ocr_carea' id='block_1_1' title="bbox 80 392 178 445">
    <p class='ocr_par' dir='ltr' id='par_1_1' title="bbox 80 392 178 445">
     <span class='ocr_line' id='line_1_1' title="bbox 80 392 178 445; baseline -0.041 0"><span class='ocrx_word' id='word_1_1' title='bbox 80 392 178 445; x_wconf 56' lang='lat'><strong>“85</strong></span> 
     </span>
    </p>
   </div>
   <div class='ocr_carea' id='block_1_2' title="bbox 1005 385 2379 446">
    <p class='ocr_par' dir='ltr' id='par_1_2' title="bbox 1005 385 2379 446">
     <span class='ocr_line' id='line_1_2' title="bbox 1005 385 2379 446; baseline -0.002 -2"><span class='ocrx_word' id='word_1_2' title='bbox 1005 392 1067 446; x_wconf 80' lang='grc' dir='ltr'><strong>ΙΝ</strong></span> <span class='ocrx_word' id='word_1_3' title='bbox 1107 393 1163 445; x_wconf 84' lang='lat' dir='ltr'><strong>S.</strong></span> <span class='ocrx_word' id='word_1_4' title='bbox 1206 390 1484 446; x_wconf 69' lang='lat' dir='ltr'><strong>JOANNIS</strong></span> <span class='ocrx_word' id='word_1_5' title='bbox 1526 388 1963 444; x_wconf 65' lang='lat' dir='ltr'><strong>EVANGELIUM</strong></span> <span class='ocrx_word' id='word_1_6' title='bbox 2007 385 2379 442; x_wconf 75' lang='lat' dir='ltr'><strong>EXPUSITIO.</strong></span> 
     </span>
    </p>
   </div>
   <div class='ocr_carea' id='block_1_3' title="bbox 3203 349 3350 432">
    <p class='ocr_par' dir='ltr' id='par_1_3' title="bbox 3203 349 3350 432">
     <span class='ocr_line' id='line_1_3' title="bbox 3203 349 3350 432; baseline -0.014 -1"><span class='ocrx_word' id='word_1_7' title='bbox 3203 376 3306 432; x_wconf 73' lang='lat' dir='ltr'><strong>sas</strong></span> <span class='ocrx_word' id='word_1_8' title='bbox 3347 349 3350 352; x_wconf 71' lang='grc'><strong>’</strong></span> 
     </span>
    </p>
   </div>
   <div class='ocr_carea' id='block_1_4' title="bbox 87 494 3308 571">
    <p class='ocr_par' dir='ltr' id='par_1_4' title="bbox 87 494 3308 571">
     <span class='ocr_line' id='line_1_4' title="bbox 87 494 3308 571; baseline -0.002 -19"><span class='ocrx_word' id='word_1_9' title='bbox 87 505 192 555; x_wconf 72' lang='lat' dir='ltr'><strong>‘iou</strong></span> <span class='ocrx_word' id='word_1_10' title='bbox 223 520 347 569; x_wconf 56' lang='lat' dir='ltr'><strong>ergo</strong></span> <span class='ocrx_word' id='word_1_11' title='bbox 382 520 476 568; x_wconf 82' lang='lat' dir='ltr'><strong>pro</strong></span> <span class='ocrx_word' id='word_1_12' title='bbox 507 505 585 559; x_wconf 77' lang='lat' dir='ltr'><strong>eis</strong></span> <span class='ocrx_word' id='word_1_13' title='bbox 627 514 748 558; x_wconf 78' lang='lat' dir='ltr'><strong>tunc</strong></span> <span class='ocrx_word' id='word_1_14' title='bbox 779 503 1020 558; x_wconf 77' lang='lat' dir='ltr'><strong>Salvator</strong></span> <span class='ocrx_word' id='word_1_15' title='bbox 1047 504 1240 568; x_wconf 85' lang='lat' dir='ltr'><strong>oravit,</strong></span> <span class='ocrx_word' id='word_1_16' title='bbox 1269 503 1516 571; x_wconf 88' lang='lat' dir='ltr'><strong>quoniam</strong></span> <span class='ocrx_word' id='word_1_17' title='bbox 1549 517 1642 566; x_wconf 87' lang='lat' dir='ltr'><strong>pro</strong></span> <span class='ocrx_word' id='word_1_18' title='bbox 1676 515 1718 570; x_wconf 83' lang='grc' dir='ltr'><strong>Α</strong></span> <span class='ocrx_word' id='word_1_19' title='bbox 1748 511 1829 552; x_wconf 90' lang='lat' dir='ltr'><strong>tur</strong></span> <span class='ocrx_word' id='word_1_20' title='bbox 1861 515 1961 553; x_wconf 88' lang='lat' dir='ltr'><strong>non</strong></span> <span class='ocrx_word' id='word_1_21' title='bbox 1989 501 2158 554; x_wconf 88' lang='lat' dir='ltr'><strong>solum</strong></span> <span class='ocrx_word' id='word_1_22' title='bbox 2201 508 2648 557; x_wconf 85' lang='lat' dir='ltr'><strong>resurrecturum,</strong></span> <span class='ocrx_word' id='word_1_23' title='bbox 2695 509 2882 552; x_wconf 89' lang='lat' dir='ltr'><strong>verum</strong></span> <span class='ocrx_word' id='word_1_24' title='bbox 2907 494 3066 549; x_wconf 80' lang='lat' dir='ltr'><strong>etiam</strong></span> <span class='ocrx_word' id='word_1_25' title='bbox 3120 507 3308 562; x_wconf 71' lang='lat' dir='ltr'><strong>regna-</strong></span> 
     </span>
    </p>
   </div>
   <div class='ocr_carea' id='block_1_5' title="bbox 87 592 1649 663">
    <p class='ocr_par' dir='ltr' id='par_1_5' title="bbox 87 592 1649 663">
     <span class='ocr_line' id='line_1_5' title="bbox 87 592 1649 663; baseline -0.003 -14"><span class='ocrx_word' id='word_1_26' title='bbox 87 616 154 649; x_wconf 76' lang='lat' dir='ltr'><strong>ris</strong></span> <span class='ocrx_word' id='word_1_27' title='bbox 199 600 370 650; x_wconf 81' lang='lat' dir='ltr'><strong>oravit</strong></span> <span class='ocrx_word' id='word_1_28' title='bbox 421 598 509 663; x_wconf 91' lang='lat' dir='ltr'><strong>qui</strong></span> <span class='ocrx_word' id='word_1_29' title='bbox 545 613 664 650; x_wconf 87' lang='lat' dir='ltr'><strong>cum</strong></span> <span class='ocrx_word' id='word_1_30' title='bbox 710 599 797 648; x_wconf 90' lang='lat' dir='ltr'><strong>illo</strong></span> <span class='ocrx_word' id='word_1_31' title='bbox 824 606 953 650; x_wconf 87' lang='lat' dir='ltr'><strong>tunc</strong></span> <span class='ocrx_word' id='word_1_32' title='bbox 997 606 1169 659; x_wconf 89' lang='lat' dir='ltr'><strong>erant,</strong></span> <span class='ocrx_word' id='word_1_33' title='bbox 1199 606 1252 650; x_wconf 87' lang='lat' dir='ltr'><strong>et</strong></span> <span class='ocrx_word' id='word_1_34' title='bbox 1299 609 1392 663; x_wconf 92' lang='lat' dir='ltr'><strong>pro</strong></span> <span class='ocrx_word' id='word_1_35' title='bbox 1422 592 1536 647; x_wconf 83' lang='lat' dir='ltr'><strong>aliis</strong></span> <span class='ocrx_word' id='word_1_36' title='bbox 1559 594 1649 661; x_wconf 85' lang='lat' dir='ltr'><strong>qui</strong></span> 
     </span>
    </p>
   </div>
   <div class='ocr_carea' id='block_1_6' title="bbox 85 681 1651 756">
    <p class='ocr_par' dir='ltr' id='par_1_6' title="bbox 85 681 1651 756">
     <span class='ocr_line' id='line_1_6' title="bbox 85 681 1651 756; baseline -0.003 -20"><span class='ocrx_word' id='word_1_37' title='bbox 85 706 176 753; x_wconf 63' lang='lat' dir='ltr'><strong>per</strong></span> <span class='ocrx_word' id='word_1_38' title='bbox 199 688 419 741; x_wconf 84' lang='lat' dir='ltr'><strong>verbum</strong></span> <span class='ocrx_word' id='word_1_39' title='bbox 451 704 632 742; x_wconf 89' lang='lat' dir='ltr'><strong>eorum</strong></span> <span class='ocrx_word' id='word_1_40' title='bbox 664 687 714 739; x_wconf 92' lang='lat' dir='ltr'><strong>in</strong></span> <span class='ocrx_word' id='word_1_41' title='bbox 746 703 866 740; x_wconf 89' lang='lat' dir='ltr'><strong>eum</strong></span> <span class='ocrx_word' id='word_1_42' title='bbox 891 687 1001 756; x_wconf 78' lang='lat' dir='ltr'><strong>jam</strong></span> <span class='ocrx_word' id='word_1_43' title='bbox 1043 702 1146 739; x_wconf 92' lang='lat' dir='ltr'><strong>non</strong></span> <span class='ocrx_word' id='word_1_44' title='bbox 1178 685 1535 743; x_wconf 79' lang='lat' dir='ltr'><strong>crediderant,</strong></span> <span class='ocrx_word' id='word_1_45' title='bbox 1561 681 1651 732; x_wconf 60' lang='lat' dir='ltr'><strong>sed</strong></span> 
     </span>
    </p>
   </div>
   <div class='ocr_carea' id='block_1_7' title="bbox 91 777 1652 833">
    <p class='ocr_par' dir='ltr' id='par_1_7' title="bbox 91 777 1652 833">
     <span class='ocr_line' id='line_1_7' title="bbox 91 777 1652 833; baseline -0.006 -1"><span class='ocrx_word' id='word_1_46' title='bbox 91 785 299 833; x_wconf 70' lang='lat' dir='ltr'><strong>lin-rant</strong></span> <span class='ocrx_word' id='word_1_47' title='bbox 325 781 617 832; x_wconf 77' lang='lat' dir='ltr'><strong>credituri?</strong></span> <span class='ocrx_word' id='word_1_48' title='bbox 641 780 724 833; x_wconf 90' lang='lat' dir='ltr'><strong>lsti</strong></span> <span class='ocrx_word' id='word_1_49' title='bbox 750 789 926 832; x_wconf 73' lang='lat' dir='ltr'><strong>autem</strong></span> <span class='ocrx_word' id='word_1_50' title='bbox 955 795 1053 833; x_wconf 90' lang='lat' dir='ltr'><strong>nec</strong></span> <span class='ocrx_word' id='word_1_51' title='bbox 1073 793 1191 831; x_wconf 90' lang='lat' dir='ltr'><strong>cum</strong></span> <span class='ocrx_word' id='word_1_52' title='bbox 1223 777 1310 830; x_wconf 87' lang='lat' dir='ltr'><strong>illo</strong></span> <span class='ocrx_word' id='word_1_53' title='bbox 1335 785 1458 828; x_wconf 91' lang='lat' dir='ltr'><strong>tunc</strong></span> <span class='ocrx_word' id='word_1_54' title='bbox 1479 782 1652 831; x_wconf 85' lang='lat' dir='ltr'><strong>erant,</strong></span> 
     </span>
    </p>
   </div>
   <div class='ocr_carea' id='block_1_8' title="bbox 95 864 1658 938">
    <p class='ocr_par' dir='ltr' id='par_1_8' title="bbox 95 864 1658 938">
     <span class='ocr_line' id='line_1_8' title="bbox 95 864 1658 938; baseline -0.007 -13"><span class='ocrx_word' id='word_1_55' title='bbox 95 883 137 925; x_wconf 84' lang='lat' dir='ltr'><strong>et</strong></span> <span class='ocrx_word' id='word_1_56' title='bbox 174 870 229 923; x_wconf 85' lang='lat' dir='ltr'><strong>in</strong></span> <span class='ocrx_word' id='word_1_57' title='bbox 261 887 381 923; x_wconf 83' lang='lat' dir='ltr'><strong>eum</strong></span> <span class='ocrx_word' id='word_1_58' title='bbox 409 871 517 938; x_wconf 77' lang='lat' dir='ltr'><strong>jam</strong></span> <span class='ocrx_word' id='word_1_59' title='bbox 550 881 670 922; x_wconf 79' lang='lat' dir='ltr'><strong>ante</strong></span> <span class='ocrx_word' id='word_1_60' title='bbox 715 868 1072 924; x_wconf 86' lang='lat' dir='ltr'><strong>crediderant.</strong></span> <span class='ocrx_word' id='word_1_61' title='bbox 1123 868 1322 921; x_wconf 87' lang='lat' dir='ltr'><strong>Omitto</strong></span> <span class='ocrx_word' id='word_1_62' title='bbox 1371 865 1550 916; x_wconf 87' lang='lat' dir='ltr'><strong>dicere</strong></span> <span class='ocrx_word' id='word_1_63' title='bbox 1591 864 1658 914; x_wconf 90' lang='lat' dir='ltr'><strong>de</strong></span> 
     </span>
    </p>
   </div>
   <div class='ocr_carea' id='block_1_9' title="bbox 90 954 1657 1026">
    <p class='ocr_par' dir='ltr' id='par_1_9' title="bbox 90 954 1657 1026">
     <span class='ocr_line' id='line_1_9' title="bbox 90 954 1657 1026; baseline -0.008 -11"><span class='ocrx_word' id='word_1_64' title='bbox 90 960 343 1015; x_wconf 78' lang='lat' dir='ltr'><strong>Simeoiie</strong></span> <span class='ocrx_word' id='word_1_65' title='bbox 369 973 516 1016; x_wconf 78' lang='lat' dir='ltr'><strong>sene.</strong></span> <span class='ocrx_word' id='word_1_66' title='bbox 560 960 644 1026; x_wconf 98' lang='lat' dir='ltr'><strong>qui</strong></span> <span class='ocrx_word' id='word_1_67' title='bbox 678 963 726 1012; x_wconf 91' lang='lat' dir='ltr'><strong>iu</strong></span> <span class='ocrx_word' id='word_1_68' title='bbox 773 958 1085 1012; x_wconf 84' lang='lat' dir='ltr'><strong>iul&#39;antulum</strong></span> <span class='ocrx_word' id='word_1_69' title='bbox 1116 957 1378 1018; x_wconf 80' lang='lat' dir='ltr'><strong>credidit;</strong></span> <span class='ocrx_word' id='word_1_70' title='bbox 1407 955 1474 1007; x_wconf 91' lang='lat' dir='ltr'><strong>de</strong></span> <span class='ocrx_word' id='word_1_71' title='bbox 1509 954 1657 1005; x_wconf 78' lang='lat' dir='ltr'><strong>Anna</strong></span> 
     </span>
    </p>
   </div>
   <div class='ocr_carea' id='block_1_10' title="bbox 94 1040 1659 1118">
    <p class='ocr_par' dir='ltr' id='par_1_10' title="bbox 94 1040 1659 1118">
     <span class='ocr_line' id='line_1_10' title="bbox 94 1040 1659 1118; baseline -0.005 -18"><span class='ocrx_word' id='word_1_72' title='bbox 94 1050 426 1116; x_wconf 75' lang='lat' dir='ltr'><strong>prephctissa</strong></span> <span class='ocrx_word' id='word_1_73' title='bbox 476 1048 642 1117; x_wconf 87' lang='lat' dir='ltr'><strong>(Luc.</strong></span> <span class='ocrx_word' id='word_1_74' title='bbox 677 1050 780 1118; x_wconf 87' lang='lat' dir='ltr'><strong>ll);</strong></span> <span class='ocrx_word' id='word_1_75' title='bbox 839 1048 905 1102; x_wconf 92' lang='lat' dir='ltr'><strong>de</strong></span> <span class='ocrx_word' id='word_1_76' title='bbox 957 1047 1233 1107; x_wconf 78' lang='lat' dir='ltr'><strong>chharia,</strong></span> <span class='ocrx_word' id='word_1_77' title='bbox 1286 1058 1336 1100; x_wconf 91' lang='lat' dir='ltr'><strong>et</strong></span> <span class='ocrx_word' id='word_1_78' title='bbox 1389 1040 1659 1097; x_wconf 82' lang='lat' dir='ltr'><strong>Elizalu-th</strong></span> 
     </span>
    </p>
   </div>
   <div class='ocr_carea' id='block_1_11' title="bbox 94 1133 1653 1208">
    <p class='ocr_par' dir='ltr' id='par_1_11' title="bbox 94 1133 1653 1208">
     <span class='ocr_line' id='line_1_11' title="bbox 94 1133 1653 1208; baseline -0.003 -18"><span class='ocrx_word' id='word_1_79' title='bbox 94 1140 244 1206; x_wconf 84' lang='lat' dir='ltr'><strong>(Luc.</strong></span> <span class='ocrx_word' id='word_1_80' title='bbox 277 1137 340 1206; x_wconf 84' lang='grc' dir='ltr'><strong>ι),</strong></span> <span class='ocrx_word' id='word_1_81' title='bbox 373 1139 459 1208; x_wconf 83' lang='lat' dir='ltr'><strong>qni</strong></span> <span class='ocrx_word' id='word_1_82' title='bbox 486 1155 608 1192; x_wconf 82' lang='lat' dir='ltr'><strong>enni</strong></span> <span class='ocrx_word' id='word_1_83' title='bbox 637 1139 1087 1207; x_wconf 86' lang='lat' dir='ltr'><strong>prOphetaverunt</strong></span> <span class='ocrx_word' id='word_1_84' title='bbox 1131 1146 1410 1203; x_wconf 91' lang='lat' dir='ltr'><strong>antequam</strong></span> <span class='ocrx_word' id='word_1_85' title='bbox 1442 1135 1508 1188; x_wconf 90' lang='lat' dir='ltr'><strong>de</strong></span> <span class='ocrx_word' id='word_1_86' title='bbox 1545 1133 1653 1186; x_wconf 85' lang='lat' dir='ltr'><strong>Vir-</strong></span> 
     </span>
    </p>
   </div>
   <div class='ocr_carea' id='block_1_12' title="bbox 94 1228 1663 1297">
    <p class='ocr_par' dir='ltr' id='par_1_12' title="bbox 94 1228 1663 1297">
     <span class='ocr_line' id='line_1_12' title="bbox 94 1228 1663 1297; baseline -0.001 -18"><span class='ocrx_word' id='word_1_87' title='bbox 94 1233 213 1297; x_wconf 79' lang='lat' dir='ltr'><strong>gine</strong></span> <span class='ocrx_word' id='word_1_88' title='bbox 243 1247 355 1282; x_wconf 73' lang='lat' dir='ltr'><strong>llaa&#39;t</strong></span> <span class='ocrx_word' id='word_1_89' title='bbox 373 1240 586 1294; x_wconf 83' lang='lat' dir='ltr'><strong>eretur;</strong></span> <span class='ocrx_word' id='word_1_90' title='bbox 618 1231 682 1282; x_wconf 76' lang='lat' dir='ltr'><strong>de.</strong></span> <span class='ocrx_word' id='word_1_91' title='bbox 715 1231 822 1283; x_wconf 77' lang='lat' dir='ltr'><strong>tilio</strong></span> <span class='ocrx_word' id='word_1_92' title='bbox 862 1245 1043 1284; x_wconf 89' lang='lat' dir='ltr'><strong>eorum</strong></span> <span class='ocrx_word' id='word_1_93' title='bbox 1071 1228 1294 1292; x_wconf 82' lang='lat' dir='ltr'><strong>Joanne,</strong></span> <span class='ocrx_word' id='word_1_94' title='bbox 1331 1238 1663 1296; x_wconf 73' lang='lat' dir='ltr'><strong>prmcnrsore</strong></span> 
     </span>
    </p>
   </div>
   <div class='ocr_carea' id='block_1_13' title="bbox 95 1316 1664 1387">
    <p class='ocr_par' dir='ltr' id='par_1_13' title="bbox 95 1316 1664 1387">
     <span class='ocr_line' id='line_1_13' title="bbox 95 1316 1664 1387; baseline -0.001 -18"><span class='ocrx_word' id='word_1_95' title='bbox 95 1320 230 1386; x_wconf 80' lang='lat' dir='ltr'><strong>ejus,</strong></span> <span class='ocrx_word' id='word_1_96' title='bbox 282 1321 456 1371; x_wconf 86' lang='lat' dir='ltr'><strong>amico</strong></span> <span class='ocrx_word' id='word_1_97' title='bbox 500 1321 705 1387; x_wconf 92' lang='lat' dir='ltr'><strong>sponsi,</strong></span> <span class='ocrx_word' id='word_1_98' title='bbox 738 1321 822 1382; x_wconf 87' lang='lat' dir='ltr'><strong>qui</strong></span> <span class='ocrx_word' id='word_1_99' title='bbox 870 1333 990 1372; x_wconf 89' lang='lat' dir='ltr'><strong>eum</strong></span> <span class='ocrx_word' id='word_1_100' title='bbox 1039 1325 1093 1372; x_wconf 90' lang='lat' dir='ltr'><strong>et</strong></span> <span class='ocrx_word' id='word_1_101' title='bbox 1145 1317 1198 1370; x_wconf 91' lang='lat' dir='ltr'><strong>in</strong></span> <span class='ocrx_word' id='word_1_102' title='bbox 1238 1329 1424 1370; x_wconf 88' lang='lat' dir='ltr'><strong>sancto</strong></span> <span class='ocrx_word' id='word_1_103' title='bbox 1465 1316 1664 1384; x_wconf 90' lang='lat' dir='ltr'><strong>Spiritu</strong></span> 
     </span>
    </p>
   </div>
   <div class='ocr_carea' id='block_1_14' title="bbox 95 1406 1664 1476">
    <p class='ocr_par' dir='ltr' id='par_1_14' title="bbox 95 1406 1664 1476">
     <span class='ocr_line' id='line_1_14' title="bbox 95 1406 1664 1476; baseline -0.001 -18"><span class='ocrx_word' id='word_1_104' title='bbox 95 1408 330 1474; x_wconf 80' lang='lat' dir='ltr'><strong>agnovit,</strong></span> <span class='ocrx_word' id='word_1_105' title='bbox 365 1419 419 1462; x_wconf 92' lang='lat' dir='ltr'><strong>et</strong></span> <span class='ocrx_word' id='word_1_106' title='bbox 460 1409 732 1462; x_wconf 77' lang='lat' dir='ltr'><strong>absentem</strong></span> <span class='ocrx_word' id='word_1_107' title='bbox 762 1407 1090 1476; x_wconf 67' lang='lat' dir='ltr'><strong>praedicavit,</strong></span> <span class='ocrx_word' id='word_1_108' title='bbox 1121 1416 1174 1460; x_wconf 92' lang='lat' dir='ltr'><strong>et</strong></span> <span class='ocrx_word' id='word_1_109' title='bbox 1205 1406 1328 1460; x_wconf 90' lang='lat' dir='ltr'><strong>aliis</strong></span> <span class='ocrx_word' id='word_1_110' title='bbox 1369 1419 1664 1476; x_wconf 76' lang='lat' dir='ltr'><strong>agnoscen-</strong></span> 
     </span>
    </p>
   </div>
   <div class='ocr_carea' id='block_1_15' title="bbox 95 1495 1665 1566">
    <p class='ocr_par' dir='ltr' id='par_1_15' title="bbox 95 1495 1665 1566">
     <span class='ocr_line' id='line_1_15' title="bbox 95 1495 1665 1566; baseline 0.002 -21"><span class='ocrx_word' id='word_1_111' title='bbox 95 1502 259 1562; x_wconf 85' lang='lat' dir='ltr'><strong>dum,</strong></span> <span class='ocrx_word' id='word_1_112' title='bbox 303 1514 424 1552; x_wconf 92' lang='lat' dir='ltr'><strong>cum</strong></span> <span class='ocrx_word' id='word_1_113' title='bbox 473 1497 704 1566; x_wconf 70' lang='lat' dir='ltr'><strong>praesens</strong></span> <span class='ocrx_word' id='word_1_114' title='bbox 754 1508 930 1561; x_wconf 86' lang='lat' dir='ltr'><strong>esset,</strong></span> <span class='ocrx_word' id='word_1_115' title='bbox 979 1497 1208 1551; x_wconf 88' lang='lat' dir='ltr'><strong>ostendit</strong></span> <span class='ocrx_word' id='word_1_116' title='bbox 1257 1495 1520 1566; x_wconf 71' lang='lat' dir='ltr'><strong>(learnt).</strong></span> <span class='ocrx_word' id='word_1_117' title='bbox 1556 1495 1665 1550; x_wconf 90' lang='lat' dir='ltr'><strong>llos</strong></span> 
     </span>
    </p>
   </div>
   <div class='ocr_carea' id='block_1_16' title="bbox 95 1587 1667 1656">
    <p class='ocr_par' dir='ltr' id='par_1_16' title="bbox 95 1587 1667 1656">
     <span class='ocr_line' id='line_1_16' title="bbox 95 1587 1667 1656; baseline 0 -20"><span class='ocrx_word' id='word_1_118' title='bbox 95 1589 306 1650; x_wconf 86' lang='lat' dir='ltr'><strong>mnitto,</strong></span> <span class='ocrx_word' id='word_1_119' title='bbox 340 1588 588 1655; x_wconf 90' lang='lat' dir='ltr'><strong>quoniam</strong></span> <span class='ocrx_word' id='word_1_120' title='bbox 623 1587 933 1656; x_wconf 70' lang='lat' dir='ltr'><strong>responderi</strong></span> <span class='ocrx_word' id='word_1_121' title='bbox 967 1595 1142 1654; x_wconf 89' lang='lat' dir='ltr'><strong>potest</strong></span> <span class='ocrx_word' id='word_1_122' title='bbox 1170 1588 1437 1640; x_wconf 84' lang='lat' dir='ltr'><strong>orandum</strong></span> <span class='ocrx_word' id='word_1_123' title='bbox 1454 1600 1550 1652; x_wconf 92' lang='lat' dir='ltr'><strong>pro</strong></span> <span class='ocrx_word' id='word_1_124' title='bbox 1578 1595 1667 1638; x_wconf 86' lang='lat' dir='ltr'><strong>ta-</strong></span> 
     </span>
    </p>
   </div>
   <div class='ocr_carea' id='block_1_17' title="bbox 101 1675 1669 1746">
    <p class='ocr_par' dir='ltr' id='par_1_17' title="bbox 101 1675 1669 1746">
     <span class='ocr_line' id='line_1_17' title="bbox 101 1675 1669 1746; baseline 0.003 -22"><span class='ocrx_word' id='word_1_125' title='bbox 101 1676 233 1728; x_wconf 73' lang='lat' dir='ltr'><strong>llbth’</strong></span> <span class='ocrx_word' id='word_1_126' title='bbox 267 1676 494 1729; x_wconf 86' lang='lat' dir='ltr'><strong>mortuis</strong></span> <span class='ocrx_word' id='word_1_127' title='bbox 525 1691 625 1729; x_wconf 93' lang='lat' dir='ltr'><strong>non</strong></span> <span class='ocrx_word' id='word_1_128' title='bbox 659 1676 840 1738; x_wconf 75' lang='lat' dir='ltr'><strong>fuisse,</strong></span> <span class='ocrx_word' id='word_1_129' title='bbox 868 1677 954 1744; x_wconf 91' lang='lat' dir='ltr'><strong>qui</strong></span> <span class='ocrx_word' id='word_1_130' title='bbox 982 1691 1100 1730; x_wconf 91' lang='lat' dir='ltr'><strong>cum</strong></span> <span class='ocrx_word' id='word_1_131' title='bbox 1131 1675 1334 1746; x_wconf 78' lang='lat' dir='ltr'><strong>magnis</strong></span> <span class='ocrx_word' id='word_1_132' title='bbox 1374 1677 1484 1730; x_wconf 84' lang='lat' dir='ltr'><strong>suis</strong></span> <span class='ocrx_word' id='word_1_133' title='bbox 1510 1676 1669 1729; x_wconf 89' lang='lat' dir='ltr'><strong>meri-</strong></span> 
     </span>
    </p>
   </div>
   <div class='ocr_carea' id='block_1_18' title="bbox 100 1767 1667 1837">
    <p class='ocr_par' dir='ltr' id='par_1_18' title="bbox 100 1767 1667 1837">
     <span class='ocr_line' id='line_1_18' title="bbox 100 1767 1667 1837; baseline 0.002 -18"><span class='ocrx_word' id='word_1_134' title='bbox 100 1771 164 1820; x_wconf 93' lang='lat' dir='ltr'><strong>tis</strong></span> <span class='ocrx_word' id='word_1_135' title='bbox 191 1768 320 1821; x_wconf 87' lang='lat' dir='ltr'><strong>hinc</strong></span> <span class='ocrx_word' id='word_1_136' title='bbox 365 1768 626 1832; x_wconf 86' lang='lat' dir='ltr'><strong>abierant,</strong></span> <span class='ocrx_word' id='word_1_137' title='bbox 672 1778 726 1823; x_wconf 89' lang='lat' dir='ltr'><strong>et</strong></span> <span class='ocrx_word' id='word_1_138' title='bbox 768 1768 962 1837; x_wconf 88' lang='lat' dir='ltr'><strong>recepti</strong></span> <span class='ocrx_word' id='word_1_139' title='bbox 997 1769 1364 1836; x_wconf 84' lang='lat' dir='ltr'><strong>quiescebant,</strong></span> <span class='ocrx_word' id='word_1_140' title='bbox 1397 1769 1498 1822; x_wconf 89' lang='lat' dir='ltr'><strong>hoc</strong></span> <span class='ocrx_word' id='word_1_141' title='bbox 1525 1767 1667 1822; x_wconf 92' lang='lat' dir='ltr'><strong>enim</strong></span> 
     </span>
    </p>
   </div>
   <div class='ocr_carea' id='block_1_19' title="bbox 1756 584 3326 653">
    <p class='ocr_par' dir='ltr' id='par_1_19' title="bbox 1756 584 3326 653">
     <span class='ocr_line' id='line_1_19' title="bbox 1756 584 3326 653; baseline -0.005 -11"><span class='ocrx_word' id='word_1_142' title='bbox 1756 601 1948 649; x_wconf 88' lang='lat' dir='ltr'><strong>turum.</strong></span> <span class='ocrx_word' id='word_1_143' title='bbox 1978 590 2202 643; x_wconf 82' lang='lat' dir='ltr'><strong>dicendo</strong></span> <span class='ocrx_word' id='word_1_144' title='bbox 2226 608 2237 641; x_wconf 91' lang='lat'>:</span> <span class='ocrx_word' id='word_1_145' title='bbox 2270 588 2518 641; x_wconf 78' lang='lat' dir='ltr'><strong>Memento</strong></span> <span class='ocrx_word' id='word_1_146' title='bbox 2547 588 2642 641; x_wconf 89' lang='lat' dir='ltr'><strong>mei</strong></span> <span class='ocrx_word' id='word_1_147' title='bbox 2661 603 2776 642; x_wconf 84' lang='lat' dir='ltr'><strong>cum</strong></span> <span class='ocrx_word' id='word_1_148' title='bbox 2800 586 2992 641; x_wconf 80' lang='lat' dir='ltr'><strong>veneris</strong></span> <span class='ocrx_word' id='word_1_149' title='bbox 3019 584 3072 639; x_wconf 85' lang='lat' dir='ltr'><strong>in</strong></span> <span class='ocrx_word' id='word_1_150' title='bbox 3101 599 3326 653; x_wconf 70' lang='lat' dir='ltr'><strong>regnum</strong></span> 
     </span>
    </p>
   </div>
   <div class='ocr_carea' id='block_1_20' title="bbox 1755 675 3316 748">
    <p class='ocr_par' dir='ltr' id='par_1_20' title="bbox 1755 675 3316 748">
     <span class='ocr_line' id='line_1_20' title="bbox 1755 675 3316 748; baseline -0.004 -17"><span class='ocrx_word' id='word_1_151' title='bbox 1755 691 1896 732; x_wconf 84' lang='lat' dir='ltr'><strong>tutmt</strong></span> <span class='ocrx_word' id='word_1_152' title='bbox 1931 679 2078 748; x_wconf 88' lang='lat' dir='ltr'><strong>(Luc.</strong></span> <span class='ocrx_word' id='word_1_153' title='bbox 2116 679 2287 748; x_wconf 83' lang='lat' dir='ltr'><strong>mn).</strong></span> <span class='ocrx_word' id='word_1_154' title='bbox 2319 677 2544 731; x_wconf 82' lang='lat' dir='ltr'><strong>Proinde</strong></span> <span class='ocrx_word' id='word_1_155' title='bbox 2589 678 2920 746; x_wconf 82' lang='lat' dir='ltr'><strong>relinquitur,</strong></span> <span class='ocrx_word' id='word_1_156' title='bbox 2974 685 3032 730; x_wconf 90' lang='lat' dir='ltr'><strong>ut</strong></span> <span class='ocrx_word' id='word_1_157' title='bbox 3061 676 3104 729; x_wconf 89' lang='lat' dir='ltr'><strong>si</strong></span> <span class='ocrx_word' id='word_1_158' title='bbox 3139 675 3316 729; x_wconf 85' lang='lat' dir='ltr'><strong>Domi-</strong></span> 
     </span>
    </p>
   </div>
   <div class='ocr_carea' id='block_1_21' title="bbox 1757 764 3316 837">
    <p class='ocr_par' dir='ltr' id='par_1_21' title="bbox 1757 764 3316 837">
     <span class='ocr_line' id='line_1_21' title="bbox 1757 764 3316 837; baseline -0.003 -16"><span class='ocrx_word' id='word_1_159' title='bbox 1757 785 1856 821; x_wconf 88' lang='lat' dir='ltr'><strong>nus</strong></span> <span class='ocrx_word' id='word_1_160' title='bbox 1879 767 2032 824; x_wconf 84' lang='lat' dir='ltr'><strong>Jesus</strong></span> <span class='ocrx_word' id='word_1_161' title='bbox 2060 769 2110 820; x_wconf 93' lang='lat' dir='ltr'><strong>in</strong></span> <span class='ocrx_word' id='word_1_162' title='bbox 2162 769 2257 821; x_wconf 90' lang='lat' dir='ltr'><strong>hac</strong></span> <span class='ocrx_word' id='word_1_163' title='bbox 2284 768 2523 823; x_wconf 88' lang='lat' dir='ltr'><strong>oratione</strong></span> <span class='ocrx_word' id='word_1_164' title='bbox 2551 781 2645 823; x_wconf 90' lang='lat' dir='ltr'><strong>oro</strong></span> <span class='ocrx_word' id='word_1_165' title='bbox 2676 769 2786 822; x_wconf 83' lang='lat' dir='ltr'><strong>suis</strong></span> <span class='ocrx_word' id='word_1_166' title='bbox 2812 767 3058 821; x_wconf 87' lang='lat' dir='ltr'><strong>omnibus</strong></span> <span class='ocrx_word' id='word_1_167' title='bbox 3087 764 3282 837; x_wconf 88' lang='lat' dir='ltr'><strong>quicun</strong></span> <span class='ocrx_word' id='word_1_168' title='bbox 3307 794 3316 802; x_wconf 88' lang='lat'><strong>-</strong></span> 
     </span>
    </p>
   </div>
   <div class='ocr_carea' id='block_1_22' title="bbox 1757 851 3318 926">
    <p class='ocr_par' dir='ltr' id='par_1_22' title="bbox 1757 851 3318 926">
     <span class='ocr_line' id='line_1_22' title="bbox 1757 851 3318 926; baseline -0.005 -16"><span class='ocrx_word' id='word_1_169' title='bbox 1757 872 1861 919; x_wconf 89' lang='lat' dir='ltr'><strong>qne</strong></span> <span class='ocrx_word' id='word_1_170' title='bbox 1900 858 1951 910; x_wconf 91' lang='lat' dir='ltr'><strong>in</strong></span> <span class='ocrx_word' id='word_1_171' title='bbox 1998 861 2096 911; x_wconf 79' lang='lat' dir='ltr'><strong>hac</strong></span> <span class='ocrx_word' id='word_1_172' title='bbox 2127 857 2228 909; x_wconf 86' lang='lat' dir='ltr'><strong>vita</strong></span> <span class='ocrx_word' id='word_1_173' title='bbox 2269 857 2401 925; x_wconf 75' lang='lat' dir='ltr'><strong>(qua:</strong></span> <span class='ocrx_word' id='word_1_174' title='bbox 2431 859 2636 909; x_wconf 87' lang='lat' dir='ltr'><strong>tentatio</strong></span> <span class='ocrx_word' id='word_1_175' title='bbox 2666 866 2738 909; x_wconf 88' lang='lat' dir='ltr'><strong>est</strong></span> <span class='ocrx_word' id='word_1_176' title='bbox 2767 871 2916 926; x_wconf 84' lang='lat' dir='ltr'><strong>super</strong></span> <span class='ocrx_word' id='word_1_177' title='bbox 2951 864 3144 908; x_wconf 82' lang='lat' dir='ltr'><strong>terram</strong></span> <span class='ocrx_word' id='word_1_178' title='bbox 3173 851 3318 924; x_wconf 81' lang='lat' dir='ltr'><strong>{Job.</strong></span> 
     </span>
    </p>
   </div>
   <div class='ocr_carea' id='block_1_23' title="bbox 1761 945 3325 1021">
    <p class='ocr_par' dir='ltr' id='par_1_23' title="bbox 1761 945 3325 1021">
     <span class='ocr_line' id='line_1_23' title="bbox 1761 945 3325 1021; baseline -0.002 -20"><span class='ocrx_word' id='word_1_179' title='bbox 1761 947 1887 1021; x_wconf 76' lang='lat' dir='ltr'><strong>vn])</strong></span> <span class='ocrx_word' id='word_1_180' title='bbox 1916 949 1996 1004; x_wconf 85' lang='lat' dir='ltr'><strong>vel</strong></span> <span class='ocrx_word' id='word_1_181' title='bbox 2027 959 2151 1002; x_wconf 89' lang='lat' dir='ltr'><strong>tunc</strong></span> <span class='ocrx_word' id='word_1_182' title='bbox 2176 957 2352 1012; x_wconf 89' lang='lat' dir='ltr'><strong>erant,</strong></span> <span class='ocrx_word' id='word_1_183' title='bbox 2383 947 2462 1002; x_wconf 86' lang='lat' dir='ltr'><strong>vel</strong></span> <span class='ocrx_word' id='word_1_184' title='bbox 2493 947 2653 1002; x_wconf 90' lang='lat' dir='ltr'><strong>l&#39;uturt</strong></span> <span class='ocrx_word' id='word_1_185' title='bbox 2678 957 2847 1009; x_wconf 81' lang='lat' dir='ltr'><strong>erant,</strong></span> <span class='ocrx_word' id='word_1_186' title='bbox 2874 959 3059 1000; x_wconf 82' lang='lat' dir='ltr'><strong>orasse</strong></span> <span class='ocrx_word' id='word_1_187' title='bbox 3101 945 3325 1000; x_wconf 54' lang='lat' dir='ltr'><strong>credeno</strong></span> 
     </span>
    </p>
   </div>
   <div class='ocr_carea' id='block_1_24' title="bbox 1760 1035 3326 1106">
    <p class='ocr_par' dir='ltr' id='par_1_24' title="bbox 1760 1035 3326 1106">
     <span class='ocr_line' id='line_1_24' title="bbox 1760 1035 3326 1106; baseline -0.004 -14"><span class='ocrx_word' id='word_1_188' title='bbox 1760 1041 1858 1092; x_wconf 91' lang='lat' dir='ltr'><strong>dus</strong></span> <span class='ocrx_word' id='word_1_189' title='bbox 1887 1047 2006 1102; x_wconf 87' lang='lat' dir='ltr'><strong>est,</strong></span> <span class='ocrx_word' id='word_1_190' title='bbox 2036 1038 2112 1092; x_wconf 91' lang='lat' dir='ltr'><strong>sic</strong></span> <span class='ocrx_word' id='word_1_191' title='bbox 2139 1037 2490 1106; x_wconf 74' lang='lat' dir='ltr'><strong>intelligamus</strong></span> <span class='ocrx_word' id='word_1_192' title='bbox 2527 1037 2667 1105; x_wconf 92' lang='lat' dir='ltr'><strong>quod</strong></span> <span class='ocrx_word' id='word_1_193' title='bbox 2698 1035 2895 1090; x_wconf 90' lang='lat' dir='ltr'><strong>dictum</strong></span> <span class='ocrx_word' id='word_1_194' title='bbox 2932 1043 3033 1098; x_wconf 89' lang='lat' dir='ltr'><strong>est,</strong></span> <span class='ocrx_word' id='word_1_195' title='bbox 3077 1049 3169 1104; x_wconf 87' lang='lat' dir='ltr'><strong>per</strong></span> <span class='ocrx_word' id='word_1_196' title='bbox 3207 1049 3326 1089; x_wconf 88' lang='lat' dir='ltr'><strong>ver-</strong></span> 
     </span>
    </p>
   </div>
   <div class='ocr_carea' id='block_1_25' title="bbox 1763 1126 3329 1200">
    <p class='ocr_par' dir='ltr' id='par_1_25' title="bbox 1763 1126 3329 1200">
     <span class='ocr_line' id='line_1_25' title="bbox 1763 1126 3329 1200; baseline -0.005 -15"><span class='ocrx_word' id='word_1_197' title='bbox 1763 1132 1884 1185; x_wconf 89' lang='lat' dir='ltr'><strong>bum</strong></span> <span class='ocrx_word' id='word_1_198' title='bbox 1917 1131 2039 1185; x_wconf 79' lang='lat' dir='ltr'><strong>ﬁdei</strong></span> <span class='ocrx_word' id='word_1_199' title='bbox 2075 1132 2216 1200; x_wconf 89' lang='lat' dir='ltr'><strong>quod</strong></span> <span class='ocrx_word' id='word_1_200' title='bbox 2249 1130 2670 1196; x_wconf 75' lang='lat' dir='ltr'><strong>prredicaverunt</strong></span> <span class='ocrx_word' id='word_1_201' title='bbox 2699 1129 2750 1183; x_wconf 95' lang='lat' dir='ltr'><strong>in</strong></span> <span class='ocrx_word' id='word_1_202' title='bbox 2780 1128 2997 1192; x_wconf 89' lang='lat' dir='ltr'><strong>mundo,</strong></span> <span class='ocrx_word' id='word_1_203' title='bbox 3044 1127 3129 1182; x_wconf 89' lang='lat' dir='ltr'><strong>hic</strong></span> <span class='ocrx_word' id='word_1_204' title='bbox 3162 1126 3329 1198; x_wconf 74' lang='lat' dir='ltr'><strong>signi-</strong></span> 
     </span>
    </p>
   </div>
   <div class='ocr_carea' id='block_1_26' title="bbox 1764 1220 3328 1278">
    <p class='ocr_par' dir='ltr' id='par_1_26' title="bbox 1764 1220 3328 1278">
     <span class='ocr_line' id='line_1_26' title="bbox 1764 1220 3328 1278; baseline -0.006 0"><span class='ocrx_word' id='word_1_205' title='bbox 1764 1224 1974 1278; x_wconf 84' lang='lat' dir='ltr'><strong>ilcatum</strong></span> <span class='ocrx_word' id='word_1_206' title='bbox 1999 1238 2118 1277; x_wconf 90' lang='lat' dir='ltr'><strong>esse</strong></span> <span class='ocrx_word' id='word_1_207' title='bbox 2157 1222 2440 1277; x_wconf 87' lang='lat' dir='ltr'><strong>credamus</strong></span> <span class='ocrx_word' id='word_1_208' title='bbox 2465 1239 2478 1274; x_wconf 86' lang='lat'>:</span> <span class='ocrx_word' id='word_1_209' title='bbox 2507 1220 2705 1276; x_wconf 87' lang='lat' dir='ltr'><strong>dictum</strong></span> <span class='ocrx_word' id='word_1_210' title='bbox 2735 1230 2909 1276; x_wconf 86' lang='lat' dir='ltr'><strong>autem</strong></span> <span class='ocrx_word' id='word_1_211' title='bbox 2938 1234 3059 1275; x_wconf 87' lang='lat' dir='ltr'><strong>esse</strong></span> <span class='ocrx_word' id='word_1_212' title='bbox 3107 1221 3328 1275; x_wconf 79' lang='lat' dir='ltr'><strong>verbum</strong></span> 
     </span>
    </p>
   </div>
   <div class='ocr_carea' id='block_1_27' title="bbox 1763 1311 3335 1384">
    <p class='ocr_par' dir='ltr' id='par_1_27' title="bbox 1763 1311 3335 1384">
     <span class='ocr_line' id='line_1_27' title="bbox 1763 1311 3335 1384; baseline -0.003 -15"><span class='ocrx_word' id='word_1_213' title='bbox 1763 1330 1973 1381; x_wconf 91' lang='lat' dir='ltr'><strong>eorum,</strong></span> <span class='ocrx_word' id='word_1_214' title='bbox 2005 1314 2253 1384; x_wconf 88' lang='lat' dir='ltr'><strong>quoniam</strong></span> <span class='ocrx_word' id='word_1_215' title='bbox 2300 1313 2367 1368; x_wconf 89' lang='lat' dir='ltr'><strong>ab</strong></span> <span class='ocrx_word' id='word_1_216' title='bbox 2391 1314 2518 1382; x_wconf 86' lang='lat' dir='ltr'><strong>ipsis</strong></span> <span class='ocrx_word' id='word_1_217' title='bbox 2542 1321 2626 1367; x_wconf 90' lang='lat' dir='ltr'><strong>est</strong></span> <span class='ocrx_word' id='word_1_218' title='bbox 2671 1313 2914 1380; x_wconf 82' lang='lat' dir='ltr'><strong>primitus</strong></span> <span class='ocrx_word' id='word_1_219' title='bbox 2955 1326 3019 1366; x_wconf 88' lang='lat' dir='ltr'><strong>ac</strong></span> <span class='ocrx_word' id='word_1_220' title='bbox 3067 1311 3335 1380; x_wconf 64' lang='lat' dir='ltr'><strong>praecipuo</strong></span> 
     </span>
    </p>
   </div>
   <div class='ocr_carea' id='block_1_28' title="bbox 1765 1400 3334 1475">
    <p class='ocr_par' dir='ltr' id='par_1_28' title="bbox 1765 1400 3334 1475">
     <span class='ocr_line' id='line_1_28' title="bbox 1765 1400 3334 1475; baseline -0.004 -17"><span class='ocrx_word' id='word_1_221' title='bbox 1765 1405 2130 1475; x_wconf 69' lang='lat' dir='ltr'><strong>praedicatum.</strong></span> <span class='ocrx_word' id='word_1_222' title='bbox 2160 1404 2276 1459; x_wconf 82' lang='lat' dir='ltr'><strong>Jatn</strong></span> <span class='ocrx_word' id='word_1_223' title='bbox 2296 1404 2438 1457; x_wconf 88' lang='lat' dir='ltr'><strong>enim</strong></span> <span class='ocrx_word' id='word_1_224' title='bbox 2460 1402 2527 1456; x_wconf 90' lang='lat' dir='ltr'><strong>ab</strong></span> <span class='ocrx_word' id='word_1_225' title='bbox 2551 1401 2679 1472; x_wconf 88' lang='lat' dir='ltr'><strong>ipsis</strong></span> <span class='ocrx_word' id='word_1_226' title='bbox 2703 1400 3088 1469; x_wconf 65' lang='lat' dir='ltr'><strong>praedicabatur</strong></span> <span class='ocrx_word' id='word_1_227' title='bbox 3124 1401 3175 1454; x_wconf 92' lang='lat' dir='ltr'><strong>in</strong></span> <span class='ocrx_word' id='word_1_228' title='bbox 3227 1409 3334 1453; x_wconf 79' lang='lat' dir='ltr'><strong>ter-</strong></span> 
     </span>
    </p>
   </div>
   <div class='ocr_carea' id='block_1_29' title="bbox 1766 1489 3330 1565">
    <p class='ocr_par' dir='ltr' id='par_1_29' title="bbox 1766 1489 3330 1565">
     <span class='ocr_line' id='line_1_29' title="bbox 1766 1489 3330 1565; baseline -0.006 -14"><span class='ocrx_word' id='word_1_229' title='bbox 1766 1512 1858 1559; x_wconf 90' lang='lat' dir='ltr'><strong>ra,</strong></span> <span class='ocrx_word' id='word_1_230' title='bbox 1916 1496 2126 1565; x_wconf 78' lang='lat' dir='ltr'><strong>quando</strong></span> <span class='ocrx_word' id='word_1_231' title='bbox 2174 1510 2268 1563; x_wconf 88' lang='lat' dir='ltr'><strong>per</strong></span> <span class='ocrx_word' id='word_1_232' title='bbox 2314 1493 2690 1548; x_wconf 87' lang='lat' dir='ltr'><strong>revelationem</strong></span> <span class='ocrx_word' id='word_1_233' title='bbox 2743 1490 2870 1546; x_wconf 79' lang='lat' dir='ltr'><strong>Jesu</strong></span> <span class='ocrx_word' id='word_1_234' title='bbox 2916 1489 3109 1545; x_wconf 87' lang='lat' dir='ltr'><strong>Christi</strong></span> <span class='ocrx_word' id='word_1_235' title='bbox 3161 1491 3330 1556; x_wconf 88' lang='lat' dir='ltr'><strong>ipsum</strong></span> 
     </span>
    </p>
   </div>
   <div class='ocr_carea' id='block_1_30' title="bbox 1768 1580 3326 1650">
    <p class='ocr_par' dir='ltr' id='par_1_30' title="bbox 1768 1580 3326 1650">
     <span class='ocr_line' id='line_1_30' title="bbox 1768 1580 3326 1650; baseline -0.003 -12"><span class='ocrx_word' id='word_1_236' title='bbox 1768 1588 1982 1641; x_wconf 86' lang='lat' dir='ltr'><strong>verbum</strong></span> <span class='ocrx_word' id='word_1_237' title='bbox 2014 1601 2194 1641; x_wconf 89' lang='lat' dir='ltr'><strong>eorum</strong></span> <span class='ocrx_word' id='word_1_238' title='bbox 2220 1585 2414 1640; x_wconf 83' lang='lat' dir='ltr'><strong>Paulus</strong></span> <span class='ocrx_word' id='word_1_239' title='bbox 2447 1585 2683 1650; x_wconf 84' lang='lat' dir='ltr'><strong>accepit;</strong></span> <span class='ocrx_word' id='word_1_240' title='bbox 2714 1583 2852 1637; x_wconf 86' lang='lat' dir='ltr'><strong>unde</strong></span> <span class='ocrx_word' id='word_1_241' title='bbox 2883 1590 2937 1637; x_wconf 86' lang='lat' dir='ltr'><strong>et</strong></span> <span class='ocrx_word' id='word_1_242' title='bbox 2959 1580 3187 1636; x_wconf 85' lang='lat' dir='ltr'><strong>contulit</strong></span> <span class='ocrx_word' id='word_1_243' title='bbox 3205 1594 3326 1635; x_wconf 87' lang='lat' dir='ltr'><strong>cum</strong></span> 
     </span>
    </p>
   </div>
   <div class='ocr_carea' id='block_1_31' title="bbox 1767 1674 3334 1746">
    <p class='ocr_par' dir='ltr' id='par_1_31' title="bbox 1767 1674 3334 1746">
     <span class='ocr_line' id='line_1_31' title="bbox 1767 1674 3334 1746; baseline -0.006 -15"><span class='ocrx_word' id='word_1_244' title='bbox 1767 1681 1844 1732; x_wconf 84' lang='lat' dir='ltr'><strong>eis</strong></span> <span class='ocrx_word' id='word_1_245' title='bbox 1899 1677 2274 1746; x_wconf 77' lang='lat' dir='ltr'><strong>Evangelium,</strong></span> <span class='ocrx_word' id='word_1_246' title='bbox 2311 1693 2375 1731; x_wconf 87' lang='lat' dir='ltr'><strong>ne</strong></span> <span class='ocrx_word' id='word_1_247' title='bbox 2430 1677 2566 1731; x_wconf 78' lang='lat' dir='ltr'><strong>forte</strong></span> <span class='ocrx_word' id='word_1_248' title='bbox 2616 1677 2667 1731; x_wconf 91' lang='lat' dir='ltr'><strong>in</strong></span> <span class='ocrx_word' id='word_1_249' title='bbox 2716 1690 2936 1730; x_wconf 88' lang='lat' dir='ltr'><strong>vacuum</strong></span> <span class='ocrx_word' id='word_1_250' title='bbox 2981 1674 3334 1736; x_wconf 86' lang='lat' dir='ltr'><strong>cucurrisset,</strong></span> 
     </span>
    </p>
   </div>
   <div class='ocr_carea' id='block_1_32' title="bbox 1768 1765 3338 1840">
    <p class='ocr_par' dir='ltr' id='par_1_32' title="bbox 1768 1765 3338 1840">
     <span class='ocr_line' id='line_1_32' title="bbox 1768 1765 3338 1840; baseline -0.005 -18"><span class='ocrx_word' id='word_1_251' title='bbox 1768 1778 1857 1822; x_wconf 92' lang='lat' dir='ltr'><strong>aut</strong></span> <span class='ocrx_word' id='word_1_252' title='bbox 1879 1778 2116 1824; x_wconf 86' lang='lat' dir='ltr'><strong>curreret</strong></span> <span class='ocrx_word' id='word_1_253' title='bbox 2144 1767 2345 1840; x_wconf 83' lang='lat' dir='ltr'><strong>(Galat.</strong></span> <span class='ocrx_word' id='word_1_254' title='bbox 2377 1767 2437 1839; x_wconf 86' lang='lat' dir='ltr'><strong>ii)</strong></span> <span class='ocrx_word' id='word_1_255' title='bbox 2462 1785 2476 1833; x_wconf 90' lang='lat'><strong>;</strong></span> <span class='ocrx_word' id='word_1_256' title='bbox 2499 1777 2553 1823; x_wconf 89' lang='lat' dir='ltr'><strong>et</strong></span> <span class='ocrx_word' id='word_1_257' title='bbox 2579 1767 2795 1822; x_wconf 75' lang='lat' dir='ltr'><strong>dextras</strong></span> <span class='ocrx_word' id='word_1_258' title='bbox 2823 1768 2870 1823; x_wconf 91' lang='lat' dir='ltr'><strong>ei</strong></span> <span class='ocrx_word' id='word_1_259' title='bbox 2898 1765 3185 1831; x_wconf 79' lang='lat' dir='ltr'><strong>dederunt,</strong></span> <span class='ocrx_word' id='word_1_260' title='bbox 3214 1766 3338 1834; x_wconf 76' lang='lat' dir='ltr'><strong>quia</strong></span> 
     </span>
    </p>
   </div>
   <div class='ocr_carea' id='block_1_33' title="bbox 101 1854 3337 1932">
    <p class='ocr_par' dir='ltr' id='par_1_33' title="bbox 101 1854 3337 1932">
     <span class='ocr_line' id='line_1_33' title="bbox 101 1854 3337 1932; baseline -0 -18"><span class='ocrx_word' id='word_1_261' title='bbox 101 1865 165 1915; x_wconf 87' lang='lat' dir='ltr'><strong>de</strong></span> <span class='ocrx_word' id='word_1_262' title='bbox 193 1861 433 1930; x_wconf 74' lang='lat' dir='ltr'><strong>antiquis</strong></span> <span class='ocrx_word' id='word_1_263' title='bbox 475 1860 634 1929; x_wconf 88' lang='lat' dir='ltr'><strong>justis</strong></span> <span class='ocrx_word' id='word_1_264' title='bbox 663 1861 905 1916; x_wconf 74' lang='lat' dir='ltr'><strong>similiter</strong></span> <span class='ocrx_word' id='word_1_265' title='bbox 936 1861 1306 1928; x_wconf 86' lang='lat' dir='ltr'><strong>respondetur.</strong></span> <span class='ocrx_word' id='word_1_266' title='bbox 1353 1860 1484 1927; x_wconf 88' lang='lat' dir='ltr'><strong>Quis</strong></span> <span class='ocrx_word' id='word_1_267' title='bbox 1525 1860 1668 1914; x_wconf 89' lang='lat' dir='ltr'><strong>enim</strong></span> <span class='ocrx_word' id='word_1_268' title='bbox 1705 1854 1744 1912; x_wconf 85' lang='grc' dir='ltr'><strong><em>Β</em></strong></span> <span class='ocrx_word' id='word_1_269' title='bbox 1774 1871 1829 1920; x_wconf 85' lang='lat' dir='ltr'><strong>et</strong></span> <span class='ocrx_word' id='word_1_270' title='bbox 1856 1863 1908 1916; x_wconf 92' lang='lat' dir='ltr'><strong>in</strong></span> <span class='ocrx_word' id='word_1_271' title='bbox 1960 1861 2050 1916; x_wconf 93' lang='lat' dir='ltr'><strong>illo</strong></span> <span class='ocrx_word' id='word_1_272' title='bbox 2077 1861 2319 1932; x_wconf 83' lang='lat' dir='ltr'><strong>quamvis</strong></span> <span class='ocrx_word' id='word_1_273' title='bbox 2365 1875 2468 1914; x_wconf 89' lang='lat' dir='ltr'><strong>non</strong></span> <span class='ocrx_word' id='word_1_274' title='bbox 2529 1875 2620 1927; x_wconf 89' lang='lat' dir='ltr'><strong>per</strong></span> <span class='ocrx_word' id='word_1_275' title='bbox 2648 1874 2743 1915; x_wconf 86' lang='lat' dir='ltr'><strong>eos</strong></span> <span class='ocrx_word' id='word_1_276' title='bbox 2799 1859 2874 1912; x_wconf 90' lang='lat' dir='ltr'><strong>illi</strong></span> <span class='ocrx_word' id='word_1_277' title='bbox 2926 1858 3125 1920; x_wconf 86' lang='lat' dir='ltr'><strong>datum,</strong></span> <span class='ocrx_word' id='word_1_278' title='bbox 3160 1866 3337 1910; x_wconf 84' lang='lat' dir='ltr'><strong>tamen</strong></span> 
     </span>
    </p>
   </div>
   <div class='ocr_carea' id='block_1_34' title="bbox 104 1951 1674 2018">
    <p class='ocr_par' dir='ltr' id='par_1_34' title="bbox 104 1951 1674 2018">
     <span class='ocr_line' id='line_1_34' title="bbox 104 1951 1674 2018; baseline -0.001 -13"><span class='ocrx_word' id='word_1_279' title='bbox 104 1966 286 2005; x_wconf 87' lang='lat' dir='ltr'><strong>eorum</strong></span> <span class='ocrx_word' id='word_1_280' title='bbox 317 1966 348 2004; x_wconf 90' lang='lat' dir='ltr'><strong>a</strong></span> <span class='ocrx_word' id='word_1_281' title='bbox 378 1951 716 2005; x_wconf 84' lang='lat' dir='ltr'><strong>damnatione</strong></span> <span class='ocrx_word' id='word_1_282' title='bbox 758 1953 917 2004; x_wconf 88' lang='lat' dir='ltr'><strong>totius</strong></span> <span class='ocrx_word' id='word_1_283' title='bbox 949 1966 1137 2005; x_wconf 73' lang='lat' dir='ltr'><strong>massa:</strong></span> <span class='ocrx_word' id='word_1_284' title='bbox 1179 1952 1508 2018; x_wconf 81' lang='lat' dir='ltr'><strong>perditionis,</strong></span> <span class='ocrx_word' id='word_1_285' title='bbox 1556 1966 1674 2016; x_wconf 69' lang='lat' dir='ltr'><strong>quae</strong></span> 
     </span>
    </p>
   </div>
   <div class='ocr_carea' id='block_1_35' title="bbox 104 2041 1672 2111">
    <p class='ocr_par' dir='ltr' id='par_1_35' title="bbox 104 2041 1672 2111">
     <span class='ocr_line' id='line_1_35' title="bbox 104 2041 1672 2111; baseline -0.003 -15"><span class='ocrx_word' id='word_1_286' title='bbox 104 2057 393 2111; x_wconf 88' lang='lat' dir='ltr'><strong>per-unum</strong></span> <span class='ocrx_word' id='word_1_287' title='bbox 424 2041 692 2096; x_wconf 82' lang='lat' dir='ltr'><strong>hominem</strong></span> <span class='ocrx_word' id='word_1_288' title='bbox 723 2041 854 2095; x_wconf 81' lang='lat' dir='ltr'><strong>facta</strong></span> <span class='ocrx_word' id='word_1_289' title='bbox 886 2054 989 2106; x_wconf 89' lang='lat' dir='ltr'><strong>est,</strong></span> <span class='ocrx_word' id='word_1_290' title='bbox 1032 2041 1212 2096; x_wconf 89' lang='lat' dir='ltr'><strong>salvus</strong></span> <span class='ocrx_word' id='word_1_291' title='bbox 1238 2055 1358 2096; x_wconf 88' lang='lat' dir='ltr'><strong>esse</strong></span> <span class='ocrx_word' id='word_1_292' title='bbox 1389 2042 1672 2110; x_wconf 88' lang='lat' dir='ltr'><strong>potuisset,</strong></span> 
     </span>
    </p>
   </div>
   <div class='ocr_carea' id='block_1_36' title="bbox 108 2133 1677 2188">
    <p class='ocr_par' dir='ltr' id='par_1_36' title="bbox 108 2133 1677 2188">
     <span class='ocr_line' id='line_1_36' title="bbox 108 2133 1677 2188; baseline 0 -2"><span class='ocrx_word' id='word_1_293' title='bbox 108 2135 203 2188; x_wconf 89' lang='lat' dir='ltr'><strong>nisi</strong></span> <span class='ocrx_word' id='word_1_294' title='bbox 237 2135 287 2186; x_wconf 93' lang='lat' dir='ltr'><strong>in</strong></span> <span class='ocrx_word' id='word_1_295' title='bbox 321 2150 482 2187; x_wconf 90' lang='lat' dir='ltr'><strong>unum</strong></span> <span class='ocrx_word' id='word_1_296' title='bbox 517 2134 859 2188; x_wconf 72' lang='lat' dir='ltr'><strong>Mediatorem</strong></span> <span class='ocrx_word' id='word_1_297' title='bbox 906 2133 992 2186; x_wconf 85' lang='lat' dir='ltr'><strong>Dei</strong></span> <span class='ocrx_word' id='word_1_298' title='bbox 1024 2141 1077 2187; x_wconf 89' lang='lat' dir='ltr'><strong>et</strong></span> <span class='ocrx_word' id='word_1_299' title='bbox 1109 2133 1380 2187; x_wconf 84' lang='lat' dir='ltr'><strong>hominum</strong></span> <span class='ocrx_word' id='word_1_300' title='bbox 1419 2136 1468 2186; x_wconf 95' lang='lat' dir='ltr'><strong>in</strong></span> <span class='ocrx_word' id='word_1_301' title='bbox 1515 2147 1677 2187; x_wconf 83' lang='lat' dir='ltr'><strong>carne</strong></span> 
     </span>
    </p>
   </div>
   <div class='ocr_carea' id='block_1_37' title="bbox 107 2224 1675 2293">
    <p class='ocr_par' dir='ltr' id='par_1_37' title="bbox 107 2224 1675 2293">
     <span class='ocr_line' id='line_1_37' title="bbox 107 2224 1675 2293; baseline 0.003 -20"><span class='ocrx_word' id='word_1_302' title='bbox 107 2237 385 2276; x_wconf 70' lang='lat' dir='ltr'><strong>venturum</strong></span> <span class='ocrx_word' id='word_1_303' title='bbox 407 2268 419 2288; x_wconf 92' lang='lat'><strong>,</strong></span> <span class='ocrx_word' id='word_1_304' title='bbox 449 2226 714 2277; x_wconf 83' lang='lat' dir='ltr'><strong>revelante</strong></span> <span class='ocrx_word' id='word_1_305' title='bbox 743 2225 965 2293; x_wconf 87' lang='lat' dir='ltr'><strong>Spiritu,</strong></span> <span class='ocrx_word' id='word_1_306' title='bbox 995 2224 1350 2278; x_wconf 75' lang='lat' dir='ltr'><strong>credidisset?</strong></span> <span class='ocrx_word' id='word_1_307' title='bbox 1389 2225 1490 2280; x_wconf 87' lang='lat' dir='ltr'><strong>Sed</strong></span> <span class='ocrx_word' id='word_1_308' title='bbox 1537 2240 1675 2278; x_wconf 84' lang='lat' dir='ltr'><strong>nun-</strong></span> 
     </span>
    </p>
   </div>
   <div class='ocr_carea' id='block_1_38' title="bbox 107 2313 1677 2383">
    <p class='ocr_par' dir='ltr' id='par_1_38' title="bbox 107 2313 1677 2383">
     <span class='ocr_line' id='line_1_38' title="bbox 107 2313 1677 2383; baseline 0.004 -21"><span class='ocrx_word' id='word_1_309' title='bbox 107 2313 225 2379; x_wconf 74' lang='lat' dir='ltr'><strong>quid</strong></span> <span class='ocrx_word' id='word_1_310' title='bbox 255 2314 304 2366; x_wconf 88' lang='lat' dir='ltr'><strong>ei</strong></span> <span class='ocrx_word' id='word_1_311' title='bbox 337 2327 432 2380; x_wconf 89' lang='lat' dir='ltr'><strong>pro</strong></span> <span class='ocrx_word' id='word_1_312' title='bbox 457 2314 712 2380; x_wconf 83' lang='lat' dir='ltr'><strong>apostolis</strong></span> <span class='ocrx_word' id='word_1_313' title='bbox 735 2314 990 2366; x_wconf 91' lang='lat' dir='ltr'><strong>orandum</strong></span> <span class='ocrx_word' id='word_1_314' title='bbox 1021 2313 1134 2378; x_wconf 70' lang='lat' dir='ltr'><strong>l‘uit,</strong></span> <span class='ocrx_word' id='word_1_315' title='bbox 1161 2323 1212 2367; x_wconf 93' lang='lat' dir='ltr'><strong>et</strong></span> <span class='ocrx_word' id='word_1_316' title='bbox 1241 2328 1338 2383; x_wconf 90' lang='lat' dir='ltr'><strong>pro</strong></span> <span class='ocrx_word' id='word_1_317' title='bbox 1361 2325 1464 2366; x_wconf 92' lang='lat' dir='ltr'><strong>tam</strong></span> <span class='ocrx_word' id='word_1_318' title='bbox 1498 2314 1677 2368; x_wconf 90' lang='lat' dir='ltr'><strong>multis</strong></span> 
     </span>
    </p>
   </div>
   <div class='ocr_carea' id='block_1_39' title="bbox 110 2403 1674 2472">
    <p class='ocr_par' dir='ltr' id='par_1_39' title="bbox 110 2403 1674 2472">
     <span class='ocr_line' id='line_1_39' title="bbox 110 2403 1674 2472; baseline 0.004 -20"><span class='ocrx_word' id='word_1_319' title='bbox 110 2405 192 2469; x_wconf 87' lang='lat' dir='ltr'><strong>qui</strong></span> <span class='ocrx_word' id='word_1_320' title='bbox 227 2405 279 2454; x_wconf 91' lang='lat' dir='ltr'><strong>in</strong></span> <span class='ocrx_word' id='word_1_321' title='bbox 312 2405 408 2455; x_wconf 87' lang='lat' dir='ltr'><strong>hac</strong></span> <span class='ocrx_word' id='word_1_322' title='bbox 435 2405 540 2455; x_wconf 88' lang='lat' dir='ltr'><strong>vita</strong></span> <span class='ocrx_word' id='word_1_323' title='bbox 567 2403 740 2458; x_wconf 87' lang='lat' dir='ltr'><strong>adhuc</strong></span> <span class='ocrx_word' id='word_1_324' title='bbox 767 2413 939 2468; x_wconf 88' lang='lat' dir='ltr'><strong>erant,</strong></span> <span class='ocrx_word' id='word_1_325' title='bbox 970 2419 1064 2458; x_wconf 89' lang='lat' dir='ltr'><strong>nec</strong></span> <span class='ocrx_word' id='word_1_326' title='bbox 1095 2419 1212 2458; x_wconf 91' lang='lat' dir='ltr'><strong>cum</strong></span> <span class='ocrx_word' id='word_1_327' title='bbox 1244 2404 1332 2457; x_wconf 90' lang='lat' dir='ltr'><strong>illo</strong></span> <span class='ocrx_word' id='word_1_328' title='bbox 1358 2415 1478 2459; x_wconf 91' lang='lat' dir='ltr'><strong>tunc</strong></span> <span class='ocrx_word' id='word_1_329' title='bbox 1500 2415 1674 2472; x_wconf 90' lang='lat' dir='ltr'><strong>erant,</strong></span> 
     </span>
    </p>
   </div>
   <div class='ocr_carea' id='block_1_40' title="bbox 109 2493 1678 2563">
    <p class='ocr_par' dir='ltr' id='par_1_40' title="bbox 109 2493 1678 2563">
     <span class='ocr_line' id='line_1_40' title="bbox 109 2493 1678 2563; baseline 0.004 -17"><span class='ocrx_word' id='word_1_330' title='bbox 109 2506 157 2546; x_wconf 86' lang='lat' dir='ltr'><strong>et</strong></span> <span class='ocrx_word' id='word_1_331' title='bbox 185 2504 308 2547; x_wconf 82' lang='lat' dir='ltr'><strong>ante</strong></span> <span class='ocrx_word' id='word_1_332' title='bbox 327 2493 434 2562; x_wconf 85' lang='lat' dir='ltr'><strong>jam</strong></span> <span class='ocrx_word' id='word_1_333' title='bbox 462 2494 821 2557; x_wconf 70' lang='lat' dir='ltr'><strong>crediderant.</strong></span> <span class='ocrx_word' id='word_1_334' title='bbox 847 2495 1105 2549; x_wconf 90' lang='lat' dir='ltr'><strong>orandum</strong></span> <span class='ocrx_word' id='word_1_335' title='bbox 1131 2513 1234 2552; x_wconf 92' lang='lat' dir='ltr'><strong>non</strong></span> <span class='ocrx_word' id='word_1_336' title='bbox 1260 2496 1392 2551; x_wconf 81' lang='lat' dir='ltr'><strong>fuit?</strong></span> <span class='ocrx_word' id='word_1_337' title='bbox 1415 2499 1546 2563; x_wconf 87' lang='lat' dir='ltr'><strong>Quis</strong></span> <span class='ocrx_word' id='word_1_338' title='bbox 1578 2499 1678 2553; x_wconf 88' lang='lat' dir='ltr'><strong>hoc</strong></span> 
     </span>
    </p>
   </div>
   <div class='ocr_carea' id='block_1_41' title="bbox 112 2583 1676 2656">
    <p class='ocr_par' dir='ltr' id='par_1_41' title="bbox 112 2583 1676 2656">
     <span class='ocr_line' id='line_1_41' title="bbox 112 2583 1676 2656; baseline 0.006 -22"><span class='ocrx_word' id='word_1_339' title='bbox 112 2584 338 2637; x_wconf 77' lang='lat' dir='ltr'><strong>dixerit?</strong></span> <span class='ocrx_word' id='word_1_340' title='bbox 370 2583 774 2652; x_wconf 73' lang='lat' dir='ltr'><strong>intelligendum</strong></span> <span class='ocrx_word' id='word_1_341' title='bbox 805 2594 889 2640; x_wconf 89' lang='lat' dir='ltr'><strong>cst</strong></span> <span class='ocrx_word' id='word_1_342' title='bbox 937 2587 1093 2654; x_wconf 68' lang='lat' dir='ltr'><strong>igitur</strong></span> <span class='ocrx_word' id='word_1_343' title='bbox 1140 2587 1278 2656; x_wconf 92' lang='lat' dir='ltr'><strong>quod</strong></span> <span class='ocrx_word' id='word_1_344' title='bbox 1337 2589 1570 2644; x_wconf 90' lang='lat' dir='ltr'><strong>nondum</strong></span> <span class='ocrx_word' id='word_1_345' title='bbox 1627 2592 1676 2644; x_wconf 91' lang='lat' dir='ltr'><strong>in</strong></span> 
     </span>
    </p>
   </div>
   <div class='ocr_carea' id='block_1_42' title="bbox 115 2675 1680 2746">
    <p class='ocr_par' dir='ltr' id='par_1_42' title="bbox 115 2675 1680 2746">
     <span class='ocr_line' id='line_1_42' title="bbox 115 2675 1680 2746; baseline 0.004 -17"><span class='ocrx_word' id='word_1_346' title='bbox 115 2691 228 2729; x_wconf 84' lang='lat' dir='ltr'><strong>eum</strong></span> <span class='ocrx_word' id='word_1_347' title='bbox 253 2675 332 2728; x_wconf 88' lang='lat' dir='ltr'><strong>sic</strong></span> <span class='ocrx_word' id='word_1_348' title='bbox 369 2675 727 2742; x_wconf 83' lang='lat' dir='ltr'><strong>crediderant,</strong></span> <span class='ocrx_word' id='word_1_349' title='bbox 759 2677 1026 2745; x_wconf 88' lang='lat' dir='ltr'><strong>quomodo</strong></span> <span class='ocrx_word' id='word_1_350' title='bbox 1058 2678 1109 2732; x_wconf 95' lang='lat' dir='ltr'><strong>in</strong></span> <span class='ocrx_word' id='word_1_351' title='bbox 1139 2694 1196 2733; x_wconf 90' lang='lat' dir='ltr'><strong>se</strong></span> <span class='ocrx_word' id='word_1_352' title='bbox 1224 2683 1336 2746; x_wconf 81' lang='lat' dir='ltr'><strong>ipse</strong></span> <span class='ocrx_word' id='word_1_353' title='bbox 1361 2681 1506 2734; x_wconf 90' lang='lat' dir='ltr'><strong>credi</strong></span> <span class='ocrx_word' id='word_1_354' title='bbox 1542 2683 1680 2736; x_wconf 86' lang='lat' dir='ltr'><strong>vole-</strong></span> 
     </span>
    </p>
   </div>
   <div class='ocr_carea' id='block_1_43' title="bbox 120 2766 1680 2836">
    <p class='ocr_par' dir='ltr' id='par_1_43' title="bbox 120 2766 1680 2836">
     <span class='ocr_line' id='line_1_43' title="bbox 120 2766 1680 2836; baseline 0.007 -19"><span class='ocrx_word' id='word_1_355' title='bbox 120 2767 226 2830; x_wconf 82' lang='lat' dir='ltr'><strong>bat,</strong></span> <span class='ocrx_word' id='word_1_356' title='bbox 257 2766 685 2836; x_wconf 78' lang='lat' dir='ltr'><strong>quandoquidem</strong></span> <span class='ocrx_word' id='word_1_357' title='bbox 717 2778 772 2822; x_wconf 91' lang='lat' dir='ltr'><strong>et</strong></span> <span class='ocrx_word' id='word_1_358' title='bbox 801 2771 913 2835; x_wconf 81' lang='lat' dir='ltr'><strong>ipse</strong></span> <span class='ocrx_word' id='word_1_359' title='bbox 945 2771 1155 2835; x_wconf 80' lang='lat' dir='ltr'><strong>Petrus,</strong></span> <span class='ocrx_word' id='word_1_360' title='bbox 1197 2773 1278 2826; x_wconf 92' lang='lat' dir='ltr'><strong>cui</strong></span> <span class='ocrx_word' id='word_1_361' title='bbox 1328 2773 1597 2828; x_wconf 62' lang='lat' dir='ltr'><strong>confitenti</strong></span> <span class='ocrx_word' id='word_1_362' title='bbox 1629 2786 1680 2828; x_wconf 91' lang='lat' dir='ltr'><strong>et</strong></span> 
     </span>
    </p>
   </div>
   <div class='ocr_carea' id='block_1_44' title="bbox 114 2856 1678 2934">
    <p class='ocr_par' dir='ltr' id='par_1_44' title="bbox 114 2856 1678 2934">
     <span class='ocr_line' id='line_1_44' title="bbox 114 2856 1678 2934; baseline 0.006 -24"><span class='ocrx_word' id='word_1_363' title='bbox 114 2857 326 2920; x_wconf 83' lang='lat' dir='ltr'><strong>dicenti,</strong></span> <span class='ocrx_word' id='word_1_364' title='bbox 355 2856 435 2910; x_wconf 85' lang='lat' dir='ltr'><strong>Tu</strong></span> <span class='ocrx_word' id='word_1_365' title='bbox 463 2874 514 2912; x_wconf 88' lang='lat' dir='ltr'><strong>es</strong></span> <span class='ocrx_word' id='word_1_366' title='bbox 561 2857 790 2913; x_wconf 81' lang='lat' dir='ltr'><strong>Christus</strong></span> <span class='ocrx_word' id='word_1_367' title='bbox 825 2859 991 2914; x_wconf 84' lang='lat' dir='ltr'><strong>Filius</strong></span> <span class='ocrx_word' id='word_1_368' title='bbox 1045 2860 1134 2914; x_wconf 74' lang='lat' dir='ltr'><strong>Dei</strong></span> <span class='ocrx_word' id='word_1_369' title='bbox 1162 2863 1256 2916; x_wconf 81' lang='lat' dir='ltr'><strong>vivi</strong></span> <span class='ocrx_word' id='word_1_370' title='bbox 1298 2863 1510 2934; x_wconf 73' lang='lat' dir='ltr'><strong>(Matth.</strong></span> <span class='ocrx_word' id='word_1_371' title='bbox 1547 2869 1678 2933; x_wconf 73' lang='lat' dir='ltr'><strong>xvr),</strong></span> 
     </span>
    </p>
   </div>
   <div class='ocr_carea' id='block_1_45' title="bbox 118 2951 1681 3028">
    <p class='ocr_par' dir='ltr' id='par_1_45' title="bbox 118 2951 1681 3028">
     <span class='ocr_line' id='line_1_45' title="bbox 118 2951 1681 3028; baseline 0.008 -27"><span class='ocrx_word' id='word_1_372' title='bbox 118 2959 216 3001; x_wconf 84' lang='lat' dir='ltr'><strong>tam</strong></span> <span class='ocrx_word' id='word_1_373' title='bbox 254 2964 498 3018; x_wconf 79' lang='lat' dir='ltr'><strong>magnum</strong></span> <span class='ocrx_word' id='word_1_374' title='bbox 531 2951 888 3006; x_wconf 87' lang='lat' dir='ltr'><strong>testimonium</strong></span> <span class='ocrx_word' id='word_1_375' title='bbox 932 2954 1290 3022; x_wconf 80' lang='lat' dir='ltr'><strong>perhibucrat,</strong></span> <span class='ocrx_word' id='word_1_376' title='bbox 1348 2959 1514 3028; x_wconf 80' lang='lat' dir='ltr'><strong>magis</strong></span> <span class='ocrx_word' id='word_1_377' title='bbox 1562 2975 1681 3014; x_wconf 88' lang='lat' dir='ltr'><strong>eum</strong></span> 
     </span>
    </p>
   </div>
   <div class='ocr_carea' id='block_1_46' title="bbox 121 3041 1684 3109">
    <p class='ocr_par' dir='ltr' id='par_1_46' title="bbox 121 3041 1684 3109">
     <span class='ocr_line' id='line_1_46' title="bbox 121 3041 1684 3109; baseline 0.008 -17"><span class='ocrx_word' id='word_1_378' title='bbox 121 3041 250 3094; x_wconf 85' lang='lat' dir='ltr'><strong>mori</strong></span> <span class='ocrx_word' id='word_1_379' title='bbox 301 3042 532 3106; x_wconf 88' lang='lat' dir='ltr'><strong>nolebat,</strong></span> <span class='ocrx_word' id='word_1_380' title='bbox 588 3058 745 3109; x_wconf 86' lang='lat' dir='ltr'><strong>quain</strong></span> <span class='ocrx_word' id='word_1_381' title='bbox 798 3054 1063 3097; x_wconf 87' lang='lat' dir='ltr'><strong>mortuum</strong></span> <span class='ocrx_word' id='word_1_382' title='bbox 1105 3057 1528 3101; x_wconf 83' lang='lat' dir='ltr'><strong>resurrecturum</strong></span> <span class='ocrx_word' id='word_1_383' title='bbox 1565 3065 1684 3104; x_wconf 74' lang='lat' dir='ltr'><strong>esse</strong></span> 
     </span>
    </p>
   </div>
   <div class='ocr_carea' id='block_1_47' title="bbox 115 3132 1683 3206">
    <p class='ocr_par' dir='ltr' id='par_1_47' title="bbox 115 3132 1683 3206">
     <span class='ocr_line' id='line_1_47' title="bbox 115 3132 1683 3206; baseline 0.009 -22"><span class='ocrx_word' id='word_1_384' title='bbox 115 3132 387 3195; x_wconf 76' lang='lat' dir='ltr'><strong>credebat;</strong></span> <span class='ocrx_word' id='word_1_385' title='bbox 419 3132 560 3187; x_wconf 88' lang='lat' dir='ltr'><strong>unde</strong></span> <span class='ocrx_word' id='word_1_386' title='bbox 605 3149 726 3186; x_wconf 83' lang='lat' dir='ltr'><strong>mox</strong></span> <span class='ocrx_word' id='word_1_387' title='bbox 769 3135 837 3188; x_wconf 89' lang='lat' dir='ltr'><strong>ab</strong></span> <span class='ocrx_word' id='word_1_388' title='bbox 888 3151 951 3190; x_wconf 91' lang='lat' dir='ltr'><strong>eo</strong></span> <span class='ocrx_word' id='word_1_389' title='bbox 999 3138 1290 3206; x_wconf 71' lang='lat' dir='ltr'><strong>appellatus</strong></span> <span class='ocrx_word' id='word_1_390' title='bbox 1335 3149 1417 3193; x_wconf 86' lang='lat' dir='ltr'><strong>est</strong></span> <span class='ocrx_word' id='word_1_391' title='bbox 1458 3141 1683 3198; x_wconf 86' lang='lat' dir='ltr'><strong>Satanas</strong></span> 
     </span>
    </p>
   </div>
   <div class='ocr_carea' id='block_1_48' title="bbox 1775 1948 3341 2023">
    <p class='ocr_par' dir='ltr' id='par_1_48' title="bbox 1775 1948 3341 2023">
     <span class='ocr_line' id='line_1_48' title="bbox 1775 1948 3341 2023; baseline -0.006 -16"><span class='ocrx_word' id='word_1_392' title='bbox 1775 1956 1993 2009; x_wconf 89' lang='lat' dir='ltr'><strong>verbum</strong></span> <span class='ocrx_word' id='word_1_393' title='bbox 2018 1969 2193 2019; x_wconf 90' lang='lat' dir='ltr'><strong>suum,</strong></span> <span class='ocrx_word' id='word_1_394' title='bbox 2226 1951 2496 2023; x_wconf 87' lang='lat' dir='ltr'><strong>quodjam</strong></span> <span class='ocrx_word' id='word_1_395' title='bbox 2530 1950 2904 2020; x_wconf 64' lang='lat' dir='ltr'><strong>praedicabant,</strong></span> <span class='ocrx_word' id='word_1_396' title='bbox 2931 1960 2982 2003; x_wconf 91' lang='lat' dir='ltr'><strong>et</strong></span> <span class='ocrx_word' id='word_1_397' title='bbox 3014 1949 3064 2003; x_wconf 89' lang='lat' dir='ltr'><strong>in</strong></span> <span class='ocrx_word' id='word_1_398' title='bbox 3090 1963 3194 2017; x_wconf 89' lang='lat' dir='ltr'><strong>quo</strong></span> <span class='ocrx_word' id='word_1_399' title='bbox 3225 1948 3341 2001; x_wconf 76' lang='lat' dir='ltr'><strong>hiri-</strong></span> 
     </span>
    </p>
   </div>
   <div class='ocr_carea' id='block_1_49' title="bbox 1773 2040 3340 2112">
    <p class='ocr_par' dir='ltr' id='par_1_49' title="bbox 1773 2040 3340 2112">
     <span class='ocr_line' id='line_1_49' title="bbox 1773 2040 3340 2112; baseline -0.006 -13"><span class='ocrx_word' id='word_1_400' title='bbox 1773 2046 1884 2100; x_wconf 88' lang='lat' dir='ltr'><strong>dati</strong></span> <span class='ocrx_word' id='word_1_401' title='bbox 1911 2046 2145 2110; x_wconf 77' lang='lat' dir='ltr'><strong>fuerant,</strong></span> <span class='ocrx_word' id='word_1_402' title='bbox 2171 2045 2516 2108; x_wconf 87' lang='lat' dir='ltr'><strong>invenerunt;</strong></span> <span class='ocrx_word' id='word_1_403' title='bbox 2547 2043 2615 2098; x_wconf 90' lang='lat' dir='ltr'><strong>de</strong></span> <span class='ocrx_word' id='word_1_404' title='bbox 2648 2058 2754 2112; x_wconf 91' lang='lat' dir='ltr'><strong>quo</strong></span> <span class='ocrx_word' id='word_1_405' title='bbox 2793 2042 2954 2096; x_wconf 86' lang='lat' dir='ltr'><strong>verbo</strong></span> <span class='ocrx_word' id='word_1_406' title='bbox 2983 2040 3340 2096; x_wconf 82' lang='lat' dir='ltr'><strong>resurrectio-</strong></span> 
     </span>
    </p>
   </div>
   <div class='ocr_carea' id='block_1_50' title="bbox 1778 2132 3341 2206">
    <p class='ocr_par' dir='ltr' id='par_1_50' title="bbox 1778 2132 3341 2206">
     <span class='ocr_line' id='line_1_50' title="bbox 1778 2132 3341 2206; baseline -0.004 -14"><span class='ocrx_word' id='word_1_407' title='bbox 1778 2140 1862 2192; x_wconf 88' lang='lat' dir='ltr'><strong>nis</strong></span> <span class='ocrx_word' id='word_1_408' title='bbox 1885 2137 2080 2192; x_wconf 57' lang='lat' dir='ltr'><strong>Christi</strong></span> <span class='ocrx_word' id='word_1_409' title='bbox 2111 2137 2250 2192; x_wconf 88' lang='lat' dir='ltr'><strong>idem</strong></span> <span class='ocrx_word' id='word_1_410' title='bbox 2278 2137 2405 2191; x_wconf 89' lang='lat' dir='ltr'><strong>dicit</strong></span> <span class='ocrx_word' id='word_1_411' title='bbox 2435 2139 2514 2206; x_wconf 82' lang='lat' dir='ltr'><strong>Ap</strong></span> <span class='ocrx_word' id='word_1_412' title='bbox 2536 2135 2717 2190; x_wconf 63' lang='lat' dir='ltr'><strong>istolus</strong></span> <span class='ocrx_word' id='word_1_413' title='bbox 2750 2152 2761 2186; x_wconf 89' lang='lat'><strong>:</strong></span> <span class='ocrx_word' id='word_1_414' title='bbox 2797 2133 2915 2190; x_wconf 78' lang='lat' dir='ltr'><strong>Sive</strong></span> <span class='ocrx_word' id='word_1_415' title='bbox 2941 2149 3034 2204; x_wconf 76' lang='lat' dir='ltr'><strong>ego</strong></span> <span class='ocrx_word' id='word_1_416' title='bbox 3061 2173 3075 2194; x_wconf 88' lang='lat'><strong>,</strong></span> <span class='ocrx_word' id='word_1_417' title='bbox 3118 2133 3219 2187; x_wconf 75' lang='lat' dir='ltr'><strong>sive</strong></span> <span class='ocrx_word' id='word_1_418' title='bbox 3243 2132 3341 2194; x_wconf 87' lang='lat' dir='ltr'><strong>illi,</strong></span> 
     </span>
    </p>
   </div>
   <div class='ocr_carea' id='block_1_51' title="bbox 1775 2223 3344 2298">
    <p class='ocr_par' dir='ltr' id='par_1_51' title="bbox 1775 2223 3344 2298">
     <span class='ocr_line' id='line_1_51' title="bbox 1775 2223 3344 2298; baseline -0.003 -17"><span class='ocrx_word' id='word_1_419' title='bbox 1775 2230 1847 2282; x_wconf 85' lang='lat' dir='ltr'><strong>sic</strong></span> <span class='ocrx_word' id='word_1_420' title='bbox 1869 2229 2228 2298; x_wconf 82' lang='lat' dir='ltr'><strong>prrrdicamus,</strong></span> <span class='ocrx_word' id='word_1_421' title='bbox 2256 2238 2304 2282; x_wconf 88' lang='lat' dir='ltr'><strong>et</strong></span> <span class='ocrx_word' id='word_1_422' title='bbox 2328 2229 2400 2281; x_wconf 88' lang='lat' dir='ltr'><strong>sic</strong></span> <span class='ocrx_word' id='word_1_423' title='bbox 2425 2227 2709 2281; x_wconf 80' lang='lat' dir='ltr'><strong>credidistis</strong></span> <span class='ocrx_word' id='word_1_424' title='bbox 2759 2224 2810 2294; x_wconf 91' lang='grc' dir='ltr'><strong>(Ι</strong></span> <span class='ocrx_word' id='word_1_425' title='bbox 2842 2224 2963 2279; x_wconf 86' lang='lat' dir='ltr'><strong>Cor.</strong></span> <span class='ocrx_word' id='word_1_426' title='bbox 2995 2225 3109 2293; x_wconf 79' lang='lat' dir='ltr'><strong>xv).</strong></span> <span class='ocrx_word' id='word_1_427' title='bbox 3145 2224 3209 2278; x_wconf 73' lang='lat' dir='ltr'><strong>Et</strong></span> <span class='ocrx_word' id='word_1_428' title='bbox 3241 2223 3344 2276; x_wconf 75' lang='lat' dir='ltr'><strong>ite-</strong></span> 
     </span>
    </p>
   </div>
   <div class='ocr_carea' id='block_1_52' title="bbox 1777 2313 3345 2386">
    <p class='ocr_par' dir='ltr' id='par_1_52' title="bbox 1777 2313 3345 2386">
     <span class='ocr_line' id='line_1_52' title="bbox 1777 2313 3345 2386; baseline -0.006 -12"><span class='ocrx_word' id='word_1_429' title='bbox 1777 2335 1933 2374; x_wconf 87' lang='lat' dir='ltr'><strong>rum:</strong></span> <span class='ocrx_word' id='word_1_430' title='bbox 1969 2317 2082 2372; x_wconf 83' lang='lat' dir='ltr'><strong>lloc</strong></span> <span class='ocrx_word' id='word_1_431' title='bbox 2121 2329 2214 2382; x_wconf 90' lang='lat' dir='ltr'><strong>est,</strong></span> <span class='ocrx_word' id='word_1_432' title='bbox 2241 2317 2434 2386; x_wconf 86' lang='lat' dir='ltr'><strong>inquit,</strong></span> <span class='ocrx_word' id='word_1_433' title='bbox 2487 2317 2690 2371; x_wconf 68' lang='lat' dir='ltr'><strong>verbum</strong></span> <span class='ocrx_word' id='word_1_434' title='bbox 2727 2316 2869 2384; x_wconf 77' lang='lat' dir='ltr'><strong>ﬁdei,</strong></span> <span class='ocrx_word' id='word_1_435' title='bbox 2916 2316 3052 2384; x_wconf 84' lang='lat' dir='ltr'><strong>quod</strong></span> <span class='ocrx_word' id='word_1_436' title='bbox 3097 2313 3345 2383; x_wconf 76' lang='lat' dir='ltr'><strong>prrcdica-</strong></span> 
     </span>
    </p>
   </div>
   <div class='ocr_carea' id='block_1_53' title="bbox 1779 2403 3347 2479">
    <p class='ocr_par' dir='ltr' id='par_1_53' title="bbox 1779 2403 3347 2479">
     <span class='ocr_line' id='line_1_53' title="bbox 1779 2403 3347 2479; baseline -0.003 -17"><span class='ocrx_word' id='word_1_437' title='bbox 1779 2427 1911 2472; x_wconf 83' lang='lat' dir='ltr'><strong>inus,</strong></span> <span class='ocrx_word' id='word_1_438' title='bbox 1936 2412 2056 2479; x_wconf 90' lang='lat' dir='ltr'><strong>quia</strong></span> <span class='ocrx_word' id='word_1_439' title='bbox 2088 2411 2131 2464; x_wconf 87' lang='lat' dir='ltr'><strong>si</strong></span> <span class='ocrx_word' id='word_1_440' title='bbox 2157 2412 2418 2479; x_wconf 80' lang='lat' dir='ltr'><strong>confessus</strong></span> <span class='ocrx_word' id='word_1_441' title='bbox 2447 2409 2602 2478; x_wconf 81' lang='lat' dir='ltr'><strong>{ueris</strong></span> <span class='ocrx_word' id='word_1_442' title='bbox 2629 2409 2679 2460; x_wconf 86' lang='lat' dir='ltr'><strong>in</strong></span> <span class='ocrx_word' id='word_1_443' title='bbox 2713 2425 2798 2461; x_wconf 80' lang='lat' dir='ltr'><strong>ore</strong></span> <span class='ocrx_word' id='word_1_444' title='bbox 2837 2417 2941 2468; x_wconf 85' lang='lat' dir='ltr'><strong>tuo.</strong></span> <span class='ocrx_word' id='word_1_445' title='bbox 2985 2407 3119 2474; x_wconf 84' lang='lat' dir='ltr'><strong>quod</strong></span> <span class='ocrx_word' id='word_1_446' title='bbox 3173 2403 3347 2457; x_wconf 83' lang='lat' dir='ltr'><strong>Domi-</strong></span> 
     </span>
    </p>
   </div>
   <div class='ocr_carea' id='block_1_54' title="bbox 1780 2497 3348 2563">
    <p class='ocr_par' dir='ltr' id='par_1_54' title="bbox 1780 2497 3348 2563">
     <span class='ocr_line' id='line_1_54' title="bbox 1780 2497 3348 2563; baseline -0.006 -7"><span class='ocrx_word' id='word_1_447' title='bbox 1780 2520 1873 2557; x_wconf 85' lang='lat' dir='ltr'><strong>nus</strong></span> <span class='ocrx_word' id='word_1_448' title='bbox 1902 2511 1972 2555; x_wconf 73' lang='grc' dir='ltr'><strong>ρει</strong></span> <span class='ocrx_word' id='word_1_449' title='bbox 2001 2500 2149 2555; x_wconf 84' lang='lat' dir='ltr'><strong>Jesus</strong></span> <span class='ocrx_word' id='word_1_450' title='bbox 2179 2501 2427 2561; x_wconf 73' lang='lat' dir='ltr'><strong>Christus.</strong></span> <span class='ocrx_word' id='word_1_451' title='bbox 2452 2509 2496 2554; x_wconf 86' lang='lat' dir='ltr'><strong>et</strong></span> <span class='ocrx_word' id='word_1_452' title='bbox 2527 2500 2804 2553; x_wconf 76' lang='lat' dir='ltr'><strong>credideris</strong></span> <span class='ocrx_word' id='word_1_453' title='bbox 2834 2499 2887 2552; x_wconf 87' lang='lat' dir='ltr'><strong>in</strong></span> <span class='ocrx_word' id='word_1_454' title='bbox 2921 2498 3070 2550; x_wconf 77' lang='lat' dir='ltr'><strong>corde</strong></span> <span class='ocrx_word' id='word_1_455' title='bbox 3097 2506 3206 2561; x_wconf 87' lang='lat' dir='ltr'><strong>tuo,</strong></span> <span class='ocrx_word' id='word_1_456' title='bbox 3229 2497 3348 2563; x_wconf 77' lang='lat' dir='ltr'><strong>quin</strong></span> 
     </span>
    </p>
   </div>
   <div class='ocr_carea' id='block_1_55' title="bbox 1783 2590 3343 2657">
    <p class='ocr_par' dir='ltr' id='par_1_55' title="bbox 1783 2590 3343 2657">
     <span class='ocr_line' id='line_1_55' title="bbox 1783 2590 3343 2657; baseline -0.006 -7"><span class='ocrx_word' id='word_1_457' title='bbox 1783 2594 1919 2650; x_wconf 84' lang='lat' dir='ltr'><strong>Deus</strong></span> <span class='ocrx_word' id='word_1_458' title='bbox 1942 2593 2088 2648; x_wconf 75' lang='lat' dir='ltr'><strong>illum</strong></span> <span class='ocrx_word' id='word_1_459' title='bbox 2116 2593 2370 2647; x_wconf 74' lang='lat' dir='ltr'><strong>suscitauit</strong></span> <span class='ocrx_word' id='word_1_460' title='bbox 2397 2609 2428 2645; x_wconf 79' lang='grc' dir='ltr'><strong><em>α</em></strong></span> <span class='ocrx_word' id='word_1_461' title='bbox 2459 2593 2690 2652; x_wconf 85' lang='lat' dir='ltr'><strong>mortuis,</strong></span> <span class='ocrx_word' id='word_1_462' title='bbox 2721 2590 2891 2644; x_wconf 78' lang='lat' dir='ltr'><strong>salvus</strong></span> <span class='ocrx_word' id='word_1_463' title='bbox 2923 2591 3018 2642; x_wconf 73' lang='lat' dir='ltr'><strong>eris</strong></span> <span class='ocrx_word' id='word_1_464' title='bbox 3044 2590 3218 2657; x_wconf 78' lang='lat' dir='ltr'><strong>(Rom.</strong></span> <span class='ocrx_word' id='word_1_465' title='bbox 3263 2593 3343 2651; x_wconf 76' lang='grc' dir='ltr'><strong>ι).</strong></span> 
     </span>
    </p>
   </div>
   <div class='ocr_carea' id='block_1_56' title="bbox 1785 2667 3349 2753">
    <p class='ocr_par' dir='ltr' id='par_1_56' title="bbox 1785 2667 3349 2753">
     <span class='ocr_line' id='line_1_56' title="bbox 1785 2667 3349 2753; baseline -0.006 -13"><span class='ocrx_word' id='word_1_466' title='bbox 1785 2687 1848 2740; x_wconf 81' lang='lat' dir='ltr'><strong>Et</strong></span> <span class='ocrx_word' id='word_1_467' title='bbox 1875 2685 1926 2738; x_wconf 92' lang='lat' dir='ltr'><strong>in</strong></span> <span class='ocrx_word' id='word_1_468' title='bbox 1965 2684 2179 2739; x_wconf 80' lang='lat' dir='ltr'><strong>Actibus</strong></span> <span class='ocrx_word' id='word_1_469' title='bbox 2205 2685 2568 2753; x_wconf 80' lang='lat' dir='ltr'><strong>apostolorum</strong></span> <span class='ocrx_word' id='word_1_470' title='bbox 2625 2685 2833 2750; x_wconf 76' lang='lat' dir='ltr'><strong>legitur,</strong></span> <span class='ocrx_word' id='word_1_471' title='bbox 2874 2667 3013 2751; x_wconf 81' lang='lat' dir='ltr'><strong>quod</strong></span> <span class='ocrx_word' id='word_1_472' title='bbox 3058 2683 3108 2735; x_wconf 95' lang='lat' dir='ltr'><strong>in</strong></span> <span class='ocrx_word' id='word_1_473' title='bbox 3136 2681 3349 2735; x_wconf 87' lang='lat' dir='ltr'><strong>Christo</strong></span> 
     </span>
    </p>
   </div>
   <div class='ocr_carea' id='block_1_57' title="bbox 1785 2773 3347 2838">
    <p class='ocr_par' dir='ltr' id='par_1_57' title="bbox 1785 2773 3347 2838">
     <span class='ocr_line' id='line_1_57' title="bbox 1785 2773 3347 2838; baseline -0.006 -7"><span class='ocrx_word' id='word_1_474' title='bbox 1785 2778 1922 2831; x_wconf 84' lang='lat' dir='ltr'><strong>Deus</strong></span> <span class='ocrx_word' id='word_1_475' title='bbox 1980 2776 2249 2831; x_wconf 85' lang='lat' dir='ltr'><strong>delinierit</strong></span> <span class='ocrx_word' id='word_1_476' title='bbox 2296 2776 2448 2830; x_wconf 78' lang='lat' dir='ltr'><strong>fidem</strong></span> <span class='ocrx_word' id='word_1_477' title='bbox 2506 2775 2795 2838; x_wconf 84' lang='lat' dir='ltr'><strong>omnibus,</strong></span> <span class='ocrx_word' id='word_1_478' title='bbox 2852 2773 3113 2826; x_wconf 80' lang='lat' dir='ltr'><strong>suscitans</strong></span> <span class='ocrx_word' id='word_1_479' title='bbox 3168 2787 3287 2825; x_wconf 90' lang='lat' dir='ltr'><strong>eum</strong></span> <span class='ocrx_word' id='word_1_480' title='bbox 3321 2787 3347 2822; x_wconf 88' lang='lat' dir='ltr'><strong>a</strong></span> 
     </span>
    </p>
   </div>
   <div class='ocr_carea' id='block_1_58' title="bbox 1786 2863 3347 2934">
    <p class='ocr_par' dir='ltr' id='par_1_58' title="bbox 1786 2863 3347 2934">
     <span class='ocr_line' id='line_1_58' title="bbox 1786 2863 3347 2934; baseline -0.005 -12"><span class='ocrx_word' id='word_1_481' title='bbox 1786 2869 2033 2922; x_wconf 83' lang='lat' dir='ltr'><strong>mortuis.</strong></span> <span class='ocrx_word' id='word_1_482' title='bbox 2068 2869 2178 2921; x_wconf 91' lang='lat' dir='ltr'><strong>lloc</strong></span> <span class='ocrx_word' id='word_1_483' title='bbox 2202 2867 2419 2922; x_wconf 76' lang='lat' dir='ltr'><strong>verbum</strong></span> <span class='ocrx_word' id='word_1_484' title='bbox 2452 2867 2593 2927; x_wconf 86' lang='lat' dir='ltr'><strong>lldei,</strong></span> <span class='ocrx_word' id='word_1_485' title='bbox 2617 2866 2735 2934; x_wconf 89' lang='lat' dir='ltr'><strong>quia</strong></span> <span class='ocrx_word' id='word_1_486' title='bbox 2763 2863 3124 2930; x_wconf 63' lang='lat' dir='ltr'><strong>principaliter</strong></span> <span class='ocrx_word' id='word_1_487' title='bbox 3151 2877 3212 2917; x_wconf 88' lang='lat' dir='ltr'><strong>ac</strong></span> <span class='ocrx_word' id='word_1_488' title='bbox 3242 2864 3347 2931; x_wconf 86' lang='lat' dir='ltr'><strong>pri-</strong></span> 
     </span>
    </p>
   </div>
   <div class='ocr_carea' id='block_1_59' title="bbox 1783 2953 3347 3026">
    <p class='ocr_par' dir='ltr' id='par_1_59' title="bbox 1783 2953 3347 3026">
     <span class='ocr_line' id='line_1_59' title="bbox 1783 2953 3347 3026; baseline -0.008 -14"><span class='ocrx_word' id='word_1_489' title='bbox 1783 2958 1944 3013; x_wconf 90' lang='lat' dir='ltr'><strong>mitus</strong></span> <span class='ocrx_word' id='word_1_490' title='bbox 1993 2972 2086 3026; x_wconf 90' lang='lat' dir='ltr'><strong>per</strong></span> <span class='ocrx_word' id='word_1_491' title='bbox 2110 2957 2379 3025; x_wconf 79' lang='lat' dir='ltr'><strong>apostolos</strong></span> <span class='ocrx_word' id='word_1_492' title='bbox 2409 2958 2495 3024; x_wconf 91' lang='lat' dir='ltr'><strong>qui</strong></span> <span class='ocrx_word' id='word_1_493' title='bbox 2538 2957 2584 3008; x_wconf 90' lang='lat' dir='ltr'><strong>ci</strong></span> <span class='ocrx_word' id='word_1_494' title='bbox 2633 2955 2981 3023; x_wconf 71' lang='lat' dir='ltr'><strong>culimserant,</strong></span> <span class='ocrx_word' id='word_1_495' title='bbox 3009 2953 3347 3020; x_wconf 69' lang='lat' dir='ltr'><strong>pra-dicatum</strong></span> 
     </span>
    </p>
   </div>
   <div class='ocr_carea' id='block_1_60' title="bbox 1785 3043 3354 3112">
    <p class='ocr_par' dir='ltr' id='par_1_60' title="bbox 1785 3043 3354 3112">
     <span class='ocr_line' id='line_1_60' title="bbox 1785 3043 3354 3112; baseline -0.005 -8"><span class='ocrx_word' id='word_1_496' title='bbox 1785 3059 1886 3112; x_wconf 85' lang='lat' dir='ltr'><strong>est,</strong></span> <span class='ocrx_word' id='word_1_497' title='bbox 1916 3049 2035 3102; x_wconf 79' lang='lat' dir='ltr'><strong>ideo</strong></span> <span class='ocrx_word' id='word_1_498' title='bbox 2058 3048 2257 3102; x_wconf 79' lang='lat' dir='ltr'><strong>uerbum</strong></span> <span class='ocrx_word' id='word_1_499' title='bbox 2281 3063 2474 3108; x_wconf 86' lang='lat' dir='ltr'><strong>eorum,</strong></span> <span class='ocrx_word' id='word_1_500' title='bbox 2498 3048 2691 3100; x_wconf 89' lang='lat' dir='ltr'><strong>dictum</strong></span> <span class='ocrx_word' id='word_1_501' title='bbox 2718 3057 2796 3098; x_wconf 85' lang='lat' dir='ltr'><strong>est</strong></span> <span class='ocrx_word' id='word_1_502' title='bbox 2822 3046 2958 3112; x_wconf 75' lang='lat' dir='ltr'><strong>(Act.</strong></span> <span class='ocrx_word' id='word_1_503' title='bbox 2993 3045 3138 3112; x_wconf 78' lang='lat' dir='ltr'><strong>xvu).</strong></span> <span class='ocrx_word' id='word_1_504' title='bbox 3177 3043 3354 3112; x_wconf 70' lang='lat' dir='ltr'><strong>Neque</strong></span> 
     </span>
    </p>
   </div>
   <div class='ocr_carea' id='block_1_61' title="bbox 1786 3133 3353 3208">
    <p class='ocr_par' dir='ltr' id='par_1_61' title="bbox 1786 3133 3353 3208">
     <span class='ocr_line' id='line_1_61' title="bbox 1786 3133 3353 3208; baseline -0.004 -16"><span class='ocrx_word' id='word_1_505' title='bbox 1786 3138 1925 3192; x_wconf 85' lang='lat' dir='ltr'><strong>enim</strong></span> <span class='ocrx_word' id='word_1_506' title='bbox 1962 3151 2238 3208; x_wconf 74' lang='lat' dir='ltr'><strong>propterea</strong></span> <span class='ocrx_word' id='word_1_507' title='bbox 2291 3153 2394 3192; x_wconf 89' lang='lat' dir='ltr'><strong>non</strong></span> <span class='ocrx_word' id='word_1_508' title='bbox 2448 3137 2666 3189; x_wconf 85' lang='lat' dir='ltr'><strong>verbum</strong></span> <span class='ocrx_word' id='word_1_509' title='bbox 2703 3133 2818 3201; x_wconf 77' lang='lat' dir='ltr'><strong>Dei,</strong></span> <span class='ocrx_word' id='word_1_510' title='bbox 2849 3136 2972 3202; x_wconf 84' lang='lat' dir='ltr'><strong>quia</strong></span> <span class='ocrx_word' id='word_1_511' title='bbox 3029 3134 3226 3186; x_wconf 80' lang='lat' dir='ltr'><strong>dir-tum</strong></span> <span class='ocrx_word' id='word_1_512' title='bbox 3273 3146 3353 3186; x_wconf 79' lang='lat' dir='ltr'><strong>est</strong></span> 
     </span>
    </p>
   </div>
   <div class='ocr_carea' id='block_1_62' title="bbox 115 3204 3352 3301">
    <p class='ocr_par' dir='ltr' id='par_1_62' title="bbox 115 3204 3352 3301">
     <span class='ocr_line' id='line_1_62' title="bbox 115 3204 3352 3301; baseline 0 -28"><span class='ocrx_word' id='word_1_513' title='bbox 115 3221 299 3288; x_wconf 70' lang='lat' dir='ltr'><strong>(Herc.</strong></span> <span class='ocrx_word' id='word_1_514' title='bbox 335 3229 470 3291; x_wconf 84' lang='lat' dir='ltr'><strong>vni).</strong></span> <span class='ocrx_word' id='word_1_515' title='bbox 507 3223 793 3280; x_wconf 86' lang='lat' dir='ltr'><strong>Fideliores</strong></span> <span class='ocrx_word' id='word_1_516' title='bbox 826 3227 1000 3296; x_wconf 83' lang='lat' dir='ltr'><strong>itaque</strong></span> <span class='ocrx_word' id='word_1_517' title='bbox 1044 3204 1398 3297; x_wconf 85' lang='lat' dir='ltr'><strong>reperiuntur,</strong></span> <span class='ocrx_word' id='word_1_518' title='bbox 1446 3234 1532 3301; x_wconf 89' lang='lat' dir='ltr'><strong>qui</strong></span> <span class='ocrx_word' id='word_1_519' title='bbox 1583 3235 1676 3289; x_wconf 84' lang='lat' dir='ltr'><strong>de-</strong></span> <span class='ocrx_word' id='word_1_520' title='bbox 1713 3204 1757 3266; x_wconf 64' lang='grc' dir='ltr'><strong>θ</strong></span> <span class='ocrx_word' id='word_1_521' title='bbox 1788 3204 1991 3285; x_wconf 81' lang='lat' dir='ltr'><strong>verbum</strong></span> <span class='ocrx_word' id='word_1_522' title='bbox 2017 3204 2213 3294; x_wconf 76' lang='lat' dir='ltr'><strong>eorum,</strong></span> <span class='ocrx_word' id='word_1_523' title='bbox 2241 3246 2359 3283; x_wconf 88' lang='lat' dir='ltr'><strong>cum</strong></span> <span class='ocrx_word' id='word_1_524' title='bbox 2385 3228 2531 3282; x_wconf 84' lang='lat' dir='ltr'><strong>dicat</strong></span> <span class='ocrx_word' id='word_1_525' title='bbox 2577 3227 2713 3281; x_wconf 67' lang='lat' dir='ltr'><strong>idem</strong></span> <span class='ocrx_word' id='word_1_526' title='bbox 2747 3227 3032 3296; x_wconf 79' lang='lat' dir='ltr'><strong>Apostolus</strong></span> <span class='ocrx_word' id='word_1_527' title='bbox 3072 3225 3352 3280; x_wconf 78' lang='lat' dir='ltr'><strong>The-salo-</strong></span> 
     </span>
    </p>
   </div>
   <div class='ocr_carea' id='block_1_63' title="bbox 118 3313 1678 3390">
    <p class='ocr_par' dir='ltr' id='par_1_63' title="bbox 118 3313 1678 3390">
     <span class='ocr_line' id='line_1_63' title="bbox 118 3313 1678 3390; baseline 0.012 -28"><span class='ocrx_word' id='word_1_528' title='bbox 118 3315 272 3365; x_wconf 76' lang='lat' dir='ltr'><strong>tunt-ti</strong></span> <span class='ocrx_word' id='word_1_529' title='bbox 301 3313 406 3383; x_wconf 85' lang='lat' dir='ltr'><strong>jam</strong></span> <span class='ocrx_word' id='word_1_530' title='bbox 439 3313 670 3379; x_wconf 81' lang='lat' dir='ltr'><strong>fuerant,</strong></span> <span class='ocrx_word' id='word_1_531' title='bbox 700 3327 751 3369; x_wconf 90' lang='lat' dir='ltr'><strong>et</strong></span> <span class='ocrx_word' id='word_1_532' title='bbox 799 3326 1221 3373; x_wconf 87' lang='lat' dir='ltr'><strong>resurrecturum</strong></span> <span class='ocrx_word' id='word_1_533' title='bbox 1272 3321 1562 3390; x_wconf 79' lang='lat' dir='ltr'><strong>Christum,</strong></span> <span class='ocrx_word' id='word_1_534' title='bbox 1599 3343 1678 3380; x_wconf 90' lang='lat' dir='ltr'><strong>re-</strong></span> 
     </span>
    </p>
   </div>
   <div class='ocr_carea' id='block_1_64' title="bbox 120 3405 1675 3487">
    <p class='ocr_par' dir='ltr' id='par_1_64' title="bbox 120 3405 1675 3487">
     <span class='ocr_line' id='line_1_64' title="bbox 120 3405 1675 3487; baseline 0.012 -34"><span class='ocrx_word' id='word_1_535' title='bbox 120 3405 318 3456; x_wconf 86' lang='lat' dir='ltr'><strong>velante</strong></span> <span class='ocrx_word' id='word_1_536' title='bbox 347 3405 575 3473; x_wconf 89' lang='lat' dir='ltr'><strong>Spiritu,</strong></span> <span class='ocrx_word' id='word_1_537' title='bbox 602 3422 704 3460; x_wconf 85' lang='lat' dir='ltr'><strong>non</strong></span> <span class='ocrx_word' id='word_1_538' title='bbox 738 3408 915 3476; x_wconf 84' lang='lat' dir='ltr'><strong>otique</strong></span> <span class='ocrx_word' id='word_1_539' title='bbox 942 3408 1272 3474; x_wconf 85' lang='lat' dir='ltr'><strong>dubitabant,</strong></span> <span class='ocrx_word' id='word_1_540' title='bbox 1295 3429 1452 3482; x_wconf 86' lang='lat' dir='ltr'><strong>quam</strong></span> <span class='ocrx_word' id='word_1_541' title='bbox 1489 3415 1560 3469; x_wconf 90' lang='lat' dir='ltr'><strong>illi</strong></span> <span class='ocrx_word' id='word_1_542' title='bbox 1588 3419 1675 3487; x_wconf 90' lang='lat' dir='ltr'><strong>qui</strong></span> 
     </span>
    </p>
   </div>
   <div class='ocr_carea' id='block_1_65' title="bbox 117 3497 1677 3574">
    <p class='ocr_par' dir='ltr' id='par_1_65' title="bbox 117 3497 1677 3574">
     <span class='ocr_line' id='line_1_65' title="bbox 117 3497 1677 3574; baseline 0.01 -28"><span class='ocrx_word' id='word_1_543' title='bbox 117 3509 232 3546; x_wconf 88' lang='lat' dir='ltr'><strong>cum</strong></span> <span class='ocrx_word' id='word_1_544' title='bbox 283 3497 638 3551; x_wconf 65' lang='lat' dir='ltr'><strong>credidissent</strong></span> <span class='ocrx_word' id='word_1_545' title='bbox 677 3500 845 3567; x_wconf 90' lang='lat' dir='ltr'><strong>ipsum</strong></span> <span class='ocrx_word' id='word_1_546' title='bbox 896 3500 1292 3569; x_wconf 85' lang='lat' dir='ltr'><strong>redemptorum</strong></span> <span class='ocrx_word' id='word_1_547' title='bbox 1351 3506 1533 3574; x_wconf 75' lang='lat' dir='ltr'><strong>Israel,</strong></span> <span class='ocrx_word' id='word_1_548' title='bbox 1571 3511 1677 3564; x_wconf 58' lang='lat' dir='ltr'><strong>vim</strong></span> 
     </span>
    </p>
   </div>
   <div class='ocr_carea' id='block_1_66' title="bbox 118 3587 1678 3666">
    <p class='ocr_par' dir='ltr' id='par_1_66' title="bbox 118 3587 1678 3666">
     <span class='ocr_line' id='line_1_66' title="bbox 118 3587 1678 3666; baseline 0.008 -30"><span class='ocrx_word' id='word_1_549' title='bbox 118 3587 228 3653; x_wconf 77' lang='lat' dir='ltr'><strong>ejus</strong></span> <span class='ocrx_word' id='word_1_550' title='bbox 259 3599 440 3651; x_wconf 88' lang='lat' dir='ltr'><strong>morte,</strong></span> <span class='ocrx_word' id='word_1_551' title='bbox 472 3603 623 3656; x_wconf 85' lang='lat' dir='ltr'><strong>spem</strong></span> <span class='ocrx_word' id='word_1_552' title='bbox 651 3599 811 3642; x_wconf 75' lang='lat' dir='ltr'><strong>tutam</strong></span> <span class='ocrx_word' id='word_1_553' title='bbox 841 3606 996 3659; x_wconf 90' lang='lat' dir='ltr'><strong>quam</strong></span> <span class='ocrx_word' id='word_1_554' title='bbox 1019 3593 1088 3647; x_wconf 91' lang='lat' dir='ltr'><strong>de</strong></span> <span class='ocrx_word' id='word_1_555' title='bbox 1122 3593 1210 3646; x_wconf 86' lang='lat' dir='ltr'><strong>illo</strong></span> <span class='ocrx_word' id='word_1_556' title='bbox 1236 3594 1531 3651; x_wconf 81' lang='lat' dir='ltr'><strong>habuerant</strong></span> <span class='ocrx_word' id='word_1_557' title='bbox 1556 3616 1678 3666; x_wconf 82' lang='lat' dir='ltr'><strong>per-</strong></span> 
     </span>
    </p>
   </div>
   <div class='ocr_carea' id='block_1_67' title="bbox 119 3676 1684 3756">
    <p class='ocr_par' dir='ltr' id='par_1_67' title="bbox 119 3676 1684 3756">
     <span class='ocr_line' id='line_1_67' title="bbox 119 3676 1684 3756; baseline 0.013 -34"><span class='ocrx_word' id='word_1_558' title='bbox 119 3676 373 3730; x_wconf 82' lang='lat' dir='ltr'><strong>diderunt.</strong></span> <span class='ocrx_word' id='word_1_559' title='bbox 405 3678 544 3731; x_wconf 82' lang='lat' dir='ltr'><strong>Nihil</strong></span> <span class='ocrx_word' id='word_1_560' title='bbox 577 3678 755 3748; x_wconf 82' lang='lat' dir='ltr'><strong>itaque</strong></span> <span class='ocrx_word' id='word_1_561' title='bbox 804 3683 995 3735; x_wconf 88' lang='lat' dir='ltr'><strong>melius</strong></span> <span class='ocrx_word' id='word_1_562' title='bbox 1041 3684 1306 3737; x_wconf 70' lang='lat' dir='ltr'><strong>credimus</strong></span> <span class='ocrx_word' id='word_1_563' title='bbox 1357 3702 1512 3755; x_wconf 88' lang='lat' dir='ltr'><strong>quam</strong></span> <span class='ocrx_word' id='word_1_564' title='bbox 1567 3699 1684 3756; x_wconf 82' lang='lat' dir='ltr'><strong>post</strong></span> 
     </span>
    </p>
   </div>
   <div class='ocr_carea' id='block_1_68' title="bbox 121 3766 1683 3844">
    <p class='ocr_par' dir='ltr' id='par_1_68' title="bbox 121 3766 1683 3844">
     <span class='ocr_line' id='line_1_68' title="bbox 121 3766 1683 3844; baseline 0.01 -26"><span class='ocrx_word' id='word_1_565' title='bbox 121 3766 230 3828; x_wconf 79' lang='lat' dir='ltr'><strong>eius</strong></span> <span class='ocrx_word' id='word_1_566' title='bbox 256 3769 734 3836; x_wconf 74' lang='lat' dir='ltr'><strong>resurrectionem,</strong></span> <span class='ocrx_word' id='word_1_567' title='bbox 769 3772 1034 3838; x_wconf 84' lang='lat' dir='ltr'><strong>impartito</strong></span> <span class='ocrx_word' id='word_1_568' title='bbox 1065 3773 1265 3842; x_wconf 74' lang='lat' dir='ltr'><strong>Spiriu</strong></span> <span class='ocrx_word' id='word_1_569' title='bbox 1297 3788 1510 3844; x_wconf 79' lang='lat' dir='ltr'><strong>sam-to,</strong></span> <span class='ocrx_word' id='word_1_570' title='bbox 1555 3783 1683 3836; x_wconf 85' lang='lat' dir='ltr'><strong>edo-</strong></span> 
     </span>
    </p>
   </div>
   <div class='ocr_carea' id='block_1_69' title="bbox 123 3857 1680 3940">
    <p class='ocr_par' dir='ltr' id='par_1_69' title="bbox 123 3857 1680 3940">
     <span class='ocr_line' id='line_1_69' title="bbox 123 3857 1680 3940; baseline 0.012 -34"><span class='ocrx_word' id='word_1_571' title='bbox 123 3857 216 3907; x_wconf 86' lang='lat' dir='ltr'><strong>ctis</strong></span> <span class='ocrx_word' id='word_1_572' title='bbox 243 3868 288 3909; x_wconf 91' lang='lat' dir='ltr'><strong>et</strong></span> <span class='ocrx_word' id='word_1_573' title='bbox 320 3857 649 3913; x_wconf 84' lang='lat' dir='ltr'><strong>conﬁrmatis</strong></span> <span class='ocrx_word' id='word_1_574' title='bbox 679 3863 962 3928; x_wconf 86' lang='lat' dir='ltr'><strong>apostolis,</strong></span> <span class='ocrx_word' id='word_1_575' title='bbox 993 3869 1178 3934; x_wconf 83' lang='lat' dir='ltr'><strong>eisque</strong></span> <span class='ocrx_word' id='word_1_576' title='bbox 1217 3867 1268 3920; x_wconf 88' lang='lat' dir='ltr'><strong>in</strong></span> <span class='ocrx_word' id='word_1_577' title='bbox 1307 3867 1534 3923; x_wconf 59' lang='lat' dir='ltr'><strong>Ecclesia</strong></span> <span class='ocrx_word' id='word_1_578' title='bbox 1569 3873 1680 3940; x_wconf 88' lang='lat' dir='ltr'><strong>pri-</strong></span> 
     </span>
    </p>
   </div>
   <div class='ocr_carea' id='block_1_70' title="bbox 126 3948 1684 4022">
    <p class='ocr_par' dir='ltr' id='par_1_70' title="bbox 126 3948 1684 4022">
     <span class='ocr_line' id='line_1_70' title="bbox 126 3948 1684 4022; baseline 0.014 -27"><span class='ocrx_word' id='word_1_579' title='bbox 126 3948 274 4000; x_wconf 90' lang='lat' dir='ltr'><strong>mitus</strong></span> <span class='ocrx_word' id='word_1_580' title='bbox 301 3948 609 4002; x_wconf 71' lang='lat' dir='ltr'><strong>dottoribus</strong></span> <span class='ocrx_word' id='word_1_581' title='bbox 640 3955 968 4015; x_wconf 89' lang='lat' dir='ltr'><strong>constitutis,</strong></span> <span class='ocrx_word' id='word_1_582' title='bbox 1005 3971 1097 4022; x_wconf 84' lang='lat' dir='ltr'><strong>per</strong></span> <span class='ocrx_word' id='word_1_583' title='bbox 1127 3971 1312 4010; x_wconf 87' lang='lat' dir='ltr'><strong>eorum</strong></span> <span class='ocrx_word' id='word_1_584' title='bbox 1358 3960 1576 4016; x_wconf 86' lang='lat' dir='ltr'><strong>verbum</strong></span> <span class='ocrx_word' id='word_1_585' title='bbox 1608 3965 1684 4017; x_wconf 89' lang='lat' dir='ltr'><strong>sic</strong></span> 
     </span>
    </p>
   </div>
   <div class='ocr_carea' id='block_1_71' title="bbox 124 4038 1683 4110">
    <p class='ocr_par' dir='ltr' id='par_1_71' title="bbox 124 4038 1683 4110">
     <span class='ocr_line' id='line_1_71' title="bbox 124 4038 1683 4110; baseline 0.014 -23"><span class='ocrx_word' id='word_1_586' title='bbox 124 4038 250 4090; x_wconf 61' lang='lat' dir='ltr'><strong>alios</strong></span> <span class='ocrx_word' id='word_1_587' title='bbox 294 4039 567 4104; x_wconf 84' lang='lat' dir='ltr'><strong>credisse,</strong></span> <span class='ocrx_word' id='word_1_588' title='bbox 620 4043 1062 4105; x_wconf 81' lang='lat' dir='ltr'><strong>quemadmodum</strong></span> <span class='ocrx_word' id='word_1_589' title='bbox 1116 4048 1165 4100; x_wconf 90' lang='lat' dir='ltr'><strong>in</strong></span> <span class='ocrx_word' id='word_1_590' title='bbox 1219 4049 1486 4106; x_wconf 81' lang='lat' dir='ltr'><strong>Christum</strong></span> <span class='ocrx_word' id='word_1_591' title='bbox 1538 4059 1683 4110; x_wconf 90' lang='lat' dir='ltr'><strong>credi</strong></span> 
     </span>
    </p>
   </div>
   <div class='ocr_carea' id='block_1_72' title="bbox 123 4125 1682 4208">
    <p class='ocr_par' dir='ltr' id='par_1_72' title="bbox 123 4125 1682 4208">
     <span class='ocr_line' id='line_1_72' title="bbox 123 4125 1682 4208; baseline 0.013 -35"><span class='ocrx_word' id='word_1_592' title='bbox 123 4125 420 4189; x_wconf 84' lang='lat' dir='ltr'><strong>oportebat;</strong></span> <span class='ocrx_word' id='word_1_593' title='bbox 447 4125 498 4179; x_wconf 91' lang='lat' dir='ltr'><strong>id</strong></span> <span class='ocrx_word' id='word_1_594' title='bbox 531 4137 633 4191; x_wconf 89' lang='lat' dir='ltr'><strong>est,</strong></span> <span class='ocrx_word' id='word_1_595' title='bbox 670 4138 723 4180; x_wconf 83' lang='lat' dir='ltr'><strong>ut</strong></span> <span class='ocrx_word' id='word_1_596' title='bbox 753 4128 909 4182; x_wconf 84' lang='lat' dir='ltr'><strong>tidem</strong></span> <span class='ocrx_word' id='word_1_597' title='bbox 943 4135 1346 4189; x_wconf 84' lang='lat' dir='ltr'><strong>resurrectionis</strong></span> <span class='ocrx_word' id='word_1_598' title='bbox 1378 4137 1492 4208; x_wconf 89' lang='lat' dir='ltr'><strong>ejus</strong></span> <span class='ocrx_word' id='word_1_599' title='bbox 1539 4151 1682 4195; x_wconf 81' lang='lat' dir='ltr'><strong>tene-</strong></span> 
     </span>
    </p>
   </div>
   <div class='ocr_carea' id='block_1_73' title="bbox 127 4217 1685 4296">
    <p class='ocr_par' dir='ltr' id='par_1_73' title="bbox 127 4217 1685 4296">
     <span class='ocr_line' id='line_1_73' title="bbox 127 4217 1685 4296; baseline 0.015 -32"><span class='ocrx_word' id='word_1_600' title='bbox 127 4225 257 4278; x_wconf 73' lang='lat' dir='ltr'><strong>rent,</strong></span> <span class='ocrx_word' id='word_1_601' title='bbox 287 4231 344 4268; x_wconf 86' lang='lat' dir='ltr'><strong>ac</strong></span> <span class='ocrx_word' id='word_1_602' title='bbox 376 4230 468 4285; x_wconf 91' lang='lat' dir='ltr'><strong>per</strong></span> <span class='ocrx_word' id='word_1_603' title='bbox 500 4217 623 4283; x_wconf 89' lang='lat' dir='ltr'><strong>hoc,</strong></span> <span class='ocrx_word' id='word_1_604' title='bbox 656 4228 709 4271; x_wconf 85' lang='lat' dir='ltr'><strong>et</strong></span> <span class='ocrx_word' id='word_1_605' title='bbox 736 4218 851 4272; x_wconf 86' lang='lat' dir='ltr'><strong>illos</strong></span> <span class='ocrx_word' id='word_1_606' title='bbox 883 4235 1068 4276; x_wconf 89' lang='lat' dir='ltr'><strong>omnes</strong></span> <span class='ocrx_word' id='word_1_607' title='bbox 1096 4225 1183 4292; x_wconf 91' lang='lat' dir='ltr'><strong>qui</strong></span> <span class='ocrx_word' id='word_1_608' title='bbox 1207 4226 1315 4296; x_wconf 84' lang='lat' dir='ltr'><strong>jam</strong></span> <span class='ocrx_word' id='word_1_609' title='bbox 1348 4229 1398 4281; x_wconf 91' lang='lat' dir='ltr'><strong>in</strong></span> <span class='ocrx_word' id='word_1_610' title='bbox 1423 4244 1544 4285; x_wconf 90' lang='lat' dir='ltr'><strong>eum</strong></span> <span class='ocrx_word' id='word_1_611' title='bbox 1573 4247 1685 4286; x_wconf 88' lang='lat' dir='ltr'><strong>cre-</strong></span> 
     </span>
    </p>
   </div>
   <div class='ocr_carea' id='block_1_74' title="bbox 127 4307 1685 4390">
    <p class='ocr_par' dir='ltr' id='par_1_74' title="bbox 127 4307 1685 4390">
     <span class='ocr_line' id='line_1_74' title="bbox 127 4307 1685 4390; baseline 0.015 -35"><span class='ocrx_word' id='word_1_612' title='bbox 127 4307 316 4360; x_wconf 88' lang='lat' dir='ltr'><strong>didisse</strong></span> <span class='ocrx_word' id='word_1_613' title='bbox 345 4307 659 4363; x_wconf 83' lang='lat' dir='ltr'><strong>videbantur</strong></span> <span class='ocrx_word' id='word_1_614' title='bbox 689 4312 751 4362; x_wconf 89' lang='lat' dir='ltr'><strong>ad</strong></span> <span class='ocrx_word' id='word_1_615' title='bbox 792 4328 976 4367; x_wconf 90' lang='lat' dir='ltr'><strong>eorum</strong></span> <span class='ocrx_word' id='word_1_616' title='bbox 1037 4331 1312 4372; x_wconf 87' lang='lat' dir='ltr'><strong>numerum</strong></span> <span class='ocrx_word' id='word_1_617' title='bbox 1373 4323 1685 4390; x_wconf 84' lang='lat' dir='ltr'><strong>pertinuisse</strong></span> 
     </span>
    </p>
   </div>
   <div class='ocr_carea' id='block_1_75' title="bbox 130 4400 1684 4488">
    <p class='ocr_par' dir='ltr' id='par_1_75' title="bbox 130 4400 1684 4488">
     <span class='ocr_line' id='line_1_75' title="bbox 130 4400 1684 4488; baseline 0.015 -42"><span class='ocrx_word' id='word_1_618' title='bbox 130 4402 217 4462; x_wconf 87' lang='lat' dir='ltr'><strong>pro</strong></span> <span class='ocrx_word' id='word_1_619' title='bbox 249 4400 432 4467; x_wconf 88' lang='lat' dir='ltr'><strong>quibus</strong></span> <span class='ocrx_word' id='word_1_620' title='bbox 475 4402 685 4468; x_wconf 87' lang='lat' dir='ltr'><strong>oravit,</strong></span> <span class='ocrx_word' id='word_1_621' title='bbox 715 4403 898 4459; x_wconf 88' lang='lat' dir='ltr'><strong>dicens</strong></span> <span class='ocrx_word' id='word_1_622' title='bbox 927 4424 938 4457; x_wconf 88' lang='lat'><strong>:</strong></span> <span class='ocrx_word' id='word_1_623' title='bbox 971 4407 1088 4461; x_wconf 79' lang='lat' dir='ltr'><strong>Non</strong></span> <span class='ocrx_word' id='word_1_624' title='bbox 1116 4426 1209 4477; x_wconf 86' lang='lat' dir='ltr'><strong>pro</strong></span> <span class='ocrx_word' id='word_1_625' title='bbox 1237 4412 1313 4466; x_wconf 79' lang='lat' dir='ltr'><strong>Iris</strong></span> <span class='ocrx_word' id='word_1_626' title='bbox 1359 4426 1523 4468; x_wconf 85' lang='lat' dir='ltr'><strong>autem</strong></span> <span class='ocrx_word' id='word_1_627' title='bbox 1563 4433 1684 4488; x_wconf 76' lang='lat' dir='ltr'><strong>cogo</strong></span> 
     </span>
    </p>
   </div>
   <div class='ocr_carea' id='block_1_76' title="bbox 129 4491 1678 4571">
    <p class='ocr_par' dir='ltr' id='par_1_76' title="bbox 129 4491 1678 4571">
     <span class='ocr_line' id='line_1_76' title="bbox 129 4491 1678 4571; baseline 0.014 -32"><span class='ocrx_word' id='word_1_628' title='bbox 129 4500 328 4556; x_wconf 80' lang='lat' dir='ltr'><strong>tantum,</strong></span> <span class='ocrx_word' id='word_1_629' title='bbox 355 4491 440 4542; x_wconf 85' lang='lat' dir='ltr'><strong>sed</strong></span> <span class='ocrx_word' id='word_1_630' title='bbox 467 4501 514 4545; x_wconf 82' lang='lat' dir='ltr'><strong>et</strong></span> <span class='ocrx_word' id='word_1_631' title='bbox 560 4508 652 4560; x_wconf 87' lang='lat' dir='ltr'><strong>pro</strong></span> <span class='ocrx_word' id='word_1_632' title='bbox 679 4495 751 4546; x_wconf 86' lang='lat' dir='ltr'><strong>eis</strong></span> <span class='ocrx_word' id='word_1_633' title='bbox 788 4496 876 4561; x_wconf 82' lang='lat' dir='ltr'><strong>qui</strong></span> <span class='ocrx_word' id='word_1_634' title='bbox 903 4498 1142 4552; x_wconf 83' lang='lat' dir='ltr'><strong>credituri</strong></span> <span class='ocrx_word' id='word_1_635' title='bbox 1185 4511 1299 4555; x_wconf 89' lang='lat' dir='ltr'><strong>sunt</strong></span> <span class='ocrx_word' id='word_1_636' title='bbox 1349 4519 1436 4571; x_wconf 86' lang='lat' dir='ltr'><strong>per</strong></span> <span class='ocrx_word' id='word_1_637' title='bbox 1478 4507 1678 4560; x_wconf 85' lang='lat' dir='ltr'><strong>verbum</strong></span> 
     </span>
    </p>
   </div>
   <div class='ocr_carea' id='block_1_77' title="bbox 1785 3319 3352 3393">
    <p class='ocr_par' dir='ltr' id='par_1_77' title="bbox 1785 3319 3352 3393">
     <span class='ocr_line' id='line_1_77' title="bbox 1785 3319 3352 3393; baseline -0.006 -13"><span class='ocrx_word' id='word_1_638' title='bbox 1785 3327 2039 3381; x_wconf 88' lang='lat' dir='ltr'><strong>nicenses</strong></span> <span class='ocrx_word' id='word_1_639' title='bbox 2083 3326 2356 3393; x_wconf 73' lang='lat' dir='ltr'><strong>accepisse</strong></span> <span class='ocrx_word' id='word_1_640' title='bbox 2386 3337 2411 3375; x_wconf 92' lang='lat' dir='ltr'><strong>a</strong></span> <span class='ocrx_word' id='word_1_641' title='bbox 2443 3337 2498 3375; x_wconf 88' lang='lat' dir='ltr'><strong>sc</strong></span> <span class='ocrx_word' id='word_1_642' title='bbox 2550 3339 2651 3375; x_wconf 69' lang='lat' dir='ltr'><strong>nun</strong></span> <span class='ocrx_word' id='word_1_643' title='bbox 2697 3331 2753 3375; x_wconf 92' lang='lat' dir='ltr'><strong>ut</strong></span> <span class='ocrx_word' id='word_1_644' title='bbox 2783 3321 2999 3376; x_wconf 84' lang='lat' dir='ltr'><strong>verbum</strong></span> <span class='ocrx_word' id='word_1_645' title='bbox 3060 3319 3352 3380; x_wconf 86' lang='lat' dir='ltr'><strong>hominum,</strong></span> 
     </span>
    </p>
   </div>
   <div class='ocr_carea' id='block_1_78' title="bbox 1782 3408 3352 3483">
    <p class='ocr_par' dir='ltr' id='par_1_78' title="bbox 1782 3408 3352 3483">
     <span class='ocr_line' id='line_1_78' title="bbox 1782 3408 3352 3483; baseline -0.008 -11"><span class='ocrx_word' id='word_1_646' title='bbox 1782 3417 1875 3472; x_wconf 82' lang='lat' dir='ltr'><strong>sed</strong></span> <span class='ocrx_word' id='word_1_647' title='bbox 1924 3417 2053 3471; x_wconf 83' lang='lat' dir='ltr'><strong>sicut</strong></span> <span class='ocrx_word' id='word_1_648' title='bbox 2084 3424 2176 3479; x_wconf 84' lang='lat' dir='ltr'><strong>est,</strong></span> <span class='ocrx_word' id='word_1_649' title='bbox 2227 3415 2414 3483; x_wconf 84' lang='lat' dir='ltr'><strong>inquit,</strong></span> <span class='ocrx_word' id='word_1_650' title='bbox 2449 3429 2558 3466; x_wconf 76' lang='lat' dir='ltr'><strong>rere</strong></span> <span class='ocrx_word' id='word_1_651' title='bbox 2602 3411 2799 3465; x_wconf 82' lang='lat' dir='ltr'><strong>verbum</strong></span> <span class='ocrx_word' id='word_1_652' title='bbox 2833 3410 2921 3464; x_wconf 74' lang='lat' dir='ltr'><strong>Dei</strong></span> <span class='ocrx_word' id='word_1_653' title='bbox 2975 3408 3046 3478; x_wconf 88' lang='grc' dir='ltr'><strong>(Ι</strong></span> <span class='ocrx_word' id='word_1_654' title='bbox 3083 3408 3352 3476; x_wconf 82' lang='lat' dir='ltr'><strong>Thess.tt).</strong></span> 
     </span>
    </p>
   </div>
   <div class='ocr_carea' id='block_1_79' title="bbox 1786 3502 3349 3577">
    <p class='ocr_par' dir='ltr' id='par_1_79' title="bbox 1786 3502 3349 3577">
     <span class='ocr_line' id='line_1_79' title="bbox 1786 3502 3349 3577; baseline -0.004 -15"><span class='ocrx_word' id='word_1_655' title='bbox 1786 3508 1906 3562; x_wconf 89' lang='lat' dir='ltr'><strong>Ideo</strong></span> <span class='ocrx_word' id='word_1_656' title='bbox 1936 3522 2063 3577; x_wconf 70' lang='lat' dir='ltr'><strong>ergo</strong></span> <span class='ocrx_word' id='word_1_657' title='bbox 2095 3507 2209 3573; x_wconf 76' lang='lat' dir='ltr'><strong>Dei,</strong></span> <span class='ocrx_word' id='word_1_658' title='bbox 2241 3511 2360 3575; x_wconf 80' lang='lat' dir='ltr'><strong>quiri</strong></span> <span class='ocrx_word' id='word_1_659' title='bbox 2411 3507 2549 3560; x_wconf 88' lang='lat' dir='ltr'><strong>Deus</strong></span> <span class='ocrx_word' id='word_1_660' title='bbox 2579 3505 2627 3560; x_wconf 89' lang='lat' dir='ltr'><strong>id</strong></span> <span class='ocrx_word' id='word_1_661' title='bbox 2685 3503 2920 3558; x_wconf 86' lang='lat' dir='ltr'><strong>donavit.</strong></span> <span class='ocrx_word' id='word_1_662' title='bbox 2977 3502 3172 3558; x_wconf 85' lang='lat' dir='ltr'><strong>Eorum</strong></span> <span class='ocrx_word' id='word_1_663' title='bbox 3225 3515 3349 3555; x_wconf 85' lang='lat' dir='ltr'><strong>vero</strong></span> 
     </span>
    </p>
   </div>
   <div class='ocr_carea' id='block_1_80' title="bbox 1784 3592 3356 3663">
    <p class='ocr_par' dir='ltr' id='par_1_80' title="bbox 1784 3592 3356 3663">
     <span class='ocr_line' id='line_1_80' title="bbox 1784 3592 3356 3663; baseline -0.001 -17"><span class='ocrx_word' id='word_1_664' title='bbox 1784 3595 2000 3648; x_wconf 62' lang='lat' dir='ltr'><strong>vc-rbuni</strong></span> <span class='ocrx_word' id='word_1_665' title='bbox 2042 3596 2246 3650; x_wconf 86' lang='lat' dir='ltr'><strong>dicunn</strong></span> <span class='ocrx_word' id='word_1_666' title='bbox 2299 3609 2406 3658; x_wconf 85' lang='lat' dir='ltr'><strong>est,</strong></span> <span class='ocrx_word' id='word_1_667' title='bbox 2437 3595 2555 3663; x_wconf 70' lang='lat' dir='ltr'><strong>quia</strong></span> <span class='ocrx_word' id='word_1_668' title='bbox 2613 3595 2712 3648; x_wconf 87' lang='lat' dir='ltr'><strong>hoc</strong></span> <span class='ocrx_word' id='word_1_669' title='bbox 2764 3592 3195 3663; x_wconf 67' lang='lat' dir='ltr'><strong>praedicandum,</strong></span> <span class='ocrx_word' id='word_1_670' title='bbox 3253 3594 3356 3645; x_wconf 77' lang='lat' dir='ltr'><strong>illis</strong></span> 
     </span>
    </p>
   </div>
   <div class='ocr_carea' id='block_1_81' title="bbox 1789 3683 3348 3754">
    <p class='ocr_par' dir='ltr' id='par_1_81' title="bbox 1789 3683 3348 3754">
     <span class='ocr_line' id='line_1_81' title="bbox 1789 3683 3348 3754; baseline -0.003 -14"><span class='ocrx_word' id='word_1_671' title='bbox 1789 3688 1926 3740; x_wconf 87' lang='lat' dir='ltr'><strong>Deus</strong></span> <span class='ocrx_word' id='word_1_672' title='bbox 1969 3687 2213 3754; x_wconf 84' lang='lat' dir='ltr'><strong>primitus</strong></span> <span class='ocrx_word' id='word_1_673' title='bbox 2242 3702 2303 3739; x_wconf 81' lang='lat' dir='ltr'><strong>ac</strong></span> <span class='ocrx_word' id='word_1_674' title='bbox 2355 3687 2619 3752; x_wconf 68' lang='lat' dir='ltr'><strong>praecipue</strong></span> <span class='ocrx_word' id='word_1_675' title='bbox 2649 3684 3060 3740; x_wconf 79' lang='lat' dir='ltr'><strong>commendavit.</strong></span> <span class='ocrx_word' id='word_1_676' title='bbox 3098 3685 3238 3752; x_wconf 74' lang='lat' dir='ltr'><strong>Ergo</strong></span> <span class='ocrx_word' id='word_1_677' title='bbox 3264 3683 3348 3735; x_wconf 76' lang='lat' dir='ltr'><strong>illa</strong></span> 
     </span>
    </p>
   </div>
   <div class='ocr_carea' id='block_1_82' title="bbox 1785 3775 3348 3846">
    <p class='ocr_par' dir='ltr' id='par_1_82' title="bbox 1785 3775 3348 3846">
     <span class='ocr_line' id='line_1_82' title="bbox 1785 3775 3348 3846; baseline 0.001 -19"><span class='ocrx_word' id='word_1_678' title='bbox 1785 3775 2030 3832; x_wconf 88' lang='lat' dir='ltr'><strong>oratione</strong></span> <span class='ocrx_word' id='word_1_679' title='bbox 2079 3793 2175 3846; x_wconf 91' lang='lat' dir='ltr'><strong>pro</strong></span> <span class='ocrx_word' id='word_1_680' title='bbox 2225 3778 2474 3830; x_wconf 82' lang='lat' dir='ltr'><strong>OlllllilillS</strong></span> <span class='ocrx_word' id='word_1_681' title='bbox 2521 3791 2652 3845; x_wconf 87' lang='lat' dir='ltr'><strong>quos</strong></span> <span class='ocrx_word' id='word_1_682' title='bbox 2684 3777 2929 3840; x_wconf 86' lang='lat' dir='ltr'><strong>redemit,</strong></span> <span class='ocrx_word' id='word_1_683' title='bbox 2980 3777 3094 3830; x_wconf 85' lang='lat' dir='ltr'><strong>sive</strong></span> <span class='ocrx_word' id='word_1_684' title='bbox 3144 3787 3268 3829; x_wconf 88' lang='lat' dir='ltr'><strong>tunc</strong></span> <span class='ocrx_word' id='word_1_685' title='bbox 3298 3779 3348 3828; x_wconf 91' lang='lat' dir='ltr'><strong>in</strong></span> 
     </span>
    </p>
   </div>
   <div class='ocr_carea' id='block_1_83' title="bbox 1786 3867 3354 3935">
    <p class='ocr_par' dir='ltr' id='par_1_83' title="bbox 1786 3867 3354 3935">
     <span class='ocr_line' id='line_1_83' title="bbox 1786 3867 3354 3935; baseline -0.001 -15"><span class='ocrx_word' id='word_1_686' title='bbox 1786 3882 1945 3920; x_wconf 79' lang='lat' dir='ltr'><strong>carne</strong></span> <span class='ocrx_word' id='word_1_687' title='bbox 1975 3868 2235 3935; x_wconf 83' lang='lat' dir='ltr'><strong>viventes,</strong></span> <span class='ocrx_word' id='word_1_688' title='bbox 2277 3869 2388 3920; x_wconf 62' lang='lat' dir='ltr'><strong>sive</strong></span> <span class='ocrx_word' id='word_1_689' title='bbox 2420 3883 2450 3934; x_wconf 92' lang='lat' dir='ltr'><strong>p</strong></span> <span class='ocrx_word' id='word_1_690' title='bbox 2474 3875 2602 3920; x_wconf 65' lang='lat' dir='ltr'><strong>istea</strong></span> <span class='ocrx_word' id='word_1_691' title='bbox 2637 3867 2867 3932; x_wconf 82' lang='lat' dir='ltr'><strong>futuros,</strong></span> <span class='ocrx_word' id='word_1_692' title='bbox 2892 3867 3217 3932; x_wconf 81' lang='lat' dir='ltr'><strong>Redemptor</strong></span> <span class='ocrx_word' id='word_1_693' title='bbox 3250 3883 3354 3920; x_wconf 86' lang='lat' dir='ltr'><strong>nu-</strong></span> 
     </span>
    </p>
   </div>
   <div class='ocr_carea' id='block_1_84' title="bbox 1787 3957 3355 4027">
    <p class='ocr_par' dir='ltr' id='par_1_84' title="bbox 1787 3957 3355 4027">
     <span class='ocr_line' id='line_1_84' title="bbox 1787 3957 3355 4027; baseline -0.001 -16"><span class='ocrx_word' id='word_1_694' title='bbox 1787 3968 1898 4012; x_wconf 84' lang='lat' dir='ltr'><strong>stcr</strong></span> <span class='ocrx_word' id='word_1_695' title='bbox 1938 3959 2132 4021; x_wconf 81' lang='lat' dir='ltr'><strong>oravit,</strong></span> <span class='ocrx_word' id='word_1_696' title='bbox 2175 3973 2294 4010; x_wconf 88' lang='lat' dir='ltr'><strong>cum</strong></span> <span class='ocrx_word' id='word_1_697' title='bbox 2347 3974 2540 4027; x_wconf 63' lang='lat' dir='ltr'><strong>rngzms</strong></span> <span class='ocrx_word' id='word_1_698' title='bbox 2577 3973 2671 4024; x_wconf 90' lang='lat' dir='ltr'><strong>pro</strong></span> <span class='ocrx_word' id='word_1_699' title='bbox 2699 3957 2954 4026; x_wconf 89' lang='lat' dir='ltr'><strong>apostolis</strong></span> <span class='ocrx_word' id='word_1_700' title='bbox 2996 3958 3086 4026; x_wconf 90' lang='lat' dir='ltr'><strong>qui</strong></span> <span class='ocrx_word' id='word_1_701' title='bbox 3116 3974 3232 4010; x_wconf 84' lang='lat' dir='ltr'><strong>cum</strong></span> <span class='ocrx_word' id='word_1_702' title='bbox 3265 3959 3355 4010; x_wconf 90' lang='lat' dir='ltr'><strong>illo</strong></span> 
     </span>
    </p>
   </div>
   <div class='ocr_carea' id='block_1_85' title="bbox 1788 4051 3359 4122">
    <p class='ocr_par' dir='ltr' id='par_1_85' title="bbox 1788 4051 3359 4122">
     <span class='ocr_line' id='line_1_85' title="bbox 1788 4051 3359 4122; baseline 0 -18"><span class='ocrx_word' id='word_1_703' title='bbox 1788 4061 1913 4106; x_wconf 92' lang='lat' dir='ltr'><strong>tunc</strong></span> <span class='ocrx_word' id='word_1_704' title='bbox 1942 4062 2114 4116; x_wconf 87' lang='lat' dir='ltr'><strong>erant,</strong></span> <span class='ocrx_word' id='word_1_705' title='bbox 2152 4052 2392 4122; x_wconf 78' lang='lat' dir='ltr'><strong>adjunxil</strong></span> <span class='ocrx_word' id='word_1_706' title='bbox 2425 4053 2581 4104; x_wconf 81' lang='lat' dir='ltr'><strong>etiam</strong></span> <span class='ocrx_word' id='word_1_707' title='bbox 2619 4051 2736 4110; x_wconf 82' lang='lat' dir='ltr'><strong>illos</strong></span> <span class='ocrx_word' id='word_1_708' title='bbox 2765 4053 2849 4120; x_wconf 87' lang='lat' dir='ltr'><strong>qui</strong></span> <span class='ocrx_word' id='word_1_709' title='bbox 2887 4067 2977 4120; x_wconf 88' lang='lat' dir='ltr'><strong>per</strong></span> <span class='ocrx_word' id='word_1_710' title='bbox 3003 4067 3188 4106; x_wconf 85' lang='lat' dir='ltr'><strong>eorum</strong></span> <span class='ocrx_word' id='word_1_711' title='bbox 3237 4068 3359 4107; x_wconf 79' lang='lat' dir='ltr'><strong>ver-</strong></span> 
     </span>
    </p>
   </div>
   <div class='ocr_carea' id='block_1_86' title="bbox 1787 4139 3357 4209">
    <p class='ocr_par' dir='ltr' id='par_1_86' title="bbox 1787 4139 3357 4209">
     <span class='ocr_line' id='line_1_86' title="bbox 1787 4139 3357 4209; baseline 0 -15"><span class='ocrx_word' id='word_1_712' title='bbox 1787 4139 1911 4194; x_wconf 91' lang='lat' dir='ltr'><strong>bum</strong></span> <span class='ocrx_word' id='word_1_713' title='bbox 1945 4140 1997 4194; x_wconf 87' lang='lat' dir='ltr'><strong>iti</strong></span> <span class='ocrx_word' id='word_1_714' title='bbox 2041 4156 2162 4195; x_wconf 88' lang='lat' dir='ltr'><strong>eum</strong></span> <span class='ocrx_word' id='word_1_715' title='bbox 2199 4144 2404 4193; x_wconf 77' lang='lat' dir='ltr'><strong>fuerant</strong></span> <span class='ocrx_word' id='word_1_716' title='bbox 2452 4140 2730 4194; x_wconf 79' lang='lat' dir='ltr'><strong>credituri.</strong></span> <span class='ocrx_word' id='word_1_717' title='bbox 2779 4141 2906 4194; x_wconf 79' lang='lat' dir='ltr'><strong>Cum</strong></span> <span class='ocrx_word' id='word_1_718' title='bbox 2935 4157 3061 4209; x_wconf 71' lang='lat' dir='ltr'><strong>ergo</strong></span> <span class='ocrx_word' id='word_1_719' title='bbox 3109 4141 3357 4194; x_wconf 79' lang='lat' dir='ltr'><strong>Dominus</strong></span> 
     </span>
    </p>
   </div>
   <div class='ocr_carea' id='block_1_87' title="bbox 1787 4231 3352 4300">
    <p class='ocr_par' dir='ltr' id='par_1_87' title="bbox 1787 4231 3352 4300">
     <span class='ocr_line' id='line_1_87' title="bbox 1787 4231 3352 4300; baseline 0 -17"><span class='ocrx_word' id='word_1_720' title='bbox 1787 4232 1942 4286; x_wconf 80' lang='lat' dir='ltr'><strong>Jesus</strong></span> <span class='ocrx_word' id='word_1_721' title='bbox 1972 4240 2178 4286; x_wconf 75' lang='lat' dir='ltr'><strong>orasset</strong></span> <span class='ocrx_word' id='word_1_722' title='bbox 2227 4247 2323 4296; x_wconf 88' lang='lat' dir='ltr'><strong>pro</strong></span> <span class='ocrx_word' id='word_1_723' title='bbox 2371 4231 2646 4299; x_wconf 85' lang='lat' dir='ltr'><strong>discipulis</strong></span> <span class='ocrx_word' id='word_1_724' title='bbox 2699 4232 2810 4286; x_wconf 83' lang='lat' dir='ltr'><strong>suis</strong></span> <span class='ocrx_word' id='word_1_725' title='bbox 2838 4247 2972 4300; x_wconf 74' lang='lat' dir='ltr'><strong>quiis</strong></span> <span class='ocrx_word' id='word_1_726' title='bbox 3007 4243 3128 4285; x_wconf 85' lang='lat' dir='ltr'><strong>tunc</strong></span> <span class='ocrx_word' id='word_1_727' title='bbox 3175 4247 3352 4285; x_wconf 85' lang='lat' dir='ltr'><strong>secum</strong></span> 
     </span>
    </p>
   </div>
   <div class='ocr_carea' id='block_1_88' title="bbox 1790 4319 3360 4392">
    <p class='ocr_par' dir='ltr' id='par_1_88' title="bbox 1790 4319 3360 4392">
     <span class='ocr_line' id='line_1_88' title="bbox 1790 4319 3360 4392; baseline -0.001 -18"><span class='ocrx_word' id='word_1_728' title='bbox 1790 4322 2035 4386; x_wconf 86' lang='lat' dir='ltr'><strong>habebat,</strong></span> <span class='ocrx_word' id='word_1_729' title='bbox 2068 4330 2226 4392; x_wconf 86' lang='lat' dir='ltr'><strong>atque</strong></span> <span class='ocrx_word' id='word_1_730' title='bbox 2257 4320 2584 4390; x_wconf 67' lang='lat' dir='ltr'><strong>adiunxisset</strong></span> <span class='ocrx_word' id='word_1_731' title='bbox 2636 4337 2759 4376; x_wconf 92' lang='lat' dir='ltr'><strong>suos</strong></span> <span class='ocrx_word' id='word_1_732' title='bbox 2783 4322 2932 4382; x_wconf 80' lang='lat' dir='ltr'><strong>alios,</strong></span> <span class='ocrx_word' id='word_1_733' title='bbox 2979 4321 3029 4375; x_wconf 89' lang='lat' dir='ltr'><strong>di</strong></span> <span class='ocrx_word' id='word_1_734' title='bbox 3066 4337 3205 4374; x_wconf 81' lang='lat' dir='ltr'><strong>eos:</strong></span> <span class='ocrx_word' id='word_1_735' title='bbox 3241 4319 3360 4373; x_wconf 73' lang='lat' dir='ltr'><strong>Non</strong></span> 
     </span>
    </p>
   </div>
   <div class='ocr_carea' id='block_1_89' title="bbox 1788 4413 3360 4482">
    <p class='ocr_par' dir='ltr' id='par_1_89' title="bbox 1788 4413 3360 4482">
     <span class='ocr_line' id='line_1_89' title="bbox 1788 4413 3360 4482; baseline 0.002 -19"><span class='ocrx_word' id='word_1_736' title='bbox 1788 4430 1878 4480; x_wconf 83' lang='lat' dir='ltr'><strong>pro</strong></span> <span class='ocrx_word' id='word_1_737' title='bbox 1903 4413 1981 4464; x_wconf 80' lang='lat' dir='ltr'><strong>his</strong></span> <span class='ocrx_word' id='word_1_738' title='bbox 2012 4422 2180 4465; x_wconf 86' lang='lat' dir='ltr'><strong>autem</strong></span> <span class='ocrx_word' id='word_1_739' title='bbox 2212 4427 2334 4480; x_wconf 78' lang='lat' dir='ltr'><strong>ro_,o</strong></span> <span class='ocrx_word' id='word_1_740' title='bbox 2363 4422 2581 4472; x_wconf 81' lang='lat' dir='ltr'><strong>tantum.</strong></span> <span class='ocrx_word' id='word_1_741' title='bbox 2606 4413 2691 4466; x_wconf 82' lang='lat' dir='ltr'><strong>sed</strong></span> <span class='ocrx_word' id='word_1_742' title='bbox 2723 4423 2767 4466; x_wconf 84' lang='lat' dir='ltr'><strong>et</strong></span> <span class='ocrx_word' id='word_1_743' title='bbox 2793 4429 2883 4482; x_wconf 86' lang='lat' dir='ltr'><strong>pro</strong></span> <span class='ocrx_word' id='word_1_744' title='bbox 2908 4414 2976 4468; x_wconf 79' lang='lat' dir='ltr'><strong>cis</strong></span> <span class='ocrx_word' id='word_1_745' title='bbox 3003 4417 3088 4482; x_wconf 81' lang='lat' dir='ltr'><strong>qui</strong></span> <span class='ocrx_word' id='word_1_746' title='bbox 3119 4414 3360 4466; x_wconf 78' lang='lat' dir='ltr'><strong>credituri</strong></span> 
     </span>
    </p>
   </div>
   <div class='ocr_carea' id='block_1_90' title="bbox 1787 4504 3357 4571">
    <p class='ocr_par' dir='ltr' id='par_1_90' title="bbox 1787 4504 3357 4571">
     <span class='ocr_line' id='line_1_90' title="bbox 1787 4504 3357 4571; baseline 0.003 -19"><span class='ocrx_word' id='word_1_747' title='bbox 1787 4512 1903 4554; x_wconf 87' lang='lat' dir='ltr'><strong>sunt</strong></span> <span class='ocrx_word' id='word_1_748' title='bbox 1953 4518 2040 4571; x_wconf 82' lang='lat' dir='ltr'><strong>per</strong></span> <span class='ocrx_word' id='word_1_749' title='bbox 2086 4504 2288 4555; x_wconf 73' lang='lat' dir='ltr'><strong>verbum</strong></span> <span class='ocrx_word' id='word_1_750' title='bbox 2343 4519 2517 4555; x_wconf 87' lang='lat' dir='ltr'><strong>eorum</strong></span> <span class='ocrx_word' id='word_1_751' title='bbox 2557 4504 2610 4555; x_wconf 85' lang='lat' dir='ltr'><strong>in</strong></span> <span class='ocrx_word' id='word_1_752' title='bbox 2664 4520 2760 4564; x_wconf 87' lang='lat' dir='ltr'><strong>me,</strong></span> <span class='ocrx_word' id='word_1_753' title='bbox 2814 4506 2951 4555; x_wconf 72' lang='lat' dir='ltr'><strong>velut</strong></span> <span class='ocrx_word' id='word_1_754' title='bbox 3000 4519 3357 4571; x_wconf 65' lang='lat' dir='ltr'><strong>qun-revenit“</strong></span> 
     </span>
    </p>
   </div>
   <div class='ocr_carea' id='block_1_91' title="bbox 128 4565 3358 4666">
    <p class='ocr_par' dir='ltr' id='par_1_91' title="bbox 128 4565 3358 4666">
     <span class='ocr_line' id='line_1_91' title="bbox 128 4565 3358 4666; baseline 0.003 -26"><span class='ocrx_word' id='word_1_755' title='bbox 128 4594 285 4631; x_wconf 74' lang='grc' dir='ltr'>εονιιηι</span> <span class='ocrx_word' id='word_1_756' title='bbox 312 4580 361 4633; x_wconf 72' lang='lat' dir='ltr'><strong>in</strong></span> <span class='ocrx_word' id='word_1_757' title='bbox 387 4598 484 4634; x_wconf 76' lang='lat' dir='ltr'><strong>me.</strong></span> <span class='ocrx_word' id='word_1_758' title='bbox 529 4583 635 4636; x_wconf 67' lang='lat' dir='ltr'><strong>Sed</strong></span> <span class='ocrx_word' id='word_1_759' title='bbox 666 4595 828 4637; x_wconf 70' lang='lat' dir='ltr'><strong>rrstat</strong></span> <span class='ocrx_word' id='word_1_760' title='bbox 858 4587 1009 4640; x_wconf 77' lang='lat' dir='ltr'><strong>nobis</strong></span> <span class='ocrx_word' id='word_1_761' title='bbox 1051 4589 1115 4641; x_wconf 88' lang='lat' dir='ltr'><strong>ad</strong></span> <span class='ocrx_word' id='word_1_762' title='bbox 1148 4591 1301 4644; x_wconf 87' lang='lat' dir='ltr'><strong>istam</strong></span> <span class='ocrx_word' id='word_1_763' title='bbox 1334 4598 1680 4664; x_wconf 68' lang='lat' dir='ltr'><strong>quaestionem</strong></span> <span class='ocrx_word' id='word_1_764' title='bbox 1717 4565 1760 4623; x_wconf 77' lang='grc' dir='ltr'>υ</span> <span class='ocrx_word' id='word_1_765' title='bbox 1792 4596 1911 4664; x_wconf 90' lang='lat' dir='ltr'><strong>quid</strong></span> <span class='ocrx_word' id='word_1_766' title='bbox 1940 4597 2023 4649; x_wconf 80' lang='lat' dir='ltr'><strong>vel</strong></span> <span class='ocrx_word' id='word_1_767' title='bbox 2051 4610 2216 4665; x_wconf 83' lang='lat' dir='ltr'><strong>quare</strong></span> <span class='ocrx_word' id='word_1_768' title='bbox 2251 4610 2346 4663; x_wconf 88' lang='lat' dir='ltr'><strong>pro</strong></span> <span class='ocrx_word' id='word_1_769' title='bbox 2377 4594 2478 4650; x_wconf 80' lang='lat' dir='ltr'><strong>illis</strong></span> <span class='ocrx_word' id='word_1_770' title='bbox 2509 4607 2743 4666; x_wconf 75' lang='lat' dir='ltr'><strong>rogaret,</strong></span> <span class='ocrx_word' id='word_1_771' title='bbox 2797 4594 3049 4651; x_wconf 86' lang='lat' dir='ltr'><strong>continuo</strong></span> <span class='ocrx_word' id='word_1_772' title='bbox 3079 4595 3358 4652; x_wconf 82' lang='lat' dir='ltr'><strong>subiutniit</strong></span> 
     </span>
    </p>
   </div>
   <div class='ocr_carea' id='block_1_92' title="bbox 131 4669 1684 4751">
    <p class='ocr_par' dir='ltr' id='par_1_92' title="bbox 131 4669 1684 4751">
     <span class='ocr_line' id='line_1_92' title="bbox 131 4669 1684 4751; baseline 0.016 -33"><span class='ocrx_word' id='word_1_773' title='bbox 131 4669 290 4723; x_wconf 79' lang='lat' dir='ltr'><strong>adhuc</strong></span> <span class='ocrx_word' id='word_1_774' title='bbox 332 4673 636 4726; x_wconf 81' lang='lat' dir='ltr'><strong>solvendam</strong></span> <span class='ocrx_word' id='word_1_775' title='bbox 670 4674 852 4728; x_wconf 86' lang='lat' dir='ltr'><strong>beatus</strong></span> <span class='ocrx_word' id='word_1_776' title='bbox 892 4681 1163 4743; x_wconf 84' lang='lat' dir='ltr'><strong>apostolus</strong></span> <span class='ocrx_word' id='word_1_777' title='bbox 1206 4683 1418 4751; x_wconf 76' lang='lat' dir='ltr'><strong>Paulus,</strong></span> <span class='ocrx_word' id='word_1_778' title='bbox 1453 4697 1505 4742; x_wconf 91' lang='lat' dir='ltr'><strong>et</strong></span> <span class='ocrx_word' id='word_1_779' title='bbox 1547 4690 1684 4743; x_wconf 73' lang='lat' dir='ltr'><strong>latro</strong></span> 
     </span>
    </p>
   </div>
   <div class='ocr_carea' id='block_1_93' title="bbox 133 4760 1682 4834">
    <p class='ocr_par' dir='ltr' id='par_1_93' title="bbox 133 4760 1682 4834">
     <span class='ocr_line' id='line_1_93' title="bbox 133 4760 1682 4834; baseline 0.017 -26"><span class='ocrx_word' id='word_1_780' title='bbox 133 4760 213 4812; x_wconf 91' lang='lat' dir='ltr'><strong>ille</strong></span> <span class='ocrx_word' id='word_1_781' title='bbox 257 4762 476 4816; x_wconf 87' lang='lat' dir='ltr'><strong>crudelis</strong></span> <span class='ocrx_word' id='word_1_782' title='bbox 527 4766 578 4817; x_wconf 89' lang='lat' dir='ltr'><strong>in</strong></span> <span class='ocrx_word' id='word_1_783' title='bbox 627 4768 874 4829; x_wconf 80' lang='lat' dir='ltr'><strong>scelere,</strong></span> <span class='ocrx_word' id='word_1_784' title='bbox 935 4768 1101 4824; x_wconf 87' lang='lat' dir='ltr'><strong>lidelis</strong></span> <span class='ocrx_word' id='word_1_785' title='bbox 1147 4772 1197 4825; x_wconf 92' lang='lat' dir='ltr'><strong>in</strong></span> <span class='ocrx_word' id='word_1_786' title='bbox 1251 4791 1428 4834; x_wconf 89' lang='lat' dir='ltr'><strong>cruce.</strong></span> <span class='ocrx_word' id='word_1_787' title='bbox 1491 4779 1682 4834; x_wconf 70' lang='lat' dir='ltr'><strong>Paulus</strong></span> 
     </span>
    </p>
   </div>
   <div class='ocr_carea' id='block_1_94' title="bbox 132 4845 1681 4935">
    <p class='ocr_par' dir='ltr' id='par_1_94' title="bbox 132 4845 1681 4935">
     <span class='ocr_line' id='line_1_94' title="bbox 132 4845 1681 4935; baseline 0.019 -39"><span class='ocrx_word' id='word_1_788' title='bbox 132 4845 307 4916; x_wconf 78' lang='lat' dir='ltr'><strong>quippe</strong></span> <span class='ocrx_word' id='word_1_789' title='bbox 332 4855 619 4920; x_wconf 64' lang='lat' dir='ltr'><strong>ApOstolus</strong></span> <span class='ocrx_word' id='word_1_790' title='bbox 648 4872 745 4907; x_wconf 84' lang='lat' dir='ltr'><strong>non</strong></span> <span class='ocrx_word' id='word_1_791' title='bbox 769 4856 833 4910; x_wconf 86' lang='lat' dir='ltr'><strong>ab</strong></span> <span class='ocrx_word' id='word_1_792' title='bbox 861 4857 1173 4926; x_wconf 81' lang='lat' dir='ltr'><strong>hominibus,</strong></span> <span class='ocrx_word' id='word_1_793' title='bbox 1198 4883 1360 4935; x_wconf 82' lang='lat' dir='ltr'><strong>neque</strong></span> <span class='ocrx_word' id='word_1_794' title='bbox 1391 4885 1478 4933; x_wconf 85' lang='lat' dir='ltr'><strong>per</strong></span> <span class='ocrx_word' id='word_1_795' title='bbox 1505 4873 1681 4924; x_wconf 82' lang='lat' dir='ltr'><strong>Itami-</strong></span> 
     </span>
    </p>
   </div>
   <div class='ocr_carea' id='block_1_95' title="bbox 133 4942 1686 5032">
    <p class='ocr_par' dir='ltr' id='par_1_95' title="bbox 133 4942 1686 5032">
     <span class='ocr_line' id='line_1_95' title="bbox 133 4942 1686 5032; baseline 0.017 -43"><span class='ocrx_word' id='word_1_796' title='bbox 133 4957 253 5007; x_wconf 83' lang='lat' dir='ltr'><strong>nem,</strong></span> <span class='ocrx_word' id='word_1_797' title='bbox 279 4942 362 4995; x_wconf 83' lang='lat' dir='ltr'><strong>sed</strong></span> <span class='ocrx_word' id='word_1_798' title='bbox 396 4962 486 5013; x_wconf 80' lang='lat' dir='ltr'><strong>per</strong></span> <span class='ocrx_word' id='word_1_799' title='bbox 530 4944 707 4999; x_wconf 72' lang='lat' dir='ltr'><strong>Iesum</strong></span> <span class='ocrx_word' id='word_1_800' title='bbox 752 4948 1042 5017; x_wconf 79' lang='lat' dir='ltr'><strong>Christum,</strong></span> <span class='ocrx_word' id='word_1_801' title='bbox 1077 4970 1137 5008; x_wconf 78' lang='lat' dir='ltr'><strong>se</strong></span> <span class='ocrx_word' id='word_1_802' title='bbox 1169 4959 1361 5012; x_wconf 76' lang='lat' dir='ltr'><strong>factum</strong></span> <span class='ocrx_word' id='word_1_803' title='bbox 1393 4959 1518 5014; x_wconf 77' lang='lat' dir='ltr'><strong>dicit</strong></span> <span class='ocrx_word' id='word_1_804' title='bbox 1547 4978 1686 5032; x_wconf 87' lang='lat' dir='ltr'><strong>apo-</strong></span> 
     </span>
    </p>
   </div>
   <div class='ocr_carea' id='block_1_96' title="bbox 132 5035 1690 5125">
    <p class='ocr_par' dir='ltr' id='par_1_96' title="bbox 132 5035 1690 5125">
     <span class='ocr_line' id='line_1_96' title="bbox 132 5035 1690 5125; baseline 0.02 -42"><span class='ocrx_word' id='word_1_805' title='bbox 132 5035 311 5125; x_wconf 75' lang='lat' dir='ltr'><strong>stolum</strong></span> <span class='ocrx_word' id='word_1_806' title='bbox 335 5035 527 5105; x_wconf 75' lang='lat' dir='ltr'><strong>(Calui.</strong></span> <span class='ocrx_word' id='word_1_807' title='bbox 558 5052 619 5103; x_wconf 73' lang='grc' dir='ltr'><strong>ι),</strong></span> <span class='ocrx_word' id='word_1_808' title='bbox 652 5050 706 5095; x_wconf 89' lang='lat' dir='ltr'><strong>et</strong></span> <span class='ocrx_word' id='word_1_809' title='bbox 749 5041 816 5096; x_wconf 93' lang='lat' dir='ltr'><strong>de</strong></span> <span class='ocrx_word' id='word_1_810' title='bbox 855 5044 969 5108; x_wconf 90' lang='lat' dir='ltr'><strong>ipso</strong></span> <span class='ocrx_word' id='word_1_811' title='bbox 1009 5061 1109 5099; x_wconf 87' lang='lat' dir='ltr'><strong>suo</strong></span> <span class='ocrx_word' id='word_1_812' title='bbox 1150 5049 1373 5116; x_wconf 88' lang='lat' dir='ltr'><strong>loquens</strong></span> <span class='ocrx_word' id='word_1_813' title='bbox 1414 5058 1690 5125; x_wconf 80' lang='lat' dir='ltr'><strong>evangelio</strong></span> 
     </span>
    </p>
   </div>
   <div class='ocr_carea' id='block_1_97' title="bbox 133 5123 1688 5217">
    <p class='ocr_par' dir='ltr' id='par_1_97' title="bbox 133 5123 1688 5217">
     <span class='ocr_line' id='line_1_97' title="bbox 133 5123 1688 5217; baseline 0.018 -43"><span class='ocrx_word' id='word_1_814' title='bbox 133 5125 237 5217; x_wconf 86' lang='lat' dir='ltr'><strong>ait:</strong></span> <span class='ocrx_word' id='word_1_815' title='bbox 266 5123 434 5193; x_wconf 83' lang='lat' dir='ltr'><strong>Neque</strong></span> <span class='ocrx_word' id='word_1_816' title='bbox 461 5130 598 5181; x_wconf 79' lang='lat' dir='ltr'><strong>enim</strong></span> <span class='ocrx_word' id='word_1_817' title='bbox 638 5147 726 5199; x_wconf 82' lang='lat' dir='ltr'><strong>ego</strong></span> <span class='ocrx_word' id='word_1_818' title='bbox 757 5132 817 5185; x_wconf 83' lang='lat' dir='ltr'><strong>ob</strong></span> <span class='ocrx_word' id='word_1_819' title='bbox 866 5132 1064 5188; x_wconf 80' lang='lat' dir='ltr'><strong>homine</strong></span> <span class='ocrx_word' id='word_1_820' title='bbox 1108 5141 1278 5208; x_wconf 82' lang='lat' dir='ltr'><strong>accepi</strong></span> <span class='ocrx_word' id='word_1_821' title='bbox 1323 5143 1484 5210; x_wconf 82' lang='lat' dir='ltr'><strong>illud,</strong></span> <span class='ocrx_word' id='word_1_822' title='bbox 1531 5123 1688 5217; x_wconf 65' lang='lat' dir='ltr'><strong>neque</strong></span> 
     </span>
    </p>
   </div>
   <div class='ocr_carea' id='block_1_98' title="bbox 133 5216 1688 5307">
    <p class='ocr_par' dir='ltr' id='par_1_98' title="bbox 133 5216 1688 5307">
     <span class='ocr_line' id='line_1_98' title="bbox 133 5216 1688 5307; baseline 0.02 -44"><span class='ocrx_word' id='word_1_823' title='bbox 133 5216 289 5284; x_wconf 84' lang='lat' dir='ltr'><strong>didici,</strong></span> <span class='ocrx_word' id='word_1_824' title='bbox 321 5221 404 5271; x_wconf 84' lang='lat' dir='ltr'><strong>sed</strong></span> <span class='ocrx_word' id='word_1_825' title='bbox 429 5237 515 5285; x_wconf 81' lang='lat' dir='ltr'><strong>per</strong></span> <span class='ocrx_word' id='word_1_826' title='bbox 557 5226 909 5278; x_wconf 72' lang='lat' dir='ltr'><strong>reuelationem</strong></span> <span class='ocrx_word' id='word_1_827' title='bbox 940 5225 1064 5281; x_wconf 84' lang='lat' dir='ltr'><strong>Jesu</strong></span> <span class='ocrx_word' id='word_1_828' title='bbox 1086 5230 1275 5284; x_wconf 80' lang='lat' dir='ltr'><strong>Christi</strong></span> <span class='ocrx_word' id='word_1_829' title='bbox 1306 5232 1511 5307; x_wconf 66' lang='lat' dir='ltr'><strong>(Ibid).</strong></span> <span class='ocrx_word' id='word_1_830' title='bbox 1547 5216 1688 5305; x_wconf 85' lang='lat' dir='ltr'><strong>Quo-</strong></span> 
     </span>
    </p>
   </div>
   <div class='ocr_carea' id='block_1_99' title="bbox 135 5309 1682 5386">
    <p class='ocr_par' dir='ltr' id='par_1_99' title="bbox 135 5309 1682 5386">
     <span class='ocr_line' id='line_1_99' title="bbox 135 5309 1682 5386; baseline 0.019 -30"><span class='ocrx_word' id='word_1_831' title='bbox 135 5309 275 5361; x_wconf 86' lang='lat' dir='ltr'><strong>modo</strong></span> <span class='ocrx_word' id='word_1_832' title='bbox 313 5309 467 5378; x_wconf 75' lang='lat' dir='ltr'><strong>igitur</strong></span> <span class='ocrx_word' id='word_1_833' title='bbox 511 5312 615 5366; x_wconf 89' lang='lat' dir='ltr'><strong>erit</strong></span> <span class='ocrx_word' id='word_1_834' title='bbox 639 5315 689 5366; x_wconf 87' lang='lat' dir='ltr'><strong>in</strong></span> <span class='ocrx_word' id='word_1_835' title='bbox 719 5317 820 5377; x_wconf 63' lang='grc' dir='ltr'><strong>εἰς,</strong></span> <span class='ocrx_word' id='word_1_836' title='bbox 853 5317 918 5370; x_wconf 86' lang='lat' dir='ltr'><strong>de</strong></span> <span class='ocrx_word' id='word_1_837' title='bbox 949 5321 1137 5386; x_wconf 78' lang='lat' dir='ltr'><strong>quibus</strong></span> <span class='ocrx_word' id='word_1_838' title='bbox 1168 5323 1369 5378; x_wconf 84' lang='lat' dir='ltr'><strong>dietum</strong></span> <span class='ocrx_word' id='word_1_839' title='bbox 1402 5339 1482 5381; x_wconf 87' lang='lat' dir='ltr'><strong>est</strong></span> <span class='ocrx_word' id='word_1_840' title='bbox 1514 5347 1528 5382; x_wconf 90' lang='lat'><strong>:</strong></span> <span class='ocrx_word' id='word_1_841' title='bbox 1559 5330 1682 5386; x_wconf 79' lang='lat' dir='ltr'><strong>Cre~</strong></span> 
     </span>
    </p>
   </div>
   <div class='ocr_carea' id='block_1_100' title="bbox 135 5396 1684 5476">
    <p class='ocr_par' dir='ltr' id='par_1_100' title="bbox 135 5396 1684 5476">
     <span class='ocr_line' id='line_1_100' title="bbox 135 5396 1684 5476; baseline 0.021 -33"><span class='ocrx_word' id='word_1_842' title='bbox 135 5396 271 5448; x_wconf 77' lang='lat' dir='ltr'><strong>ditari</strong></span> <span class='ocrx_word' id='word_1_843' title='bbox 294 5412 402 5451; x_wconf 82' lang='lat' dir='ltr'><strong>sunt</strong></span> <span class='ocrx_word' id='word_1_844' title='bbox 433 5417 518 5468; x_wconf 87' lang='lat' dir='ltr'><strong>per</strong></span> <span class='ocrx_word' id='word_1_845' title='bbox 550 5408 751 5456; x_wconf 81' lang='lat' dir='ltr'><strong>verbum</strong></span> <span class='ocrx_word' id='word_1_846' title='bbox 798 5423 968 5460; x_wconf 86' lang='lat' dir='ltr'><strong>eorum</strong></span> <span class='ocrx_word' id='word_1_847' title='bbox 999 5412 1048 5462; x_wconf 86' lang='lat' dir='ltr'><strong>in</strong></span> <span class='ocrx_word' id='word_1_848' title='bbox 1095 5415 1215 5465; x_wconf 82' lang='lat' dir='ltr'><strong>me?</strong></span> <span class='ocrx_word' id='word_1_849' title='bbox 1247 5413 1407 5470; x_wconf 88' lang='lat' dir='ltr'><strong>Latro</strong></span> <span class='ocrx_word' id='word_1_850' title='bbox 1440 5435 1566 5474; x_wconf 83' lang='lat' dir='ltr'><strong>vero</strong></span> <span class='ocrx_word' id='word_1_851' title='bbox 1601 5425 1684 5476; x_wconf 83' lang='lat' dir='ltr'><strong>ille</strong></span> 
     </span>
    </p>
   </div>
   <div class='ocr_carea' id='block_1_101' title="bbox 139 5489 1684 5580">
    <p class='ocr_par' dir='ltr' id='par_1_101' title="bbox 139 5489 1684 5580">
     <span class='ocr_line' id='line_1_101' title="bbox 139 5489 1684 5580; baseline 0.022 -49"><span class='ocrx_word' id='word_1_852' title='bbox 139 5496 245 5580; x_wconf 75' lang='lat' dir='ltr'><strong>tunc</strong></span> <span class='ocrx_word' id='word_1_853' title='bbox 265 5489 500 5554; x_wconf 86' lang='lat' dir='ltr'><strong>credidit,</strong></span> <span class='ocrx_word' id='word_1_854' title='bbox 532 5492 752 5560; x_wconf 87' lang='lat' dir='ltr'><strong>quando</strong></span> <span class='ocrx_word' id='word_1_855' title='bbox 796 5497 842 5546; x_wconf 91' lang='lat' dir='ltr'><strong>iu</strong></span> <span class='ocrx_word' id='word_1_856' title='bbox 878 5499 1005 5564; x_wconf 82' lang='lat' dir='ltr'><strong>ipsis</strong></span> <span class='ocrx_word' id='word_1_857' title='bbox 1049 5501 1356 5559; x_wconf 90' lang='lat' dir='ltr'><strong>doctoribus</strong></span> <span class='ocrx_word' id='word_1_858' title='bbox 1389 5509 1519 5563; x_wconf 87' lang='lat' dir='ltr'><strong>tides</strong></span> <span class='ocrx_word' id='word_1_859' title='bbox 1571 5531 1684 5580; x_wconf 68' lang='lat' dir='ltr'><strong>qua:</strong></span> 
     </span>
    </p>
   </div>
   <div class='ocr_carea' id='block_1_102' title="bbox 140 5578 1684 5669">
    <p class='ocr_par' dir='ltr' id='par_1_102' title="bbox 140 5578 1684 5669">
     <span class='ocr_line' id='line_1_102' title="bbox 140 5578 1684 5669; baseline 0.017 -44"><span class='ocrx_word' id='word_1_860' title='bbox 140 5578 284 5630; x_wconf 65' lang='lat' dir='ltr'><strong>fuerit</strong></span> <span class='ocrx_word' id='word_1_861' title='bbox 310 5582 686 5650; x_wconf 82' lang='lat' dir='ltr'><strong>qualiscunque</strong></span> <span class='ocrx_word' id='word_1_862' title='bbox 716 5583 930 5642; x_wconf 77' lang='lat' dir='ltr'><strong>deiecit.</strong></span> <span class='ocrx_word' id='word_1_863' title='bbox 967 5589 1076 5645; x_wconf 79' lang='lat' dir='ltr'><strong>Nec</strong></span> <span class='ocrx_word' id='word_1_864' title='bbox 1106 5595 1215 5661; x_wconf 87' lang='lat' dir='ltr'><strong>ipsc</strong></span> <span class='ocrx_word' id='word_1_865' title='bbox 1247 5595 1422 5662; x_wconf 81' lang='lat' dir='ltr'><strong>itaque</strong></span> <span class='ocrx_word' id='word_1_866' title='bbox 1467 5615 1565 5669; x_wconf 86' lang='lat' dir='ltr'><strong>per</strong></span> <span class='ocrx_word' id='word_1_867' title='bbox 1591 5578 1623 5655; x_wconf 15' lang='lat' dir='ltr'><strong>re</strong></span> <span class='ocrx_word' id='word_1_868' title='bbox 1646 5627 1684 5651; x_wconf 79' lang='grc' dir='ltr'>ι-</span> 
     </span>
    </p>
   </div>
   <div class='ocr_carea' id='block_1_103' title="bbox 139 5669 1680 5752">
    <p class='ocr_par' dir='ltr' id='par_1_103' title="bbox 139 5669 1680 5752">
     <span class='ocr_line' id='line_1_103' title="bbox 139 5669 1680 5752; baseline 0.022 -38"><span class='ocrx_word' id='word_1_869' title='bbox 139 5680 238 5717; x_wconf 85' lang='lat' dir='ltr'><strong>runt</strong></span> <span class='ocrx_word' id='word_1_870' title='bbox 266 5669 468 5722; x_wconf 83' lang='lat' dir='ltr'><strong>verbum</strong></span> <span class='ocrx_word' id='word_1_871' title='bbox 501 5673 729 5727; x_wconf 87' lang='lat' dir='ltr'><strong>credidit</strong></span> <span class='ocrx_word' id='word_1_872' title='bbox 775 5677 824 5728; x_wconf 92' lang='lat' dir='ltr'><strong>in</strong></span> <span class='ocrx_word' id='word_1_873' title='bbox 876 5677 1143 5735; x_wconf 84' lang='lat' dir='ltr'><strong>Christum</strong></span> <span class='ocrx_word' id='word_1_874' title='bbox 1184 5683 1390 5752; x_wconf 82' lang='lat' dir='ltr'><strong>Jesum,</strong></span> <span class='ocrx_word' id='word_1_875' title='bbox 1421 5701 1474 5742; x_wconf 90' lang='lat' dir='ltr'><strong>et</strong></span> <span class='ocrx_word' id='word_1_876' title='bbox 1508 5703 1680 5747; x_wconf 90' lang='lat' dir='ltr'><strong>tamen</strong></span> 
     </span>
    </p>
   </div>
   <div class='ocr_carea' id='block_1_104' title="bbox 140 5761 1679 5847">
    <p class='ocr_par' dir='ltr' id='par_1_104' title="bbox 140 5761 1679 5847">
     <span class='ocr_line' id='line_1_104' title="bbox 140 5761 1679 5847; baseline 0.023 -41"><span class='ocrx_word' id='word_1_877' title='bbox 140 5771 204 5809; x_wconf 70' lang='lat' dir='ltr'><strong>sic</strong></span> <span class='ocrx_word' id='word_1_878' title='bbox 227 5761 452 5829; x_wconf 75' lang='lat' dir='ltr'><strong>credidit,</strong></span> <span class='ocrx_word' id='word_1_879' title='bbox 487 5773 541 5817; x_wconf 92' lang='lat' dir='ltr'><strong>ut</strong></span> <span class='ocrx_word' id='word_1_880' title='bbox 573 5781 727 5833; x_wconf 85' lang='lat' dir='ltr'><strong>quem</strong></span> <span class='ocrx_word' id='word_1_881' title='bbox 761 5767 968 5825; x_wconf 74' lang='lat' dir='ltr'><strong>videbat</strong></span> <span class='ocrx_word' id='word_1_882' title='bbox 1001 5777 1335 5847; x_wconf 77' lang='lat' dir='ltr'><strong>crucitlsum,</strong></span> <span class='ocrx_word' id='word_1_883' title='bbox 1384 5784 1679 5840; x_wconf 74' lang='lat' dir='ltr'><strong>confitere-</strong></span> 
     </span>
    </p>
   </div>
   <div class='ocr_carea' id='block_1_105' title="bbox 1791 4689 2019 4743">
    <p class='ocr_par' dir='ltr' id='par_1_105' title="bbox 1791 4689 2019 4743">
     <span class='ocr_line' id='line_1_105' title="bbox 1791 4689 2019 4743; baseline 0.009 -2"><span class='ocrx_word' id='word_1_884' title='bbox 1791 4689 1972 4742; x_wconf 85' lang='lat' dir='ltr'><strong>dicens</strong></span> <span class='ocrx_word' id='word_1_885' title='bbox 2007 4707 2019 4743; x_wconf 88' lang='lat'><strong>:</strong></span> 
     </span>
    </p>
   </div>
   <div class='ocr_carea' id='block_1_106' title="bbox 1867 4781 3355 4856">
    <p class='ocr_par' dir='ltr' id='par_1_106' title="bbox 1867 4781 3355 4856">
     <span class='ocr_line' id='line_1_106' title="bbox 1867 4781 3355 4856; baseline 0.003 -22"><span class='ocrx_word' id='word_1_886' title='bbox 1867 4781 1929 4834; x_wconf 82' lang='lat' dir='ltr'><strong>Ut</strong></span> <span class='ocrx_word' id='word_1_887' title='bbox 1959 4797 2130 4832; x_wconf 74' lang='lat' dir='ltr'><strong>comes</strong></span> <span class='ocrx_word' id='word_1_888' title='bbox 2159 4797 2311 4834; x_wconf 86' lang='lat' dir='ltr'><strong>unum</strong></span> <span class='ocrx_word' id='word_1_889' title='bbox 2342 4791 2465 4850; x_wconf 81' lang='lat' dir='ltr'><strong>siut,</strong></span> <span class='ocrx_word' id='word_1_890' title='bbox 2492 4789 2620 4836; x_wconf 80' lang='lat' dir='ltr'><strong>sicut</strong></span> <span class='ocrx_word' id='word_1_891' title='bbox 2653 4791 2730 4846; x_wconf 86' lang='lat' dir='ltr'><strong>tu,</strong></span> <span class='ocrx_word' id='word_1_892' title='bbox 2767 4786 2942 4848; x_wconf 83' lang='lat' dir='ltr'><strong>Pater,</strong></span> <span class='ocrx_word' id='word_1_893' title='bbox 2974 4800 3027 4836; x_wconf 84' lang='lat' dir='ltr'><strong>tu</strong></span> <span class='ocrx_word' id='word_1_894' title='bbox 3058 4801 3153 4850; x_wconf 68' lang='lat' dir='ltr'><strong>me,</strong></span> <span class='ocrx_word' id='word_1_895' title='bbox 3184 4793 3232 4838; x_wconf 89' lang='lat' dir='ltr'><strong>et</strong></span> <span class='ocrx_word' id='word_1_896' title='bbox 3265 4802 3355 4856; x_wconf 75' lang='lat' dir='ltr'><strong>ego</strong></span> 
     </span>
    </p>
   </div>
   <div class='ocr_carea' id='block_1_107' title="bbox 1791 4872 3354 4943">
    <p class='ocr_par' dir='ltr' id='par_1_107' title="bbox 1791 4872 3354 4943">
     <span class='ocr_line' id='line_1_107' title="bbox 1791 4872 3354 4943; baseline 0.004 -21"><span class='ocrx_word' id='word_1_897' title='bbox 1791 4873 1840 4923; x_wconf 84' lang='lat' dir='ltr'><strong>in</strong></span> <span class='ocrx_word' id='word_1_898' title='bbox 1867 4883 1935 4932; x_wconf 86' lang='lat' dir='ltr'><strong>te,</strong></span> <span class='ocrx_word' id='word_1_899' title='bbox 1961 4881 2012 4924; x_wconf 86' lang='lat' dir='ltr'><strong>ut</strong></span> <span class='ocrx_word' id='word_1_900' title='bbox 2040 4881 2086 4924; x_wconf 90' lang='lat' dir='ltr'><strong>et</strong></span> <span class='ocrx_word' id='word_1_901' title='bbox 2112 4872 2209 4939; x_wconf 87' lang='lat' dir='ltr'><strong>ipsi</strong></span> <span class='ocrx_word' id='word_1_902' title='bbox 2251 4873 2301 4924; x_wconf 88' lang='lat' dir='ltr'><strong>in</strong></span> <span class='ocrx_word' id='word_1_903' title='bbox 2331 4873 2474 4926; x_wconf 81' lang='lat' dir='ltr'><strong>nobis</strong></span> <span class='ocrx_word' id='word_1_904' title='bbox 2506 4890 2659 4926; x_wconf 79' lang='lat' dir='ltr'><strong>unum</strong></span> <span class='ocrx_word' id='word_1_905' title='bbox 2685 4875 2805 4927; x_wconf 87' lang='lat' dir='ltr'><strong>sint.</strong></span> <span class='ocrx_word' id='word_1_906' title='bbox 2852 4874 2916 4928; x_wconf 86' lang='lat' dir='ltr'><strong>Et</strong></span> <span class='ocrx_word' id='word_1_907' title='bbox 2943 4877 3186 4943; x_wconf 87' lang='lat' dir='ltr'><strong>superius</strong></span> <span class='ocrx_word' id='word_1_908' title='bbox 3234 4893 3354 4931; x_wconf 89' lang='lat' dir='ltr'><strong>cum</strong></span> 
     </span>
    </p>
   </div>
   <div class='ocr_carea' id='block_1_108' title="bbox 1792 4967 3357 5035">
    <p class='ocr_par' dir='ltr' id='par_1_108' title="bbox 1792 4967 3357 5035">
     <span class='ocr_line' id='line_1_108' title="bbox 1792 4967 3357 5035; baseline 0.003 -16"><span class='ocrx_word' id='word_1_909' title='bbox 1792 4968 1962 5020; x_wconf 89' lang='lat' dir='ltr'><strong>adhuc</strong></span> <span class='ocrx_word' id='word_1_910' title='bbox 1993 4981 2084 5035; x_wconf 89' lang='lat' dir='ltr'><strong>pro</strong></span> <span class='ocrx_word' id='word_1_911' title='bbox 2115 4967 2242 5021; x_wconf 89' lang='lat' dir='ltr'><strong>solis</strong></span> <span class='ocrx_word' id='word_1_912' title='bbox 2272 4967 2544 5035; x_wconf 88' lang='lat' dir='ltr'><strong>discipulis</strong></span> <span class='ocrx_word' id='word_1_913' title='bbox 2567 4983 2719 5034; x_wconf 36' lang='lat' dir='ltr'><strong>&quot;quos</strong></span> <span class='ocrx_word' id='word_1_914' title='bbox 2762 4983 2941 5024; x_wconf 86' lang='lat' dir='ltr'><strong>secum</strong></span> <span class='ocrx_word' id='word_1_915' title='bbox 2974 4971 3202 5026; x_wconf 77' lang='lat' dir='ltr'><strong>trahebat</strong></span> <span class='ocrx_word' id='word_1_916' title='bbox 3231 4989 3357 5025; x_wconf 80' lang='lat' dir='ltr'><strong>orn-</strong></span> 
     </span>
    </p>
   </div>
   <div class='ocr_carea' id='block_1_109' title="bbox 1795 5057 3355 5130">
    <p class='ocr_par' dir='ltr' id='par_1_109' title="bbox 1795 5057 3355 5130">
     <span class='ocr_line' id='line_1_109' title="bbox 1795 5057 3355 5130; baseline 0.003 -19"><span class='ocrx_word' id='word_1_917' title='bbox 1795 5069 1871 5111; x_wconf 92' lang='lat' dir='ltr'><strong>ret</strong></span> <span class='ocrx_word' id='word_1_918' title='bbox 1896 5075 1908 5109; x_wconf 88' lang='lat'><strong>:</strong></span> <span class='ocrx_word' id='word_1_919' title='bbox 1929 5057 2082 5110; x_wconf 83' lang='lat' dir='ltr'><strong>Pater</strong></span> <span class='ocrx_word' id='word_1_920' title='bbox 2106 5068 2294 5123; x_wconf 77' lang='lat' dir='ltr'><strong>sancte,</strong></span> <span class='ocrx_word' id='word_1_921' title='bbox 2324 5059 2513 5130; x_wconf 88' lang='lat' dir='ltr'><strong>inquit,</strong></span> <span class='ocrx_word' id='word_1_922' title='bbox 2539 5077 2679 5115; x_wconf 82' lang='lat' dir='ltr'><strong>serva</strong></span> <span class='ocrx_word' id='word_1_923' title='bbox 2701 5078 2784 5115; x_wconf 87' lang='lat' dir='ltr'><strong>eos</strong></span> <span class='ocrx_word' id='word_1_924' title='bbox 2801 5062 2850 5114; x_wconf 91' lang='lat' dir='ltr'><strong>in</strong></span> <span class='ocrx_word' id='word_1_925' title='bbox 2884 5064 3084 5118; x_wconf 82' lang='lat' dir='ltr'><strong>nomine</strong></span> <span class='ocrx_word' id='word_1_926' title='bbox 3105 5077 3215 5128; x_wconf 87' lang='lat' dir='ltr'><strong>tuo,</strong></span> <span class='ocrx_word' id='word_1_927' title='bbox 3233 5083 3355 5125; x_wconf 78' lang='lat' dir='ltr'><strong>quos</strong></span> 
     </span>
    </p>
   </div>
   <div class='ocr_carea' id='block_1_110' title="bbox 1794 5149 3353 5228">
    <p class='ocr_par' dir='ltr' id='par_1_110' title="bbox 1794 5149 3353 5228">
     <span class='ocr_line' id='line_1_110' title="bbox 1794 5149 3353 5228; baseline 0.008 -28"><span class='ocrx_word' id='word_1_928' title='bbox 1794 5149 1976 5203; x_wconf 84' lang='lat' dir='ltr'><strong>dedisti</strong></span> <span class='ocrx_word' id='word_1_929' title='bbox 2022 5150 2164 5215; x_wconf 83' lang='lat' dir='ltr'><strong>milii,</strong></span> <span class='ocrx_word' id='word_1_930' title='bbox 2194 5163 2246 5204; x_wconf 88' lang='lat' dir='ltr'><strong>ut</strong></span> <span class='ocrx_word' id='word_1_931' title='bbox 2294 5164 2394 5206; x_wconf 83' lang='lat' dir='ltr'><strong>siut</strong></span> <span class='ocrx_word' id='word_1_932' title='bbox 2439 5170 2624 5219; x_wconf 86' lang='lat' dir='ltr'><strong>unum,</strong></span> <span class='ocrx_word' id='word_1_933' title='bbox 2671 5157 2800 5208; x_wconf 86' lang='lat' dir='ltr'><strong>sicut</strong></span> <span class='ocrx_word' id='word_1_934' title='bbox 2830 5167 2875 5208; x_wconf 82' lang='lat' dir='ltr'><strong>et</strong></span> <span class='ocrx_word' id='word_1_935' title='bbox 2918 5173 3029 5209; x_wconf 89' lang='lat' dir='ltr'><strong>nos.</strong></span> <span class='ocrx_word' id='word_1_936' title='bbox 3077 5157 3185 5210; x_wconf 86' lang='lat' dir='ltr'><strong>Hoc</strong></span> <span class='ocrx_word' id='word_1_937' title='bbox 3232 5174 3353 5228; x_wconf 63' lang='grc' dir='ltr'><strong>ονε(</strong></span> 
     </span>
    </p>
   </div>
   <div class='ocr_carea' id='block_1_111' title="bbox 1791 5227 3353 5313">
    <p class='ocr_par' dir='ltr' id='par_1_111' title="bbox 1791 5227 3353 5313">
     <span class='ocr_line' id='line_1_111' title="bbox 1791 5227 3353 5313; baseline 0.004 -22"><span class='ocrx_word' id='word_1_938' title='bbox 1791 5239 1948 5292; x_wconf 83' lang='lat' dir='ltr'><strong>etiam</strong></span> <span class='ocrx_word' id='word_1_939' title='bbox 1977 5255 2116 5293; x_wconf 90' lang='lat' dir='ltr'><strong>nunc</strong></span> <span class='ocrx_word' id='word_1_940' title='bbox 2140 5251 2194 5295; x_wconf 87' lang='lat' dir='ltr'><strong>et</strong></span> <span class='ocrx_word' id='word_1_941' title='bbox 2228 5259 2319 5307; x_wconf 90' lang='lat' dir='ltr'><strong>pro</strong></span> <span class='ocrx_word' id='word_1_942' title='bbox 2348 5243 2498 5296; x_wconf 84' lang='lat' dir='ltr'><strong>nobis</strong></span> <span class='ocrx_word' id='word_1_943' title='bbox 2516 5227 2750 5313; x_wconf 54' lang='lat' dir='ltr'><strong>rogarit,</strong></span> <span class='ocrx_word' id='word_1_944' title='bbox 2777 5247 2917 5313; x_wconf 88' lang='lat' dir='ltr'><strong>quod</strong></span> <span class='ocrx_word' id='word_1_945' title='bbox 2953 5257 3076 5300; x_wconf 91' lang='lat' dir='ltr'><strong>tunc</strong></span> <span class='ocrx_word' id='word_1_946' title='bbox 3109 5263 3203 5313; x_wconf 89' lang='lat' dir='ltr'><strong>pro</strong></span> <span class='ocrx_word' id='word_1_947' title='bbox 3230 5227 3353 5308; x_wconf 39' lang='lat' dir='ltr'><strong>illis,</strong></span> 
     </span>
    </p>
   </div>
   <div class='ocr_carea' id='block_1_112' title="bbox 1791 5335 3351 5401">
    <p class='ocr_par' dir='ltr' id='par_1_112' title="bbox 1791 5335 3351 5401">
     <span class='ocr_line' id='line_1_112' title="bbox 1791 5335 3351 5401; baseline 0.004 -18"><span class='ocrx_word' id='word_1_948' title='bbox 1791 5340 1846 5385; x_wconf 89' lang='lat' dir='ltr'><strong>ut</strong></span> <span class='ocrx_word' id='word_1_949' title='bbox 1880 5348 2086 5400; x_wconf 87' lang='lat' dir='ltr'><strong>omnes,</strong></span> <span class='ocrx_word' id='word_1_950' title='bbox 2121 5335 2219 5387; x_wconf 85' lang='lat' dir='ltr'><strong>hoc</strong></span> <span class='ocrx_word' id='word_1_951' title='bbox 2258 5345 2358 5395; x_wconf 84' lang='lat' dir='ltr'><strong>est.</strong></span> <span class='ocrx_word' id='word_1_952' title='bbox 2389 5347 2436 5389; x_wconf 87' lang='lat' dir='ltr'><strong>et</strong></span> <span class='ocrx_word' id='word_1_953' title='bbox 2475 5350 2590 5400; x_wconf 88' lang='lat' dir='ltr'><strong>nos,</strong></span> <span class='ocrx_word' id='word_1_954' title='bbox 2619 5345 2673 5392; x_wconf 84' lang='lat' dir='ltr'><strong>et</strong></span> <span class='ocrx_word' id='word_1_955' title='bbox 2703 5339 2802 5401; x_wconf 90' lang='lat' dir='ltr'><strong>illi,</strong></span> <span class='ocrx_word' id='word_1_956' title='bbox 2835 5355 2993 5391; x_wconf 90' lang='lat' dir='ltr'><strong>unum</strong></span> <span class='ocrx_word' id='word_1_957' title='bbox 3037 5343 3220 5393; x_wconf 85' lang='lat' dir='ltr'><strong>simus.</strong></span> <span class='ocrx_word' id='word_1_958' title='bbox 3259 5341 3351 5394; x_wconf 81' lang='lat' dir='ltr'><strong>Uln</strong></span> 
     </span>
    </p>
   </div>
   <div class='ocr_carea' id='block_1_113' title="bbox 1789 5424 3352 5492">
    <p class='ocr_par' dir='ltr' id='par_1_113' title="bbox 1789 5424 3352 5492">
     <span class='ocr_line' id='line_1_113' title="bbox 1789 5424 3352 5492; baseline 0.007 -19"><span class='ocrx_word' id='word_1_959' title='bbox 1789 5424 2065 5492; x_wconf 80' lang='lat' dir='ltr'><strong>diligenter</strong></span> <span class='ocrx_word' id='word_1_960' title='bbox 2111 5425 2490 5479; x_wconf 84' lang='lat' dir='ltr'><strong>advertendum</strong></span> <span class='ocrx_word' id='word_1_961' title='bbox 2532 5437 2616 5480; x_wconf 88' lang='lat' dir='ltr'><strong>est</strong></span> <span class='ocrx_word' id='word_1_962' title='bbox 2646 5444 2748 5482; x_wconf 93' lang='lat' dir='ltr'><strong>non</strong></span> <span class='ocrx_word' id='word_1_963' title='bbox 2782 5429 2980 5484; x_wconf 70' lang='lat' dir='ltr'><strong>dixisse</strong></span> <span class='ocrx_word' id='word_1_964' title='bbox 3032 5430 3313 5485; x_wconf 89' lang='lat' dir='ltr'><strong>Dominum</strong></span> <span class='ocrx_word' id='word_1_965' title='bbox 3343 5475 3352 5484; x_wconf 95' lang='lat'><strong>.</strong></span> 
     </span>
    </p>
   </div>
   <div class='ocr_carea' id='block_1_114' title="bbox 1790 5505 3360 5590">
    <p class='ocr_par' dir='ltr' id='par_1_114' title="bbox 1790 5505 3360 5590">
     <span class='ocr_line' id='line_1_114' title="bbox 1790 5505 3360 5590; baseline 0.007 -27"><span class='ocrx_word' id='word_1_966' title='bbox 1790 5521 1843 5563; x_wconf 91' lang='lat' dir='ltr'><strong>ut</strong></span> <span class='ocrx_word' id='word_1_967' title='bbox 1873 5528 2062 5567; x_wconf 88' lang='lat' dir='ltr'><strong>omnes</strong></span> <span class='ocrx_word' id='word_1_968' title='bbox 2092 5531 2250 5568; x_wconf 87' lang='lat' dir='ltr'><strong>unum</strong></span> <span class='ocrx_word' id='word_1_969' title='bbox 2277 5519 2462 5579; x_wconf 80' lang='lat' dir='ltr'><strong>sittlus,</strong></span> <span class='ocrx_word' id='word_1_970' title='bbox 2489 5519 2581 5571; x_wconf 88' lang='lat' dir='ltr'><strong>sed</strong></span> <span class='ocrx_word' id='word_1_971' title='bbox 2615 5529 2666 5572; x_wconf 86' lang='lat' dir='ltr'><strong>ut</strong></span> <span class='ocrx_word' id='word_1_972' title='bbox 2695 5505 2871 5576; x_wconf 66' lang='lat' dir='ltr'><strong>omnes</strong></span> <span class='ocrx_word' id='word_1_973' title='bbox 2897 5539 3050 5575; x_wconf 73' lang='lat' dir='ltr'><strong>unum</strong></span> <span class='ocrx_word' id='word_1_974' title='bbox 3078 5525 3204 5590; x_wconf 81' lang='lat' dir='ltr'><strong>sint,</strong></span> <span class='ocrx_word' id='word_1_975' title='bbox 3227 5527 3360 5576; x_wconf 75' lang='lat' dir='ltr'><strong>sient</strong></span> 
     </span>
    </p>
   </div>
   <div class='ocr_carea' id='block_1_115' title="bbox 1788 5605 3359 5684">
    <p class='ocr_par' dir='ltr' id='par_1_115' title="bbox 1788 5605 3359 5684">
     <span class='ocr_line' id='line_1_115' title="bbox 1788 5605 3359 5684; baseline 0.008 -28"><span class='ocrx_word' id='word_1_976' title='bbox 1788 5615 1862 5667; x_wconf 89' lang='lat' dir='ltr'><strong>tu,</strong></span> <span class='ocrx_word' id='word_1_977' title='bbox 1896 5605 2071 5670; x_wconf 85' lang='lat' dir='ltr'><strong>Puter,</strong></span> <span class='ocrx_word' id='word_1_978' title='bbox 2101 5609 2150 5659; x_wconf 82' lang='lat' dir='ltr'><strong>in</strong></span> <span class='ocrx_word' id='word_1_979' title='bbox 2188 5626 2283 5670; x_wconf 86' lang='lat' dir='ltr'><strong>me,</strong></span> <span class='ocrx_word' id='word_1_980' title='bbox 2318 5622 2362 5662; x_wconf 86' lang='lat' dir='ltr'><strong>et</strong></span> <span class='ocrx_word' id='word_1_981' title='bbox 2393 5627 2483 5679; x_wconf 87' lang='lat' dir='ltr'><strong>ego</strong></span> <span class='ocrx_word' id='word_1_982' title='bbox 2534 5612 2584 5663; x_wconf 88' lang='lat' dir='ltr'><strong>in</strong></span> <span class='ocrx_word' id='word_1_983' title='bbox 2634 5623 2701 5679; x_wconf 86' lang='lat' dir='ltr'><strong>te,</strong></span> <span class='ocrx_word' id='word_1_984' title='bbox 2747 5615 3162 5684; x_wconf 77' lang='lat' dir='ltr'><strong>subintelligitur</strong></span> <span class='ocrx_word' id='word_1_985' title='bbox 3205 5635 3307 5670; x_wconf 87' lang='lat' dir='ltr'><strong>unu</strong></span> <span class='ocrx_word' id='word_1_986' title='bbox 3349 5636 3359 5668; x_wconf 90' lang='lat' dir='ltr'><strong>t</strong></span> 
     </span>
    </p>
   </div>
   <div class='ocr_carea' id='block_1_116' title="bbox 1788 5701 3356 5777">
    <p class='ocr_par' dir='ltr' id='par_1_116' title="bbox 1788 5701 3356 5777">
     <span class='ocr_line' id='line_1_116' title="bbox 1788 5701 3356 5777; baseline 0.01 -29"><span class='ocrx_word' id='word_1_987' title='bbox 1788 5712 1975 5750; x_wconf 86' lang='lat' dir='ltr'><strong>sumus.</strong></span> <span class='ocrx_word' id='word_1_988' title='bbox 2028 5701 2173 5766; x_wconf 86' lang='lat' dir='ltr'><strong>Quod</strong></span> <span class='ocrx_word' id='word_1_989' title='bbox 2225 5703 2398 5770; x_wconf 81' lang='lat' dir='ltr'><strong>aptius</strong></span> <span class='ocrx_word' id='word_1_990' title='bbox 2453 5704 2646 5759; x_wconf 83' lang='lat' dir='ltr'><strong>dicitur</strong></span> <span class='ocrx_word' id='word_1_991' title='bbox 2697 5718 2897 5775; x_wconf 87' lang='lat' dir='ltr'><strong>postea,</strong></span> <span class='ocrx_word' id='word_1_992' title='bbox 2942 5709 3062 5777; x_wconf 83' lang='lat' dir='ltr'><strong>quia</strong></span> <span class='ocrx_word' id='word_1_993' title='bbox 3113 5721 3166 5764; x_wconf 91' lang='lat' dir='ltr'><strong>et</strong></span> <span class='ocrx_word' id='word_1_994' title='bbox 3216 5712 3356 5777; x_wconf 76' lang='lat' dir='ltr'><strong>priti~</strong></span> 
     </span>
    </p>
   </div>
   <div class='ocr_carea' id='block_1_117' title="bbox 1789 5791 3350 5865">
    <p class='ocr_par' dir='ltr' id='par_1_117' title="bbox 1789 5791 3350 5865">
     <span class='ocr_line' id='line_1_117' title="bbox 1789 5791 3350 5865; baseline 0.005 -21"><span class='ocrx_word' id='word_1_995' title='bbox 1789 5791 1993 5847; x_wconf 78' lang='lat' dir='ltr'><strong>dixerat</strong></span> <span class='ocrx_word' id='word_1_996' title='bbox 2019 5792 2080 5847; x_wconf 84' lang='lat' dir='ltr'><strong>de</strong></span> <span class='ocrx_word' id='word_1_997' title='bbox 2105 5793 2370 5862; x_wconf 60' lang='grc' dir='ltr'>ἀὶκοίριιῑὶδ</span> <span class='ocrx_word' id='word_1_998' title='bbox 2396 5796 2479 5864; x_wconf 87' lang='lat' dir='ltr'><strong>qui</strong></span> <span class='ocrx_word' id='word_1_999' title='bbox 2513 5813 2629 5852; x_wconf 86' lang='lat' dir='ltr'><strong>cum</strong></span> <span class='ocrx_word' id='word_1_1000' title='bbox 2659 5799 2747 5854; x_wconf 87' lang='lat' dir='ltr'><strong>illo</strong></span> <span class='ocrx_word' id='word_1_1001' title='bbox 2775 5813 2925 5856; x_wconf 86' lang='lat' dir='ltr'><strong>erant</strong></span> <span class='ocrx_word' id='word_1_1002' title='bbox 2950 5810 3001 5855; x_wconf 87' lang='lat' dir='ltr'><strong>ut</strong></span> <span class='ocrx_word' id='word_1_1003' title='bbox 3032 5801 3136 5856; x_wconf 86' lang='lat' dir='ltr'><strong>sint</strong></span> <span class='ocrx_word' id='word_1_1004' title='bbox 3167 5817 3350 5865; x_wconf 84' lang='lat' dir='ltr'><strong>unum,</strong></span> 
     </span>
    </p>
   </div>
  </div>
