3884 6232
545 384 648 443 887

1032 386 1235 447 BEDE
1276 388 1730 452 VENERABILIS
1770 392 2049 453 OPERUM
2088 390 2263 450 PARS
2302 390 2363 449 ll.
2404 420 2477 436 -ι
2513 391 2905 450 EXEGETICA
2947 390 3268 449 GENUINA.

3684 390 3780 444 88%

542 502 679 589 sicut
698 510 753 558 et
784 514 904 561 nos.
946 503 1303 572 Quamobrem
1347 508 1418 565 ita
1448 519 1531 565 est
1574 509 1732 565 Pater
1780 511 1832 565 in
1864 509 2021 575 Filio,
2051 517 2106 563 et
2139 510 2315 589 AOnon
2365 507 2537 571 nobis.
2577 509 2718 563 sicut
2765 508 3049 578 Apostolus
3100 522 3221 562 eum
3271 506 3497 560 dixisset
3533 520 3546 556 :
3583 502 3777 559 Fuistis

542 588 706 648 Filius
732 592 784 645 in
813 590 992 657 Patre,
1026 604 1080 648 ut
1107 609 1269 650 unum
1298 597 1427 659 sint.
1458 597 1580 665 quia
1611 599 1766 654 unius
1788 599 2108 655 substantia
2200 588 2336 652 enim
2387 598 2663 663 aliquando
2716 598 2959 660 tenebris,
3014 613 3149 650 nunc
3195 605 3367 648 autem
3424 593 3545 657 lus,
3600 592 3769 660 inquit

538 689 683 735 sunt.
712 680 819 737 Nos
845 697 974 737 vero
1014 698 1133 740 esse
1160 685 1374 754 quidem
1407 687 1459 741 in
1498 686 1575 740 eis
1606 701 1909 755 possumus,
1940 703 2103 743 unum

540 781 716 826 tamen
744 787 863 827 cum
894 775 973 827 eis
997 789 1115 830 esse
1156 790 1261 829 non
1292 776 1592 843 possumus,
1626 779 1748 846 quia
1780 760 1937 833 unius
1974 779 2102 832 sub-

535 861 741 916 stantia
772 878 868 915 nos
915 873 969 917 et
1015 864 1111 933 ipsi
1156 880 1279 941 non»
1306 879 1510 931 sumus,
1543 867 1597 921 in
1625 878 1883 939 quantum
1934 868 2101 924 Filius

531 966 652 1007 cum
696 954 852 1009 Patre
892 954 1027 1008 Dius
1051 962 1153 1010 est.
1202 955 1330 1011 Nam
1376 954 1431 1011 in
1473 967 1731 1027 quantum
1778 958 1938 1013 homo
1983 967 2090 1025 est,

519 1041 769 1111 ejusdem
812 1044 1121 1099 substantiae
1161 1053 1243 1100 est
1287 1046 1442 1117 cujus
1485 1054 1541 1102 et
1586 1062 1685 1102 nos
1733 1061 1940 1105 sumus.
1990 1046 2099 1105 Sed

530 1146 670 1190 nune
697 1133 822 1187 illud
873 1136 1047 1200 potius
1092 1136 1256 1193 voluit
1294 1138 1753 1205 commmendsre,
1796 1140 1937 1209 quod
1987 1140 2099 1195 alio

528 1220 646 1276 loco
670 1221 743 1276 ait
767 1240 779 1274 :
812 1222 920 1294 Ego
946 1234 992 1279 et
1018 1222 1173 1279 Pater
1193 1241 1351 1281 unum
1371 1242 1567 1282 summ.
1599 1228 1699 1284 Ubi
1726 1230 1965 1285 eamdem
1998 1229 2098 1285 Pa-

528 1312 623 1364 tris
660 1322 711 1365 et
743 1327 894 1367 suam
941 1316 1255 1384 signiﬁcavit
1296 1333 1418 1375 esse
1447 1329 1713 1387 naturam,
1757 1336 1820 1377 ac
1864 1336 1961 1392 per
1991 1322 2093 1378 hoc

526 1416 649 1456 cum
677 1413 732 1457 et
760 1405 809 1459 in
843 1406 998 1461 nobis
1032 1406 1140 1462 sint
1183 1392 1422 1467 Patet-iet
1452 1409 1637 1475 Filius,
1668 1411 1750 1468 vel
1779 1413 1940 1466 etiam
1971 1412 2095 1481 Spi-

522 1492 656 1548 ritus
682 1506 919 1562 sanctus,
946 1513 1049 1552 non
1078 1500 1337 1557 debemus
1363 1516 1458 1559 eos
1488 1513 1680 1572 putare
1705 1512 1908 1559 natura:
1930 1504 2091 1559 unius

520 1598 645 1640 esse
672 1587 967 1643 uobiscum.
996 1590 1084 1646 Sic
1114 1591 1288 1661 itaque
1316 1602 1445 1648 sunt
1489 1593 1541 1648 in
1573 1594 1751 1660 nobis,
1784 1598 1867 1651 vel
1898 1610 1997 1650 nos
2036 1600 2089 1650 in

521 1671 646 1738 illis,
673 1683 729 1728 ut
773 1691 935 1731 unum
966 1678 1073 1733 sint
1107 1678 1160 1733 in
1191 1675 1377 1737 natura
1410 1695 1530 1749 sua,
1574 1697 1672 1737 nos
1704 1700 1866 1737 unum
1896 1683 1948 1738 in
1996 1698 2092 1738 no-

515 1776 647 1819 stra.
677 1767 812 1823 Sunt
853 1771 1049 1841 quippe
1092 1771 1190 1841 ipsi
1241 1773 1292 1826 in
1344 1770 1514 1837 nobis,
1546 1783 1797 1842 tanquam
1849 1776 1987 1830 Deus
2033 1776 2085 1829 in

2206 682 2421 756 (Ephes.
2445 692 2533 754 v):
2565 695 2619 741 et
2648 701 2716 741 ne
2743 685 2845 741 sibi
2880 686 2981 741 hoc
3023 686 3339 747 tribuerent,
3367 683 3562 752 adjecit
3586 684 3642 737 in
3675 682 3774 737 Do-

2202 776 2341 828 mino
2372 773 2583 845 (Ibid).
2618 774 2819 830 Deinde
2864 775 3113 831 Salvator
3160 784 3345 829 noster
3390 774 3625 843 rogando
3675 772 3771 828 Pa-

2204 873 2362 928 trem,
2384 879 2445 919 se
2474 865 2742 920 hominem
2774 864 3194 920 demonstrabat.
3219 865 3374 919 Nunc
3398 864 3771 919 demonstrans

2199 963 2252 1008 et
2297 955 2556 1023 seipsum,
2599 954 2850 1024 quoniam
2896 968 3017 1008 cum
3068 954 3222 1009 Patre
3272 953 3416 1010 Deus
3458 964 3563 1020 est,
3603 953 3770 1008 facere

2201 1043 2340 1112 quod
2370 1052 2520 1113 rogat
2548 1059 2564 1098 :

2271 1131 2337 1185 Et
2362 1149 2475 1203 ego,
2505 1133 2709 1201 inquit,
2737 1133 3021 1187 claritatem
3061 1150 3214 1203 quam
3254 1134 3433 1189 dedisti
3476 1134 3622 1199 mihi,
3654 1133 3767 1188 dedi

2194 1222 2285 1277 eis.
2333 1222 2500 1290 Quam
2549 1223 2873 1292 claritatem,
2923 1221 3021 1277 nisi
3078 1226 3557 1291 immortalitatem,
3604 1238 3757 1295 quam

2194 1324 2383 1367 natura
2429 1314 2655 1367 humana
2698 1313 2749 1369 in
2796 1314 2885 1368 illo
2924 1313 3096 1368 fuerat
3130 1316 3449 1382 acceptant
3479 1315 3614 1370 Nam
3666 1328 3759 1370 uec

2203 1405 2321 1473 ipse
2359 1404 2541 1461 adhuc
2576 1416 2859 1473 acceperat
2898 1420 3039 1470 eam,
3070 1404 3164 1459 sed
3211 1418 3361 1459 more
3405 1418 3507 1460 suo
3558 1412 3764 1473 propter

2194 1497 2624 1553 immobilitatem
2678 1498 3182 1565 pmdestinationis,
3216 1496 3466 1565 praeteriti
3512 1496 3760 1563 temporis

2192 1588 2371 1645 verbis
2422 1588 2655 1644 futurum
2686 1589 2969 1659 signiﬁcat,
2996 1589 3136 1659 quod
3188 1603 3326 1643 nunc
3371 1585 3758 1650 claritlcandus,

2193 1678 2296 1734 hoc
2330 1690 2414 1735 est
2446 1679 2781 1735 suatitaudus
2808 1694 2838 1734 a
2870 1680 3047 1740 Patre.
3079 1688 3134 1734 et
3167 1679 3286 1746 ipse
3311 1679 3382 1732 sit
3407 1692 3509 1731 nos
3535 1675 3605 1731 ad
3648 1690 3756 1731 eam

2195 1774 2491 1826 claritatem
2533 1771 2882 1827 suscitaturus
2913 1771 2965 1824 in
3012 1772 3192 1825 linem.
3223 1770 3412 1827 Simile
3437 1778 3523 1825 est
3566 1769 3669 1824 hoc
3714 1769 3757 1824 ti

519 1857 715 1925 templo
740 1874 859 1915 sun.
883 1861 1075 1916 Sumus
1098 1875 1271 1918 autem
1303 1880 1400 1919 nos
1422 1867 1473 1918 in
1503 1865 1628 1929 illis,
1658 1874 1905 1935 tanquam
1934 1881 2084 1921 crea-
2117 1848 2161 1906 Β
2188 1860 2326 1929 quod
2356 1859 2482 1914 alibi
2512 1859 2638 1915 dicit
2662 1877 2674 1912 :
2700 1861 2847 1914 Sicut
2880 1858 3033 1913 Pater
3058 1860 3269 1914 suscitat
3297 1871 3525 1913 πιοτιιοι
3554 1870 3603 1913 α
3632 1859 3749 1913 ’ἰνί-

520 1952 637 1999 tura
664 1936 715 2000 in
744 1948 995 2005 Cri-stole
1029 1965 1147 2006 suo.
1178 1951 1381 2008 Deinde
1411 1970 1530 2008 cum
1561 1954 1785 2009 dixisset
1818 1963 1875 2008 ut
1903 1964 1954 2010 et
1988 1957 2085 2025 ipsi

514 2035 657 2090 nobis
684 2053 841 2093 unum
868 2041 989 2105 sint,
1019 2041 1259 2111 adjunxit
1285 2060 1297 2095 :

588 2124 656 2181 Ut
684 2130 900 2182 murtdus
928 2134 1099 2185 credat
1128 2135 1247 2203 quia
1275 2142 1327 2188 tu
1354 2152 1432 2188 me
1461 2137 1659 2189 mtr'sti.
1685 2136 1819 2203 Quil
1850 2146 1927 2191 est
1957 2152 2086 2207 ergo

511 2232 683 2271 omnes
703 2235 857 2272 unum
886 2221 1005 2287 sint,
1032 2236 1088 2278 ut
1117 2224 1338 2278 mundus
1368 2225 1583 2278 credat?
1604 2224 1703 2296 Ipsi
1734 2227 1930 2295 quippe
1963 2227 2083 2280 0m-

512 2323 620 2372 tres,
650 2311 876 2364 tnunlus
902 2322 986 2366 est
1025 2314 1271 2369 credens.
1305 2315 1487 2385 Neque
1516 2318 1659 2372 enim
1704 2318 1793 2372 alii
1840 2329 1963 2371 sunt
1992 2319 2083 2387 qui

511 2415 672 2454 unum
704 2412 877 2469 erant,
907 2414 960 2459 et
1000 2405 1135 2460 alius
1181 2416 1264 2460 est
1308 2407 1534 2461 mundus
1582 2420 1857 2477 prepterea
1907 2409 2080 2465 credi-

509 2500 679 2557 turus,
705 2493 831 2562 quia
860 2494 933 2549 illi
958 2511 1120 2549 unum
1146 2506 1320 2566 erant,
1347 2511 1467 2554 cuin
1502 2499 1684 2567 procul
1713 2498 1873 2553 dubio
1901 2500 1969 2555 de
1998 2500 2081 2555 bis

507 2582 646 2638 dicat
671 2600 683 2636 :
717 2582 784 2639 Ut
810 2601 983 2640 omnes
1007 2603 1169 2641 ustum
1199 2588 1325 2656 sint,
1356 2589 1423 2643 de
1449 2590 1643 2660 quibus
1671 2589 1881 2644 dixerat
1907 2606 1921 2645 :
1959 2590 2080 2644 Non

507 2688 601 2739 pro
637 2675 715 2729 his
751 2685 851 2730 aut.
870 2693 921 2730 m
948 2691 1073 2748 rogo
1103 2689 1327 2745 tantum,
1365 2681 1455 2734 sed
1480 2690 1527 2735 et
1557 2696 1650 2750 pro
1676 2681 1750 2734 eis
1794 2682 1881 2750 qui
1909 2682 2080 2735 credi-

514 2765 615 2815 turi
648 2775 767 2817 sunt
792 2781 881 2835 per
912 2767 1114 2821 verbum
1143 2784 1318 2823 eorum
1344 2770 1398 2824 in
1426 2786 1526 2836 me,
1571 2771 1825 2825 continuo
1851 2770 2077 2840 subjun-

512 2868 641 2920 geus
668 2865 721 2908 ut
749 2872 916 2911 omnes
942 2874 1101 2911 unum
1134 2859 1254 2913 sint.
1298 2861 1384 2915 lsti
1418 2874 1593 2917 autem
1622 2875 1830 2927 omnes,
1858 2864 1946 2933 qui
1977 2864 2076 2917 nisi

510 2944 737 2999 mundus
771 2957 873 3012 est,
909 2964 1012 3003 non
1064 2949 1270 3004 hostilis
1319 2955 1521 3020 utique.
1552 2953 1646 3007 sed
1693 2952 1902 3009 lldelis?
1943 2952 2077 3011 Nam

505 3049 632 3090 ecce
673 3038 761 3106 qui
792 3038 997 3094 dixerat
1038 3038 1159 3094 Non
1190 3058 1281 3108 pro
1321 3045 1510 3097 mundo
1550 3057 1699 3114 rays,
1742 3059 1839 3115 pro
1879 3048 2079 3101 mundo

508 3136 677 3192 rogat,
707 3138 762 3179 ut
803 3128 1003 3195 credat,
1035 3131 1284 3199 quoniam
1325 3144 1405 3188 est
1438 3133 1668 3189 mundus
1698 3135 1766 3190 de
1793 3148 1900 3205 quo
1939 3135 2077 3191 scri-

508 3226 653 3282 ptum
682 3227 803 3273 est:
837 3218 919 3274 Ne
943 3238 1057 3275 cum
1083 3222 1179 3280 hoc
1205 3224 1395 3279 mundo
1416 3224 1719 3281 damnentur
1748 3227 1796 3297 (Ι
1828 3226 1948 3286 Cor.
1976 3227 2076 3298 xi).

510 3306 612 3360 l'ro
642 3309 745 3364 isto
771 3312 969 3365 mundo
996 3312 1099 3368 non
1132 3327 1309 3385 rogat;
1335 3331 1504 3385 neque
1527 3320 1669 3373 enim
1700 3333 1806 3390 quo
1834 3318 1904 3373 sit
1933 3335 2075 3390 pra-

504 3397 801 3454 destinatus
828 3400 1059 3471 ignorat.
1091 3403 1182 3457 Est
1212 3414 1266 3460 et
1306 3406 1535 3461 mundus
1572 3408 1639 3463 de
1684 3423 1791 3481 quo
1817 3409 2076 3479 scriptum

504 3496 623 3539 est:
656 3485 778 3543 Non
826 3493 956 3545 venit
1002 3491 1169 3549 Filius
1217 3495 1435 3551 ltomiuis
1480 3510 1535 3552 ut
1565 3501 1767 3569 judicet
1805 3502 2075 3565 mundum,

503 3580 590 3633 sed
620 3589 674 3633 ut
718 3580 936 3637 salvetur
975 3585 1194 3639 mundus
1243 3603 1332 3655 per
1375 3588 1543 3657 ipsum
1586 3588 1768 3661 (Joan.
1793 3591 1896 3661 In).
1927 3591 2077 3647 Unde

503 3684 558 3726 et
587 3674 906 3744 Apostolus:
946 3678 1078 3731 Deus
1104 3690 1241 3742 erat,
1275 3682 1466 3751 inquit,
1496 3684 1549 3735 itt
1579 3682 1802 3751 Christo,
1834 3687 2076 3738 mundum

509 3768 840 3822 reconcilians
863 3770 958 3823 sbi
989 3768 1076 3840 (ΙΙ
1102 3770 1221 3825 Cor.
1248 3771 1321 3842 v).
1354 3775 1455 3827 l'ro
1486 3774 1585 3827 isto
1615 3776 1812 3830 mundo
1842 3777 2034 3832 dicens
2063 3796 2074 3829 :

506 3860 573 3915 Ut
601 3862 818 3915 mundus
845 3864 1014 3916 credat
1042 3866 1162 3931 quia
1208 3875 1260 3917 tu
1290 3882 1367 3919 me
1410 3867 1611 3919 misisti.
1642 3867 1743 3922 Per
1774 3867 1909 3923 hanc
1935 3870 2076 3923 enim

504 3953 662 4008 Iidem
696 3954 919 4007 mundus
951 3956 1323 4011 reconciliatur
1348 3956 1477 4021 Deo,
1502 3972 1621 4011 cum
1644 3959 1814 4013 credit
1845 3960 1895 4013 in
1924 3959 2079 4014 Chri-

499 4061 659 4115 stum,
691 4052 779 4119 qui
821 4062 901 4105 est
930 4050 1122 4104 missus
1161 4067 1190 4105 a
1223 4051 1353 4107 Deo.
1396 4052 1677 4118 Quomodo
1708 4068 1834 4120 ergo
1867 4054 2078 4107 intelle-

499 4142 635 4194 ctuti
667 4156 850 4195 sumus
884 4142 1021 4209 quod
1054 4144 1121 4195 ait
1151 4159 1162 4195 ε
1199 4140 1266 4196 Ut
1299 4150 1345 4195 et
1378 4144 1475 4210 ipsi
1506 4144 1557 4195 in
1588 4144 1731 4197 nobis
1762 4159 1921 4196 unum
1952 4143 2075 4208 sint,

502 4242 553 4285 ut
577 4233 748 4285 credat
776 4230 999 4285 mundus
1026 4233 1143 4301 quia
1178 4242 1231 4285 tu
1263 4248 1340 4285 me
1362 4234 1564 4297 misisti,
1598 4235 1695 4287 nisi
1728 4234 1849 4302 quia
1886 4249 1989 4287 nett
2022 4232 2077 4287 in

500 4335 565 4373 eo
594 4336 808 4375 causam
853 4320 1047 4389 posuit,
1076 4332 1133 4375 ut
1160 4324 1340 4377 credat
1380 4322 1607 4376 mundus
1634 4323 1759 4392 quia
1798 4323 1878 4377 illi
1912 4337 2072 4377 unum

498 4424 656 4480 sunt,
705 4423 956 4482 tanquam
1015 4414 1134 4468 ideo
1182 4417 1368 4469 credat
1412 4416 1551 4485 quod
1604 4430 1697 4471 eos
1740 4430 1861 4470 esse
1910 4432 2070 4470 unum

499 4505 663 4572 videt,
701 4519 819 4559 cum
866 4506 979 4575 ipse
1030 4506 1258 4559 mundus
1305 4508 1394 4571 sit,
1438 4522 1625 4561 omnes
1666 4506 1754 4573 qui
1804 4506 2068 4561 credendo

500 4611 664 4649 unum
712 4595 874 4661 (lunt;
906 4594 997 4649 sed
1040 4596 1243 4649 orando
1283 4598 1457 4651 dixit:
1494 4595 1561 4650 Ut
1604 4596 1825 4649 mundus
1871 4596 2068 4660 credat,

497 4689 637 4741 sicut
658 4689 858 4741 orando
886 4687 1049 4740 dixit:
1078 4686 1145 4741 Ut
1172 4702 1341 4740 omnes
1370 4703 1524 4738 unum
1548 4690 1668 4750 sint,
1688 4686 1889 4740 orando
1912 4687 2068 4740 dixit:

502 4776 569 4830 Ut
598 4788 645 4829 et
691 4778 790 4845 ipsi
821 4778 869 4829 in
919 4778 1059 4829 nobis
1098 4793 1254 4829 unum
1281 4778 1412 4840 siut,-
1446 4778 1545 4830 hoc
1586 4786 1666 4830 est
1707 4781 1849 4830 enim
1899 4794 2071 4830 omnes

501 4885 653 4920 unum
674 4872 791 4929 sint,
811 4870 946 4936 quod
967 4876 1047 4921 est
1076 4869 1295 4921 mundus
1322 4868 1774 4936 credat,quoi:iain
1802 4868 2071 4922 credendo

500 4976 663 5015 unutn
717 4962 865 5027 liunt,
900 4972 950 5014 et
998 4961 1230 5029 perfecte
1271 4977 1454 5025 unum,
1485 4962 1571 5030 qui
1602 4977 1720 5014 cunt
1769 4971 1949 5013 natura
1986 4974 2073 5013 es-

500 5063 620 5106 sent
669 5070 849 5117 unum,
881 5053 1244 5107 dissentiendo
1272 5053 1336 5106 ab
1366 5068 1491 5116 uno,
1524 5068 1625 5106 non
1669 5063 1825 5106 erant
1874 5052 2073 5105 unum?

504 5148 740 5211 Denique
765 5148 809 5200 si
841 5148 1054 5200 verbum
1086 5147 1223 5214 quod
1273 5147 1366 5213 ait,
1397 5162 1541 5214 rogo,
1588 5147 1743 5198 tertio
1788 5145 2072 5199 subaudia-

502 5253 637 5299 tuus,
671 5236 750 5289 vel
783 5236 975 5304 putius,
1008 5237 1143 5305 quod
1178 5236 1297 5303 plen
1323 5253 1381 5289 us
1410 5238 1517 5297 iiut,
1546 5236 1738 5302 ubique
1783 5252 2061 5302 ponamus.

501 5329 601 5381 erit
628 5328 783 5397 hujus
822 5328 1087 5396 expositio
1116 5333 1394 5381 sententiae
1425 5330 1753 5381 manifestior
1782 5345 1795 5379 :
1832 5328 1978 5396 Rogo
2014 5337 2067 5380 ut

500 5437 669 5473 omnes
696 5437 849 5473 unum
878 5424 996 5486 sint,
1028 5423 1155 5473 sicut
1185 5432 1255 5485 tu,
1296 5420 1465 5485 Pater,
1500 5422 1550 5473 in
1582 5439 1679 5479 me,
1712 5431 1755 5473 et
1786 5435 1877 5489 ego
1908 5424 1957 5473 in
2005 5433 2068 5475 te.

504 5512 651 5578 Rogo
689 5522 743 5563 ut
768 5522 811 5563 et
844 5512 938 5575 ipsi
968 5512 1019 5563 in
1051 5514 1191 5564 nobis
1239 5528 1393 5563 unum
1435 5512 1556 5563 sint.
1588 5510 1732 5579 ilogo
1764 5522 1818 5563 ut
1852 5514 2071 5565 mundus

498 5602 668 5653 credat
694 5603 811 5667 quia
840 5612 892 5654 ttt
933 5619 1011 5653 me
1051 5603 1251 5656 misisti.
1296 5603 1416 5656 ideo
1452 5604 1644 5671 quippe
1683 5602 1885 5657 addidit
1928 5602 2068 5672 quod

497 5698 647 5757 dixit,
683 5694 745 5748 In
776 5698 934 5760 nobis,
980 5705 1038 5750 ut
1061 5696 1197 5764 quod
1230 5712 1390 5749 unum
1435 5694 1703 5750 efﬁcimur
1757 5697 2070 5752 lidclissitna

497 5788 784 5858 tltaritate,
820 5804 998 5858 gratuc
1051 5788 1140 5844 Dei
1191 5788 1493 5845 noverimus
1542 5789 1879 5846 tribuendum
1922 5804 2064 5860 essc,

2190 1951 2332 2017 ficat,
2347 1951 2419 2003 sic
2437 1960 2482 2003 et
2512 1946 2682 2003 Filius
2697 1965 2825 2018 quos
2842 1950 2947 2003 vult
2972 1948 3191 2017 uisiﬁcat
3218 1946 3401 2019 (least.
3417 1948 3494 2017 v).
3517 1947 3588 2001 Et
3612 1960 3755 2015 quos,

2170 2043 2289 2105 ,nisi
2310 2041 2529 2097 eosdem
2550 2056 2684 2109 quos
2708 2038 3251 2108 PaterlQuatcunque
3267 2039 3410 2094 enim
3439 2040 3601 2093 Pater
3623 2038 3754 2100 facit,

2189 2149 2293 2188 non
2324 2132 2450 2197 alia,
2478 2133 2572 2187 sed
2604 2133 2719 2188 haec
2747 2141 2803 2187 et
2831 2131 3019 2195 Filius,
3050 2147 3147 2187 nec
3187 2131 3365 2197 aliter,
3394 2131 3493 2186 sed
3522 2130 3756 2185 similiter

2188 2224 2340 2291 facit;
2360 2237 2422 2278 ac
2445 2238 2538 2291 per
2560 2224 2660 2278 hoc
2674 2224 2946 2277 suscitavit
2966 2234 3020 2277 et
3041 2223 3277 2290 seipsum
3297 2219 3462 2275 etiam
3490 2219 3753 2289 ipse.Nsm

2186 2316 2325 2369 unde
2346 2326 2427 2370 est
2452 2333 2464 2366 :
2491 2314 2687 2370 Solvite
2708 2314 2950 2384 templum
2971 2314 3085 2380 Itoc,
3112 2322 3161 2366 et
3187 2313 3239 2366 in
3262 2312 3434 2366 triduo
3459 2311 3754 2366 resuscitsbs

2183 2407 2357 2463 illud?
2388 2406 2616 2462 Proinde
2642 2401 3054 2460 immortalitatis’
3082 2405 3381 2459 claritatem
3409 2419 3569 2472 quam
3599 2401 3694 2457 sibi
3717 2416 3744 2454 a

2183 2498 2342 2553 Patre
2356 2496 2535 2551 datam
2552 2497 2698 2559 dicit,
2716 2497 2875 2550 etiam
2896 2496 2997 2550 sibi
3023 2497 3137 2564 ipse
3156 2496 3370 2549 dedisse
3388 2493 3745 2558 intelligendus

2183 2596 2290 2653 est,
2312 2588 2412 2643 etsi
2447 2602 2551 2640 non
2578 2587 2724 2642 d'.cit.
2752 2587 2875 2642 ideo
2903 2586 3100 2657 quippe
3127 2587 3327 2655 saepius
3350 2585 3526 2639 solum
3555 2584 3748 2639 Patrem

2182 2678 2360 2734 facere
2397 2677 2523 2733 dicit
2566 2677 2705 2746 quod
2736 2687 2790 2733 et
2837 2678 2950 2746 ipse
2981 2678 3128 2742 facit,
3160 2687 3215 2731 ut
3245 2691 3365 2732 cum
3425 2676 3586 2731 Patre
3610 2676 3750 2744 quid-

2181 2768 2306 2838 quid
2335 2775 2446 2833 est,
2477 2768 2524 2823 ei
2554 2768 2695 2821 ttibn
2714 2777 2752 2822 tt
2779 2767 2848 2822 de
2877 2782 2983 2837 quo
3007 2776 3113 2822 est.
3144 2766 3249 2823 Sed
3278 2766 3567 2837 aliquando
3602 2762 3745 2819 etiam

2181 2861 2342 2917 tacito
2373 2860 2528 2915 Patre
2549 2875 2610 2915 se
2636 2860 2766 2915 dicit
2790 2859 2985 2925 facere,
3014 2860 3155 2931 quod
3189 2859 3314 2915 facit
3343 2873 3466 2913 cum
3502 2858 3670 2924 Patre,
3696 2864 3747 2911 ut

2178 2952 2542 3019 intelligamus
2572 2953 2641 3007 ita
2696 2951 2887 3006 Filium
2921 2967 3027 3007 non
3071 2966 3193 3006 esse
3219 2966 3248 3005 a
3280 2950 3455 3006 Patris
3483 2964 3640 3019 opere
3666 2962 3744 3003 se-

2181 3041 2475 3113 parandum
2526 3041 2739 3111 quando
2784 3056 2844 3095 se
2895 3042 3058 3095 tacito
3112 3040 3323 3096 Patrem
3389 3040 3518 3095 dicit
3562 3037 3743 3105 aliquid

2184 3131 2417 3201 operari,
2448 3130 2895 3201 quemadmodum
2923 3145 3022 3183 nec
3055 3129 3213 3184 Pater
3232 3130 3301 3185 ab
3329 3144 3494 3197 opere
3522 3127 3634 3183 Filii
3663 3141 3741 3181 se-

2189 3232 2405 3293 paratur
2454 3220 2665 3291 quando
2713 3221 2828 3292 ipso
2876 3222 3035 3275 tacito
3088 3220 3258 3275 Filius
3307 3219 3517 3285 onerari
3564 3220 3740 3273 dicitur

2184 3314 2327 3383 quod
2380 3312 2726 3367 nihilominus
2772 3310 2929 3367 Pater
2958 3322 3231 3379 operatur.
3262 3308 3395 3364 Cum
3443 3322 3569 3381 ergo
3613 3318 3739 3364 tacet

2184 3403 2351 3458 Filius
2381 3403 2433 3456 in
2463 3416 2627 3469 Opere
2668 3402 2840 3456 Patris
2868 3402 3236 3471 operationem
3282 3415 3459 3466 suum,
3488 3400 3738 3453 humilita-

2182 3502 2291 3549 tem
2330 3510 2481 3550 suam
2512 3494 2875 3560 commendat,
2908 3504 2965 3548 ut
2995 3497 3064 3548 sit
3106 3492 3259 3547 nobis
3305 3493 3585 3547 salubrior.
3614 3490 3734 3546 Cum

2186 3601 2311 3641 vero
2336 3585 2572 3640 vicissim
2601 3587 2652 3640 in
2686 3601 2852 3655 opere
2877 3601 2973 3639 suo
2998 3596 3135 3639 tacet
3162 3586 3529 3652 operationem
3562 3584 3737 3645 Patris,

2184 3677 2500 3745 parilitatem
2548 3692 2695 3731 suam
2728 3678 3093 3742 commendat,
3128 3690 3193 3729 ne
3228 3674 3481 3728 credatur
3512 3672 3735 3728 inferior.

2185 3769 2289 3823 Isto
2317 3768 2476 3823 modo
2514 3769 2673 3837 igitur
2697 3777 2751 3821 et
2782 3770 2880 3823 hoc
2911 3770 3023 3822 loco
3055 3783 3153 3823 uec
3192 3782 3252 3822 se
3285 3766 3411 3821 fecit
3457 3766 3677 3821 alienum
3704 3778 3730 3817 a

2184 3858 2355 3913 Patris
2383 3874 2563 3928 Opere,
2594 3859 2840 3929 quamvis
2868 3859 3061 3913 dixerit
3088 3876 3101 3911 :
3134 3856 3435 3912 Claritatem
3472 3873 3618 3927 quam
3657 3857 3735 3908 de.

2181 3949 2302 4002 disti
2331 3950 2476 4015 milii,
2520 3949 2640 4017 quia
2680 3960 2732 4003 et
2763 3950 2876 4016 ipse
2904 3948 3051 4002 dedit
3081 3963 3198 4002 eam
3230 3948 3355 4002 sibi.
3405 3948 3513 4003 Nec
3542 3946 3733 4001 Patrem

2181 4039 2305 4093 fecit
2344 4039 2573 4093 alienum
2606 4040 2672 4092 ab
2721 4054 2884 4107 opere
2929 4054 3049 4104 suo,
3104 4039 3350 4108 quamvis
3401 4038 3590 4093 dixerit
3632 4037 3735 4089 dedi

2180 4129 2275 4195 eis,
2305 4127 2426 4197 quia
2454 4137 2507 4181 et
2538 4128 2693 4181 Pater
2720 4128 2862 4182 illam
2889 4129 3034 4183 dedit
3062 4128 3159 4184 eis.
3195 4128 3569 4195 luseparabilia
3600 4143 3735 4180 itam-

2180 4232 2284 4285 que
2325 4226 2450 4271 sunt
2490 4232 2651 4285 opera
2697 4232 2802 4272 non
2841 4219 3009 4271 solum
3046 4217 3232 4272 Patris
3272 4224 3326 4271 et
3372 4212 3515 4283 Filii,
3569 4233 3730 4271 verum

2180 4310 2339 4365 etiam
2380 4308 2610 4379 Spiritus
2646 4310 2839 4364 sancti.
2874 4308 3023 4365 Sicut
3064 4320 3241 4363 autem
3273 4324 3337 4363 ex
3370 4325 3437 4365 eo
3478 4308 3609 4376 quod
3651 4308 3736 4361 l'a-

2182 4410 2315 4455 trem
2347 4416 2443 4470 pro
2486 4400 2598 4455 suis
2644 4401 2890 4455 omnibus
2940 4402 3165 4469 rogavit,
3198 4402 3297 4455 hoc
3331 4400 3446 4455 ﬁeri
3478 4402 3655 4463 voluit,
3686 4410 3734 4452 ut

2182 4506 2368 4546 omnes
2415 4508 2575 4546 unum
2620 4491 2763 4558 sint;
2808 4493 2876 4546 ita
2907 4507 2974 4547 ex
3011 4493 3109 4546 hoc
3139 4492 3299 4546 etiam
3350 4507 3449 4545 suo
3500 4493 3731 4547 beneﬁcio

2180 4583 2318 4651 quod
2373 4585 2488 4638 ait:
2524 4583 2817 4640 Claritatem
2862 4602 3011 4655 quam
3054 4585 3240 4638 dedisti
3298 4584 3453 4648 mihi,
3490 4586 3601 4639 dedi
3647 4586 3725 4649 eis,

2179 4674 2228 4727 id
2291 4675 2403 4729 ﬁeri
2472 4675 2816 4732 nihilominus
2871 4677 3055 4731 voluit.
3111 4676 3241 4730 Nam
3300 4677 3554 4731 continuo
3613 4676 3732 4729 sub-

2171 4769 2381 4834 junsit:

2251 4856 2317 4911 Ut
2350 4859 2448 4911 sint
2478 4874 2656 4923 unum,
2682 4858 2806 4911 sicut
2839 4875 2925 4908 nos
2956 4874 3110 4909 unum
3138 4874 3348 4921 sumus;
3377 4859 3559 4911 deinde
3585 4858 3721 4908 addi—

2176 4950 2292 5001 dit:
2323 4946 2433 5017 Ego
2462 4949 2513 5001 in
2543 4950 2633 5015 eis,
2661 4959 2709 5001 et
2737 4958 2788 5001 tu
2826 4949 2878 5000 in
2929 4964 3024 5006 me.
3068 4958 3123 5001 ut
3158 4949 3255 5002 sint
3298 4949 3637 5003 consummati
3683 4950 3726 4997 in

2176 5054 2353 5091 unum.
2385 5038 2480 5093 Ubi
2528 5054 2585 5091 se
2629 5038 2970 5091 mediatorem
3015 5036 3154 5090 inter
3206 5038 3369 5091 Dcutn
3401 5051 3454 5091 et
3496 5039 3720 5091 homines

2178 5129 2413 5181 breviter
2441 5128 2725 5180 i:.timavit.
2762 5128 2941 5192 Neque
2970 5128 3114 5180 enim
3167 5126 3267 5181 huc
3300 5129 3369 5180 ita
3400 5129 3594 5183 dictum
3626 5136 3721 5186 est,

2180 5232 2426 5289 tauquam
2463 5223 2617 5276 Pater
2661 5240 2763 5275 tt0ll
2814 5223 2883 5276 sit
2927 5225 2975 5275 in
3022 5223 3194 5289 nobis,
3228 5234 3317 5276 aut
3351 5240 3447 5278 nos
3496 5226 3544 5278 in
3594 5222 3730 5275 Pattc

2178 5330 2279 5367 nou
2329 5314 2513 5377 simus,
2540 5330 2657 5367 Clllll
2689 5325 2739 5367 et
2767 5313 2869 5365 alio
2914 5314 3031 5367 loco
3076 5314 3314 5370 dixerit:
3357 5315 3625 5371 Veniamus
3668 5313 3725 5362 ad

2175 5424 2307 5470 eum,
2340 5417 2384 5460 et
2432 5408 2741 5459 mansionem
2768 5407 2905 5472 apud
2944 5422 3055 5458 eum
3104 5407 3350 5476 faciemus
3389 5408 3561 5476 (Jean.
3598 5403 3724 5472 sit):

2175 5510 2229 5553 et
2278 5498 2363 5551 hic
2413 5500 2567 5566 paulo
2612 5511 2738 5552 ante
2769 5513 2872 5551 nou
2903 5500 3138 5556 dixerit:
3176 5502 3285 5571 Ego
3315 5503 3366 5553 in
3416 5503 3505 5566 eis,
3536 5510 3580 5555 et
3605 5509 3652 5551 ta
3680 5499 3723 5549 ut

2176 5605 2275 5652 me,
2300 5590 2436 5656 quod
2466 5590 2596 5642 dixit
2630 5590 2787 5643 modo
2814 5605 2830 5643 :
2858 5591 2955 5644 Aut
2984 5593 3086 5649 ipsi
3134 5594 3186 5644 in
3220 5608 3320 5653 me,
3350 5601 3395 5644 ct
3440 5608 3530 5663 ego
3572 5593 3619 5643 iu
3662 5601 3721 5649 tr.

2175 5680 2263 5734 sed
2288 5691 2340 5733 tu
2367 5681 2417 5734 in
2447 5697 2544 5747 me,
2575 5691 2623 5734 et
2652 5698 2742 5752 ego
2772 5682 2827 5736 in
2856 5692 2925 5750 te,
2950 5694 2994 5739 et
3027 5700 3123 5755 tpst
3153 5701 3202 5736 tu
3232 5697 3395 5737 nobis.
3441 5686 3584 5751 Quod
3614 5697 3726 5749 ergo

2178 5787 2313 5829 nunc
2346 5773 2453 5829 ait:
2483 5771 2594 5844 Ego
2636 5775 2685 5829 in
2714 5776 2807 5844 eis,
2835 5786 2880 5830 et
2914 5786 2965 5830 tu
3006 5773 3060 5830 in
3085 5790 3183 5844 me,
3218 5776 3285 5828 ita
3318 5776 3518 5831 dictutn
3551 5784 3624 5830 est
3668 5787 3720 5825 et
