3884 6232
106 391 207 447 880

1040 382 1105 441 ΙΝ
1144 384 1207 440 5.
1247 379 1523 442 JOANMS
1563 371 2014 441 EVANGELIL‘I
2056 371 2433 429 EXPOSITIO.

3277 366 3384 421 κει)

112 514 338 571 persona
373 497 703 564 Mediatoris,
736 498 873 553 sicut
904 496 1033 551 illud
1086 495 1226 565 quod
1265 491 1549 564 Apostolus
1578 499 1653 544 att
1681 507 1694 542 :
1729 487 1775 542 Α
1803 499 1908 549 eos,
1936 485 2125 554 inquit,
2158 486 2291 538 sicut
2318 496 2366 539 et
2396 499 2475 536 me
2500 482 2748 547 dilexisti,
2780 480 2919 553 quod
2954 480 3264 536 aliudnihil
3298 489 3383 533 est

116 595 217 649 Vos
259 592 478 657 Christi,
506 590 736 646 Christus
780 606 896 644 vero
950 589 1042 643 Dei
1095 587 1193 659 (ll
1234 589 1354 642 Cor.
1383 588 1491 655 tu).
1539 582 1693 649 Quod

109 700 239 738 vero
267 682 414 736 addit
440 699 454 735 :
490 680 559 736 Ut
584 683 686 735 sint
716 680 1054 735 consummati
1078 682 1131 734 in
1155 694 1337 743 unum,
1360 676 1599 733 ostendit
1627 689 1696 729 eo

108 775 321 842 perduci
364 774 885 835 reconciliationem,
911 790 1032 843 quae
1078 772 1136 826 lit
1184 787 1280 840 per
1322 769 1695 832 Mediatorem,

106 876 160 919 ut
192 864 426 937 perfecta
460 851 809 929 beatitudine,
833 864 919 917 cui
966 863 1097 917 nihil
1143 861 1459 931 jam‘possit
1505 857 1696 927 adjici,

106 956 467 1024 perfruamur.
495 955 650 1012 Unde
699 954 751 1010 id
797 954 941 1024 quod
990 956 1270 1025 sequitur:
1308 953 1375 1008 Ut
1424 941 1727 1021 cognoscat’

104 1050 353 1113 mundus,
394 1048 516 1118 quia
565 1058 618 1101 tu
664 1063 741 1101 me
790 1047 995 1107 misisti.
1041 1062 1146 1101 non
1196 1046 1276 1100 sic
1327 1042 1697 1110 accipiendum

104 1149 255 1207 puto,
297 1149 548 1207 tanquam
593 1140 785 1193 iterum
829 1138 1065 1192 dixerit:
1106 1136 1173 1192 Ut
1218 1137 1394 1191 credat
1442 1135 1691 1187 mundus.

99 1227 410 1300 Aliquando
447 1229 591 1283 enim
636 1237 690 1284 et
716 1245 1018 1298 cognoscere
1046 1243 1146 1296 pro
1177 1242 1245 1281 eo
1284 1226 1428 1296 quod
1460 1220 1543 1280 est
1589 1240 1701 1277 cre-

100 1320 227 1371 dere
258 1319 491 1386 ponitur,
517 1332 572 1372 ut
602 1328 684 1374 est
707 1320 847 1388 quod
878 1319 952 1371 ait
973 1320 1244 1387 aliquanto
1284 1317 1535 1386 superius
1566 1333 1578 1368 :
1614 1312 1683 1367 Et

100 1423 448 1481 agnoverunt
472 1427 584 1464 vere
606 1411 726 1481 quia
753 1427 785 1463 a
808 1419 857 1464 te
885 1411 1005 1473 ea'ii,
1039 1420 1085 1463 et
1114 1409 1461 1464 crediderunt
1483 1412 1605 1479 quia
1646 1418 1702 1461 tu

103 1515 185 1551 me
224 1501 435 1555 misisti.
485 1499 596 1554 Hoc
641 1500 779 1554 dixit
830 1500 1095 1567 posterius
1148 1498 1508 1561 crediderunt,
1558 1495 1698 1565 quod

105 1590 259 1655 prius
301 1588 508 1643 dixerat
554 1598 918 1660 cognoverunt.
959 1588 1063 1644 Sed
1111 1590 1216 1652 ltic,
1260 1585 1691 1657 quandoquidem

103 1682 175 1735 de
223 1683 696 1737 consummatione
745 1682 998 1751 loquitur,
1045 1681 1163 1736 talis
1214 1666 1299 1736 est
1344 1678 1691 1748 intelligenda

102 1769 365 1837 cognitio,
396 1771 569 1838 qualis
612 1774 718 1825 erit
762 1788 857 1839 per
902 1772 1161 1841 speciem,
1187 1786 1292 1826 non
1322 1769 1495 1838 qualis
1546 1781 1691 1822 nunc

103 1866 186 1910 est
222 1873 320 1925 per
353 1858 531 1913 iidem.
558 1859 686 1913 Nam
718 1861 926 1914 videtur
949 1862 1083 1914 ordo
1110 1874 1231 1915 esse
1256 1867 1504 1914 servatus
1534 1859 1586 1911 in
1621 1872 1687 1911 eo

104 1946 251 2016 quod
284 1948 447 2014 paulo
472 1957 594 2004 ante
621 1949 801 2003 dixit:
838 1948 906 2003 Ut
952 1950 1127 2002 credat
1176 1949 1435 2012 mundus;
1483 1948 1570 2002 hic
1599 1962 1696 2001 au-

107 2047 213 2090 tem
242 2052 257 2090 :
294 2035 364 2090 Ut
400 2048 669 2107 cognoscat
698 2040 938 2091 mundus.
969 2037 1041 2090 Ibi
1072 2039 1212 2092 enim
1244 2037 1490 2107 quamvis
1539 2035 1694 2090 dixe—

108 2127 179 2181 rit
202 2136 260 2181 ut
281 2143 459 2182 omnes
488 2144 647 2182 unum
674 2129 798 2192 sint,
825 2141 870 2183 et
898 2130 951 2181 in
974 2130 1117 2183 nobis
1145 2145 1301 2182 unum
1324 2130 1451 2193 sint,
1483 2142 1585 2183 non
1612 2128 1691 2181 ait

112 2228 295 2271 tamen
318 2218 424 2271 sint
456 2220 790 2272 consummati
815 2220 864 2271 in
889 2234 1069 2284 unum,
1100 2227 1261 2287 atque
1284 2219 1354 2273 ita
1379 2217 1699 2278 subnexuit:

112 2305 182 2361 Ut
222 2308 401 2360 credat
433 2309 677 2377 nasutius,
700 2311 822 2379 quia
848 2318 905 2364 tu
947 2327 1026 2363 me
1067 2311 1271 2364 misisti.
1302 2311 1395 2365 llic
1424 2326 1552 2365 vero
1578 2326 1594 2363 :
1628 2308 1698 2365 Ut

110 2399 236 2463 sint,
272 2391 837 2467 inquit,'consumntati
866 2402 917 2454 in
947 2418 1138 2465 unum;
1160 2417 1223 2457 ac
1249 2402 1441 2457 deinde
1472 2416 1577 2457 non
1607 2402 1703 2457 ad-

113 2486 250 2540 didit
274 2495 329 2539 ut
359 2487 537 2540 credat
562 2487 808 2556 Mundus,
837 2490 930 2544 sed
960 2499 1012 2553 ut
1039 2501 1311 2559 cognoscat
1338 2491 1563 2543 mundus
1582 2492 1705 2560 quia

116 2586 172 2631 tu
214 2594 297 2631 me
322 2578 526 2633 misisti.
548 2578 795 2644 Quandiu
821 2580 965 2634 enim
1013 2581 1284 2636 credimus
1315 2581 1457 2648 quod
1489 2596 1594 2635 non
1626 2582 1705 2635 vi-

115 2669 327 2728 demus.
381 2670 616 2724 nondum
660 2686 850 2725 sumus
890 2673 957 2725 ita
1008 2674 1400 2737 consummati,
1446 2672 1704 2741 quemado

119 2758 336 2811 modum
369 2759 567 2813 erimus
600 2776 723 2813 cum
758 2763 1110 2816 meruerimus
1137 2763 1323 2819 videre
1349 2763 1491 2832 quod
1521 2762 1704 2818 credi-

120 2864 258 2901 mus.
293 2848 613 2904 Rectissime
644 2849 807 2918 igitur
844 2849 913 2904 ibi
962 2852 1075 2904 ait:
1115 2850 1184 2906 Ut
1229 2853 1406 2906 credat
1450 2852 1711 2918 mundus;

122 2941 205 2995 bic
230 2958 242 2993 :
278 2939 349 2995 Ut
378 2951 653 3011 cognoscat
684 2942 927 2995 muitdus.
956 2942 1157 2997 Tamen
1178 2953 1232 2997 et
1261 2944 1333 2997 ibi
1365 2954 1421 2998 et
1454 2944 1561 3009 ltic,
1587 2945 1714 3013 quia

121 3042 173 3084 tu
202 3045 283 3083 me
305 3031 511 3093 misisti,
544 3040 602 3083 ut
630 3033 940 3087 noverimus
966 3043 1224 3101 quantum
1250 3032 1484 3101 pertinet
1507 3035 1575 3087 ad
1614 3034 1715 3087 Pa-

122 3122 213 3174 tris
238 3128 293 3174 et
324 3118 443 3174 Filii
474 3121 882 3191 inseparabilem
911 3123 1248 3186 cbaritatem,
1283 3123 1387 3177 ltoc
1416 3136 1516 3177 nos
1544 3123 1707 3177 modo
1735 3144 1785 3208 ε

121 3211 363 3276 credere,
392 3227 499 3281 quo
529 3212 796 3267 tendimus
827 3212 1098 3267 credendo
1128 3227 1488 3281 cognoscere.
1520 3211 1576 3269 Si
1609 3228 1712 3270 au-

127 3310 227 3355 tem
258 3300 507 3355 diceret:
543 3310 599 3354 ut
625 3312 953 3370 cognoscant
981 3303 1104 3371 quia
1138 3313 1192 3356 ttt
1220 3318 1307 3358 me
1338 3304 1555 3367 misisti,
1590 3312 1711 3357 tan-

126 3392 362 3446 tumdem
410 3393 633 3457 valeret,
664 3404 921 3463 quantum
955 3396 1057 3450 hoc
1086 3396 1228 3464 quod
1258 3396 1371 3450 ait:
1406 3394 1475 3451 Ut
1519 3411 1712 3467 cogno-

124 3492 223 3535 scat
252 3484 496 3536 mundus.
516 3482 621 3551 Ipsi
646 3491 771 3537 sunt
793 3485 937 3538 enim
970 3487 1220 3551 mundus,
1250 3501 1354 3541 non
1387 3502 1709 3555 permanens

127 3572 391 3635 inimicus,
424 3571 601 3640 qualis
644 3582 728 3627 est
774 3575 1004 3627 mundus
1033 3576 1367 3630 damnationi
1421 3578 1705 3644 prtcdesti-

130 3674 301 3727 natus,
331 3662 425 3718 sed
455 3678 518 3717 ex
550 3662 769 3719 inimico
796 3665 1001 3718 anticus
1023 3664 1273 3732 ellecuts,
1305 3676 1526 3735 propter
1552 3683 1709 3738 quem

130 3752 267 3807 Deus
309 3762 417 3807 erat
466 3755 518 3807 in
549 3754 774 3820 Christo,
806 3758 1054 3810 mundum
1098 3760 1433 3813 reconcilians
1478 3761 1573 3814 sibi
1621 3760 1707 3831 (Il

126 3843 243 3898 Cor.
265 3845 354 3913 v);
381 3843 504 3899 ideo
532 3846 665 3898 dixit
690 3864 702 3899 :
734 3844 844 3915 Ego
874 3847 928 3899 in
958 3849 1049 3909 eis,
1078 3856 1127 3899 et
1155 3857 1209 3900 ιιι
1240 3849 1296 3902 in
1334 3864 1434 3912 me,
1460 3858 1709 3919 tanquam

130 3933 325 3990 diceret
351 3953 363 3988 :
397 3934 509 4004 Ego
540 3937 593 3988 in
621 3935 701 3989 eis
730 3936 795 3989 ad
824 3952 957 4004 quos
990 3937 1181 3990 misisti
1213 3953 1317 3999 me.
1348 3949 1404 3992 et
1433 3949 1485 3992 tu
1518 3940 1568 3993 in
1598 3955 1707 4003 me,

133 4024 381 4078 mundum
406 4023 764 4079 reconcilians
786 4024 882 4078 tibi
904 4038 997 4093 per
1024 4041 1131 4080 me.
1152 4026 1439 4096 [’mpteret
1468 4028 1710 4097 sequitur

131 4114 285 4170 etiam
312 4116 441 4171 illud
472 4116 616 4185 quod
643 4118 715 4171 ait
746 4133 762 4172 :

201 4204 267 4258 Et
321 4206 545 4261 dilexisti
596 4222 719 4273 eos,
764 4208 895 4260 sicut
945 4218 992 4261 et
1048 4224 1129 4260 me
1181 4209 1425 4263 dilexisti.
1474 4210 1528 4264 In
1582 4210 1715 4265 Filio

137 4295 325 4364 quippe
360 4312 456 4349 nos
487 4296 648 4350 Pater
672 4296 867 4366 diligit,
892 4298 1015 4366 quia
1043 4297 1095 4351 in
1129 4298 1243 4364 ipso
1275 4313 1374 4353 nos
1402 4299 1562 4367 elegit
1586 4309 1714 4354 ante

138 4383 310 4436 mundi
340 4385 804 4441 constitutiotzem.
838 4386 937 4450 Qui
966 4386 1107 4438 enim
1140 4385 1315 4455 diligit
1355 4388 1709 4455 unigenitum,

1801 590 1961 644 quam
2005 576 2232 630 dilexisti
2279 590 2397 641 eos,
2425 575 2677 644 quoniam
2721 583 2776 627 et
2818 587 2905 627 me
2949 571 3209 627 dilexisti.
3261 571 3377 625 Non

1799 669 1943 724 enim
1972 668 2207 722 membra
2238 666 2358 722 Filii
2385 683 2489 722 non
2518 666 2808 734 diligeret:
2838 666 2927 733 qui
2959 664 3130 732 diligit
3163 662 3381 717 Filium.

1801 761 1909 814 Ant
1933 760 2035 814 alia
2065 774 2225 815 causa
2255 767 2338 814 est
2368 757 2625 829 diligendi
2673 756 2913 810 membra
2941 756 3080 821 ejus,
3114 753 3215 809 nisi
3259 754 3381 821 quia

1801 850 1974 918 diligit
2001 864 2145 905 eum.
2175 848 2282 905 Sed
2330 849 2501 915 diligit
2547 846 2741 901 Filiam
2786 844 3081 899 secundum
3123 843 3386 897 divinita-

1803 950 1934 1004 tem,
1964 942 2089 1009 quia
2138 940 2317 1009 geuuit
2360 938 2511 991 illum
2559 936 2815 1002 aequalem
2858 934 2995 988 sibi.
3030 932 3209 1001 Diligit
3259 946 3381 985 eum

1800 1030 1963 1084 etiam
2012 1029 2306 1085 secundum
2357 1026 2407 1081 id
2462 1025 2602 1095 quod
2664 1025 2825 1077 homo
2868 1034 2985 1086 est,
3030 1022 3150 1089 quia
3208 1022 3383 1089 ipsum

1803 1117 2127 1187 unigenitum
2163 1117 2381 1172 Verbum
2424 1132 2545 1171 caro
2567 1117 2757 1184 factum
2786 1122 2856 1168 est
2885 1110 3067 1182 (Joan.
3093 1111 3154 1179 ι),
3177 1120 3232 1165 et
3263 1124 3389 1179 pro-

1804 1218 1919 1275 pter
1948 1208 2182 1265 Verbum
2215 1210 2269 1263 ei‘
2294 1209 2458 1262 chara
2482 1207 2643 1261 Verbi
2673 1221 2821 1260 caro.
2850 1204 2957 1260 Nos
2989 1212 3166 1256 autem
3191 1200 3387 1270 diligit,

1801 1298 2054 1368 quoniam
2088 1312 2273 1352 sumus
2312 1297 2429 1365 ejus
2470 1294 2707 1350 membra
2752 1311 2907 1362 quem
2952 1292 3153 1361 diligit;
3186 1300 3240 1345 et
3286 1289 3390 1343 hoc

1804 1400 1861 1443 ut
1887 1403 2155 1452 essemus,
2189 1397 2409 1456 propter
2439 1386 2542 1439 hoc
2573 1401 2672 1438 nos
2701 1384 2888 1438 dilexit
2918 1394 3206 1449 antequam
3238 1393 3392 1434 esse-

1804 1496 1943 1535 mus.
1976 1479 2313 1548 Quapropter
2337 1471 2896 1542 incomprehensibilis
2926 1480 3007 1524 est
3037 1470 3255 1525 dilectio
3285 1483 3391 1537 qua

1804 1571 1981 1641 diligit
2013 1570 2178 1636 Deus,
2211 1585 2387 1638 neque
2418 1567 2713 1623 mutabilis.
2763 1565 2876 1619 Non
2920 1564 3063 1618 enim
3094 1578 3159 1616 ex
3192 1576 3257 1615 eo
3282 1574 3394 1630 quo

1803 1665 1852 1719 ei
1887 1662 2218 1719 reconciliati
2250 1675 2444 1715 sumus
2483 1676 2577 1728 per
2606 1658 2922 1725 sanguinem
2972 1652 3090 1708 Filii
3120 1651 3259 1720 ejus,
3291 1664 3391 1705 nos

1803 1753 1964 1821 coepit
2009 1751 2272 1819 diligere;
2303 1752 2396 1808 sed
2441 1760 2565 1803 ante
2603 1746 2785 1801 mundi
2829 1743 3266 1799 constitutionem
3311 1740 3396 1795 di-

1805 1842 1931 1897 lexit
1971 1855 2089 1905 nos,
2128 1849 2186 1893 ut
2220 1855 2340 1892 cum
2372 1837 2492 1905 ejus
2519 1835 2794 1903 unigenito
2824 1834 2985 1889 etiam
3022 1845 3120 1885 nos
3149 1830 3238 1883 lilii
3273 1826 3395 1897 ejus

1805 1944 2069 1995 essemus,
2102 1930 2412 1999 priusquam
2445 1925 2667 1979 omnino
2717 1922 2914 1989 aliquid
2945 1934 3206 1974 essemus.
3232 1917 3389 1981 Quod

1801 2037 1929 2090 ergo
1965 2019 2289 2077 reconciliati
2336 2031 2521 2072 sumus
2553 2017 2661 2069 Deo
2694 2029 2785 2082 per
2818 2020 3044 2065 mortem
3093 2007 3213 2062 Filii
3242 2006 3388 2076 ejus,

1806 2127 1913 2168 non
1940 2111 2020 2167 sic
2055 2110 2327 2175 audiatur,
2361 2124 2467 2164 non
2497 2110 2575 2162 sic
2614 2103 2932 2174 accipiatur,
2965 2102 3114 2170 quasi
3148 2100 3267 2154 ideo
3297 2111 3397 2151 nos

1806 2200 2237 2260 reconciliaverit
2283 2199 2333 2253 el
2390 2197 2591 2261 Filius,
2637 2206 2695 2250 ut
2740 2195 2853 2263 jam
2906 2194 3163 2261 inciperet
3214 2202 3397 2244 amaro

1808 2309 1943 2364 quos
1987 2292 2176 2348 oderat
2204 2308 2219 2346 :
2250 2292 2391 2346 sicut
2441 2285 2826 2343 reconciliatur
2873 2285 3121 2338 inimicus
3153 2280 3393 2347 inimico,

1810 2393 1869 2439 ut
1895 2382 2088 2438 deinde
2130 2382 2242 2434 sint
2289 2379 2481 2441 amici,
2513 2387 2568 2434 et
2606 2376 2832 2430 invicem
2864 2374 3116 2443 diligant,
3149 2371 3236 2437 qui
3266 2369 3399 2423 ode-

1809 2485 1928 2529 rant
1957 2474 2225 2537 invicem;
2255 2471 2349 2525 sed
2379 2471 2487 2539 jam
2522 2483 2621 2522 nos
2668 2466 2906 2535 diligenti
2951 2462 3278 2518 reconciliati
3309 2474 3402 2513 su-

1810 2581 1929 2621 mus
1967 2564 2040 2630 ei,
2068 2578 2193 2619 cum
2222 2578 2327 2632 quo
2353 2572 2573 2632 propter
2619 2570 2895 2627 peccatum
2942 2553 3251 2609 inimicitias
3300 2554 3403 2604 lta-

1812 2655 2090 2711 bebamus.
2146 2650 2301 2721 Quod
2362 2660 2538 2705 utrum
2602 2663 2789 2703 verum
2853 2647 3063 2709 dicant,
3118 2649 3403 2698 attestelur

1813 2745 2147 2815 Apostolus:
2187 2744 2575 2806 Commendat,
2621 2739 2824 2809 inquit,
2872 2737 3193 2790 dilectionem
3252 2747 3403 2786 suam

1816 2833 1955 2889 Deus
1998 2835 2053 2887 in
2096 2832 2263 2898 nobis,
2300 2832 2543 2901 quoniam
2577 2845 2694 2883 cum
2723 2828 2892 2881 adhuc
2940 2835 3230 2894 peccatores
3270 2836 3405 2875 csse-

1815 2939 1949 2989 nsus,
1983 2921 2219 2977 Christus
2248 2901 2341 2993 pro
2372 2919 2519 2975 nobis
2555 2930 2785 2973 mortuus
2814 2926 2907 2971 est.
2942 2914 3179 2970 Habebat
3222 2911 3404 2979 itaque

1817 3017 1908 3072 ille
1935 3030 2061 3086 erga
2102 3030 2201 3069 nos
2239 3014 2585 3078 cltaritatcm,
2617 3012 2777 3065 etiam
2824 3023 2946 3063 cum
2975 3005 3277 3061 inimicitias
3306 3002 3399 3084 ad-

1820 3119 2005 3160 versus
2033 3119 2157 3161 eum
2186 3113 2525 3166 exercentes,
2557 3113 2903 3167 cperaretnur
2942 3094 3311 3163 iniquitatem;
3342 3098 3399 3145 et

1820 3204 1994 3251 tamen
2022 3194 2071 3250 ei
2100 3196 2377 3249 verissime
2402 3192 2605 3246 dictum
2633 3201 2717 3245 est
2744 3206 2757 3242 :
2794 3187 2987 3253 Odisti,
3023 3184 3401 3252 Damianum-

1818 3304 1905 3342 nes
1927 3288 2015 3357 qui
2041 3296 2315 3356 operantur
2345 3286 2685 3354 iniquitatem.
2719 3281 2948 3336 Proinde
2977 3279 3112 3331 miro
3137 3285 3191 3330 et
3218 3272 3404 3328 divino

1816 3367 1999 3441 modo,
2026 3386 2081 3431 et
2107 3376 2319 3446 quando
2350 3388 2448 3429 nos
2473 3372 2681 3441 oderat,
2709 3370 2996 3438 diligebat;
3026 3360 3216 3420 oderat
3253 3362 3397 3417 enim

1816 3480 1916 3521 nos
1945 3466 2128 3536 quales
2160 3466 2273 3533 ipse
2311 3478 2417 3519 non
2452 3464 2675 3523 iecerat,
2706 3471 2758 3513 et
2786 3458 2908 3526 quia
2940 3454 3189 3523 iniquitas
3219 3460 3401 3506 nostra

1817 3573 1951 3627 opus
1981 3556 2096 3626 ejus
2127 3571 2235 3610 non
2261 3556 2406 3610 omni
2429 3568 2495 3606 ex
2528 3561 2677 3621 parte
2710 3554 3138 3614 consumpserat,
3180 3550 3401 3595 novent

1814 3647 1975 3703 simul
2016 3647 2068 3701 iit
2107 3659 2423 3715 unoquoque
2451 3651 2693 3696 nostrum
2725 3647 2780 3694 et
2804 3637 2984 3691 odisse
3025 3634 3166 3703 quod
3199 3635 3401 3686 iecera-

1814 3755 1955 3805 mus,
1984 3749 2039 3795 et
2066 3754 2247 3794 amare
2290 3737 2430 3807 quod
2465 3736 2687 3791 fecerat.
2717 3733 2783 3786 Et
2816 3732 2917 3784 hoc
2944 3729 3162 3798 quidem
3208 3730 3259 3781 in
3289 3741 3403 3780 om-

1816 3833 1973 3888 nibus
2003 3833 2227 3901 intelligi
2277 3837 2450 3899 potest
2490 3829 2559 3881 de
2608 3828 2700 3881 illo
2730 3824 2815 3880 cui
2857 3822 3121 3878 veraciter
3151 3821 3389 3874 dicitur:

1815 3922 1967 3977 Niltil
1997 3922 2151 3975 odisti
2185 3936 2360 3974 eorum
2402 3934 2517 3988 qum
2562 3917 2729 3987 fecisti
2766 3914 2924 3987 (Sap.
2952 3912 3050 3983 ιι).
3096 3911 3212 3966 Νοιι
3256 3910 3398 3964 enim

1815 4014 1955 4083 quod
1987 4012 2209 4078 odisset,
2233 4025 2353 4066 esse
2384 4010 2662 4074 voluisset,
2696 4018 2789 4060 aut
2815 4005 3037 4059 omnino
3067 4011 3233 4064 esset,
3261 3999 3403 4068 quod

1817 4104 2163 4173 omnipotens
2207 4115 2330 4156 esse
2379 4100 2661 4162 noluisset,
2697 4096 2798 4149 nisi
2826 4104 2880 4150 et
2911 4096 2961 4148 itt
2992 4108 3058 4147 eo
3086 4090 3231 4162 quod
3270 4089 3406 4155 odit,

1816 4205 1966 4250 esset
2009 4194 2172 4247 etiam
2218 4192 2358 4261 quod
2388 4199 2615 4246 amaret.
2663 4187 2853 4241 Merito
2898 4186 3097 4256 quippe
3145 4181 3280 4247 odit,
3328 4189 3403 4243 et,

1816 4285 1960 4339 velut
2008 4283 2187 4351 regula
2238 4297 2353 4335 suae
2401 4280 2557 4345 artis,
2589 4278 2824 4331 alienum
2867 4276 3133 4342 improbat
3181 4273 3403 4331 vitium,-

1818 4384 1958 4427 autat
1993 4382 2169 4428 tamen
2202 4386 2356 4424 suum
2386 4370 2548 4425 etiam
2597 4369 2648 4421 in
2684 4365 2813 4421 vitio
2864 4378 2961 4434 pro
2990 4377 3085 4419 sua
3139 4361 3217 4415 vel
3244 4372 3407 4413 sana-

142 4474 368 4541 profecto
410 4475 582 4544 diligit
628 4486 684 4528 et
733 4449 973 4530 membra
1005 4473 1145 4543 ejus,
1175 4449 1294 4545 quin
1338 4449 1611 4545 adoptavit
1659 4449 1704 4532 in

1825 4467 1968 4520 tione
2016 4464 2430 4525 beneﬁciorum,
2472 4460 2554 4515 vel
2605 4457 2948 4512 damnatione
2990 4452 3275 4523 judicium.
3325 4449 3403 4511 ita

137 4580 253 4618 cum
285 4579 377 4633 per
416 4579 562 4619 eum.
597 4564 705 4619 Nec
747 4566 869 4621 ideo
898 4581 1054 4635 pares
1095 4582 1280 4621 sumus
1320 4569 1591 4637 unigenito
1622 4570 1709 4622 Fio

140 4658 227 4727 lio,
260 4674 347 4725 per
372 4673 529 4725 quem
559 4660 724 4712 creati
757 4668 811 4712 et
840 4661 1063 4713 recreati
1096 4677 1301 4727 sumus,
1340 4664 1461 4730 quia
1506 4665 1712 4717 dictum

138 4758 250 4801 cst:
284 4746 514 4801 Dilexisti
553 4764 658 4811 eos,
689 4749 820 4801 sicut
846 4760 893 4802 et
924 4766 1020 4803 me.
1064 4749 1247 4819 Neque
1291 4752 1434 4806 enim
1492 4768 1714 4820 semper

141 4841 484 4906 aequalitatem
538 4841 831 4909 signillcat,
866 4840 955 4909 qui
986 4842 1153 4895 dicit:
1190 4842 1337 4899 Sicut
1378 4844 1529 4907 illud,
1566 4845 1638 4896 ita
1665 4854 1715 4896 et

140 4931 302 4993 illud;
331 4930 420 4984 sed
452 4930 738 4997 aliquando
788 4940 1014 4997 tantum,
1060 4932 1183 5001 quia
1220 4940 1304 4986 est
1346 4933 1497 4993 illud,
1536 4944 1619 4986 est
1662 4942 1716 4985 ct

144 5018 289 5080 illud;
318 5030 409 5073 aut
438 5020 561 5089 quia
589 5031 672 5073 est
705 5020 853 5084 illud,
892 5031 949 5074 ut
979 5024 1051 5076 sit
1100 5033 1152 5075 et
1203 5024 1351 5077 illud.
1400 5024 1529 5089 Quis
1569 5025 1709 5078 enim

144 5108 324 5162 dixerit
346 5124 409 5163 eo
440 5124 659 5178 prorsus
691 5110 848 5162 modo
894 5110 945 5162 in
978 5111 1238 5165 mundum
1266 5128 1294 5162 a
1328 5110 1542 5165 Christo
1571 5128 1700 5180 apo-

144 5200 298 5254 stnlos
328 5202 536 5267 missos,
570 5217 678 5270 quo
727 5202 886 5256 modo
932 5203 1046 5271 ipse
1080 5213 1164 5256 cst
1212 5205 1408 5256 missus
1449 5220 1477 5254 a
1520 5203 1715 5258 Patre?

148 5290 211 5346 Ut
238 5295 365 5348 enim
395 5295 523 5349 alias
570 5308 778 5349 taceam
816 5293 1168 5359 dilierentias,
1204 5309 1336 5359 quas
1378 5310 1711 5349 commemo-

151 5398 262 5436 rare
299 5388 504 5453 longutn
536 5395 642 5457 est,
676 5384 825 5437 missi
854 5394 976 5437 sunt
1023 5398 1169 5439 certe
1203 5386 1274 5438 illi
1306 5401 1428 5439 cum
1460 5385 1568 5454 jam
1617 5390 1713 5440 lto—

151 5476 308 5529 mines
331 5486 537 5542 essent,
571 5478 769 5531 missus
795 5488 874 5529 est
906 5488 1082 5530 autem
1139 5479 1273 5544 ipse,
1307 5488 1364 5530 ut
1405 5477 1566 5531 homo
1617 5494 1709 5534 es-

150 5574 257 5630 set;
283 5576 333 5621 et
361 5578 530 5621 tamen
562 5565 809 5634 superius
838 5565 911 5618 ait
939 5580 955 5617 :
988 5565 1139 5629 Sicut
1170 5582 1246 5618 me
1277 5567 1457 5618 misisti
1482 5566 1535 5618 in
1562 5581 1713 5618 mun-

150 5657 286 5719 dum,
312 5667 353 5710 et
376 5675 464 5729 ego
490 5658 605 5711 misi
648 5673 733 5709 eos
778 5658 830 5709 in
875 5658 1141 5720 mundum,
1172 5667 1421 5725 tanquam
1462 5656 1707 5711 diceret:

152 5751 278 5817 Quia
301 5752 481 5809 misisti
511 5766 616 5818 me,
650 5751 770 5807 misi
797 5766 909 5806 eos.
947 5750 1018 5803 Ita
1047 5759 1100 5805 et
1143 5749 1245 5805 hoc
1275 5750 1393 5805 loco
1420 5766 1433 5806 :
1469 5747 1710 5805 Dilratisti

1822 4561 1963 4614 Deus
2008 4557 2138 4610 nihil
2183 4556 2295 4609 odit
2324 4560 2510 4607 eorum
2542 4567 2663 4622 qua:
2695 4550 2837 4604 fecit.
2868 4547 3189 4602 Naturarum
3223 4544 3403 4607 enim,

1818 4665 1923 4703 non
1954 4650 2209 4702 vitiorum
2255 4646 2522 4709 conditor,
2558 4644 2695 4698 mala
2727 4654 2845 4710 quae
2876 4640 3010 4705 odit,
3044 4637 3163 4703 ipse
3198 4651 3301 4687 non
3333 4634 3408 4689 le.

1816 4744 1919 4805 cit,
1949 4749 2006 4793 et
2030 4740 2096 4793 de
2126 4738 2281 4792 malis
2311 4736 2535 4800 eisdem,
2570 4735 2649 4788 vel
2681 4730 2919 4786 sanando
2944 4743 3007 4782 ea
3054 4741 3153 4795 per
3184 4724 3397 4777 miseri-v

1818 4830 2078 4893 cordiam,
2109 4831 2190 4881 vel
2222 4827 2515 4881 ordinando
2543 4840 2636 4892 per
2657 4823 2942 4891 judicium,
2970 4819 3105 4873 bona
3138 4826 3266 4869 sunt
3292 4816 3405 4882 ipsa

1818 4939 1936 4994 qua:
1964 4923 2109 4977 fecit.
2140 4922 2271 4975 Cum
2305 4922 2462 4989 igitur
2493 4931 2677 4971 eorum
2709 4930 2827 4984 quas
2862 4914 3006 4972 fecit,
3039 4910 3169 4963 nihil
3201 4907 3401 4963 oderit.

1818 5013 1936 5083 quis
1981 5014 2139 5082 digne
2185 5011 2350 5080 possit
2393 5008 2571 5077 eloqui
2619 5014 2874 5073 quantum
2918 5002 3103 5070 diligat
3160 4997 3400 5051 membra

1819 5105 2073 5175 unigeniti
2117 5106 2219 5168 sui,
2250 5115 2301 5157 et
2331 5112 2528 5171 quanto
2554 5098 2779 5167 amplius
2833 5098 3002 5165 ipsum
3048 5090 3401 5159 unigenitum.

1817 5201 1869 5252 iu
1909 5216 2006 5261 quo
2037 5197 2241 5249 condita
2267 5204 2384 5247 sunt
2424 5192 2595 5245 omnia
2634 5188 2854 5242 visibtlia
2881 5196 2926 5238 et
2959 5182 3256 5240 invisibilia,
3284 5193 3403 5246 qum

1818 5294 1868 5345 in
1917 5291 2029 5344 suis
2085 5288 2375 5357 generibus
2426 5283 2694 5345 ordinata,
2737 5275 3138 5333 ordinatissime
3186 5267 3405 5337 diligit?

1818 5383 2050 5437 Membra
2096 5380 2293 5447 quippe
2349 5374 2605 5447 nnigcniti
2636 5372 2700 5424 ad
2746 5370 3060 5437 angelorum
3094 5372 3404 5416 sanctorum

1819 5474 2173 5544 mqualitatent
2217 5471 2400 5541 gratia:
2440 5482 2548 5519 sua:
2581 5464 2824 5531 largitate
2858 5458 3127 5526 perducit;
3160 5451 3407 5517 unigeniq

1817 5543 1900 5620 tus
1940 5574 2112 5619 autem
2143 5580 2263 5618 cum
2306 5561 2374 5615 sit
2421 5558 2674 5612 Dominus
2704 5555 2971 5614 omnium,
3023 5548 3206 5617 procul
3239 5543 3403 5595 dubio

1817 5665 1899 5711 est
1950 5655 2203 5707 Dominus
2231 5652 2567 5720 angelorum,
2614 5656 2800 5703 natura
2842 5656 2947 5711 qua
2982 5640 3122 5693 Deus
3150 5644 3254 5699 est,
3292 5646 3400 5685 non

1817 5747 2038 5818 angelis,
2070 5744 2162 5801 sed
2206 5743 2383 5813 potius
2431 5737 2573 5795 Patri
2623 5732 2871 5809 (aqualis;
2902 5728 3073 5803 gratia
3118 5740 3249 5781 vero
3297 5734 3400 5795 qua
