3884 6232
519 362 613 416 891

1010 363 1207 419 ΒΕΟᾹΞ
1253 363 1698 420 VENERABILIS
1736 364 2013 419 OPERUSI
2058 362 2235 423 PARS
2276 364 2339 418 ll.
2392 395 2449 404 -
2491 363 2879 419 EXEGETICA
2923 364 3247 420 CENUINA.

3645 365 3743 420 8‘32

517 475 675 528 homo
703 484 803 539 est,
831 489 935 544 quo
966 476 1121 530 modo
1153 489 1256 527 non
1305 474 1512 529 excedit
1558 476 1930 530 excellentiam
1974 490 2068 530 cu-
2100 476 2145 534 A
2174 473 2297 542 quid
2344 474 2411 528 sit
2460 474 2601 542 quod
2646 474 2893 537 dignatus
2939 482 3022 529 est
3082 473 3394 541 pr-mittere
3455 473 3742 531 videamus.

515 567 726 631 iuslibet
752 568 946 639 angeli,
978 583 1096 622 cum
1120 569 1186 621 sit
1209 583 1307 619 una
1341 582 1563 636 persona
1588 568 1764 623 carnis
1796 576 1845 621 et
1871 566 2077 621 Verbi?

514 658 568 711 ln
607 673 845 726 magnam
895 673 1040 727 spem
1084 658 1339 711 Dominus
1385 658 1537 712 Jesus
1582 674 1707 713 suos
1752 659 1929 727 erigit,
1972 673 2074 726 qua

513 748 685 817 major
730 752 945 804 omnino
988 766 1106 804 esse
1126 765 1233 802 non
1267 750 1451 817 pttSsil.
1482 750 1692 815 Auditc,
1736 758 1791 805 et
1821 759 1991 804 estote
2021 750 2072 802 in

512 856 608 909 spe
634 844 948 910 gaudentes,
983 852 1195 910 prapter
1234 845 1370 909 quod
1404 845 1506 895 vita
1548 844 1646 895 ista
1686 857 1791 894 non
1823 840 2070 903 amanda,

512 931 604 985 sed
651 930 920 984 toleranda
966 932 1056 995 sit,
1104 942 1158 983 ut
1197 946 1315 985 esse
1348 932 1562 996 possitis
1607 930 1659 984 in
1688 930 1803 999 ejus
1844 929 2067 983 tribula—

511 1022 656 1075 tione
700 1024 983 1089 patientes.
1034 1024 1245 1090 Audite,
1288 1025 1533 1093 inquam,
1577 1032 1629 1075 et
1670 1038 1773 1089 quo
1814 1035 1937 1088 spes
1979 1036 2073 1074 no-

509 1122 615 1162 stra
658 1111 883 1178 levetur,
935 1114 1113 1166 attend
1145 1122 1215 1167 te.
1251 1113 1495 1167 Christus
1528 1112 1680 1166 Jesus
1712 1112 1872 1175 dicio;
1904 1110 2071 1165 Filius

512 1201 602 1254 Dei
634 1202 953 1270 unigenitus,
983 1206 1068 1268 qui
1113 1203 1250 1255 Patri
1284 1213 1579 1256 coxternus
1616 1210 1671 1255 et
1709 1201 1925 1271 aequalis
1963 1208 2066 1263 est,

510 1293 666 1357 dicit,
712 1294 799 1359 qui
842 1303 1052 1361 propter
1092 1310 1187 1348 nos
1227 1293 1386 1347 homo
1430 1293 1600 1347 laetus
1646 1302 1761 1354 est,
1798 1291 1891 1345 sed
1932 1292 2072 1345 sicut

507 1384 679 1437 Omnis
729 1385 886 1438 homo
933 1386 1158 1441 mendax
1212 1400 1313 1438 non
1371 1384 1538 1437 lactus
1587 1392 1697 1444 est.
1742 1383 1909 1447 dicit;
1961 1383 2067 1448 via,

509 1473 637 1540 vita,
676 1475 870 1527 veritas
910 1474 1069 1537 divit;
1112 1474 1197 1540 qui
1243 1475 1473 1527 nondum
1504 1474 1645 1535 vicit,
1677 1473 1744 1525 de
1776 1472 1856 1525 his
1879 1472 2070 1540 quibus

508 1566 649 1629 vicit,
680 1566 832 1631 dicit;
865 1564 1062 1631 audite,
1087 1566 1309 1631 credite,
1333 1574 1568 1634 sperate,
1596 1564 1897 1619 desiderate
1928 1564 2066 1632 quod

506 1654 634 1709 dicit
661 1673 675 1712 :

578 1745 748 1811 Pater,
792 1745 977 1816 inquit,
1019 1763 1143 1815 quos
1186 1746 1368 1799 dedisti
1421 1746 1565 1809 mihi,
1614 1743 1727 1797 volo
1756 1751 1812 1794 ut
1848 1742 1934 1794 ubi
1973 1759 2067 1811 ego

2182 565 2321 632 Quos
2367 565 2551 618 dedisti
2581 566 2726 627 mihi,
2778 565 2965 633 inquit,
2993 568 3104 619 volo
3173 574 3225 617 ut
3271 564 3354 616 ubi
3400 580 3489 631 ego
3532 581 3667 629 sitm,
3700 579 3741 617 et

2180 655 2277 725 ipsi
2313 655 2413 709 sint
2458 671 2671 708 mecum.
2704 655 2963 715 Quantum
2994 656 3181 709 attinet
3229 655 3292 707 ad
3344 666 3644 708 creaturam
3696 657 3742 708 in

2179 762 2276 812 qua
2310 745 2477 799 lactus
2518 757 2599 799 est
2644 762 2707 799 ex
2738 747 2939 800 semine
2971 746 3128 799 David
3173 745 3461 800 secundum
3502 760 3734 809 carnem,

2178 852 2277 890 nec
2309 836 2419 904 ipse
2446 836 2616 888 adhuc
2641 845 2774 901 erat,
2811 837 2894 890 ubi
2929 837 3131 890 futurus
3170 844 3319 901 erat;
3370 836 3458 890 sed
3486 851 3558 890 eo
3581 839 3736 889 modo

2177 926 2354 979 dicere
2386 928 2551 989 potuit
2574 923 2672 978 Ubi
2698 941 2789 994 ego
2817 941 2947 992 sum,
2977 926 3115 995 quod
3140 927 3433 995 intelligere
3462 926 3736 990 debemus,

2176 1016 2313 1084 quod
2344 1018 2447 1070 cito
2472 1016 2968 1071 lueratascensurus
2996 1017 3046 1070 in
3077 1017 3290 1081 calum,
3317 1013 3492 1085 utjam
3524 1017 3595 1070 ibi
3617 1030 3733 1071 esse

2176 1124 2233 1162 se
2260 1108 2483 1171 diceret,
2515 1109 2601 1162 ubi
2634 1120 2749 1161 orat
2777 1123 2897 1162 mox
2927 1110 3152 1164 futurus.
3187 1110 3361 1164 Potuit
3383 1120 3436 1165 et
3464 1111 3557 1165 illo
3586 1111 3735 1164 modo

2175 1212 2279 1266 quo
2307 1206 2428 1251 ante
2452 1199 2559 1263 jam
2590 1198 2797 1251 dixerat
2827 1198 3047 1267 loquens
3067 1198 3129 1250 ad
3153 1198 3497 1253 Nicodemum
3531 1216 3545 1253 :
3576 1199 3733 1253 Nemo

2174 1291 2395 1342 ascendit
2426 1292 2476 1341 in
2504 1289 2702 1355 calum,
2749 1290 2843 1342 nisi
2870 1290 2957 1358 qui
3007 1290 3068 1341 de
3096 1290 3220 1343 caelo
3247 1290 3537 1354 descendit,
3572 1288 3618 1341 F
3622 1290 3736 1343 ilius

2175 1381 2392 1433 hominis
2417 1381 2503 1448 qui
2540 1391 2609 1433 est
2654 1385 2705 1433 in
2748 1382 2867 1435 caelo
2900 1379 3075 1447 (Joau.
3126 1381 3224 1448 tu).
3256 1379 3382 1433 Nam
3414 1392 3469 1434 et
3510 1384 3581 1435 ibi
3632 1398 3729 1436 non

2174 1469 2304 1522 dixit
2337 1472 2467 1535 Erit,
2511 1469 2605 1523 sed
2653 1470 2765 1534 Est,
2816 1481 3031 1538 propter
3076 1470 3277 1525 unitate
3297 1487 3328 1521 ιι
3380 1485 3643 1538 personae,
3685 1472 3731 1526 in

2174 1573 2277 1627 qua
2307 1559 2446 1612 Deus
2476 1568 2528 1613 et
2558 1559 2716 1615 homo
2758 1570 2856 1626 est,
2890 1571 2941 1614 et
2973 1563 3130 1615 homo
3168 1560 3329 1616 Deus.
3359 1560 3412 1614 ln
3442 1561 3583 1616 ccelo
3608 1576 3730 1633 ergo

2176 1666 2272 1704 nos
2315 1651 2513 1705 [ιιιυτος
2539 1667 2656 1707 esse
2686 1654 2942 1721 promisit.
2987 1653 3079 1707 Illo
3122 1655 3261 1707 enim
3291 1652 3459 1708 forma
3490 1655 3627 1708 servi
3661 1656 3732 1709 le-

2176 1755 2293 1796 vata
2319 1755 2424 1808 est,
2456 1760 2555 1811 qua
2587 1747 2808 1811 sumpsit
2845 1760 2906 1799 ex
2959 1744 3192 1815 Virgine.
3222 1756 3273 1799 et
3304 1745 3367 1797 ad
3415 1746 3584 1800 Patris
3614 1746 3734 1802 des.

505 1851 639 1901 sum,
682 1844 729 1888 et
758 1837 832 1890 illi
862 1840 958 1889 sint
994 1853 1206 1889 mecum.
1253 1836 1351 1903 Qui
1376 1847 1500 1888 sunt
1532 1836 1641 1897 isti,
1690 1848 1823 1903 quos
1860 1832 1988 1888 dicit
2038 1850 2065 1886 a
2097 1820 2145 1879 B
2177 1845 2341 1889 teram
2370 1834 2646 1889 collocata.
2707 1834 2927 1902 Pr0pter
2970 1850 3118 1898 Spem
3170 1837 3295 1888 tanti
3356 1834 3512 1904 hujus
3540 1836 3658 1890 boni
3689 1848 3736 1889 ct

509 1923 663 1978 Patre
695 1926 846 1977 datos
877 1925 1019 1979 sibi?
1052 1926 1235 1980 Nonne
1265 1928 1336 1979 illi
1365 1926 1430 1979 de
1458 1928 1652 1993 quibus
1678 1925 1785 1977 alio
1837 1924 1957 1979 loco
1982 1924 2075 1978 di-

506 2029 614 2066 ett:
655 2012 811 2066 Nemo
840 2017 969 2067 venit
996 2017 1063 2067 ad
1093 2032 1191 2081 me,
1221 2018 1317 2069 nisi
1342 2014 1518 2079 Pater,
1540 2016 1627 2085 qui
1649 2015 1783 2067 misit
1828 2030 1926 2082 me,
1968 2023 2074 2067 tra-

504 2106 632 2157 xerit
654 2122 767 2158 eum
798 2107 976 2172 (Jomi.
998 2111 1068 2177 vt)
1092 2108 1114 2161 τ
1144 2108 1257 2161 Jatn
1290 2110 1555 2176 quomodo
1575 2122 1635 2161 ea
1661 2123 1777 2177 quae
1802 2106 1912 2161 ﬁeri
1944 2106 2070 2162 dicit

505 2211 533 2248 a
566 2196 743 2257 Patre,
795 2197 949 2250 faciat
993 2211 1043 2251 et
1078 2202 1189 2267 ipse
1243 2215 1360 2253 cum
1408 2199 1583 2260 Patre,
1629 2200 1673 2251 si
1714 2197 1837 2266 quid
1886 2200 1937 2251 in
1972 2199 2073 2252 boc

509 2287 788 2354 Evangelio
814 2289 1137 2356 proiecimus
1156 2329 1170 2353 ,
1206 2290 1468 2343 novimus.
1520 2288 1619 2357 Ipsi
1646 2297 1769 2342 sunt
1791 2302 1918 2356 ergo
1938 2302 2072 2357 quos

505 2392 533 2429 a
568 2376 721 2431 Patre
751 2378 978 2445 accepit,
1027 2394 1159 2448 quos
1203 2388 1257 2433 et
1283 2380 1394 2448 ipso
1438 2380 1504 2434 de
1538 2378 1735 2431 mundo
1764 2377 1944 2447 elegit.
1994 2376 2071 2431 Ad

508 2482 629 2533 qua:
645 2467 851 2538 elegit?
882 2469 1061 2537 utjam
1094 2483 1197 2523 non
1228 2471 1333 2523 sint
1362 2470 1429 2523 de
1458 2470 1676 2531 mundo,
1708 2469 1843 2521 sicut
1868 2482 1971 2521 non
1992 2475 2075 2521 est

510 2558 565 2609 'et
594 2555 706 2624 ipse
736 2558 801 2611 de
828 2561 1042 2623 mundo,
1095 2570 1149 2613 et
1175 2560 1281 2613 sint
1311 2570 1484 2613 tamen
1516 2562 1674 2614 etiam
1719 2562 1815 2627 ipsi
1848 2558 2073 2612 mundus

506 2644 747 2710 credens,
780 2658 833 2700 et
875 2661 1199 2716 cognoscens
1227 2649 1366 2717 quod
1411 2649 1656 2701 Christus
1702 2663 1730 2701 a
1762 2649 1872 2701 Deo
1918 2650 2072 2702 Patre

505 2736 576 2787 sit
605 2737 819 2802 missus,
875 2748 930 2791 ut
979 2739 1206 2793 mundus
1253 2755 1315 2793 ex
1364 2742 1562 2794 mundo
1612 2740 1951 2808 liberaretur,
2004 2756 2069 2795 ne

510 2825 738 2882 mundus
767 2828 873 2883 Deo
922 2831 1341 2886 reconciliandus
1385 2846 1505 2888 cum
1558 2834 1758 2887 mundo
1806 2836 2067 2889 inimicis-

506 2915 639 2969 simo
668 2921 1025 2979 damnaretur.
1060 2920 1211 2976 Sicut
1238 2924 1377 2977 enim
1410 2924 1483 2977 ait
1520 2924 1571 2978 in
1616 2926 1768 2993 hujus
1808 2926 2067 2981 orationis

506 3009 747 3075 exordio,
785 3011 933 3066 dedit
974 3015 1022 3067 ei
1072 3024 1385 3083 potestatem
1430 3016 1605 3069 omnis
1632 3018 1827 3083 carnis,
1884 3019 1933 3071 id
1962 3031 2063 3085 est,

506 3099 679 3152 omnis
730 3102 984 3168 hominis,
1038 3115 1093 3158 ut
1146 3105 1335 3160 liberet
1379 3120 1512 3175 quos
1555 3107 1800 3170 voluerit,
1853 3108 2066 3161 damnet

504 3210 639 3262 quos
674 3197 919 3263 voluerit,
969 3201 1054 3268 qui
1088 3200 1237 3255 vivos
1263 3212 1314 3254 et
1356 3211 1593 3254 mortuos
1630 3202 1917 3267 judicabit;
1969 3203 2063 3257 sed

508 3300 605 3337 eos
644 3286 742 3339 sibi
774 3286 900 3339 dicit
927 3303 1043 3343 esse
1074 3290 1249 3355 datos,
1298 3292 1487 3358 quibus
1515 3293 1761 3345 omnibus
1793 3293 1876 3345 det
1908 3294 2067 3347 vitam

509 3382 781 3426 aeternam.
824 3373 911 3429 Sic
953 3377 1095 3430 enim
1146 3379 1218 3429 ait
1248 3396 1258 3429 :
1296 3377 1362 3431 Ut
1392 3394 1539 3431 omne
1564 3379 1698 3448 quod
1726 3379 1863 3431 dedit
1892 3380 1959 3447 ei,
1985 3379 2069 3432 det

505 3470 577 3521 eis
600 3470 751 3522 vitam
782 3482 1040 3526 aternom.
1076 3474 1302 3527 Proinde
1333 3491 1434 3527 non
1467 3475 1514 3529 ei
1554 3475 1662 3528 dati
1705 3484 1847 3540 sunt,
1880 3476 2070 3544 quibus

512 3560 667 3611 \itam
702 3576 804 3613 non
849 3562 995 3619 dabit
1035 3573 1308 3629 a-tcrnam,
1356 3566 1598 3633 quamvis
1640 3576 1691 3618 et
1721 3567 1953 3634 ipsorum
1981 3580 2072 3634 po-

511 3660 671 3703 testas
714 3653 760 3703 ei
799 3651 921 3705 data
964 3652 1051 3718 sit,
1097 3668 1215 3707 cum
1251 3662 1484 3718 poteStas
1524 3655 1573 3709 ei
1611 3654 1729 3706 data
1773 3662 1853 3708 est
1900 3654 2073 3707 omnis

503 3741 700 3807 carnis,
727 3742 775 3794 id
806 3752 908 3808 est,
946 3746 1120 3797 omnis
1151 3744 1401 3797 hominis.
1452 3745 1525 3797 Ita
1559 3746 1785 3797 mundus
1828 3746 2070 3799 reconci-

509 3835 663 3887 liatus
687 3849 753 3887 ex
784 3833 999 3889 inimico
1026 3837 1281 3891 liberatur
1313 3838 1533 3902 mundo,
1574 3854 1691 3891 cum
1726 3840 1777 3892 in
1809 3838 1898 3891 illo
1920 3854 2074 3892 eser-

507 3936 590 3977 cet
634 3936 948 3992 pmestatem
1000 3938 1191 3995 suam,
1238 3939 1295 3983 ut
1344 3945 1465 3984 eum
1516 3932 1567 3983 in
1618 3941 1844 3985 mortem
1892 3934 2071 3985 mittat

507 4026 756 4069 aeternam
786 4034 799 4082 ;
849 4018 1180 4073 hunc‘autem
1207 4020 1332 4074 facit
1362 4037 1536 4087 suum,
1586 4022 1670 4075 cui
1723 4023 1882 4075 vitam
1912 4022 2076 4075 donet

508 4116 778 4161 aeternam.
822 4108 1154 4176 QuaprOpter
1185 4110 1431 4164 omnibus
1464 4126 1680 4179 prorsus
1724 4112 1910 4165 ovibus
1962 4112 2075 4165 suis

510 4195 678 4248 bonus
706 4207 905 4263 pastor,
936 4199 1179 4253 omnibus
1211 4202 1462 4253 membris
1486 4201 1596 4254 suis
1622 4216 1864 4271 magnum
1897 4212 2071 4269 caput,

510 4288 744 4352 promisit
775 4288 870 4341 hoc
904 4291 1178 4357 praemium
1201 4334 1214 4355 ,
1248 4304 1303 4344 ut
1333 4292 1421 4344 ubi
1448 4305 1525 4345 est
1559 4294 1694 4359 ipse,
1742 4302 1794 4346 et
1826 4307 1921 4345 nos
1952 4307 2071 4346 cum

512 4379 599 4430 illo
632 4379 818 4442 simus,
866 4394 961 4433 nec
993 4382 1183 4445 poterit
1228 4382 1325 4434 nisi
1376 4380 1484 4435 lieri
1535 4387 1673 4451 quod
1722 4382 2072 4451 omnipotenti

2093 3150 2141 3213 C

2172 1928 2455 1994 Apostolus
2484 1930 2555 1978 ait
2580 1946 2589 1979 :
2616 1926 2747 1980 Deus
2768 1937 2929 1978 autent
2950 1928 3035 1990 qui
3053 1926 3187 1978 dives
3202 1936 3275 1979 est
3298 1927 3350 1979 in
3374 1928 3734 1994 misericordia,

2174 2026 2377 2085 propter
2415 2020 2622 2070 multam
2652 2018 2967 2069 dilectionem
3019 2033 3119 2083 qua
3158 2018 3332 2070 dilexit
3374 2034 3487 2084 nos,
3530 2028 3577 2071 et
3623 2035 3731 2071 cum

2174 2125 2390 2163 essemus
2438 2108 2620 2159 mortui
2672 2107 2920 2173 peccatis,
2964 2107 3323 2175 conviviﬁcavit
3377 2124 3468 2159 nos
3517 2106 3734 2170 Christo,

2173 2202 2320 2269 cujus
2340 2200 2503 2269 gratia
2550 2216 2721 2251 sumus
2750 2200 2959 2263 saluati,
2992 2206 3037 2251 et
3077 2200 3227 2251 simul
3257 2200 3491 2252 excitavit
3518 2200 3571 2252 in
3601 2203 3737 2253 cale-

2171 2294 2325 2344 stibus
2367 2291 2420 2342 in
2464 2288 2660 2342 Christo
2698 2288 2823 2343 Jesu
2855 2289 3070 2358 (Ephes.
3116 2291 3202 2357 tt).
3250 2290 3358 2344 Hoc
3396 2305 3523 2358 ergo
3575 2300 3737 2358 potest

2176 2380 2322 2434 intell
2346 2381 2395 2448 gl
2427 2379 2627 2433 dixisse
2652 2378 2905 2432 Dominus
2933 2396 2945 2431 :
2977 2377 3043 2433 Ut
3072 2379 3157 2433 ubi
3186 2396 3297 2432 sum
3323 2394 3435 2449 ego,
3466 2387 3513 2432 et
3541 2380 3617 2433 illi
3643 2382 3735 2433 sint

2174 2486 2388 2524 mecum.
2443 2470 2509 2523 Et
2554 2469 2666 2535 ipse
2696 2470 2909 2538 quidem
2959 2472 3024 2524 de
3076 2484 3135 2525 se
3179 2469 3308 2523 dixit
3364 2471 3505 2539 quod
3539 2468 3607 2523 ibi
3635 2471 3734 2538 jam

2174 2568 2337 2624 esset,
2372 2559 2437 2614 de
2468 2560 2621 2614 nobis
2648 2570 2828 2614 autem
2869 2560 3001 2616 velle
3032 2576 3090 2615 se
3127 2560 3261 2635 dixit
3309 2570 3365 2614 ut
3406 2576 3643 2615 essemus
3672 2562 3732 2615 ibi

2172 2664 2291 2703 cum
2317 2650 2426 2711 illo,
2462 2650 2733 2718 neu-quod
2760 2648 2866 2717 jam
2897 2664 3137 2703 essemus
3170 2651 3427 2704 ostendit.
3459 2652 3734 2720 Apostolus

2173 2748 2348 2791 autem
2392 2738 2530 2806 quod
2563 2737 2817 2791 Dominus
2848 2737 2980 2792 velle
3021 2752 3081 2793 se
3134 2738 3268 2793 dixit
3316 2748 3372 2793 ut
3418 2742 3585 2807 ﬂeret,
3622 2752 3730 2794 tan-

2172 2843 2328 2897 quam
2359 2828 2550 2882 t‘actuin
2584 2828 2741 2883 fuerit
2784 2839 2865 2883 est
2894 2828 3122 2884 locutos.
3158 2830 3271 2884 Non
3301 2832 3443 2886 enim
3478 2836 3550 2886 ait
3579 2852 3591 2885 :
3635 2835 3731 2887 l-Jso

2172 2920 2426 2975 citaturus
2469 2930 2551 2975 est
2580 2936 2697 2987 nos,
2747 2931 2799 2974 et
2830 2920 2880 2974 in
2912 2922 3217 2976 cmlestibus
3246 2923 3433 2976 sedere
3482 2923 3730 2988 facturus,

2173 3013 2264 3065 sed
2291 3030 2302 3065 :
2336 3012 2602 3075 Excitavit,
2634 3024 2679 3067 et
2708 3014 2880 3067 sedere
2910 3014 2959 3065 in
2987 3013 3269 3067 celestibus
3300 3015 3421 3085 fecit
3440 3057 3454 3079 ,
3487 3017 3608 3083 quia
3633 3031 3727 3068 non

2174 3103 2399 3157 inaniter
2423 3103 2514 3157 sed
2542 3103 2765 3158 ﬁdeliter
2790 3104 2897 3173 jam
2930 3107 3146 3171 deputat
3176 3106 3390 3169 factum,
3420 3105 3561 3171 quod
3593 3105 3724 3158 futu-

2178 3210 2290 3247 rum
2320 3209 2439 3248 esse
2468 3209 2571 3247 non
2606 3194 2823 3247 dubitat.
2859 3194 3009 3261 Quod
3049 3210 3177 3249 vero
3206 3194 3396 3248 attinet
3419 3196 3485 3269 ad
3518 3194 3731 3250 formam

2176 3286 2289 3351 Dei,
2318 3287 2368 3339 in
2396 3302 2494 3354 qua
2531 3288 2747 3357 aequalis
2774 3296 2855 3341 est
2902 3288 3062 3353 Patri,
3096 3290 3139 3342 si
3184 3288 3478 3342 secundum
3507 3303 3622 3342 eam
3652 3304 3733 3342 ve-

2173 3377 2328 3431 limus
2357 3378 2650 3445 intelligere
2678 3377 2817 3447 quod
2860 3378 3055 3432 dictum
3084 3386 3167 3432 est
3199 3396 3211 3430 :
3274 3377 3401 3431 Volo
3440 3389 3493 3431 ut
3538 3380 3621 3430 ubi
3650 3394 3733 3447 ego

2170 3485 2315 3535 sum,
2348 3479 2403 3521 ut
2433 3469 2511 3522 illi
2551 3471 2652 3523 sint
2698 3486 2912 3534 mecum,
2964 3471 3213 3524 abscedat
3242 3470 3310 3524 ab
3349 3471 3528 3523 animo
3572 3474 3733 3522 omnis

2175 3558 2464 3627 imaginum
2512 3560 2865 3628 corporalium
2920 3560 3191 3627 c0gitatio.
3247 3560 3514 3628 Quidquid
3582 3560 3733 3613 menti

2176 3650 2465 3703 occurrerit
2511 3650 2757 3717 longum,
2816 3652 3002 3714 latum,
3048 3666 3312 3715 craswm,
3344 3652 3582 3720 qualibet
3629 3652 3733 3703 luce

2176 3756 2428 3810 corporea
2459 3742 2775 3806 coloratum,
2808 3756 2901 3808 per
2926 3742 3177 3810 quaslibet
3204 3742 3442 3795 locorum
3467 3744 3635 3808 spata
3664 3742 3732 3793 vel

2179 3829 2323 3883 [inita
2373 3831 2453 3883 vel
2504 3830 2703 3883 infinita
2757 3831 3001 3884 diﬂ‘itsutn
3031 3850 3041 3883 :
3076 3832 3144 3884 ab
3186 3833 3265 3885 bis
3295 3832 3545 3885 omnibus
3576 3848 3733 3901 quan-

2178 3930 2285 3973 tum
2318 3928 2491 3988 potest
2516 3920 2681 3973 aciem
2711 3935 2820 3974 sua:
2869 3906 3336 3989 contemplationis
3367 3922 3450 3975 vel
3496 3923 3731 3975 intentio-

2178 4011 2260 4064 nis
2302 4020 2535 4075 avertat;
2570 4020 2753 4064 etnon
2798 4011 3089 4079 inquiratur
3122 4012 3341 4081 mqualis
3383 4011 3531 4067 Patri
3582 4013 3732 4067 Filius

2178 4102 2267 4154 ubi
2289 4101 2387 4166 cit,
2420 4100 2668 4170 quoniam
2699 4115 2854 4154 nemo
2898 4100 3099 4156 invenit
3130 4102 3219 4156 ubi
3266 4118 3368 4155 non
3401 4104 3507 4163 sit;
3538 4102 3629 4157 sed
3652 4100 3729 4171 qui

2178 4194 2289 4247 vult
2314 4209 2574 4262 quaerere,
2608 4204 2808 4262 quierat
2840 4194 3008 4261 potius
3041 4203 3096 4247 ut
3116 4208 3235 4248 cum
3267 4194 3358 4249 illo
3386 4198 3475 4263 sit,
3506 4210 3607 4249 non
3632 4195 3735 4249 ubi-

2176 4299 2280 4352 que
2310 4285 2449 4339 sicut
2481 4284 2587 4347 ille,
2619 4285 2710 4338 sed
2744 4284 3042 4354 ubicunque
3080 4300 3199 4341 esse
3227 4288 3444 4355 poterit.
3479 4287 3579 4354 Qui
3600 4287 3728 4340 enim

2180 4376 2380 4430 homini
2430 4375 2707 4443 pasualiter
2750 4375 2996 4444 pendenti
3053 4386 3106 4429 et
3151 4377 3437 4430 salubriter
3481 4374 3735 4429 conlitenti

511 4468 650 4521 Patri
676 4484 737 4523 se
778 4470 913 4523 velle
942 4471 1074 4523 dixit
1111 4474 1445 4541 omnipotens
1487 4473 1668 4528 Filius.
1722 4476 1793 4527 lbi
1824 4483 1904 4527 est
1928 4475 2071 4527 enim
2102 4498 2152 4557 ι)
2180 4469 2291 4519 ait:
2328 4466 2495 4519 Hodie
2531 4482 2719 4519 mecum
2747 4483 2845 4520 ert:
2886 4468 2936 4520 in
2968 4469 3206 4535 paradiso
3236 4466 3383 4535 (Luc.
3445 4470 3620 4534 nm).
3661 4481 3735 4520 se-

510 4566 564 4611 et
591 4548 817 4627 Spiritus
859 4571 1075 4615 sanctus
1127 4564 1323 4631 pariter
1367 4574 1613 4630 internus,
1663 4568 1859 4632 pariter
1910 4566 2068 4631 Deus,

507 4648 731 4713 Spiritus
773 4636 908 4704 unus
944 4653 1189 4717 duorum,
1232 4664 1283 4706 et
1314 4657 1603 4709 substantia
1634 4657 1919 4709 voluntatis
1958 4672 2073 4709 am-

510 4744 715 4794 borum.
776 4743 904 4795 Nam
958 4744 1083 4797 illud
1140 4747 1275 4813 quod
1335 4747 1534 4800 dixisse
1592 4747 1779 4814 legitur
1850 4748 2073 4814 propin-

506 4845 700 4898 quante
760 4836 1043 4902 passione:
1101 4835 1283 4889 Verum
1335 4855 1432 4889 non
1476 4839 1608 4906 quod
1650 4855 1739 4909 ego
1784 4840 1895 4891 volo
1923 4881 1936 4903 ,
1986 4840 2074 4892 sed

504 4925 636 4993 quod
660 4935 711 4975 tu
744 4926 831 4988 vis,
889 4926 1039 4977 Pater
1085 4927 1296 4995 (Matth.
1332 4933 1499 4997 χχνι),
1543 4932 1691 4997 quasi
1734 4930 1835 4983 alia
1880 4931 2071 4995 Patris,

506 5015 607 5068 alia
627 5014 741 5068 Filii
759 5017 822 5070 sit
840 5016 1105 5080 voluntas,
1125 5032 1214 5071 aut
1237 5022 1415 5085 fuerit,
1440 5036 1598 5074 simus
1620 5033 1699 5075 est
1722 5033 1917 5077 nostra:
1936 5024 2076 5077 infir-

505 5106 699 5159 mitatis
729 5108 968 5173 quamvis
1001 5107 1167 5162 ﬁdelis
1191 5152 1204 5173 ,
1247 5128 1401 5177 quam
1436 5113 1482 5164 in
1532 5127 1589 5167 se
1630 5122 1787 5181 caput
1835 5124 2074 5168 nostrum

504 5199 913 5268 transﬁguravit,
953 5203 1166 5270 quando
1194 5204 1349 5255 etiam
1378 5214 1584 5266 peccata
1612 5214 1789 5258 nostra
1825 5209 2075 5271 portavit.

507 5291 670 5346 Unum
706 5299 972 5349 tero‘esse
1006 5296 1174 5347 Patris
1220 5306 1272 5349 et
1320 5295 1434 5349 Filii
1469 5299 1816 5365 voluntatem,
1850 5318 2075 5369 quorum

504 5385 661 5439 etiam
712 5386 938 5455 Spiritus
970 5402 1103 5440 unus
1151 5398 1251 5450 est,
1301 5403 1405 5455 quo
1446 5389 1693 5456 adjuncto
1738 5392 2077 5459 agnoscimus

502 5476 836 5542 Trinitatem,
867 5479 967 5532 etsi
999 5479 1290 5547 intelligere
1321 5481 1549 5534 nondum
1577 5483 1829 5549 permittit
1858 5485 2077 5537 inlirmi-

506 5578 603 5635 tas,
634 5570 814 5622 credat
845 5571 1027 5637 pietas.
1082 5571 1185 5625 Sed
1234 5576 1479 5640 quoniam
1527 5572 1721 5640 quibus
1752 5576 2074 5642 promiserit,

504 5667 556 5712 et
586 5674 738 5726 quant
772 5660 920 5713 lirma
946 5662 1013 5714 sit
1048 5660 1161 5729 ipsa
1188 5663 1485 5727 promissio,
1534 5678 1626 5728 pro
1655 5665 1919 5719 sermonis
1954 5665 2076 5718 bre-

504 5748 660 5805 vitate
708 5750 809 5819 jam
853 5751 1103 5806 diximus.
1160 5753 1255 5807 hoc
1300 5757 1486 5823 ipsum.
1520 5769 1771 5823 Quantum
1820 5757 2072 5821 valemus,

2177 4558 2405 4611 cundum
2450 4557 2501 4611 id
2539 4560 2678 4628 quod
2711 4559 2870 4613 homo
2901 4570 3035 4625 erat,
3066 4561 3237 4612 anima
3266 4564 3382 4627 ejus
3414 4559 3528 4625 ipso
3559 4561 3638 4612 die
3660 4558 3731 4611 fu-

2177 4661 2289 4707 tura
2320 4654 2492 4708 fuerat
2534 4654 2583 4707 in
2643 4655 2871 4717 inferno,
2904 4666 3029 4706 caro
3068 4653 3118 4706 in
3151 4653 3415 4721 sepulcro.
3447 4653 3733 4707 Secundum

2175 4745 2224 4800 id
2255 4758 2429 4801 autem
2453 4748 2590 4815 quod
2616 4747 2757 4799 Deus
2784 4753 2917 4811 erat,
2950 4746 3128 4813 utique
3160 4753 3212 4799 et
3237 4743 3288 4798 in
3318 4744 3565 4811 paradiso
3595 4752 3734 4803 erat;

2175 4848 2231 4894 et
2271 4841 2391 4894 ideo
2424 4841 2640 4893 latronis
2685 4838 2857 4891 anima
2889 4853 2917 4890 a
2955 4838 3191 4907 pristinis
3237 4837 3565 4891 facinoribus
3594 4836 3736 4889 abso-

2178 4933 2305 4999 luta,
2362 4942 2413 4987 (ιι
2455 4934 2595 4985 illius
2650 4947 2868 4987 munere
2910 4932 3017 4999 jam
3070 4932 3242 4994 beata,
3276 4929 3518 4999 quamvis
3562 4929 3737 4997 ubique

2178 5026 2309 5077 sicut
2350 5024 2437 5076 ille
2490 5038 2609 5077 esse
2650 5039 2754 5075 non
2808 5030 3033 5090 poterat,
3087 5032 3263 5075 tamen
3317 5021 3478 5073 etiam
3513 5020 3624 5088 ipso
3665 5017 3738 5071 die

2178 5130 2298 5169 cum
2340 5116 2429 5168 illo
2472 5116 2520 5167 in
2554 5114 2796 5183 paradiso
2844 5121 3068 5182 poterat,
3121 5112 3262 5165 unde
3305 5112 3396 5167 ille
3438 5111 3529 5182 qui
3564 5112 3738 5178 ubique

2178 5221 2386 5275 semper
2414 5214 2498 5260 est
2543 5222 2647 5259 non
2680 5216 3002 5268 recesserat;
3037 5214 3309 5273 propterea
3354 5204 3607 5257 nimirum
3640 5217 3737 5253 non

2178 5298 2227 5352 ei
2261 5276 2390 5352 satis
2419 5298 2513 5350 fuit
2540 5298 2761 5352 dicere:
2800 5295 2927 5349 Volo
2954 5306 3005 5349 ut
3036 5296 3119 5350 ubi
3144 5311 3235 5365 ego
3274 5312 3409 5359 sum,
3434 5305 3483 5349 et
3514 5298 3608 5363 ipsi
3632 5295 3739 5354 sint,

2177 5389 2274 5443 sed
2304 5388 2504 5442 addidit
2543 5404 2752 5441 mecum.
2786 5387 2916 5443 Esse
2944 5403 3062 5441 cum
3113 5388 3204 5441 illo
3231 5388 3375 5441 enim
3407 5388 3603 5445 bonum
3644 5401 3743 5437 ma-

2178 5499 2335 5553 gnum
2378 5492 2477 5536 est.
2532 5482 2661 5535 Nam
2693 5492 2743 5535 et
2775 5480 2951 5534 miseri
2983 5490 3202 5548 possunt
3250 5493 3369 5535 esse
3413 5482 3503 5535 ubi
3532 5489 3611 5533 est
3642 5478 3738 5535 ille.

2177 5575 2423 5644 quoniam
2471 5576 2771 5643 quicunque
2812 5575 3110 5638 ubicunque
3153 5572 3369 5636 iuerint,
3417 5583 3499 5625 est
3544 5581 3598 5626 et
3644 5570 3737 5623 ille.

2180 5668 2283 5725 Sed
2316 5666 2451 5721 beati
2493 5668 2591 5720 soli
2624 5674 2890 5721 suntcum
2922 5666 3035 5729 illo,
3062 5664 3181 5731 quia
3213 5666 3352 5719 beati
3382 5679 3501 5718 esse
3531 5678 3630 5717 nan
3661 5678 3741 5732 po-

2180 5768 2372 5819 terunt.
2412 5757 2509 5811 nisi
2558 5775 2618 5812 ex
2664 5758 2769 5813 illo.
2824 5761 2901 5810 An
2956 5772 3060 5810 non
3097 5753 3205 5811 Deo
3257 5754 3514 5809 veraciter
3554 5754 3734 5809 dictum
