3884 6232
96 352 202 409 893

1031 356 1091 411 IN
1132 357 1187 413 S.
1230 352 1504 413 JOA'NNIS
1544 356 1979 416 EVANGELIUM
2021 362 2389 423 EXPOSITIO.

3233 374 3335 429 894

94 480 209 524 est:
245 471 305 527 Si
318 472 601 541 psccndero
630 472 678 525 in
705 473 901 538 etclam,
934 482 984 525 tu
1009 473 1075 525 ibi
1104 490 1175 526 es.
1203 472 1263 527 Si
1290 473 1593 526 descendero
1614 470 1665 524 in
1696 474 1743 531 Α
1770 480 1823 527 et
1865 471 1915 525 in
1961 472 2058 527 hac
2099 477 2337 530 oratione
2370 494 2381 529 :
2417 478 2562 533 Sicut
2608 491 2683 543 tu,
2717 478 2891 541 Pater,
2920 480 3107 549 inquit,
3142 483 3193 535 in
3233 499 3331 545 me,

94 565 376 632 infernum,
422 564 542 614 ades
571 561 739 631 (Psal.
789 562 1063 632 cxuvttt).
1094 564 1199 615 Aut
1246 577 1375 616 vero
1398 561 1666 625 Christus,

95 669 201 706 non
232 661 318 706 est
363 652 457 707 Dei
490 655 764 722 sapientia,
818 669 934 719 qua:
980 642 1188 723 attingit
1217 652 1411 720 ubique
1454 661 1671 721 propter

93 759 247 797 suam
280 745 631 798 munditiam?
658 743 759 798 Sed
803 745 893 797 lux
926 745 1056 797 lucet
1093 746 1143 797 in
1169 744 1405 808 tenebris,
1440 758 1530 795 nec
1556 758 1668 796 eam

95 838 313 892 tenebrae
338 839 818 906 comprehenderunt
844 837 1019 908 (Joan.
1048 837 1209 909 tt).Ac
1236 854 1330 903 per
1361 838 1481 906 hoc,
1512 845 1571 890 ut
1600 838 1667 891 de

93 949 151 989 re
179 932 373 989 visibili
399 933 639 1004 quamvis
688 933 843 1001 longe
871 933 1110 987 dissimili
1153 933 1518 1001 qualecunque
1569 945 1663 983 sn-

94 1042 302 1081 mamus
330 1026 653 1094 exemplum.
686 1026 825 1080 sicut
874 1040 1049 1081 caecus
1074 1024 1233 1079 etiam
1264 1025 1309 1077 si
1360 1024 1429 1078 ibi
1479 1025 1545 1075 sEt
1578 1022 1664 1077 ubi

92 1118 179 1171 lus
213 1125 319 1182 est,
354 1131 456 1170 non
483 1125 568 1170 est
594 1125 766 1170 tamen
798 1117 908 1183 ipse
955 1132 1076 1171 cum
1126 1118 1280 1180 luce,
1326 1116 1417 1169 sed
1471 1113 1665 1167 absens

88 1218 171 1262 est
196 1223 226 1262 a
266 1216 552 1278 prasente,
584 1209 651 1262 ita
684 1208 912 1264 inlidelis
953 1221 1113 1278 atque
1139 1209 1351 1276 impius.
1382 1216 1474 1260 aut
1503 1207 1662 1261 etiam

89 1298 257 1354 ﬁdelis
286 1311 341 1355 et
373 1301 506 1365 pius,
536 1300 770 1353 nondum
798 1309 972 1353 tamen
1002 1298 1067 1351 ad
1108 1298 1414 1353 intuendum
1446 1298 1661 1361 sapieno

88 1391 172 1445 lia:
219 1392 397 1446 lumen
432 1391 672 1451 idoneus.
704 1391 859 1443 etiam
908 1390 949 1442 si
1003 1379 1126 1443 esse
1176 1403 1431 1455 nusquam
1472 1388 1657 1455 possit,

84 1483 169 1535 ubi
201 1498 307 1537 non
340 1486 407 1537 sit
454 1492 505 1536 et
545 1482 819 1545 Christus,
870 1498 972 1536 non
1019 1491 1101 1535 est
1149 1492 1321 1534 tamen
1372 1480 1485 1546 ipse
1537 1496 1661 1534 cum

84 1576 321 1641 Christo,
354 1576 607 1629 duntaxat
644 1593 737 1643 per
780 1576 1037 1645 spetiem.
1091 1576 1220 1629 Nam
1274 1573 1542 1629 hominem
1578 1575 1661 1639 pie

85 1668 323 1732 ﬁdelem,
356 1682 459 1721 non
490 1676 570 1721 est
598 1668 947 1721 dubitandum
978 1682 1096 1721 cum
1142 1667 1356 1723 Christo
1402 1682 1522 1721 esse
1569 1681 1661 1731 per

85 1760 277 1818 tidem;
326 1770 539 1827 propter
563 1759 703 1829 quod
746 1760 909 1812 dicit:
945 1759 1045 1823 Qui
1084 1775 1184 1812 non
1234 1767 1304 1813 est
1340 1774 1532 1810 mecum
1562 1759 1655 1809 ad—

1770 573 1816 617 et
1837 580 1930 634 ego
1955 566 2007 617 iu
2038 575 2104 618 te.
2136 567 2199 619 Et
2228 568 2373 623 locus
2402 580 2581 624 noster
2612 572 2709 638 ipsi
2737 582 2878 632 sunt,
2905 574 3023 640 quia
3053 573 3330 641 sequitur:

1774 656 1839 710 Ut
1869 665 1913 710 el
1941 658 2038 728 ipsi
2085 661 2138 713 in
2167 661 2308 715 nobis
2357 679 2510 715 unum
2538 665 2657 715 sint.
2718 662 2780 718 Et
2811 680 2908 719 nos
2949 666 3094 719 locus
3120 666 3210 720 Dei
3243 682 3332 719 su-

1769 764 1908 814 mus,
1940 752 2187 818 quoniam
2235 755 2485 821 templum
2525 754 2645 825 ejus
2675 772 2887 819 sumus,
2928 756 3057 810 sicut
3090 767 3331 825 orat/pro

1766 841 1941 907 nobis,
1973 843 2060 910 qui
2088 852 2321 897 mortuus
2343 855 2421 899 est
2448 861 2540 911 pro
2560 846 2729 911 nobis,
2768 847 2999 915 vivitque
3022 862 3114 915 pro
3145 849 3329 905 nobis.

1769 933 1821 985 In
1853 931 1977 1001 ipsis
2008 948 2167 987 unum
2199 950 2401 1000 sumus,
2455 939 2573 1007 quia
2607 940 2772 991 iactus
2801 948 2883 993 est
2932 941 2982 994 in
3018 956 3146 1008 pace
3180 941 3329 995 locus

1765 1023 1902 1090 ejus,
1933 1034 1987 1077 et
2017 1022 2270 1077 habitatio
2294 1026 2473 1094 ejusin
2507 1025 2634 1083 Sion
2660 1026 2833 1098 (Psal.
2867 1030 3044 1098 cxsv),
3076 1045 3193 1097 quae
3226 1046 3324 1085 nos

1764 1129 1964 1167 sumas.
1996 1115 2099 1170 Sed
2132 1115 2248 1182 quis
2274 1115 2493 1170 idoneus
2517 1126 2600 1171 est
2631 1117 2742 1171 loca
2777 1119 2895 1183 ista,
2929 1118 3008 1171 vel
3040 1134 3156 1185 qum
3196 1133 3320 1174 sunt

1766 1203 1964 1257 inlocis
1994 1206 2129 1268 istis,
2161 1205 2276 1260 sine
2290 1208 2536 1274 spatiosis
2567 1196 2968 1276 capacitatibus,
3002 1219 3054 1264 et
3072 1212 3185 1264 sine
3200 1225 3325 1266 cor-

1766 1294 1937 1360 poreis
1966 1296 2249 1349 mobilibus
2287 1297 2558 1365 cogitare?
2591 1299 2702 1351 Non
2739 1314 2921 1366 parum
2954 1300 3128 1355 tamen
3161 1301 3323 1370 proﬁ-

1762 1388 1918 1452 citur,
1945 1388 1988 1441 si
2019 1389 2208 1441 saltem
2237 1390 2489 1460 quidquid
2537 1391 2641 1445 tale
2686 1393 2843 1445 oculo
2874 1392 3046 1445 cordis
3076 1408 3323 1447 occurre-

1762 1480 1829 1533 rit
1859 1482 2098 1549 negatur,
2145 1483 2430 1550 respuitur,
2486 1484 2835 1550 improbatur,
2870 1495 2924 1538 et
2952 1486 3041 1538 lux
3077 1486 3317 1554 quaedam

1760 1570 1810 1625 in
1841 1588 1940 1640 qua
1974 1572 2071 1625 i~ta
2107 1575 2344 1642 neganda
2395 1576 2687 1642 respuenda
2715 1616 2731 1642 ,
2785 1577 3152 1645 improbanda,
3200 1593 3320 1633 cer-

1760 1673 1977 1729 nuntur,
2013 1664 2146 1718 sicut
2181 1665 2429 1733 potuerit,
2477 1666 2758 1734 cogitatur,
2806 1676 2860 1720 et
2906 1682 3062 1736 quam
3083 1670 3318 1724 sitcerta

1757 1758 2094 1824 cognoscitur
2124 1766 2175 1811 et
2196 1766 2420 1823 amatur,
2450 1769 2506 1812 ut
2534 1758 2655 1812 inde
2679 1766 2937 1828 surgatur,
2963 1770 3121 1829 atque
3144 1759 3209 1813 ad
3239 1760 3321 1813 in-

81 1868 276 1905 versum
310 1868 388 1904 me
413 1863 483 1905 est
507 1850 655 1922 (Luc.
682 1851 779 1921 st).
807 1850 908 1906 Sed
938 1865 1056 1905 cum
1092 1849 1231 1903 Patri
1264 1850 1370 1903 Deo
1398 1850 1606 1904 dicebat
1634 1865 1649 1903 :
1689 1831 1733 1891 Β
1762 1847 1949 1899 teriora
1974 1846 2094 1899 tend
2114 1858 2235 1901 .tur.
2261 1846 2386 1914 Quae
2419 1862 2539 1901 cum
2574 1857 2853 1915 penetrare
2878 1863 3031 1903 mens
3063 1849 3315 1913 invalida,

82 1940 221 2005 Quos
242 1941 429 1995 dedisti
456 1941 597 2005 mihi,
627 1941 739 1994 volo
768 1949 822 1993 ut
846 1939 929 1993 ubi
956 1955 1048 2008 ego
1076 1957 1209 2005 sum,
1240 1948 1285 1992 et
1314 1938 1389 1991 illi
1417 1940 1515 1993 sint
1541 1955 1650 1991 me-

81 2050 212 2095 ruas,
237 2032 305 2085 de
335 2033 512 2101 specie
546 2032 630 2085 illa
654 2030 961 2085 omnimodo
990 2030 1218 2097 dicebat,
1252 2031 1304 2085 in
1335 2045 1433 2099 qua
1462 2030 1653 2084 videbi-

80 2141 186 2178 mus
208 2140 327 2180 eum
361 2125 513 2177 sicnti
538 2134 610 2178 est
642 2124 693 2195 (Ι
726 2122 881 2177 Joan.
914 2122 1013 2192 tu).
1051 2122 1219 2177 Nemo
1249 2124 1648 2177 serenissimutn

80 2232 289 2272 sensum
347 2218 587 2271 nubilasa
636 2218 1056 2272 contradictione
1103 2217 1397 2285 perturbet.
1446 2217 1648 2271 Consc-

80 2310 286 2377 quentia
323 2308 638 2375 perltiheant
667 2310 1026 2363 testimonium
1079 2308 1503 2376 pra‘cedentibus
1530 2324 1650 2361 ver-

82 2401 174 2453 bis.
203 2399 409 2467 Nempe
429 2415 549 2453 cum
576 2399 797 2453 dixisset
826 2416 839 2451 :
876 2398 1003 2451 Volo
1035 2406 1087 2451 ut
1120 2399 1201 2451 ubi
1224 2414 1313 2469 ego
1336 2416 1467 2463 sum,
1504 2407 1552 2452 et
1573 2398 1651 2453 illi

81 2489 177 2541 sint
206 2505 424 2555 mecum,
454 2491 707 2541 continuo
735 2497 947 2543 secutus
974 2488 1249 2556 adjunxit:

151 2576 216 2633 Ut
242 2579 446 2631 videant
476 2577 752 2630 claritatem
779 2593 962 2641 meam,
979 2594 1130 2647 quam
1147 2578 1331 2631 dedisti
1360 2578 1499 2638 nti/tt,
1527 2579 1647 2649 quia

83 2666 299 2719 dilexisti
339 2682 417 2719 me
459 2674 578 2718 ante
617 2668 1023 2719 constitutionem
1067 2668 1265 2722 arandi.
1328 2666 1396 2740 Ut
1425 2669 1643 2735 videant,

82 2760 227 2820 dixit,
272 2772 377 2811 non
424 2757 489 2812 Ut
530 2758 770 2811 credant.
827 2758 972 2812 Fidei
1014 2773 1219 2812 merces
1265 2766 1348 2811 est
1390 2760 1507 2823 ista,
1542 2775 1647 2813 non

84 2846 228 2900 ﬁdes.
283 2846 339 2901 Si
387 2852 529 2900 en‘m
565 2846 692 2899 ﬁdes
738 2849 802 2899 ad
836 2847 1090 2901 liclmeos
1142 2848 1193 2900 in
1226 2847 1454 2913 Epistola
1502 2858 1649 2904 recte

82 2939 295 2993 deﬁnita
322 2948 405 2994 est
440 2940 686 2993 comvictio
716 2955 884 2992 rerum
914 2956 1029 3007 quat
1069 2956 1169 2992 non
1204 2939 1436 3002 videntur
1460 2939 1645 3011 (Hebr.

86 3032 181 3101 st),
236 3048 336 3087 cur
384 3048 488 3085 non
541 3045 744 3084 merces
778 3031 900 3085 lidei
945 3029 1232 3085 detiniatur
1282 3031 1416 3084 visio
1466 3047 1645 3085 rerum

80 3140 191 3190 qua:
218 3120 437 3177 credita
465 3120 853 3188 sperabantur?
883 3122 1011 3174 Cum
1044 3119 1329 3175 viderimus
1358 3121 1499 3174 enim
1530 3121 1642 3176 cla-

81 3218 285 3272 ritatem
326 3233 480 3286 quam
530 3217 679 3271 dedit
721 3218 875 3271 Pater
916 3216 1065 3282 Filio,
1120 3218 1325 3271 etiamsi
1364 3232 1482 3271 eam
1541 3218 1644 3273 dici

81 3314 177 3367 hoc
202 3311 325 3365 loco
356 3310 733 3379 intelfigamus,
779 3326 882 3363 non
910 3326 1067 3387 quam
1106 3310 1260 3365 Pater
1292 3310 1480 3377 aequali
1513 3310 1647 3364 Filio

78 3406 297 3473 gignens
338 3419 457 3455 eum
507 3402 672 3463 detbt,
703 3406 794 3456 sed
842 3417 1003 3470 quam
1032 3401 1172 3456 facto
1222 3402 1453 3455 bominis
1508 3401 1643 3455 Filio

80 3494 217 3548 dedit
266 3494 312 3548 ei
362 3504 480 3561 post
528 3502 753 3547 mortem
798 3493 991 3556 crucis,
1024 3493 1237 3561 quando
1280 3509 1407 3561 ergo
1442 3494 1645 3547 videbi-

81 3600 187 3637 tuus
229 3586 377 3637 illam
421 3583 537 3637 Filii
569 3583 898 3649 claritatem,
934 3583 1171 3650 profecto
1216 3593 1337 3637 tunc
1378 3582 1467 3637 liet
1504 3582 1645 3651 judi-

79 3676 207 3728 cium
236 3676 481 3729 vivorum
521 3686 681 3743 atque
709 3691 1058 3730 mortuorum.
1107 3674 1252 3727 Tunc
1298 3674 1501 3727 tolletur
1542 3675 1641 3725 im-

80 3769 205 3834 pius,
231 3782 297 3819 ne
323 3767 490 3820 videat
519 3767 798 3819 claritatem
830 3764 1035 3817 Domini
1068 3764 1217 3833 (lsai.
1254 3765 1423 3830 xxvi).
1474 3765 1640 3828 Quam

80 3869 269 3925 autem,
302 3859 401 3914 nisi
438 3860 590 3911 illam
618 3873 717 3924 qua
751 3856 890 3909 Deus
917 3857 1041 3909 est?
1088 3854 1233 3907 Beati
1276 3855 1418 3907 enim
1463 3853 1641 3906 mundi

80 3952 258 4014 cordis,
306 3951 431 4020 quia
462 3949 559 4015 ipsi
608 3945 768 4000 Deum
796 3948 1034 3999 videbunt
1082 3944 1290 4016 (ilattlt.
1334 3947 1481 4011 xxv).
1535 3944 1641 3997 Nec

83 4045 251 4097 mundi
281 4042 460 4097 cordis
490 4048 614 4094 sunt
658 4038 839 4106 impii;
892 4047 1172 4105 propterea
1222 4051 1325 4088 non
1360 4036 1636 4092 videbunt.

81 4136 219 4187 Tunc
268 4136 420 4186 ihuut
464 4131 564 4195 ipsi
609 4130 667 4183 in
704 4130 1009 4197 supplicium
1054 4137 1295 4181 teternum
1352 4128 1453 4195 (sic
1496 4128 1639 4179 enim

80 4228 272 4279 tolletur
311 4226 533 4293 impius,
580 4238 641 4274 ne
686 4222 851 4275 videat
906 4222 1181 4274 claritatem
1232 4218 1479 4288 Domini),
1504 4220 1639 4289 justi

80 4330 240 4370 autem
276 4318 418 4369 ibunt
448 4317 501 4367 in
529 4316 678 4367 vitam
704 4324 941 4366 (sternam
969 4310 1180 4381 (Matth.
1219 4316 1391 4379 sxw).
1426 4310 1489 4363 Et
1519 4323 1637 4377 quae

78 4419 153 4463 est
178 4408 279 4461 vita
311 4409 548 4461 teterttat
601 4416 654 4457 ut
686 4411 1009 4473 cognoscant,
1064 4403 1248 4470 inquit,
1284 4412 1331 4455 te
1360 4400 1524 4454 solum
1555 4416 1639 4453 tte-

81 4518 185 4552 rutn
230 4500 411 4562 Deum,
460 4507 507 4552 et
554 4511 698 4563 quen
737 4495 940 4558 misisti,
972 4496 1148 4546 Jesum
1178 4492 1457 4547 Christum.
1514 4491 1630 4543 Non
1665 4531 1715 4590 ο

85 4590 247 4662 utique
284 4593 420 4647 sicut
445 4607 567 4647 eum
600 4598 962 4659 ctignoverttnt
1007 4590 1120 4655 qui,
1154 4586 1277 4638 licet
1318 4602 1421 4637 non
1454 4584 1632 4637 tnuudi

82 4685 264 4751 cordis,
295 4693 472 4737 tamen
522 4684 572 4735 in
606 4683 768 4734 forma
801 4681 940 4733 servi
970 4679 1258 4732 clarilicata
1305 4676 1633 4744 judicautem

84 4780 250 4833 ridere
275 4786 574 4846 potuerunt,
605 4774 697 4828 sed
726 4774 862 4827 sicut
886 4768 1283 4841 cognoscendus
1304 4778 1387 4823 est
1414 4784 1445 4821 θ
1476 4784 1634 4821 mun-

82 4870 156 4923 dis
200 4872 360 4922 oorde
413 4868 562 4921 solus
596 4878 748 4918 verus
780 4865 917 4917 Deus
962 4878 1081 4917 cum
1114 4861 1290 4925 Patre,
1344 4870 1397 4914 et
1431 4859 1635 4928 Spiritu

85 4970 253 5014 sancto
301 4960 483 5022 Filius,
534 4956 655 5025 quia
706 4954 815 5023 ipsa
861 4954 1095 5008 Trinitas
1142 4960 1225 5005 est
1275 4950 1424 5004 solus
1476 4963 1635 5002 verus

88 5054 232 5106 Deus.
263 5053 316 5106 Si
345 5066 473 5119 ergo
502 5048 791 5103 secundum
826 5047 874 5099 id
906 5046 1043 5115 quod
1077 5044 1239 5099 Filius
1267 5043 1357 5097 Dei
1389 5043 1528 5096 Deus
1554 5049 1637 5095 est

88 5146 215 5198 l‘atri
244 5145 458 5213 mqualis
505 5150 663 5212 atque
692 5154 1011 5203 coaeternus,
1045 5138 1365 5205 accipiamus
1401 5140 1498 5189 hoc
1550 5134 1632 5187 di-

85 5246 254 5287 Ctum:
294 5234 415 5289 l’olo
446 5242 498 5286 ut
529 5233 613 5285 ubi
644 5247 732 5301 ego
771 5246 904 5293 sum,
935 5240 982 5282 et
1028 5227 1125 5296 ipsi
1172 5228 1274 5279 sint
1318 5241 1532 5290 mecum,
1582 5223 1633 5277 in

93 5325 231 5377 Patre
258 5340 374 5378 cum
408 5324 625 5378 Christo
663 5324 894 5385 erimus;
947 5320 1039 5373 sed
1084 5320 1171 5371 ille
1216 5321 1355 5371 sicut
1401 5318 1509 5379 ille,
1538 5330 1633 5368 nos

90 5418 211 5470 sicut
237 5432 347 5480 nos,
376 5419 673 5485 ubicunque
700 5429 923 5481 corpore
954 5414 1225 5465 luerunt“.
1254 5409 1311 5463 Si
1343 5410 1485 5463 enim
1521 5408 1634 5460 loca

91 5508 293 5563 dicenda
338 5519 460 5562 sunt
507 5521 563 5562 et
611 5506 801 5576 quibus
849 5520 951 5557 non
1003 5518 1223 5571 corpora
1274 5502 1633 5570 continentur,

90 5613 139 5655 et
161 5605 298 5659 locus
320 5612 402 5659 est
423 5604 620 5671 cuique
644 5600 719 5655 rei
748 5599 833 5653 ubi
861 5608 963 5664 est,
994 5598 1143 5651 locus
1170 5595 1369 5649 Christi
1402 5605 1633 5648 πίει-ειυς

95 5700 171 5748 ubi
196 5712 397 5764 semper
424 5707 528 5760 est,
562 5696 676 5763 ipse
706 5693 857 5747 Pater
888 5701 987 5755 est,
1036 5700 1087 5744 et
1115 5690 1262 5743 locus
1296 5687 1467 5742 Patris
1496 5684 1637 5739 illius

93 5798 185 5851 est,
210 5789 324 5854 quia
352 5784 482 5861 (gap
516 5786 709 5857 inquit.
749 5787 800 5840 in
832 5782 1001 5848 Patre,
1053 5793 1098 5836 et
1145 5781 1299 5835 Putcr
1340 5782 1392 5834 in
1432 5794 1509 5834 me
1541 5787 1632 5844 est,

1753 1944 1805 1990 et
1846 1937 2018 1988 minus
2050 1949 2206 2004 quam
2251 1937 2334 1989 illa
2382 1948 2503 1991 sunt
2534 1952 2685 2005 puta,
2744 1938 3038 2005 nequiverit
3068 1954 3171 1991 non
3202 1939 3319 1991 sine

1752 2028 1945 2080 amoris
1991 2029 2189 2095 gemitu
2218 2034 2273 2080 et
2302 2024 2553 2080 desiderii
2600 2025 2850 2097 larrytnis
2899 2027 3022 2081 inde
3068 2028 3315 2094 pellatur.

1752 2128 1807 2173 et
1853 2120 2116 2187 patienter
2163 2117 2319 2181 ierat,
2368 2121 2600 2187 quandiu
2647 2118 2752 2175 [ide
2800 2122 3109 2186 mundatur,
3159 2132 3315 2190 atque

1749 2220 1805 2265 ut
1836 2212 1937 2267 illic
1975 2214 2209 2267 habitare
2241 2214 2433 2277 valeat,
2460 2214 2656 2269 sanctis
2697 2212 2929 2288 moribus
2961 2222 3311 2282 praeparetur.

1748 2304 2025 2367 Quomodo
2090 2318 2217 2371 ergo
2264 2318 2369 2365 non
2415 2305 2614 2359 erimus
2656 2318 2775 2359 cum
2818 2304 3031 2359 Christo
3080 2306 3165 2359 ubi
3211 2316 3313 2370 est,

1749 2397 1960 2463 quando
1988 2392 2039 2449 in
2068 2395 2223 2453 Patre
2247 2410 2367 2451 cum
2392 2396 2483 2451 illo
2512 2397 2729 2461 erimus.
2761 2398 2811 2450 in
2841 2412 2945 2466 quo
2974 2397 3088 2451 est?
3133 2396 3312 2467 Neque

1752 2488 1871 2539 hinc
1898 2487 2179 2553 Apostolus
2207 2487 2379 2552 nobis,
2408 2487 2647 2556 quamvis
2678 2488 2907 2559 nondum
2938 2503 3051 2543 rem
3085 2488 3313 2545 tenenti-

1746 2575 1870 2641 bus,
1914 2577 2006 2633 sed
2039 2586 2211 2632 tamen
2253 2592 2400 2646 spem
2427 2578 2729 2646 gerentibus
2772 2580 2953 2631 tacuit.
3007 2578 3100 2633 Ait
3128 2580 3304 2633 enim:

1750 2667 1810 2722 Si
1839 2670 2187 2721 t'esurrezistis
2218 2682 2334 2723 cum
2360 2666 2585 2729 Christo,
2626 2683 2737 2736 qua
2764 2683 2963 2721 sursum
3008 2676 3124 2721 sunt
3169 2685 3311 2738 quat-

1748 2762 1864 2825 rite,
1902 2761 1987 2814 ubi
2009 2760 2239 2814 Christus
2266 2771 2337 2814 est
2371 2764 2421 2813 in
2450 2762 2658 2815 dextera
2688 2759 2780 2814 Dei
2819 2760 3030 2823 sedens;
3063 2776 3176 2831 qua
3200 2777 3315 2815 sur-

1748 2868 1857 2904 sum
1890 2863 2008 2904 sunt
2037 2852 2221 2919 sapite,
2254 2867 2353 2905 non
2390 2866 2503 2917 qua
2538 2867 2688 2921 super
2718 2858 2925 2904 terram.
2968 2850 3157 2905 Ποτιυὶ
3182 2852 3315 2904 enim

1748 2944 1882 3005 estis,
1916 2943 2116 3011 inquit,
2147 2952 2194 2997 et
2222 2942 2322 2995 vita
2352 2951 2513 2995 vestra
2538 2942 2831 2997 abscondita
2858 2950 2931 2994 est
2964 2956 3077 2993 cum
3116 2939 3313 2995 Christo

1749 3035 1799 3087 in
1826 3032 1931 3087 Deo
1954 3033 2169 3106 (Cotus.
2202 3036 2304 3102 tu).
2365 3033 2501 3089 Ecce
2548 3034 2757 3088 interim
2808 3032 2911 3087 fide
2956 3047 3018 3087 ac
3066 3046 3161 3101 spe
3208 3032 3311 3087 vita

1751 3137 1931 3180 nostra
1982 3127 2067 3181 ubi
2116 3112 2362 3181 Christus
2414 3134 2516 3192 est,
2563 3141 2686 3181 cum
2733 3126 2827 3182 illo
2874 3134 2974 3190 est,
3024 3127 3144 3193 quia
3191 3139 3311 3177 cum

1749 3222 1956 3278 Christo
2000 3224 2051 3276 in
2086 3222 2192 3277 Deo
2219 3231 2319 3277 est.
2354 3221 2491 3277 Ecce
2521 3221 2665 3275 velut
2687 3220 2799 3289 jam
2843 3219 3035 3274 factum
3065 3228 3145 3273 est
3172 3220 3311 3289 quod

1746 3314 1915 3367 oravit
1952 3325 2005 3366 ut
2037 3314 2185 3369 ﬁeret
2218 3314 2400 3367 dicens
2432 3328 2449 3367 :
2490 3310 2621 3365 Volo
2667 3322 2729 3367 ut
2753 3311 2839 3363 ubi
2868 3327 2957 3379 ego
2992 3325 3050 3362 su
3071 3328 3124 3373 η,
3157 3321 3201 3361 et
3234 3310 3312 3361 illi

1743 3408 1841 3460 sint
1870 3424 2096 3469 mecum,
2126 3406 2218 3459 sed
2248 3420 2387 3459 nunc
2423 3418 2515 3471 per
2545 3401 2729 3470 ﬁdem,
2758 3402 2967 3471 quando
3007 3410 3182 3454 autem
3221 3401 3313 3454 Ilet

1747 3516 1837 3567 per
1876 3497 2144 3565 speciem?
2174 3495 2301 3551 Cum
2340 3495 2591 3558 Christus,
2636 3493 2828 3563 inquit,
2868 3492 3159 3560 apparuerit
3208 3489 3309 3542 cita

1743 3602 1939 3655 vestra,
1985 3602 2103 3644 tunc
2146 3598 2193 3643 et
2250 3604 2337 3641 vos
2382 3586 2688 3657 apparebitis
2747 3600 2861 3638 eum
2906 3582 2993 3636 illo
3042 3584 3094 3635 in
3144 3582 3309 3651 gloria

1746 3683 1953 3755 (lbid.).
1984 3682 2134 3736 Tunc
2162 3681 2533 3747 apparehimus
2562 3675 2701 3745 quod
2746 3684 2869 3729 tunc
2909 3676 3109 3728 erimus
3129 3712 3144 3736 ,
3188 3672 3307 3737 quia

1744 3786 1866 3826 tunc
1907 3770 2180 3840 apparebit
2228 3784 2330 3823 non
2384 3770 2608 3822 inaniter
2658 3779 2757 3819 nos
2811 3765 2863 3819 id
2913 3762 3199 3817 credidisse
3246 3777 3308 3815 ac

1741 3876 1990 3929 sperasse
2042 3872 2329 3929 antequam
2380 3871 2640 3913 essemus.
2691 3854 2872 3907 Faciet
2918 3852 3015 3906 hoc
3065 3853 3171 3912 illc.
3222 3851 3305 3904 cui

1743 3954 1904 4008 Filius
1916 3969 2035 4007 cum
2062 3954 2315 4008 dixisset:
2346 3950 2413 4005 Ut
2440 3951 2643 4003 videant
2664 3948 2943 4003 claritatem
2972 3961 3130 3997 meam
3153 3961 3306 4013 quam

1740 4047 1921 4099 dedisti
1954 4045 2109 4109 mihi,
2154 4046 2407 4097 continuo
2448 4040 2723 4109 subjunxit
2756 4057 2767 4091 :
2800 4036 2939 4102 Quia
2980 4037 3204 4090 dilexisti
3228 4053 3306 4088 me

1740 4150 1855 4194 ante
1878 4138 2281 4193 constitutionem
2309 4136 2504 4189 mundi.
2540 4136 2592 4188 In
2624 4132 2714 4186 illo
2741 4130 2882 4186 enim
2914 4130 3097 4183 dilexit
3124 4139 3172 4181 et
3208 4142 3303 4180 nos

1740 4242 1863 4285 ante
1911 4230 2337 4283 constitutionem
2391 4224 2601 4287 mundi;
2649 4233 2702 4276 et
2752 4232 2875 4275 tunc
2909 4220 3301 4289 prtedestinavit

1738 4323 1875 4393 quod
1904 4323 1954 4375 itt
1989 4320 2091 4373 line
2125 4318 2356 4372 facturus
2382 4326 2463 4371 est
2494 4314 2698 4370 mttndi.

1814 4457 1985 4522 Pater,
2015 4455 2204 4524 inquit,
2238 4456 2400 4525 juste,
2425 4448 2646 4503 vitandus
2678 4458 2723 4502 te
2748 4463 2849 4501 non
2878 4446 3125 4515 cognovit.
3167 4442 3297 4510 Quis

1742 4553 1913 4619 justus
1939 4564 2018 4614 es,
2079 4547 2199 4601 ideo
2230 4554 2278 4599 te
2310 4559 2412 4596 non
2453 4540 2717 4609 cognovit.
2746 4536 2969 4591 Mundus
2999 4536 3189 4605 quippe
3218 4532 3303 4585 ille

1740 4639 2061 4696 damnationi
2118 4635 2516 4707 pmdestinatus
2584 4634 2774 4685 merito
2842 4642 2943 4680 non
3015 4623 3297 4692 cognovit,

1740 4734 1967 4791 mundus
1996 4747 2123 4786 vero
2152 4744 2307 4795 quem
2350 4742 2439 4795 per
2468 4724 2738 4779 Christum
2789 4717 3144 4774 reconciliavit
3174 4715 3297 4777 sibi,

1740 4842 1843 4880 non
1876 4828 2083 4885 merito,
2112 4819 2202 4874 sed
2230 4818 2392 4886 gratia
2435 4814 2701 4883 cognovit.
2732 4810 2865 4878 Quid
2896 4818 2972 4863 est
3006 4808 3146 4861 enim
3177 4820 3297 4859 eum

1738 4928 2081 4985 cognoscere,
2113 4912 2210 4965 nisi
2256 4910 2358 4963 vita
2394 4916 2611 4967 attenta,
2642 4918 2797 4973 quani
2829 4899 3025 4953 mundo
3051 4898 3299 4949 damnato

1739 5010 1916 5075 utique
1964 5020 2067 5057 non
2116 5002 2297 5065 dedit,
2355 4997 2693 5053 reconciliato
2768 4990 2956 5045 dedit?
3017 4990 3301 5056 Propterea

1739 5098 1917 5164 itaque
1967 5092 2193 5147 mundus
2243 5106 2345 5143 non
2398 5086 2684 5155 cognovit,
2738 5081 2856 5151 quia
2906 5079 3072 5148 justus
3118 5092 3200 5141 es,
3249 5085 3303 5129 et

1738 5185 1940 5240 meritis
1970 5184 2084 5251 ejus
2117 5192 2171 5233 ut
2201 5196 2303 5233 non
2334 5183 2679 5245 cognosceret
2718 5167 3032 5225 rctribuisti.
3092 5167 3153 5217 Et
3186 5178 3304 5233 pro-

1738 5287 1915 5346 pterea
1968 5274 2141 5342 itaque
2174 5271 2399 5324 mundus
2449 5264 2817 5320 reconciliatus
2867 5258 3139 5327 cognovit,
3174 5256 3295 5324 quia

1738 5365 2042 5420 misericors
2089 5377 2168 5427 cs,
2216 5373 2267 5415 et
2319 5369 2371 5411 ut
2420 5361 2785 5425 cognosceret,
2831 5350 2879 5403 ei
2929 5364 3031 5401 non
3082 5346 3295 5408 merito,

1738 5458 1831 5513 sed
1861 5459 2023 5527 gratia
2055 5452 2364 5508 subvenisti.
2399 5448 2636 5517 Denique
2666 5442 2903 5513 sequitur
2928 5458 2941 5494 :

1813 5595 1921 5667 Ege
1959 5604 2126 5647 autem
2166 5602 2211 5644 te
2245 5589 2469 5658 cognovi.
2519 5587 2634 5653 Ipse
2663 5581 2782 5637 fons
2825 5580 3006 5651 gratim
3033 5585 3135 5641 est,
3168 5574 3303 5667 Deus

1743 5700 1950 5753 natura,
2000 5688 2158 5739 homo
2202 5694 2376 5736 autem
2407 5681 2473 5734 de
2504 5679 2705 5747 Spiritu
2752 5684 2937 5727 sancto
2979 5679 3033 5723 et
3074 5681 3301 5735 Virgine.

1742 5780 1991 5838 intﬂubili
2040 5778 2220 5849 gratis.
2274 5774 2504 5843 Denique
2535 5779 2735 5837 propter
2768 5768 2952 5835 ipsum,
2990 5762 3109 5833 quia
3140 5760 3305 5829 gratia
