3884 6232
573 337 678 393 895

1075 333 1274 390 BEDAS
1317 334 1763 394 VENERABILIS
1800 334 2084 393 OPERUK
2126 332 2302 390 PARS
2340 334 2402 393 ΙΙ.
2447 368 2514 380 -
2554 338 2939 396 EXEGETICA
2979 336 3301 395 GENUINA.

3714 338 3804 397 896

572 453 665 506 Dei
696 449 975 521 perluunt
1004 448 1262 505 CItritlum
1302 430 1371 504 est
1404 450 1679 504 Dominum
1707 461 1930 505 nostrum
1959 446 2139 521 (Rom.
2172 451 2216 508 Α
2248 446 2557 515 principibus
2607 457 2656 502 et
2705 445 2985 501 Phariseis
3026 446 3299 513 ministros,
3357 447 3491 501 renit
3534 448 3659 500 illuc
3700 463 3805 498 cum

567 546 689 610 vtt).

640 631 708 686 Et
764 632 819 686 hi
852 640 1196 700 cognoverunt
1223 672 1238 696 ,
1290 632 1491 701 inquit,
1547 633 1669 703 quia
1712 642 1765 687 tu
1810 649 1889 686 me
1936 630 2137 684 mis'sti.

571 722 690 791 Ipse
712 734 796 779 est
824 724 1049 777 mundus
1078 724 1468 780 reconciliatus.
1495 724 1602 781 Sed
1616 725 1738 791 quia
1768 732 1822 776 tu
1838 739 1917 778 me
1936 721 2140 785 misisti,

572 815 692 868 ideo
718 823 1083 881 cognoverunt
1115 829 1130 880 ;
1159 827 1289 881 ergo
1315 813 1484 883 gratia
1506 822 1888 884 cognoverunt.

644 902 709 956 Et
749 912 924 957 notum
968 904 1087 972 feci,
1130 904 1324 975 inquit,
1370 906 1440 958 eis
1482 920 1660 958 nomen
1693 889 1858 970 tuum,
1887 913 1935 958 et
1964 912 2139 957 notum

574 992 779 1048 faciant.
818 990 1010 1045 Nilum
1060 990 1160 1046 feci
1207 1008 1301 1061 per
1350 994 1530 1060 Iidem,
1579 1004 1758 1049 notum
1804 992 1997 1047 faciam
2050 1009 2142 1061 per

475 1096 509 1130 ω
570 1082 826 1152 speciem.
854 1081 1046 1138 Notum
1076 1082 1174 1138 ieci
1218 1098 1339 1139 cum
1374 1085 1476 1138 llde
1508 1082 1986 1153 peregrinantibus,
2037 1098 2136 1137 no-

576 1183 684 1229 tum
718 1166 915 1226 iaciam
941 1174 1057 1229 sine
1099 1174 1201 1230 line
1235 1176 1599 1245 regnantibus.

646 1261 715 1318 Ut
738 1264 961 1329 dilectio,
988 1266 1174 1333 inquit,
1199 1281 1351 1332 quam
1381 1268 1605 1322 dilexisti
1626 1284 1729 1335 me,
1755 1267 1807 1321 in
1828 1268 1953 1338 ipsis
1977 1268 2061 1333 sit,
2094 1276 2140 1321 et

570 1370 661 1422 ego
682 1356 735 1407 in
775 1354 919 1421 ipsis.
965 1356 1077 1409 Non
1108 1366 1195 1412 est
1239 1358 1430 1411 usitata
1478 1346 1697 1423 locutio,
1748 1358 1951 1411 dilectio
1988 1374 2138 1428 quam

571 1444 793 1501 dilexisti
827 1463 924 1500 me.
977 1446 1177 1503 Usitate
1215 1449 1408 1517 quippe
1438 1449 1730 1514 diceretur,
1758 1449 1965 1502 dilectio
1987 1465 2140 1519 quam

571 1536 798 1589 dilexisti
840 1552 935 1590 me.
996 1538 1067 1592 De
1096 1538 1284 1593 Grmco
1315 1538 1528 1608 quidem
1573 1540 1674 1594 ista
1715 1532 1966 1593 translata
2016 1546 2137 1604 est;

572 1625 669 1679 sed
698 1637 823 1679 sunt
852 1628 1051 1681 similes
1076 1636 1131 1683 et
1164 1628 1393 1693 Latinae,
1427 1629 1565 1683 sicut
1592 1627 1819 1682 dicimus
1844 1644 1858 1681 :
1904 1626 2138 1682 Fidelem

576 1720 885 1771 so-rvitutem
936 1717 1181 1784 servivit,
1234 1729 1507 1773 strenuam
1555 1718 1798 1772 militiam
1850 1717 2135 1796 militavit;

573 1806 716 1873 quod
741 1807 841 1863 dici
882 1807 1131 1863 debuisse
1158 1809 1430 1863 videatur:
1476 1807 1644 1862 Fideli
1672 1810 1934 1864 servitute
1961 1791 2132 1864 servi-
2171 1791 2213 1852 Β

572 1897 667 1962 vit,
696 1906 910 1950 strenua
942 1897 1128 1951 militia
1170 1897 1440 1951 militavit.
1484 1896 1667 1963 Qualis
1694 1908 1875 1951 autem
1923 1897 2024 1951 ista
2056 1898 2134 1951 Io-

569 1987 714 2039 cutio
741 1996 825 2041 est
852 2004 864 2015 ·
898 1985 1113 2040 Dilectio
1141 2002 1291 2055 quam
1316 1986 1539 2040 dilexisti
1574 2003 1673 2051 me,
1708 1986 1798 2039 tali
1826 1995 1879 2041 et
1910 1986 2137 2055 Apodo-

572 2077 653 2129 Ius
692 2092 817 2129 usus
845 2086 949 2141 est,
981 2076 1178 2132 Bonum
1202 2084 1454 2131 certamen
1486 2076 1671 2130 rertavi
1704 2074 1824 2147 (111
1851 2076 1982 2131 Tim.
2018 2078 2132 2146 tv);

573 2184 677 2222 non
708 2168 781 2221 ait
805 2186 816 2219 :
850 2168 996 2221 Bono
1023 2169 1337 2233 certamine,
1370 2169 1510 2236 quod
1539 2167 1782 2222 usitatius
1806 2178 1860 2222 et
1885 2177 2135 2237 tauquam

574 2258 769 2313 rectius
796 2257 1087 2313 diceretur.
1142 2257 1422 2325 Quomodo
1452 2270 1629 2314 autem
1661 2257 1879 2313 dilectio
1928 2273 2027 2327 qua
2057 2258 2138 2311 di-

573 2349 700 2402 lesit
727 2348 881 2403 I’ater
912 2347 1125 2413 Filium,
1157 2360 1238 2403 est
1268 2358 1323 2403 et
1354 2351 1403 2402 in
1437 2350 1615 2414 nobis,
1667 2350 1766 2403 nisi
1809 2349 1929 2417 quia
1968 2365 2138 2403 metu-

572 2439 664 2493 bra
695 2440 808 2509 eius
839 2456 1044 2507 sumus,
1075 2451 1130 2495 et
1160 2441 1212 2494 in
1246 2440 1337 2494 illo
1370 2439 1665 2509 diligimur,
1721 2454 1841 2493 cum
1870 2440 1987 2507 ipse
2018 2438 2138 2493 dili-

570 2534 712 2603 gitur
736 2542 896 2597 totus,
928 2534 977 2586 id
1000 2540 1103 2596 est,
1137 2541 1298 2601 caput
1319 2541 1375 2586 et
1400 2530 1643 2599 corpus?
1676 2530 1801 2585 Ideo
1818 2529 2132 2598 subiunxit:

575 2622 642 2679 Et
667 2641 758 2694 ego
785 2625 837 2677 in
861 2626 1005 2693 ipso,
1036 2637 1287 2693 tanquam
1333 2622 1533 2677 diceret
1558 2638 1574 2677 :
1600 2619 1861 2689 Quoniam
1890 2635 1990 2689 ego
2019 2635 2135 2673 sum

571 2725 625 2770 et
655 2714 707 2769 in
737 2714 885 2783 ipsis.
943 2714 1110 2767 Aliter
1161 2714 1304 2767 enim
1346 2722 1427 2765 est
1473 2712 1527 2765 in
1574 2710 1728 2764 nobis
1771 2720 2018 2778 tanquam
2082 2708 2165 2762 in'

571 2809 769 2876 templo
796 2819 913 2871 suo,
963 2803 1121 2859 aliter
1163 2814 1340 2859 autem
1391 2803 1513 2873 quia
1542 2809 1597 2856 et
1647 2816 1744 2855 nos
1774 2800 1890 2867 ipse
1920 2813 2131 2865 sumus,

576 2912 721 2963 cum,
752 2896 1044 2951 secundum
1076 2896 1125 2949 id
1156 2893 1321 2965 quod,
1374 2901 1433 2948 ut
1480 2899 1639 2962 caput
1685 2903 1926 2945 nostrum
1972 2897 2135 2953 esset,

570 2990 728 3043 homo
759 2989 929 3044 luctus
954 2996 1066 3053 est,
1094 3001 1291 3057 corpus
1321 2986 1438 3055 ejus
1465 2997 1671 3041 sumus.

734 3077 909 3133 Finita
929 3087 1001 3132 est
1029 3076 1313 3134 Saluatoris
1334 3076 1516 3147 oratio.
1546 3074 1737 3143 Incipit
1763 3071 1967 3129 Passio.

1126 3169 1349 3225 CAPUT
1390 3167 1577 3223 XVIII.

646 3260 770 3316 "ac
800 3275 916 3316 eum
941 3261 1147 3315 dixisset
1166 3259 1338 3327 Iesus,
1361 3275 1589 3330 egressus
1618 3268 1690 3312 est
1716 3274 1830 3311 cum
1873 3256 2138 3325 discipulis

568 3355 694 3417 suis.
736 3362 843 3409 etc.
897 3354 1029 3418 IIoc,
1078 3352 1220 3421 quod
1269 3360 1449 3405 narrat
1506 3353 1803 3419 ingressum
1854 3350 2135 3405 Dominum

573 3461 695 3500 cum
722 3442 994 3511 discipulis
1023 3442 1134 3498 suis
1163 3444 1215 3496 in
1248 3442 1479 3503 hortum,
1522 3456 1625 3494 non
1652 3440 1906 3495 continuo
1939 3438 2133 3493 tactum

573 3547 657 3591 cst
679 3550 802 3591 cum
831 3536 947 3604 eius
980 3536 1065 3589 illa
1094 3535 1238 3588 llnita
1268 3541 1412 3589 esset
1440 3534 1633 3596 oratio,
1675 3533 1749 3586 "tle
1777 3530 1931 3600 cujus
1957 3533 2135 3585 verbis

572 3629 646 3679 ait
666 3642 684 3678 :
736 3624 859 3679 Hec
886 3642 999 3677 cum
1046 3625 1254 3677 dixisset
1287 3624 1435 3676 Iesus
1461 3638 1479 3687 ;
1513 3621 1606 3676 sed
1622 3614 1759 3675 iaIia'
1787 3622 2028 3689 quaedam
2057 3622 2140 3675 in-

576 3717 847 3783 terposita,
879 3731 997 3785 quas
1026 3716 1094 3770 ab
1114 3717 1216 3770 isto
1245 3714 1628 3781 prmtermissa,
1652 3714 1791 3780 apud
1819 3713 1953 3767 alios
1974 3728 2138 3766 evan-

574 3807 787 3875 gelistas
819 3806 1083 3875 leguntur,
1111 3805 1248 3860 sicut
1267 3806 1403 3874 apud
1431 3807 1571 3859 hunc
1600 3805 1939 3859 inveniuntur
1970 3802 2135 3856 multa

577 3912 694 3965 qua:
727 3894 799 3949 illi
822 3895 1070 3951 similiter
1095 3896 1145 3950 in
1170 3911 1265 3951 sua
1296 3899 1598 3951 narratione
1630 3904 1932 3949 tacuerunt.
1982 3895 2135 3960 Quo-

576 3985 735 4037 modo
762 3994 939 4041 antem
971 3986 1111 4041 inter
1158 4001 1216 4039 se
1260 4000 1449 4040 omnes
1478 3988 1821 4050 conveniant,
1868 4001 1970 4040 nec
1992 3987 2136 4040 veri-

574 4076 669 4129 tati
713 4090 830 4142 qua
864 4090 958 4145 per
1004 4078 1166 4131 alium
1215 4078 1502 4146 promitur,
1555 4078 1623 4131 ab
1651 4078 1755 4132 alio
1790 4086 2133 4147 repugnatur,

574 4167 817 4234 quisquis
864 4180 1021 4222 nosse
1070 4158 1361 4231 desiderat,
1418 4182 1523 4222 non
1555 4168 1606 4220 in
1641 4168 1722 4221 his
1776 4168 2132 4233 sermnitibus,

575 4250 667 4308 sed
701 4257 751 4308 in
777 4255 894 4309 aliis
922 4257 1201 4311 laboriosis
1230 4257 1417 4310 litteris
1465 4266 1691 4326 qumrat.
1740 4256 1855 4311 Non
1905 4271 2032 4325 ergo
2061 4256 2137 4311 sic

575 4350 895 4417 accipiamus
924 4349 1064 4417 quod
1094 4350 1170 4405 ait
1194 4368 1205 4401 :
1243 4349 1367 4403 Hice
1386 4366 1501 4402 eum
1536 4350 1745 4402 dixisset
1772 4347 1941 4413 Jesus,
1968 4364 2136 4418 egres-

2246 537 2480 601 laternis.
2508 548 2554 593 et
2578 539 2771 609 facibus
2796 547 2843 593 et
2871 541 3046 593 armis.
3075 536 3301 604 Cohors,
3341 554 3444 593 non
3484 539 3801 603 iud-aerum,

2245 630 2338 685 sed
2369 632 2595 686 militum
2629 632 2745 688 iuit.
2774 633 2820 686 Δ
2849 631 3079 701 pmside
3126 632 3301 699 itaque
3356 632 3684 699 intelligatur
3729 645 3804 683 ac-

2241 732 2416 791 cepta,
2448 731 2691 791 tanquam
2717 722 2784 778 ad
2816 723 3103 780 tenendum
3155 739 3323 785 reum,
3372 734 3584 777 servato
3628 723 3804 777 ordine

2241 809 2487 879 legitimus
2512 813 2805 879 potestatis,
2837 823 2893 865 ut
2924 814 3099 867 nullus
3132 814 3434 867 tenentibus
3468 812 3693 867 auderet
3720 813 3803 866 nb-

2242 901 2447 956 sistere.
2472 902 2782 973 Quanquam
2804 913 2857 957 et
2886 918 3075 958 manus
3104 914 3247 957 tanta
3282 902 3439 956 fuerit
3466 910 3801 970 congregata,

2242 1000 2293 1046 et
2322 995 2398 1048 sic
2419 1004 2619 1048 armata
2642 993 2906 1056 veniebat,
2939 1002 2995 1047 ut
3025 994 3103 1047 vel
3137 988 3379 1057 terreret,
3426 993 3508 1046 vel
3538 992 3702 1045 etiam
3731 1004 3802 1043 re-

2245 1091 2517 1152 pugnaret,
2552 1085 2594 1138 si
2624 1084 2898 1152 quisquam
2941 1082 3208 1138 Christum
3245 1081 3536 1136 defendere
3568 1079 3799 1133 auderet.

2244 1173 2315 1228 Ita
2344 1174 2536 1249 quippe
2563 1176 2678 1244 ejus
2702 1175 3121 1231 abscondebatur
3160 1183 3414 1244 potestas,
3447 1182 3504 1229 et
3546 1170 3798 1227 obtende-

2242 1263 2397 1322 batttr
2426 1266 2721 1332 iullrmitas,
2765 1276 2825 1321 ut
2873 1266 2985 1321 lirec
3038 1266 3265 1321 inimicis
3314 1264 3610 1320 necessaria
3660 1262 3800 1314 vide-

2243 1362 2426 1413 rantur
2466 1355 2723 1413 adversus
2771 1370 2890 1410 eum
2920 1356 2970 1408 in
3004 1372 3157 1423 quem
3204 1354 3331 1409 nihil
3362 1354 3680 1415 valuissent,
3712 1352 3800 1404 nisi

2241 1444 2380 1513 quod
2408 1445 2521 1515 Ipse
2552 1447 2828 1511 voluisset,
2858 1448 2992 1501 bene
3023 1456 3174 1501 utens
3220 1446 3385 1501 bonus
3418 1444 3598 1509 malis,
3650 1453 3704 1497 et
3731 1440 3801 1495 Ia-

2242 1536 2393 1596 ciens
2424 1538 2561 1596 bona
2589 1539 2658 1593 de
2688 1538 2860 1603 malis,
2908 1538 2974 1593 ad
3024 1537 3291 1593 faciendos
3341 1538 3507 1591 bonos
3534 1551 3602 1591 es
3634 1534 3798 1600 matis,

2242 1636 2293 1680 et
2319 1626 2697 1687 discernendos
2724 1642 2754 1681 a
2778 1627 2948 1681 malis.

2310 1715 2460 1777 Jesus
2506 1720 2677 1787 itaque
2719 1719 2880 1787 (sicut
2932 1719 3239 1788 evangelista
3290 1729 3489 1774 uentus
3540 1721 3799 1793 adjungit)

2238 1810 2399 1866 sciens
2456 1810 2627 1868 ontnia
2671 1825 2784 1879 qua:
2840 1818 3050 1863 rentura
3106 1817 3253 1864 erant
3293 1826 3445 1879 super
3499 1827 3651 1877 eum,
3695 1828 3798 1882 pro-

2238 1902 2398 1970 cessit,
2433 1910 2478 1958 et
2507 1902 2637 1957 dixit
2664 1903 2733 1956 eis
2758 1917 2777 1955 :
2806 1900 2941 1969 Quid
2980 1901 3244 1972 queritis?
3291 1900 3679 1973 Responderunt
3721 1903 3797 1955 ei:

2237 1991 2410 2053 Iesum
2443 1993 2793 2050 Nazarenam.
2823 1993 2955 2047 Dicit
2985 1993 3055 2047 eis
3082 1992 3232 2048 Iesus
3257 2008 3274 2045 :
3310 1992 3417 2064 Ego
3447 2011 3581 2048 sum.
3628 1993 3797 2049 Stabat

2238 2092 2405 2138 autem
2436 2081 2665 2144 etJudus
2691 2082 2778 2152 qui
2816 2082 3051 2153 tradebat
3086 2099 3199 2136 eum
3242 2098 3355 2135 eum
3405 2085 3549 2149 ipsis.
3584 2081 3652 2136 Ut
3693 2098 3797 2153 ergo

2238 2173 2366 2228 dixit
2393 2175 2464 2229 eis
2492 2191 2509 2228 :
2544 2173 2651 2243 Ego
2678 2189 2811 2239 sum,
2841 2162 3072 2237 abierunt
3096 2184 3392 2242 retrorsum,
3434 2183 3481 2227 et
3523 2175 3799 2228 ceciderunt

2238 2263 2290 2316 in
2315 2270 2523 2317 terram.
2555 2258 2654 2318 Ubi
2683 2276 2821 2317 nunc
2851 2244 3075 2315 militum
3107 2265 3299 2317 cohors
3330 2271 3381 2316 et
3413 2263 3640 2317 ministri
3667 2264 3796 2329 priu-

2238 2351 2412 2420 cipum
2443 2364 2503 2404 ac
2537 2349 2967 2405 Pharimnrum?
3000 2350 3096 2405 Ubi
3122 2360 3296 2405 terror
3322 2361 3375 2405 et
3405 2352 3678 2406 munimen
3717 2369 3789 2405 ar-

2238 2440 2710 2510 morumll'lempe
2740 2456 2841 2495 una
2865 2457 2969 2496 vos
3017 2442 3241 2497 dicentis
3288 2440 3399 2511 Ego
3446 2459 3558 2495 sum
3608 2455 3791 2496 tantam

2242 2532 2446 2602 turbam
2499 2530 2634 2587 odiis
2689 2528 2963 2597 ferocem,
3004 2532 3272 2600 armisque
3325 2532 3642 2597 terribilem,
3689 2534 3790 2586 sine

2246 2614 2352 2677 telo
2378 2622 2484 2678 ullo
2514 2622 2759 2693 perculit,
2790 2622 3003 2691 repulit,
3032 2622 3237 2676 stravit.
3269 2620 3406 2677 Deus
3431 2623 3575 2676 enim
3610 2624 3792 2677 latebat

2238 2714 2291 2769 in
2319 2729 2496 2780 carne,
2529 2723 2585 2769 et
2611 2714 2965 2785 sempiternus
3005 2714 3118 2785 dies
3165 2715 3238 2770 ita
3268 2715 3518 2770 membris
3568 2718 3783 2771 occulta-

2240 2806 2391 2861 batur
2439 2807 2706 2873 humanis,
2756 2817 2813 2860 ut
2854 2806 3069 2862 laternis
3114 2815 3168 2860 et
3215 2807 3415 2862 lacibus
3455 2819 3784 2877 quereretur.

2238 2894 2567 2950 Occidendus
2592 2909 2621 2948 a
2645 2894 2894 2962 tenebris,
2931 2894 3039 2963 Ego
3064 2911 3175 2949 sum
3204 2895 3350 2960 dicit,
3380 2907 3434 2950 et
3475 2898 3665 2965 impios
3708 2898 3786 2951 de-

2233 2980 2381 3050 iecit.
2428 2981 2563 3048 Quid
2604 2982 2932 3051 iudicaturus
2979 2981 3153 3049 faciet,
3201 2983 3288 3054 qui
3333 2984 3652 3053 iudicandus
3698 2990 3779 3040 hoc

2240 3070 2403 3129 fecit?
2446 3073 2579 3142 Quid
2624 3084 2938 3145 regnaturus
2976 3076 3189 3143 poterit,
3238 3078 3328 3145 qui
3379 3078 3669 3132 moriturus
3705 3078 3788 3130 hoc

2242 3165 2447 3236 potuit?
2486 3166 2551 3219 Et
2596 3180 2735 3222 nunc
2782 3166 2975 3235 ubique
3016 3181 3109 3235 per
3157 3167 3496 3236 Evangelium
3542 3165 3653 3237 Ego
3696 3183 3789 3221 suis

2240 3259 2369 3315 dicit
2408 3243 2675 3325 Christus,
2723 3268 2778 3314 et
2826 3274 2856 3313 a
2910 3258 3107 3314 Judzis
3156 3268 3497 3329 exspectatur
3542 3259 3787 3314 Antichri-

2238 3358 2373 3417 stus,
2402 3359 2461 3406 ut
2488 3359 2633 3405 retro
2661 3351 2901 3417 redeant,
2931 3359 2984 3404 et
3015 3351 3065 3404 in
3096 3358 3291 3405 terram
3312 3350 3526 3417 cadant,
3556 3352 3782 3421 quoniam

2240 3443 2545 3498 deserentes
2592 3442 2852 3506 coelestia,
2902 3450 3110 3497 terrena
3160 3430 3488 3497 desiderant.
3539 3443 3693 3497 Certe
3732 3442 3782 3495 sil

2239 3531 2798 3602 comprehendendum
2820 3533 3004 3589 Iesum
3029 3541 3397 3600 persecutores
3413 3548 3533 3585 cum
3554 3532 3783 3587 traditore

2242 3636 2532 3681 venerunt:
2572 3642 2729 3693 quem
2783 3625 3091 3693 qutcrebant
3137 3624 3469 3678 invenerunt.
3514 3623 3782 3679 Audierant

2243 3715 2354 3785 Ego
2385 3732 2518 3769 sum.
2550 3716 2724 3783 Quare
2746 3730 2852 3769 non
2888 3715 3422 3783 comprehenderunt,
3453 3716 3547 3770 sed
3580 3716 3784 3769 abierim

2239 3818 2537 3869 retrorsum,
2588 3816 2634 3859 et
2686 3806 2997 3866 ceciderunt,
3030 3804 3128 3859 nisi
3179 3805 3303 3873 quia
3351 3807 3453 3861 boc
3503 3806 3681 3868 voluit,
3711 3806 3782 3874 qui

2238 3897 2409 3967 potuit
2434 3895 2685 3965 quidquid
2711 3896 2917 3950 voluit?
2945 3895 3137 3950 Verum
3164 3895 3207 3950 si
3250 3910 3521 3964 nunquam
3549 3911 3611 3950 se
3638 3895 3699 3949 ab
3719 3895 3781 3949 eis

2239 3988 2567 4056 permitteret
2609 3986 2955 4053 apprehendi,
3014 4002 3115 4039 non
3166 3985 3377 4053 quidem
3434 3986 3512 4040 illi
3574 3984 3782 4041 iacerent

2240 4089 2455 4148 propter
2483 4076 2625 4146 quod
2668 4086 2951 4139 venerant;
2995 4076 3087 4129 sed
3140 4075 3239 4129 hoc
3294 4076 3408 4142 ipse
3454 4077 3653 4131 laceret
3686 4088 3782 4143 pm-

2240 4178 2359 4238 pter
2417 4166 2558 4237 quod
2603 4164 2857 4219 venerat?
2910 4165 3040 4219 Eum
3090 4166 3283 4234 quippe
3335 4166 3412 4219 illi
3462 4167 3779 4221 occidendum

2238 4258 2545 4330 quaerebant
2569 4256 2879 4319 saeviendo;
2909 4254 3000 4308 sed
3032 4254 3303 4324 quaerebat
3341 4270 3439 4309 nos
3460 4266 3512 4310 et
3550 4255 3662 4323 ipse
3689 4270 3779 4309 tae-

2240 4349 2445 4407 rieudo.
2476 4348 2701 4403 Proinde
2738 4347 2864 4417 quia
2896 4353 3096 4402 temere
3146 4346 3443 4401 volentibus
3474 4360 3569 4402 nec
3598 4346 3782 4401 valenti-

574 4461 658 4495 sus
682 4451 753 4495 est
778 4458 891 4494 cum
918 4442 1179 4509 discipulis
1209 4443 1313 4495 suis
1347 4451 1482 4495 trans
1513 4450 1779 4494 torrentem
1803 4438 2021 4503 Cedron,
2051 4438 2135 4490 ubi
2163 4472 2213 4533 θ
2241 4443 2338 4497 bus
2374 4440 2603 4495 ostendit
2630 4446 3123 4511 potestatemsuam
3145 4477 3159 4499 ,
3187 4436 3295 4504 jam
3330 4446 3545 4490 teneant
3579 4452 3716 4498 eum,
3739 4443 3782 4487 ut

574 4549 680 4591 erat
723 4537 917 4598 hortus,
943 4536 994 4587 in
1020 4552 1163 4607 quem
1195 4535 1418 4587 introivit
1459 4536 1585 4602 ipse,
1634 4541 1679 4586 et
1730 4530 1968 4597 discipuli
2000 4532 2131 4597 eius,

577 4639 823 4695 tanquam
853 4632 1104 4681 continuo
1137 4627 1366 4697 postilla
1421 4626 1579 4678 verba
1635 4624 1686 4677 in
1722 4624 1865 4678 illum
1918 4625 2133 4676 hortum

578 4718 737 4771 inerit
767 4720 1057 4783 ingressus,
1085 4717 1177 4771 sed
1206 4717 1269 4770 ad
1299 4717 1399 4770 hoc
1427 4717 1595 4767 valeat
1626 4715 1761 4781 quod
1795 4716 1990 4766 dictum
2023 4721 2133 4767 est:

584 4808 705 4863 "me
735 4824 846 4861 cum
876 4808 1086 4863 dixisset
1114 4807 1289 4871 Jesus,
1333 4818 1389 4861 ut
1415 4824 1518 4861 non
1550 4823 1670 4861 eum
1700 4817 1823 4862 ante
1854 4809 2138 4875 opinemur

577 4898 873 4969 ingressum
905 4915 1061 4968 quam
1104 4899 1192 4952 illa
1226 4898 1385 4953 verba
1423 4898 1617 4954 ﬂnirel.

648 4994 847 5047 Sciebat
876 4993 1286 5061 autsmrinquit,
1331 5000 1378 5046 et
1404 4989 1569 5045 Iudas
1611 4992 1697 5059 qui
1724 4991 1952 5041 tradebat
2000 5004 2136 5052 eum,

572 5084 763 5143 locum.
794 5083 935 5137 Ordo
966 5084 1249 5138 verborum
1282 5092 1365 5137 e~t
1392 5101 1403 5135 :
1437 5083 1647 5136 Sciebat
1686 5082 1882 5142 locum,
1908 5081 1995 5144 qui
2033 5091 2137 5131 trn-

574 5176 732 5233 debat
758 5193 909 5241 eum,
942 5176 1062 5243 quia
1094 5177 1399 5245 frequenter,
1447 5175 1632 5244 inquit,
1658 5172 1687 5224 ,Ι
1698 5189 1811 5225 esus
1836 5179 2137 5224 convenerat

576 5268 698 5322 illuc
727 5284 838 5321 cum
864 5267 1130 5335 discipulis
1174 5268 1297 5319 suis.
1350 5265 1421 5319 Ibi
1464 5278 1591 5331 ergo
1624 5264 1777 5330 lupus
1814 5263 1965 5315 ovina
2001 5260 2139 5330 pelle

572 5369 869 5422 mntectus,
901 5368 957 5412 et
983 5359 1118 5411 inter
1151 5372 1278 5409 oves
1310 5356 1415 5407 alto
1468 5355 1862 5421 patrislatnilias
1911 5352 2137 5406 consilio

576 5451 851 5512 toleratus,
884 5452 1066 5504 didicit
1097 5450 1181 5501 ubi
1216 5452 1278 5501 :ttl
1311 5461 1522 5515 tempus
1570 5449 1815 5515 exiguum
1853 5447 2133 5513 distterge-

579 5553 665 5597 ret
699 5558 967 5611 gregem,
1021 5542 1227 5595 insidiis
1272 5538 1573 5607 appetendo
1620 5549 1889 5605 pastorem
1950 5535 2133 5607 (lat-It.

578 5636 713 5697 sui).

648 5722 810 5778 Iudas
850 5740 968 5792 ergo
996 5764 1006 5787 ,
1038 5722 1227 5790 inquit,
1258 5737 1369 5773 cum
1412 5720 1675 5788 act'episset
1710 5718 1982 5782 cohortem.
2033 5725 2077 5770 et
2106 5733 2136 5769 a

2244 4533 2403 4589 l’aciat
2431 4532 2498 4586 de
2529 4530 2885 4584 nescientibus
2907 4527 3229 4579 voluntatem
3253 4542 3427 4580 suam.

2311 4623 2502 4677 Iterum
2538 4637 2657 4691 ergo
2698 4636 2781 4675 eos
2827 4618 3149 4686 interrogavit
3184 4634 3202 4671 :
3245 4618 3379 4684 Quid
3426 4617 3779 4686 qumritisillli

2239 4724 2407 4770 autem
2435 4716 2709 4767 dixerunt:
2738 4710 2912 4764 letum
2940 4709 3285 4763 Nasci-eitum.
3316 4709 3591 4778 Respondit
3614 4708 3746 4762 lem
3765 4723 3778 4757 :

2244 4804 2363 4858 Dixi
2397 4804 2534 4857 vobis
2560 4804 2678 4867 quia
2723 4817 2815 4870 ego
2854 4816 2988 4862 sum,
3018 4800 3061 4852 si
3102 4814 3221 4868 ergo
3271 4816 3345 4853 me
3383 4801 3628 4868 queritis,
3657 4799 3778 4853 sinite

2240 4894 2332 4948 Iros
2357 4893 2517 4946 abire.
2547 4892 2614 4945 Ut
2644 4892 2931 4960 impleretur
2954 4904 3114 4942 sermo
3147 4904 3291 4958 quem
3321 4890 3452 4942 dixit
3472 4904 3493 4943 :
3521 4889 3657 4953 Quia
3681 4904 3779 4956 quos

2241 4981 2424 5036 dedisti
2462 4981 2587 5035 mihi
2613 4996 2715 5033 non
2753 4977 2952 5043 perdidi
2981 4994 3042 5031 ea:
3070 4979 3139 5031 eis
3164 4994 3482 5045 quemquam.
3518 4977 3575 5033 Si
3606 4993 3699 5045 me,
3720 4979 3779 5030 in-

2246 5072 2379 5140 quit,
2402 5072 2650 5139 quaeritis.
2682 5069 2826 5121 sinite
2852 5068 2944 5120 hos
2964 5069 3121 5120 abire.
3154 5066 3399 5121 Inimicos
3432 5068 3587 5131 videt,
3621 5080 3671 5121 et
3697 5067 3773 5120 hoc

2243 5165 2439 5217 iaciunt
2468 5164 2605 5229 quod
2638 5146 2805 5229 jubet.
2843 5158 3033 5213 Sinunt
3076 5174 3170 5212 eos
3198 5157 3366 5223 abire,
3393 5174 3528 5227 quos
3558 5174 3664 5212 non
3694 5157 3779 5209 vult

2245 5257 2434 5323 perire.
2480 5251 2721 5319 Nunquid
2755 5258 2932 5303 autem
2962 5264 3064 5302 non
3116 5257 3267 5302 erant
3314 5260 3494 5315 postea
3527 5246 3779 5302 morituri?

2239 5349 2344 5403 Cur
2370 5362 2497 5414 ergo
2528 5348 2568 5399 si
2601 5357 2723 5398 tunc
2756 5354 3110 5410 morerentur,
3142 5343 3388 5412 perderet
3419 5354 3533 5402 eos.
3561 5339 3777 5406 nisiquia

2241 5439 2471 5494 nondum
2519 5437 2567 5489 in
2617 5451 2736 5489 cum
2783 5436 2859 5488 sic
2906 5433 3212 5498 credebant,
3262 5430 3535 5500 quomodo
3579 5429 3777 5483 credunt

2238 5533 2536 5600 quicunque
2564 5543 2668 5581 non
2704 5526 2963 5593 pereunt?

2313 5618 2489 5673 Simon
2528 5633 2641 5686 «rgo
2673 5613 2851 5669 Petrus
2878 5613 3059 5666 habens
3088 5611 3334 5681 gladium,
3374 5610 3547 5663 eduxit
3591 5623 3715 5663 eum,
3744 5616 3776 5655 et

2242 5710 2483 5781 percussit
2532 5706 2775 5775 principis
2820 5720 3033 5768 servum,
3064 5713 3108 5757 et
3136 5702 3349 5755 abscidit
3388 5700 3668 5753 auriculam
3692 5710 3775 5762 qs:
