3884 6232
97 350 194 406 897

98 470 351 517 dextram.
413 461 536 512 Erat
575 466 741 510 autem
791 468 967 507 nomen
1013 464 1154 504 seruo
1210 444 1465 501 Malclttts.

101 556 188 608 hic
228 551 554 620 evangelista
584 549 741 602 etiam
772 558 964 599 nomen
1021 541 1161 594 servi
1196 536 1352 605 hujus
1382 529 1665 601 expressit,

100 650 240 698 sicut
267 643 441 697 Lucas
471 640 615 694 solus
638 637 774 708 quod
820 633 937 701 ejus
965 631 1253 687 auriculam
1307 623 1561 682 Dominus
1592 628 1670 674 te-

104 733 286 801 tigerit
313 740 368 784 et
396 729 605 784 satiavit
644 740 764 781 eum
815 724 971 793 (Luc.
1021 719 1180 788 nn).
1217 714 1454 773 M'llChllS
1496 719 1673 801 autem

104 800 492 890 interpretatur
519 825 842 888 regnaturus.
877 811 1016 879 Quid
1044 821 1170 878 ergo
1198 805 1341 862 auris
1375 816 1469 873 pro
1499 800 1678 856 Domi-

103 929 175 967 no
195 920 492 981 amputata,
523 920 576 964 et
605 923 636 961 a
663 906 888 961 Domino
916 911 1098 958 sanata
1143 895 1426 971 signiﬁcat,
1454 894 1554 949 nisi
1586 908 1678 947 au-

1037 335 1100 392 ΙΝ
1140 336 1196 392 5.
1237 320 1515 393 ΙυΔΝΜε
1553 315 1999 383 ῑνΛκῡειιυιι
2040 311 2418 373 EXPOSITIO.

1511 432 1666 498 Solus
1696 439 1746 494 Α
1773 429 2112 497 telligendum
2142 436 2223 482 est
2245 425 2346 479 hoc
2369 432 2615 478 ettntuem
2643 414 2895 482 Caipbam
2927 412 3040 467 ﬁeri
3075 411 3329 466 voluisse.

3235 295 3337 350 898

1846 520 2161 589 Sequebatur
2218 527 2403 580 autem,
2436 513 2630 582 inquit,
2686 510 2862 564 Iesum
2901 508 3082 564 Simon
3135 503 3338 564 Petrus.

1775 621 1822 667 et
1875 612 2008 665 alius
2061 608 2362 678 discipulus.
2418 605 2673 672 Quisnam
2720 601 2791 656 sit
2867 600 2967 654 iste
3023 599 3343 667 discipulus,

1779 719 1880 756 non
1928 712 2126 755 temere
2176 696 2544 752 aflirmaudum
2597 702 2699 758 est,
2744 692 2864 760 quia
2917 697 3138 744 tacetur.
3199 687 3350 744 Solet

1779 804 1952 846 autem
1992 792 2129 846 idem
2164 790 2394 844 Joannes
2444 801 2502 841 se
2544 786 2613 838 ita
2663 783 2988 852 signiﬁcare,
3017 789 3073 835 et
3109 779 3345 835 addere:

1783 884 1940 947 Quem
1988 879 2224 949 diligebat
2275 877 2442 931 Iesus.
2476 874 2738 929 Fortassis
2795 885 2923 940 ergo
2972 878 3027 925 et
3084 870 3170 925 hic
3235 871 3348 940 ipse

102 1005 272 1058 ditum
289 962 652 1069 rampu'tatum
703 1005 966 1052 vetustate
1017 999 1366 1052 renovatum,
1425 992 1481 1040 ιιι
1525 992 1596 1038 sit
1627 984 1678 1036 in

1807 984 1880 1026 ist.
1928 971 2177 1039 Quisquis
2227 979 2400 1022 tamen
2449 968 2538 1032 sit,
2585 966 2858 1034 sequentia
2897 962 3206 1022 «rideamus.

105 1094 340 1150 novitate
369 1093 607 1162 spiritus,
640 1099 691 1143 et
720 1102 825 1142 non
854 1088 904 1139 in
953 1089 1216 1140 vetustate
1249 1075 1482 1162 littertef
1524 1074 1676 1142 Quod

103 1201 230 1240 cum
264 1160 562 1253 praestitum
593 1177 754 1234 fuerit
781 1194 810 1229 ει
839 1176 1074 1237 Christo,
1107 1169 1224 1240 quis
1251 1160 1462 1223 dubitet
1491 1180 1680 1236 regna-

109 1285 287 1327 turum
315 1286 436 1326 esse
457 1285 579 1323 cum
609 1265 866 1321 Christo?
895 1262 1044 1332 Quod
1074 1268 1251 1315 autem
1281 1268 1467 1312 servus
1496 1256 1683 1340 inven-

107 1375 192 1415 tus
231 1369 347 1423 est,
398 1369 453 1414 et
485 1361 585 1412 hoc
608 1357 697 1411 ‘ad
743 1355 895 1409 illam.
931 1350 1163 1420 pertinet.
1191 1352 1533 1410 vetustatem,
1567 1343 1684 1412 qua:

107 1452 159 1503 in
213 1451 525 1505 servitutem
557 1455 795 1516 generat,
829 1443 968 1512 quod
1025 1450 1103 1495 est
1158 1441 1298 1508 Agar
1351 1435 1552 1505 (Colat.
1579 1433 1682 1502 ιιι).

104 1540 213 1593 Sed
244 1555 365 1593 cum
393 1538 621 1593 accessit
666 1536 898 1600 sanitas,
953 1533 1172 1603 ﬁgurata
1203 1535 1287 1583 est
1317 1524 1553 1581 libertas.
1587 1526 1684 1580 Fa-

105 1639 252 1684 ctum
286 1641 462 1683 tamen
497 1627 638 1682 Petri
673 1626 928 1686 Dominus
975 1620 1311 1690 improbavit,
1342 1629 1396 1671 et
1437 1614 1682 1687 progredi

106 1722 246 1775 ultra
270 1720 563 1790 prohibuit,
591 1719 776 1773 dicens
803 1734 818 1772 :

1854 1059 2141 1127 Discipulus
2179 1069 2346 1111 autem
2372 1057 2483 1121 ille,
2528 1057 2715 1124 inquit,
2746 1063 2855 1108 erat
2905 1063 3057 1106 notus
3094 1052 3349 1121 pontiﬁci,

1782 1150 1962 1204 Petrus
1979 1162 2147 1203 autem
2167 1152 2331 1202 stabat
2369 1149 2436 1200 ad
2471 1147 2654 1199 ostium
2684 1145 2832 1214 foris.
2863 1141 3003 1196 Exlit
3039 1158 3160 1212 ergo
3192 1142 3350 1196 disci-

1784 1241 1932 1306 putus
1947 1240 2032 1306 qui
2052 1247 2157 1291 erat
2181 1246 2326 1289 notus
2347 1234 2574 1305 pontiﬁci
2606 1241 2656 1287 et
2695 1233 2822 1286 dixit
2850 1232 3093 1292 ostiurite,
3119 1239 3166 1284 et
3195 1232 3352 1283 intro-

1782 1332 1926 1385 duxit
1962 1331 2188 1383 Petrum.
2209 1327 2348 1381 Dixit
2367 1343 2486 1397 ergo
2518 1325 2668 1380 Petro
2691 1324 2879 1378 ancilla
2902 1325 3115 1377 ostiaria
3137 1339 3149 1374 :
3195 1322 3350 1375 Nun-

1783 1424 1906 1482 auid
1930 1432 1974 1474 et
1991 1432 2118 1475 tuest
2141 1421 2402 1486 discipulis
2421 1418 2902 1473 esitominisistius?
2927 1417 3065 1468 Dixit
3087 1416 3178 1469 ille
3205 1399 3352 1469 :Non

1784 1530 1912 1567 sum.
1950 1516 2082 1567 Ecce
2109 1521 2190 1565 est
2213 1513 2298 1564 illa
2330 1513 2686 1579 promittentis
2717 1511 2957 1574 audacia,
2985 1510 3127 1565 etde
3152 1524 3212 1564 se
3239 1510 3358 1579 plu-

1788 1603 1981 1657 rimum
2012 1601 2354 1670 praeﬁdentis.
2392 1601 2487 1655 Ubi
2532 1609 2656 1653 sunt
2688 1600 2845 1654 verba
2889 1600 2972 1653 illa
3003 1600 3213 1669 quando
3237 1599 3310 1652 ait
3343 1615 3357 1652 :

1791 1697 1961 1763 Quare
1999 1714 2100 1752 non
2129 1712 2332 1766 possunt
2354 1696 2492 1766 sequi
2513 1705 2561 1748 te
2592 1696 2782 1750 modo?
2817 1696 3051 1749 Animam
3074 1710 3239 1748 meant
3259 1711 3351 1764 pro

847 1808 1098 1877 vaginam.
1128 1801 1350 1859 Calicem
1379 1818 1522 1870 quem
1548 1802 1684 1857 dedit

1807 1802 1838 1844 ‘e
1879 1804 2063 1857 ponam
2095 1786 2279 1857 (Joan.
2312 1788 2449 1858 aut).
2482 1787 2711 1842 lioccine
2740 1795 2821 1841 est
2848 1786 2997 1855 sequi
3019 1785 3362 1855 magistrum,

108 1902 234 1953 mihi
259 1900 438 1964 Pater,
456 1917 556 1954 non
584 1902 656 1953 vis
674 1912 729 1951 ut
751 1899 913 1951 bibam
943 1897 1124 1950 illum?
1145 1895 1199 1949 In
1216 1909 1312 1949 suo
1334 1895 1526 1962 quippe
1549 1894 1688 1947 facto

107 1989 202 2044 ille
233 1990 529 2058 discipulus
555 1988 862 2055 magistrum
889 1984 1171 2040 defendere
1196 1984 1383 2045 voluit,
1410 1998 1512 2034 non
1541 1981 1682 2050 quod

106 2079 468 2147 signiﬁcatum
493 2087 576 2132 est
597 2077 866 2147 cogitavit.
899 2075 962 2129 Et
985 2072 1074 2130 ille
1101 2076 1256 2144 igitur
1286 2075 1350 2126 ad
1380 2075 1687 2141 patientiam

109 2172 533 2226 commonendus
563 2169 679 2233 fuit,
705 2179 761 2224 et
791 2169 891 2222 hoc
919 2167 986 2221 ad
1017 2167 1419 2237 in:elligentiam
1447 2165 1687 2219 conscri-

110 2261 373 2317 bendum.
406 2260 558 2327 Quod
590 2268 766 2314 autem
814 2274 840 2310 a
871 2258 1028 2313 Patre
1068 2259 1166 2312 sibi
1194 2257 1325 2312 dicit
1356 2257 1535 2311 datum
1565 2256 1692 2311 cali-

112 2366 232 2404 ccm
260 2350 545 2417 passionis,
572 2349 810 2418 profecto
838 2349 963 2404 illud
987 2357 1069 2402 est
1091 2349 1232 2417 quod
1261 2349 1546 2416 Apostolus
1574 2348 1648 2401 ait
1675 2364 1688 2399 :

113 2439 176 2494 Si
200 2439 340 2491 Deus
371 2455 462 2504 pro
493 2439 656 2503 nobis,
687 2439 799 2507 quis
838 2453 1018 2491 contra
1066 2439 1192 2491 nos?
1217 2439 1304 2505 qui
1347 2437 1456 2504 [ilio
1485 2437 1692 2506 proprio

115 2546 219 2583 non
270 2528 528 2599 pepercit,
575 2532 662 2584 sed
709 2546 801 2597 pro
846 2528 988 2583 nobis
1034 2527 1267 2582 omnibus
1328 2527 1537 2580 tradidit
1580 2544 1694 2581 eum

113 2617 293 2688 (Rom.
328 2619 466 2688 vm).
520 2619 707 2672 Verum
755 2629 938 2672 auctor
968 2617 1149 2672 ealicis
1199 2617 1356 2685 hujus
1400 2623 1485 2672 est
1531 2619 1692 2670 etiam

114 2709 231 2776 ip~e
260 2711 350 2777 qui
407 2709 558 2762 bibit.
602 2707 750 2764 Unde
797 2707 936 2761 idem
1003 2708 1290 2774 Apostolus
1344 2706 1469 2760 item
1521 2707 1689 2760 dicit:

118 2797 354 2853 Christus
401 2799 580 2851 dilexit
629 2815 741 2865 nos,
789 2810 836 2851 et
879 2798 1087 2850 tradidit
1135 2798 1358 2862 seipsum
1416 2812 1508 2865 pro
1554 2796 1697 2850 nobis

120 2890 426 2944 oblationem
484 2899 530 2943 et
597 2889 816 2942 hostiam
873 2887 980 2941 Deo
1036 2891 1088 2942 in
1162 2887 1369 2941 odorem
1434 2888 1695 2941 suavitatis

121 2976 342 3045 (Ep/tes.
395 2978 470 3047 v).

193 3068 395 3123 Cohors
424 3085 544 3138 ergo
575 3077 619 3121 et
649 3069 880 3121 tribunus
911 3077 956 3121 et
977 3067 1193 3119 ministri
1221 3063 1519 3120 Judteorum
1557 3081 1696 3120 cont-
1728 3105 1774 3160 ρ
1803 3071 2006 3125 sionem
2058 3072 2252 3141 quippe
2305 3069 2423 3141 ejus
2472 3073 2523 3125 in
2571 3074 2850 3127 Antiochia
2905 3073 3136 3140 primum
3189 3087 3370 3142 cmpe-

120 3159 498 3220 prehenderunt
564 3156 765 3224 Iesum,
821 3166 866 3210 et
917 3157 1198 3227 ligaverunt
1255 3168 1390 3209 etim.
1449 3156 1700 3225 Compre-

123 3247 434 3302 henderunt
474 3248 537 3300 ad
565 3263 723 3316 quem
769 3263 873 3301 non
898 3256 1259 3310 accesserunt,
1290 3248 1540 3316 quoniam
1585 3246 1701 3300 dies

124 3338 238 3407 ille,
299 3339 378 3392 illi
429 3354 553 3391 vero
606 3339 840 3392 tenebras
883 3344 1329 3404 permanserunt;
1373 3351 1469 3389 nec
1519 3337 1706 3390 audie-

121 3439 246 3481 runt
280 3447 292 3480 :
324 3429 556 3480 Accedite
582 3429 648 3480 ad
673 3444 808 3491 eum,
831 3438 876 3480 et
904 3426 1262 3480 illuminamini
1288 3424 1457 3498 (Psal.
1488 3428 1698 3495 xxxiii).

123 3520 183 3575 Si
236 3522 382 3575 enim
433 3521 512 3573 sic
560 3519 934 3583 accenderent,
986 3535 1090 3572 non
1133 3534 1253 3571 cum
1286 3519 1531 3571 manibus
1559 3520 1702 3572 occi-

119 3613 387 3674 dendum,
441 3610 534 3664 sed
580 3610 940 3677 recipiendum
969 3611 1129 3663 corde
1157 3607 1699 3675 comprehenderent.

120 3706 278 3760 Nunc
318 3714 494 3756 autem
557 3703 770 3771 quando
811 3718 931 3755 eum
1002 3702 1094 3756 illo
1141 3700 1298 3756 modo
1351 3703 1699 3770 comprehen-

119 3797 341 3862 derunt,
396 3807 521 3849 tunc
542 3795 609 3847 ab
652 3809 719 3850 eo
755 3795 962 3864 longius
1017 3801 1373 3855 recesserunt,
1423 3803 1476 3844 et
1509 3794 1702 3861 ligave-

119 3897 249 3942 runt
309 3901 432 3940 eum
479 3901 508 3938 a
562 3900 668 3954 quo
709 3886 842 3939 solvi
892 3884 1064 3952 potius
1107 3882 1245 3938 velle
1287 3883 1606 3937 debuerunt.
1642 3885 1703 3937 Et

119 3985 282 4030 erant
323 3976 564 4029 fortassis
614 3974 665 4028 in
691 3975 773 4029 eis
821 3978 913 4044 qui
944 3983 1067 4027 tunc
1099 3975 1465 4040 imposuerunt
1494 3972 1705 4028 Christo

125 4065 345 4119 vincula
379 4080 492 4130 sua,
528 4074 688 4132 atque
717 4065 784 4118 ab
813 4079 879 4119 eo
927 4071 1111 4132 postea
1163 4063 1368 4117 liberati
1418 4062 1699 4118 dixerunt:

124 4154 387 4223 Dirupisti
413 4158 616 4210 uincula
662 4171 794 4212 mea.
831 4156 958 4210 Haec
1002 4154 1158 4210 hodie
1185 4156 1320 4209 satis
1347 4154 1472 4220 sint,
1508 4164 1704 4211 tracta-

121 4248 348 4314 buntur,
386 4248 492 4304 Deo
521 4249 750 4315 volente,
801 4263 1049 4303 sermons
1078 4247 1183 4301 alio
1226 4262 1344 4318 qua:
1392 4258 1699 4318 sequentur.

193 4340 549 4407 Posteaquam
582 4350 968 4407 persecutores,
1005 4338 1244 4392 tradente
1272 4338 1428 4404 Juda,
1461 4355 1703 4406 compre-

1793 1894 1851 1933 se
1905 1893 2101 1948 negare
2147 1877 2508 1947 discipulum?
2539 1878 2747 1932 Siccine
2775 1891 2872 1946 pro
2924 1877 3148 1931 Domino
3185 1879 3360 1930 anima

1794 1973 2028 2041 ponitur,
2079 1981 2137 2025 ut
2189 1974 2398 2025 hocne
2455 1973 2562 2034 ﬁat,
2614 1985 2715 2024 vox
2759 1970 2966 2024 ancillae
3013 1969 3362 2024 formidetur?

1793 2062 1897 2118 Sed
1949 2061 2075 2130 quid
2130 2063 2325 2115 mirum
2375 2061 2421 2114 si
2480 2059 2626 2114 Deus
2688 2074 2812 2114 vera
2875 2059 3138 2128 praedixit,
3206 2059 3366 2113 homo

1792 2164 1968 2208 autem
2029 2150 2162 2206 falsa
2221 2166 2283 2220 pr
2332 2153 2602 2219 sumpsit?
2661 2151 2804 2206 Sane
2849 2152 2900 2204 in
2951 2151 3050 2204 ista
3089 2166 3208 2220 quae
3251 2152 3359 2220 jam

1795 2256 1968 2314 empta
2015 2244 2298 2313 negatione
2325 2244 2553 2312 apostoli
2584 2244 2723 2300 Petri
2777 2244 3034 2299 debemus
3087 2246 3368 2300 advertere

1796 2352 1900 2390 non
1951 2333 2133 2388 solum
2154 2333 2221 2387 ab
2273 2348 2338 2388 eo
2383 2337 2567 2418 negari
2610 2334 2907 2398 Christum,
2937 2337 3026 2404 qui
3069 2337 3196 2390 dicit
3242 2341 3364 2392 eum

1796 2441 1900 2483 non
1947 2444 2067 2485 esse
2114 2419 2409 2496 Christum,
2457 2432 2552 2487 sed
2585 2433 2650 2485 ab
2701 2433 2791 2487 illo
2822 2433 2980 2489 etiam
3013 2437 3100 2504 qui
3151 2433 3271 2490 cu‘m
3302 2437 3374 2491 sit

1799 2528 1956 2588 negat
2005 2536 2066 2575 se
2105 2535 2227 2575 esse
2282 2520 2662 2577 Christianum.
2716 2524 2969 2579 Dominus
2997 2526 3138 2600 enim
3172 2537 3274 2580 non
3296 2527 3373 2580 ait

1799 2610 1996 2666 Petro:
2031 2612 2355 2682 Discipuium
2402 2629 2582 2668 meum
2637 2623 2687 2668 te
2730 2617 2970 2685 negabis,
3013 2618 3105 2671 sed
3150 2632 3228 2673 nte
3279 2633 3367 2672 ne-

1801 2702 1961 2772 gabis.
1987 2701 2208 2772 Negavit
2235 2717 2362 2772 ergo
2394 2705 2591 2771 ipsum,
2623 2720 2741 2758 cum
2774 2719 2833 2760 se
2866 2707 3075 2776 negavit
3107 2709 3223 2777 ejus
3249 2723 3370 2763 esse

1798 2795 2141 2864 discipulum.
2195 2796 2331 2864 Quid
2381 2806 2560 2852 autem
2619 2799 2761 2852 aliud
2821 2800 2922 2854 isto
2975 2798 3155 2866 modo,
3209 2816 3366 2870 quam

1801 2900 1859 2940 se
1891 2888 2100 2954 negavit
2128 2901 2246 2942 esse
2268 2886 2663 2942 Christianum?
2692 2877 2942 2956 Quamvis
2964 2889 3106 2945 enim
3124 2890 3377 2960 discipuli

1801 2979 1992 3033 Christi
2010 2979 2244 3033 nondum
2266 2979 2662 3049 appellarentur
2684 2981 2785 3035 hoc
2803 2981 3047 3051 nomiue(
3057 2990 3172 3049 post
3192 2995 3375 3036 ascen-

1807 3162 2206 3229 runtappellari
2237 3163 2477 3232 discipuli
2509 3163 2818 3232 Christiani)
2846 3202 2862 3228 ,
2888 3164 2995 3232 jam
3032 3174 3205 3219 tamen
3238 3175 3377 3231 erat,

1806 3270 1892 3310 res
1923 3255 2033 3324 ipsa
2057 3252 2150 3310 illo
2180 3265 2361 3320 postea
2394 3254 2654 3309 vocabulo
2682 3257 3055 3324 nuncupanda.
3078 3256 3192 3310 iam
3224 3267 3381 3312 erant

1805 3345 2075 3415 discipuli,
2132 3344 2220 3413 qui
2277 3356 2460 3415 postea
2517 3357 2640 3399 sunt
2684 3345 2931 3414 appellati
2982 3346 3290 3412 Christiani,
3323 3357 3377 3401 et

1808 3433 1908 3488 hoc
1960 3449 2241 3488 commune
2299 3449 2513 3500 nomen,
2575 3436 2710 3488 sicut
2786 3449 3122 3489 communem
3191 3436 3372 3501 ﬁdem,

1807 3523 1964 3578 etiam
2020 3524 2084 3577 ad
2143 3531 2386 3593 posteros
2457 3525 2889 3579 transmiserunt.
2956 3526 3055 3592 Qui
3128 3543 3256 3597 ergo
3316 3545 3375 3582 se

1807 3611 2004 3666 Christi
2056 3614 2266 3680 negavit
2319 3626 2439 3667 esse
2494 3612 2832 3682 discipulum,
2879 3613 3046 3682 ipsam
3098 3631 3208 3669 rem
3282 3619 3375 3669 u‘e-

1809 3704 1972 3772 gavit,
2037 3703 2190 3771 cujus
2241 3719 2432 3757 nomen
2463 3704 2762 3781 estvocari
2794 3705 3170 3757 Christianum.
3211 3705 3379 3772 Quam

1810 3794 1962 3849 multi
2012 3805 2215 3863 postea,
2271 3809 2374 3847 non
2421 3795 2541 3848 dico
2575 3810 2731 3848 senes
2775 3805 2828 3849 et
2877 3809 3006 3847 anus
3062 3794 3139 3862 (in
3189 3795 3384 3863 quibus

1811 3885 1967 3954 hujus
1987 3886 2106 3939 vitae
2131 3885 2349 3938 satietas
2378 3885 2585 3939 facilius
2609 3887 2780 3954 potuit
2809 3897 3031 3940 mortem
3066 3901 3157 3954 pro
3180 3885 3381 3941 Christi

1811 3977 2145 4031 confessione
2174 3975 2563 4044 contemnere),
2591 3992 2689 4030 nec
2715 3978 2888 4031 solum
2911 3976 3165 4046 juventus
3194 3976 3384 4030 utrius-

1811 4083 1914 4137 que
1962 4081 2124 4121 sexus
2182 4067 2271 4135 (de
2328 4079 2430 4135 qua
2486 4076 2643 4120 actate
2720 4068 3104 4122 convenienter
3173 4069 3386 4120 videtur

1812 4156 1948 4227 exigi
1973 4156 2276 4224 fortitudo),
2328 4158 2420 4211 sed
2450 4158 2609 4211 etiam
2661 4159 2806 4224 pueri
2858 4159 3154 4228 puellaeque
3202 4168 3382 4226 potue-

1811 4256 1953 4301 runt.
1979 4245 2046 4300 Et
2087 4245 2489 4314 innumerabilis
2511 4246 2739 4301 societas
2763 4255 3064 4300 sant-torum
3088 4257 3380 4316 martyrum

1815 4338 1868 4392 in
1918 4353 2138 4408 regnum
2188 4337 2446 4392 caelorum
2498 4337 2702 4392 fortiter
2744 4347 2798 4392 et
2847 4337 3099 4392 violenter
3143 4339 3382 4400 intravit,

124 4430 358 4485 hensum
425 4429 704 4483 Dominum
775 4430 1092 4497 ligaverunt,
1139 4432 1247 4499 qui,
1297 4440 1353 4483 ut
1416 4431 1701 4500 Apostolus
1736 4453 1783 4511 Β
1814 4428 1953 4496 quod
2005 4437 2127 4481 tunc
2158 4427 2257 4481 iste
2283 4442 2386 4481 non
2418 4429 2611 4495 potttit,
2645 4429 2732 4496 qui
2761 4428 2939 4483 claves
2970 4430 3115 4498 regni
3157 4433 3272 4497 ejus
3298 4448 3387 4484 ace

127 4525 320 4594 inquit,
373 4540 467 4578 nos
507 4524 682 4580 dilexit
711 4537 755 4578 et
800 4527 1008 4580 tradidit
1044 4527 1363 4595 semetipsum
1394 4527 1606 4599 (Epltes.
1631 4529 1704 4599 v),

127 4631 220 4682 pro
251 4616 398 4668 nobis
437 4617 666 4669 omnibus
709 4617 922 4670 tradidit
977 4633 1088 4670 eum
1143 4617 1316 4688 (liam.
1361 4621 1492 4693 vni),
1550 4623 1710 4675 utin-

130 4705 404 4774 teliigatur
461 4704 624 4759 Judas
655 4721 758 4759 non
803 4706 1080 4762 laudabilis
1131 4709 1358 4762 utilitate
1413 4711 1709 4766 traditionis

133 4794 313 4865 hujus,
375 4796 466 4852 sed
508 4797 730 4852 sceleris
770 4800 1038 4854 voluntate
1090 4799 1425 4868 damnabilis,

204 4875 548 4944 Adduxerunt
602 4906 713 4943 eum
759 4890 918 4960 (sicut
968 4891 1052 4946 hic
1095 4891 1332 4946 Joannes
1382 4893 1709 4962 evangelista

135 4979 342 5048 narrat)
397 4980 464 5031 ad
516 4985 714 5032 Annam
759 4982 993 5047 primunt.
1049 4981 1155 5035 Nec
1200 4991 1337 5037 tacet
1377 4995 1592 5037 causam
1621 4998 1718 5037 cur

135 5069 208 5122 ita
256 5067 453 5122 factum
498 5068 588 5122 sit.

206 5156 335 5209 Erat
387 5159 543 5222 enim,
615 5159 803 5224 inquit,
859 5175 999 5213 socer
1044 5160 1273 5231 Caiphw,
1323 5162 1411 5231 qui
1459 5171 1564 5216 erat
1588 5179 1716 5231 pon-

140 5255 262 5321 tifex
307 5253 432 5304 anni
486 5251 649 5303 illius.
703 5250 828 5307 Erat
879 5263 1068 5317 autem,
1121 5254 1310 5314 inquit.
1365 5252 1591 5322 Catphas
1635 5256 1722 5324 qui

139 5344 415 5400 consilium
460 5344 671 5396 dederat
702 5341 920 5408 ludatis,
951 5361 1072 5414 quia
1113 5345 1314 5414 expedit
1363 5362 1522 5399 unum
1557 5349 1721 5399 homi-

141 5438 254 5488 nem
295 5434 428 5486 mori
475 5449 570 5500 pro
604 5433 817 5499 populo.
875 5431 1055 5486 Merito
1101 5442 1154 5487 et
1215 5434 1487 5489 Mattheus
1519 5451 1640 5490 cum
1672 5437 1721 5490 id

143 5526 360 5578 brevius
413 5537 634 5577 narrare
666 5523 934 5589 voluisset,
981 5537 1103 5578 eum
1150 5523 1217 5578 ad
1246 5523 1502 5594 Caipham
1540 5526 1725 5580 ductu-

143 5630 257 5671 rum
301 5617 467 5671 inisse
515 5626 921 5675 commemorat.
954 5617 1072 5684 quia
1122 5626 1174 5671 et
1210 5618 1275 5671 ad
1327 5622 1530 5672 Annam
1583 5619 1726 5687 prius

1811 4519 1975 4588 cepit?
2002 4520 2139 4572 Ecce
2168 4517 2306 4571 unde
2327 4516 2526 4571 dictum
2546 4525 2628 4570 est
2651 4533 2664 4568 :
2693 4517 2857 4571 Sinite
2878 4519 2968 4569 nos
2997 4519 3156 4582 abire,
3175 4520 3387 4585 quando

1814 4626 1874 4665 se
1908 4625 2004 4679 pro
2036 4610 2187 4664 nobis
2221 4609 2458 4672 tradidit,
2489 4609 2576 4676 qui
2610 4623 2704 4663 suo
2733 4611 2986 4678 sanguine
3010 4625 3107 4664 nos
3140 4613 3386 4671 redemit,

1816 4711 1870 4754 ut
1923 4703 2217 4772 impleretur
2259 4715 2427 4754 sermo
2454 4716 2600 4771 quem
2644 4702 2768 4754 dixit
2799 4718 2815 4752 :
2851 4701 2984 4767 Quia
3033 4719 3158 4765 quos
3210 4703 3391 4754 dediin

1814 4789 1959 4855 mihi,
2018 4806 2116 4844 non
2157 4789 2358 4858 perdidi
2402 4806 2469 4844 ea:
2519 4791 2590 4844 eis
2655 4806 2976 4859 quemquam.
3015 4793 3204 4861 Utique
3249 4793 3387 4844 enim

1818 4881 2028 4945 Petrus,
2061 4881 2106 4936 si
2141 4897 2332 4952 negato
2361 4880 2572 4937 Christo
2603 4883 2725 4936 hinc
2754 4883 2874 4947 iret,
2908 4883 3029 4952 quid
3060 4885 3198 4936 almd
3231 4896 3388 4951 qtntni

1821 4972 2019 5042 periret
2040 4973 2062 5026 Ἰ

1892 5068 2111 5121 Stabant
2149 5076 2316 5120 autem
2361 5068 2488 5120 servi
2533 5076 2578 5119 et
2630 5067 2851 5119 ministri
2889 5068 2955 5119 ad
3011 5085 3219 5137 prunas,
3277 5070 3394 5137 quia

1823 5159 1984 5230 frigus
2014 5171 2145 5223 erat,
2198 5170 2244 5212 et
2287 5158 2641 5224 calefaciebant
2669 5159 2885 5215 se..Non
2921 5160 3088 5211 hiems
3119 5167 3252 5221 crat,
3300 5161 3392 5211 sed

1826 5260 1999 5303 tamen
2054 5251 2216 5318 frigus
2271 5260 2404 5315 erat,
2459 5249 2615 5316 quale
2669 5250 2804 5303 solet
2866 5252 3023 5303 etiam
3076 5249 3396 5316 aequinoctio

1825 5356 1989 5395 verno
2021 5341 2304 5404 aliquando
2331 5341 2659 5410 contingere.

1898 5429 2022 5483 Erat
2050 5440 2220 5484 autem
2245 5449 2354 5485 cum
2394 5432 2462 5483 eis
2509 5439 2553 5484 et
2589 5429 2771 5483 Petrus
2796 5440 2958 5493 stans,
3005 5439 3050 5483 et
3098 5431 3398 5499 calcfactens

1826 5539 1898 5576 se.
1930 5523 2172 5591 Pontifex
2193 5539 2312 5591 ergo
2343 5522 2668 5590 interrogavit
2692 5522 2866 5573 Jesttm
2889 5524 2950 5574 dc
2976 5521 3240 5586 discipulis
3269 5526 3398 5592 ejus,

1829 5625 1874 5665 et
1904 5615 1964 5666 de
1995 5614 2223 5666 doctrina
2272 5615 2400 5682 rjus.
2449 5611 2793 5680 Responditei
2838 5612 3035 5667 Jcsus:
3079 5613 3189 5682 Ego
3232 5615 3401 5680 palam

145 5707 264 5761 ideo
315 5707 511 5760 ductus
549 5715 651 5770 est,
694 5706 834 5774 quod
890 5721 1043 5763 socer
1094 5707 1210 5776 ejus
1267 5707 1447 5764 fuerit.
1497 5709 1593 5764 Ubi
1647 5713 1729 5768 in-
1831 5702 2026 5758 locutus
2075 5719 2186 5757 sum
2218 5703 2438 5766 mundo;
2481 5718 2569 5770 ego
2613 5719 2806 5770 semper
2837 5703 2982 5755 docui
3017 5703 3065 5754 in
3107 5719 3361 5771 synagoga
3389 5744 3401 5765 ,
