3884 6232
554 326 659 378 899

1054 320 1255 377 8Εοιὶσέ
1294 321 1734 378 VENERADIIJS
1770 320 2048 377 OPERUM
2104 316 2275 375 PARS
2314 320 2372 375 ll.
2414 350 2483 362 --
2524 321 2906 378 EXECETICA
2948 320 3265 378 GENUINA.

3654 326 3735 382 900

554 450 601 492 et
627 440 678 491 in
710 442 959 503 tentpto,q
998 451 1025 488 o
1046 452 1214 489 omnes
1240 435 1414 490 Juda‘i
1434 438 1752 500 conveniat,
1782 445 1824 489 et
1844 436 1899 489 in
1919 433 2111 487 occulto
2142 438 2185 490 Α
2214 436 2359 487 tende
2408 450 2680 503 prospere,
2727 439 2937 503 procede
2975 448 3021 492 et
3060 450 3234 509 regna,
3280 448 3485 509 prapter
3512 442 3735 496 ceritatem

557 532 751 584 locutas
778 545 888 581 sum
934 529 1091 592 nihil;
1120 529 1239 593 quid
1276 544 1355 581 me
1384 530 1697 600 interrogas?
1723 528 1986 595 Interroga
2028 542 2109 578 eos

554 621 641 687 qui
661 618 952 683 audierunt,
982 617 1105 688 quid
1130 618 1326 671 locutus
1364 635 1476 671 sum
1505 619 1643 687 ipsis.
1691 617 1823 672 Ecce
1868 618 1918 672 hi
1947 619 2109 671 sciunt

553 722 665 773 aute
687 706 900 759 dixerim
920 721 1031 772 ego.
1058 706 1170 759 Non
1199 708 1561 773 praetereunda
1603 709 1833 761 nascitur
1862 708 2106 774 quaestio,

552 797 819 863 quomodo
840 796 1035 850 dixerit
1061 798 1311 851 Dominus
1341 798 1496 852 lesus
1527 814 1541 853 :
1574 797 1684 868 Ego
1715 800 1885 866 palam
1915 800 2109 853 locutus

551 903 667 939 sum
707 889 916 953 mundo,
948 898 998 939 et
1044 888 1271 944 maxime
1320 890 1445 943 illud
1489 890 1627 956 quod
1657 890 1769 943 ait:
1801 888 1868 943 In
1914 892 2109 943 occulto

552 976 751 1028 locutus
764 992 875 1028 sum
892 975 1040 1029 nihil.
1056 976 1240 1031 Nonne
1263 978 1311 1030 in
1337 981 1435 1029 ltoc
1458 978 1572 1045 ipso
1598 979 1846 1031 receptio?
1859 993 1889 1032 e
1905 993 2104 1032 sermo—

554 1080 619 1117 ne
648 1079 803 1132 quem
828 1074 944 1133 post
961 1079 1163 1120 canam
1188 1066 1463 1135 discipulis
1493 1076 1575 1122 est
1605 1070 1829 1129 locutus,
1859 1068 1932 1122 ait
1954 1069 2057 1123 illis
2089 1086 2102 1122 :

554 1154 683 1209 lica
706 1157 757 1208 in
796 1156 1068 1224 proverbiis
1098 1157 1297 1209 locutus
1339 1173 1446 1211 sum
1478 1160 1648 1222 vobis;
1689 1158 1818 1212 venit
1846 1159 1971 1212 liora
1991 1175 2106 1213 cum

542 1247 655 1315 jam
680 1263 780 1299 non
810 1250 860 1299 in
882 1248 1151 1315 proverbiis
1177 1249 1353 1318 loquar
1381 1250 1533 1310 vobis,
1561 1252 1649 1304 sed
1668 1250 1837 1319 palam
1866 1253 1929 1305 de
1952 1250 2107 1307 Patre

554 1352 665 1390 meo
694 1337 1006 1391 mmuntiabo
1048 1339 1220 1391 uobis?
1266 1340 1317 1393 Si
1346 1355 1472 1408 ergo
1504 1342 1627 1410 ipsis
1657 1342 2106 1409 conjunctioribus

551 1423 826 1493 discipulis
873 1426 981 1480 suis
1033 1441 1135 1479 non
1190 1428 1500 1492 loquebatur
1553 1430 1760 1498 palam,
1800 1431 1892 1484 sed
1922 1431 2103 1485 horam

554 1515 895 1581 promittebat
920 1517 1131 1584 quando
1156 1518 1323 1585 palam
1346 1528 1489 1571 esset
1516 1518 1813 1584 locuturus,
1843 1522 2104 1589 quomodo

554 1606 725 1672 palam
774 1608 979 1663 locutus
1019 1620 1096 1664 est
1147 1610 1386 1663 mundo?
1436 1612 1631 1665 Deinde
1676 1614 1777 1666 illis
1813 1614 1941 1681 ipsis
1971 1614 2101 1679 suis,

555 1695 618 1747 sit
638 1703 693 1748 ut
713 1696 932 1749 aliorum
963 1714 1173 1766 quoque
1201 1701 1639 1769 evangelistarum
1675 1713 1897 1756 testatur
1922 1714 2103 1757 aucto-

558 1788 685 1842 ritas
725 1788 935 1857 (blattis.
970 1808 1050 1856 tv;
1087 1792 1207 1845 Luc.
1246 1809 1392 1859 VIII),
1425 1797 1474 1847 in
1502 1808 1682 1847 eorum
1708 1798 2107 1864 comparatione

555 1882 667 1946 qui»
703 1882 943 1949 discipuli
976 1883 1091 1950 ejus
1138 1900 1240 1935 non
1292 1895 1459 1948 erant,
1494 1890 1660 1940 mufto
1716 1885 1893 1954 utique
1941 1889 2108 1939 mani-

557 1971 746 2025 festius
796 1973 1104 2041 loquebatur
1132 1975 1341 2042 quando
1384 1990 1503 2029 cum
1545 1978 1621 2029 eis
1674 1988 1911 2049 remotus
1937 1988 2107 2033 erata

558 2061 747 2116 turbis.
779 2062 926 2116 Tunc
953 2065 1093 2117 enim
1120 2064 1196 2117 eis
1235 2075 1285 2116 et
1339 2066 1611 2131 (-arabolas
1660 2064 1950 2133 aperiebat,
1981 2082 2107 2134 quas

475 2214 478 2217 Α
555 2152 764 2207 clausas
798 2153 1095 2221 proferebat
1120 2154 1183 2207 ad
1232 2154 1384 2207 alios.
1427 2155 1562 2222 Quid
1599 2166 1681 2209 est
1709 2171 1835 2223 ergo
1870 2174 1882 2207 :
1918 2154 1981 2207 In
2026 2172 2110 2208 oc-

554 2240 692 2293 culto
718 2242 914 2293 locutus
942 2258 1053 2295 sum
1102 2242 1401 2297 niltil?Sed
1460 2244 1853 2315 intelligendum
1908 2258 1991 2301 est
2038 2247 2107 2301 ita

556 2346 677 2385 eum
703 2331 900 2386 dixisse
932 2351 942 2383 :
979 2331 1160 2387 Palam
1188 2334 1383 2387 locutus
1404 2351 1513 2387 sum
1540 2338 1748 2401 mundo,
1777 2352 1837 2390 ac
1866 2338 1908 2392 si
1950 2340 2111 2391 dixis-

560 2429 641 2474 set
671 2439 685 2472 :
716 2420 858 2475 Multi
882 2437 965 2475 me
990 2423 1287 2477 audierunt.
1322 2424 1493 2491 ipsum
1516 2434 1688 2478 autem
1720 2425 1915 2492 palam,
1952 2427 2109 2479 nodo

559 2512 786 2578 quodam
818 2520 933 2565 erat
962 2511 1151 2579 palam,
1183 2513 1339 2565 modo
1369 2524 1541 2567 autem
1588 2514 1814 2583 quodam
1844 2530 1949 2569 non
1996 2526 2111 2570 erat

559 2603 754 2672 palam.
787 2602 963 2657 Palam
1019 2604 1213 2672 quippe
1243 2612 1375 2669 erat,
1430 2606 1549 2672 quia
1602 2604 1749 2657 multi
1788 2606 2106 2672 audiebant;

564 2704 619 2748 et
649 2710 855 2749 rursum
912 2710 1017 2749 non
1048 2705 1159 2748 erat
1192 2696 1381 2762 palam,
1435 2697 1552 2763 quia
1584 2710 1687 2749 non
1728 2695 2105 2764 intelligebant.

559 2785 625 2840 Et
649 2787 785 2855 quod
815 2800 1052 2840 seorsum
1082 2786 1359 2853 discipulis
1393 2788 1723 2856 loquebatur,
1778 2803 1882 2841 non
1915 2790 1965 2842 in
2018 2803 2109 2841 oc-

558 2876 701 2929 culto
728 2874 907 2944 utique
936 2875 1264 2944 loquebatur.
1300 2878 1430 2942 Quis
1456 2892 1680 2946 namque
1718 2878 1770 2932 in
1800 2879 2004 2933 occulto
2036 2880 2111 2932 loo

563 2965 781 3031 quitur,
829 2964 917 3032 qui
954 2980 1132 3019 coram
1184 2974 1258 3019 tot
1324 2966 1624 3020 hominibus
1680 2966 1953 3037 loquitur?
1989 2984 2108 3023 cum

558 3057 809 3127 seriptum
832 3057 897 3109 sit
930 3072 941 3109 :
974 3054 1039 3109 In
1069 3073 1154 3109 ore
1183 3059 1397 3110 duorum
1436 3058 1514 3110 vel
1540 3060 1688 3112 trium
1714 3060 1933 3123 testium,
1960 3061 2110 3115 stabit

556 3162 701 3200 omne
729 3146 929 3200 uerbum
950 3146 1128 3218 (Deut.
1154 3148 1304 3216 xvn),
1339 3150 1626 3215 praesertim
1672 3149 1715 3200 si
1746 3150 1843 3202 hoc
1871 3149 2107 3219 loquitur

560 3237 758 3301 paucis,
791 3239 926 3303 quod
959 3250 1049 3304 per
1087 3250 1181 3291 eos
1212 3238 1334 3289 velit
1382 3237 1712 3291 innotescere
1743 3239 1939 3300 multis.
1974 3240 2109 3293 sicut

557 3325 667 3390 ipse
701 3324 949 3377 Dominus
993 3326 1066 3378 ait
1096 3325 1199 3377 illis
1242 3325 1382 3392 quod
1410 3325 1582 3379 adhuc
1613 3339 1807 3395 paucos
1836 3327 2064 3380 habelrat
2092 3345 2105 3380 :

562 3413 708 3479 Quod
729 3414 839 3466 dico
860 3413 995 3467 vobis
1018 3417 1067 3467 in
1091 3414 1325 3478 tenebris,
1351 3416 1503 3468 dicite
1524 3419 1576 3467 in
1604 3418 1819 3480 lumine;
1841 3426 1888 3469 et
1906 3420 2039 3485 quod
2055 3419 2106 3470 in

560 3521 647 3557 ore
670 3505 881 3570 auditis,
911 3507 1181 3574 pradirate
1210 3524 1361 3575 super
1392 3517 1520 3559 tecta
1553 3508 1764 3569 (Matth.
1792 3509 1869 3577 χ).
1898 3510 2032 3579 Ergo
2055 3520 2110 3565 et

563 3594 663 3650 hoc
690 3594 857 3663 ipsum
885 3595 1022 3663 quod
1053 3597 1117 3648 ab
1146 3611 1207 3647 co
1253 3597 1356 3649 dici
1390 3598 1659 3650 videbatur
1686 3601 1891 3652 occulte
1912 3639 1927 3664 ,
1974 3616 2107 3667 quo-

561 3685 843 3741 dammodo
898 3700 1002 3739 non
1056 3688 1328 3741 dici-batur
1374 3694 1421 3742 in
1454 3694 1681 3756 occulto,
1733 3694 1851 3761 quia
1885 3708 1987 3745 non
2039 3694 2108 3747 ita

564 3778 838 3832 dicebatur
858 3780 935 3833 eis
966 3778 1155 3847 quibus
1186 3781 1378 3833 dictum
1412 3782 1596 3845 luerat,
1618 3795 1672 3836 ut
1696 3792 1981 3851 taceretur,
2014 3787 2107 3839 sed

557 3867 627 3921 ita
658 3870 853 3936 pntius,
878 3879 929 3922 ut
954 3885 1330 3938 usquequaque
1356 3874 1747 3937 praedicaretur.
1771 3876 1824 3930 Si
1848 3892 1973 3945 ergo
2001 3878 2102 3931 dici

560 3967 733 4027 potest
762 3959 953 4025 aliquid
985 3970 1037 4013 et
1078 3962 1250 4030 palam
1284 3963 1435 4015 simul
1467 3973 1516 4017 et
1564 3980 1667 4018 non
1699 3967 1893 4034 palam,
1940 3967 2019 4019 vel
2051 3968 2103 4020 in

559 4052 763 4105 occulto
793 4052 946 4105 simul
973 4063 1024 4106 et
1055 4069 1156 4106 non
1183 4054 1231 4107 in
1257 4056 1483 4119 occulto,
1510 4058 1773 4124 quomodo
1801 4058 1999 4112 dictum
2024 4070 2107 4114 est

560 4151 612 4193 ut
640 4140 859 4194 videntes
900 4142 1119 4205 uideant,
1152 4153 1196 4195 et
1242 4160 1339 4196 non
1366 4146 1563 4197 videant
1589 4145 1778 4213 (Marc.
1810 4147 1923 4212 tv)?
1967 4148 2107 4213 Quo-

560 4231 717 4285 modo
746 4231 888 4285 enim
920 4232 1149 4296 videant,
1169 4234 1267 4286 nisi
1293 4236 1411 4300 quia
1438 4236 1632 4303 palam,
1660 4253 1760 4289 non
1780 4237 1831 4291 in
1858 4239 2108 4293 occulto?

560 4332 613 4375 et
643 4323 907 4390 quomodo
936 4337 1114 4375 rursus
1147 4324 1301 4376 iidem
1337 4325 1433 4391 ipsi
1462 4341 1566 4379 non
1595 4326 1822 4391 videant,
1856 4329 1953 4382 nisi
1984 4330 2104 4399 quia

560 4426 664 4465 non
700 4412 888 4476 palam,
935 4412 1025 4464 sed
1068 4412 1118 4465 in
1145 4413 1385 4467 occulto?
1428 4415 1496 4467 Ea
1528 4426 1697 4470 tamen
1730 4416 1842 4485 ipsa
1870 4435 1986 4487 quae
2014 4436 2106 4474 au-
2132 4448 2183 4506 Β

558 4501 786 4563 dierant,
838 4501 929 4555 st-d
973 4515 1075 4555 non
1129 4501 1517 4567 intellexerant,
1562 4507 1684 4561 talia
1714 4518 1882 4573 erant,
1916 4518 1971 4563 ut
2000 4524 2103 4564 non

559 4604 779 4661 possent
802 4595 943 4663 juste
972 4612 1033 4651 ac
1062 4599 1319 4652 veraciter
1344 4600 1639 4666 criminari;
1686 4610 1739 4656 et
1765 4604 2106 4670 quotiescun-

556 4702 661 4755 que
712 4688 1081 4757 interrogando
1114 4699 1471 4755 tentaverunt,
1515 4700 1571 4744 ut
1620 4691 1914 4748 invenirent
1969 4694 2108 4751 unde

558 4788 870 4832 accusarent
898 4794 1039 4845 eum,
1065 4779 1141 4833 sic
1165 4781 1242 4833 eis
1270 4781 1560 4849 respondit,
1588 4793 1645 4835 ut
1686 4796 1875 4837 omnes
1916 4799 2101 4839 eorum

559 4869 963 4923 retunderentur
991 4870 1120 4936 doli,
1168 4880 1221 4925 et
1270 4872 1542 4925 (alumnis:
1586 4874 1956 4929 lnstrarentur.
1986 4874 2109 4931 Ideo

554 4958 760 5011 dicebat
791 4976 802 5011 :
838 4960 972 5026 Quid
1002 4976 1080 5013 me
1119 4961 1437 5031 interrogas!
1482 4962 1736 5033 interroga
1775 4980 1859 5019 eos
1891 4968 1978 5036 qui
2016 4984 2110 5021 ast-

553 5050 774 5113 dierunt,
805 5051 926 5115 quid
953 5052 1149 5105 locutus
1193 5068 1299 5104 sum
1347 5054 1487 5113 ipsis.
1536 5052 1662 5105 Ecce
1702 5054 1753 5106 lii
1790 5056 1954 5109 sciunt
1997 5073 2110 5125 qut!

550 5141 765 5192 dixerim
789 5157 903 5210 ego.

622 5228 745 5283 Ilwc
769 5241 933 5283 autem
964 5247 1075 5285 cum
1099 5234 1320 5295 dixisset,
1349 5251 1472 5286 unus
1491 5236 1729 5288 assistens
1753 5237 2107 5292 ministrorum

556 5321 695 5373 dedit
740 5322 941 5389 alapam
972 5322 1118 5389 Jesu,
1144 5327 1311 5377 dicens
1352 5340 1369 5379 :
1420 5327 1505 5380 Sic
1535 5330 1805 5394 respondes
1832 5333 2060 5399 pontiﬁci
2086 5336 2111 5387 ?

556 5412 836 5480 Respondit
865 5414 1009 5468 Iesus
1042 5432 1059 5467 .'
1092 5417 1152 5471 Si
1192 5423 1320 5471 male
1368 5421 1563 5473 locutus
1601 5438 1735 5485 sum,
1770 5427 2107 5479 testimonium

541 5503 739 5570 perhibe
766 5508 827 5558 de
852 5507 1009 5559 malo.
1044 5507 1104 5563 Si
1122 5520 1285 5562 autem
1314 5510 1451 5576 bene,
1478 5513 1599 5581 quid
1642 5532 1720 5569 me
1749 5518 1942 5571 caedis?
1968 5519 2103 5585 Quid

551 5598 646 5649 ista
698 5600 1042 5667 responsione
1072 5604 1266 5665 verius,
1318 5607 1665 5669 mansuetius,
1713 5609 1946 5677 juslius?
1980 5612 2105 5679 Ejus

546 5687 685 5740 enim
716 5698 799 5743 est
847 5690 911 5745 de
940 5707 1044 5761 quo
1094 5694 1397 5762 prophetica
1435 5712 1527 5752 vos
1579 5712 1921 5766 prmcesserat
1960 5722 1967 5753 :
2019 5703 2105 5756 In-

2208 534 2256 575 et
2283 526 2731 591 mansuetudinem,
2757 537 2806 581 et
2842 529 3098 598 justitiam
3128 528 3296 598 (Psal.
3345 534 3510 593 κων).
3537 528 3590 583 Si
3617 546 3735 601 Coga-

2212 624 2383 668 temus
2412 616 2529 683 quis
2551 619 2811 683 acceperit
2860 619 3087 686 alapam,
3135 635 3311 674 nonne
3346 622 3597 674 vellemus
3637 637 3732 675 eum

2206 704 2292 771 qui
2325 704 2603 771 percussit,
2638 713 2726 760 aut
2768 706 2973 760 cmlesti
3027 708 3145 776 igne
3191 708 3460 768 consumi.
3498 722 3582 762 aut
3626 721 3735 762 lerra

2207 792 2511 848 dehiscente
2536 795 2763 862 sorberi,
2795 806 2885 849 aut
2912 808 3212 865 correptum
3232 799 3494 852 daemonio
3519 799 3734 860 volnran,

2207 891 2298 937 aut
2344 884 2514 953 aliqua
2544 884 2847 953 huiusmodi
2881 887 3114 954 qualibet
3152 903 3303 956 ptena
3334 889 3416 943 vel
3445 889 3601 942 etitm
3646 905 3735 955 grs-

2209 972 2357 1027 viore
2387 974 2599 1041 puniti?
2626 974 2761 1042 Quid
2792 975 2934 1030 enim
2986 975 3172 1031 borum
3208 993 3301 1047 per
3353 981 3635 1048 potentiam
3658 981 3739 1049 ju-

2206 1062 2332 1119 bere
2369 1080 2473 1120 non
2526 1069 2794 1135 potuisset,
2835 1082 2931 1137 per
2974 1084 3129 1135 quem
3181 1069 3347 1125 factos
3378 1082 3461 1127 est
3513 1076 3732 1137 mundus,

2206 1153 2307 1209 nisi
2339 1156 2642 1223 patientiam
2696 1173 2793 1211 nos
2830 1159 3022 1213 docere
3076 1160 3500 1231 maluisset,'qua
3539 1164 3740 1218 vincitur

2205 1248 2468 1302 mundus?
2512 1250 2607 1304 llic
2634 1250 2759 1305 dicit
2788 1251 2976 1319 aliquis
3009 1269 3021 1304 :
3055 1252 3162 1305 Cur
3192 1268 3294 1306 non
3328 1253 3450 1307 fecit
3484 1258 3619 1322 quod
3650 1259 3739 1327 ipse

2208 1342 2489 1409 precept”
2520 1342 2839 1397 Perctttienti
2874 1342 3015 1398 enim
3060 1360 3161 1398 non
3192 1346 3269 1398 sic
3300 1350 3639 1412 respondere,
3669 1354 3739 1403 sed

2206 1431 2474 1485 maxillam
2494 1430 2672 1485 debuit
2701 1434 2923 1487 alteram
2947 1450 3241 1503 praeparare
3265 1434 3479 1503 (Matth.
3500 1440 3573 1504 v).
3595 1440 3742 1503 Quid?

2205 1523 2341 1591 quod
2369 1533 2423 1576 et
2445 1524 2729 1585 veraciter,
2775 1532 2827 1578 et
2860 1536 3155 1591 mansuete,
3186 1525 3427 1594 justeque
3470 1531 3739 1597 respondit,

2205 1623 2259 1668 et
2285 1628 2387 1666 non
2417 1613 2582 1667 solum
2625 1614 2842 1668 alteram
2868 1614 3161 1667 maxillam
3199 1616 3386 1669 iterum
3424 1632 3737 1683 percussuro.

2209 1700 2302 1755 sed
2343 1710 2507 1754 totum
2555 1716 2747 1771 corpus
2798 1701 3063 1770 llgendum
3114 1707 3433 1772 praeparavit
3490 1706 3540 1757 in
3592 1706 3742 1774 ligno?

2140 1769 2188 1830 Β
2212 1802 2261 1845 οι
2294 1791 2415 1844 hinc
2443 1791 2615 1857 potius
2654 1769 3043 1846 demonstravit
3093 1769 3232 1861 quod
3282 1769 3739 1849 dmmonstrandmn

2214 1880 2331 1946 fuit,
2362 1898 2453 1935 sua
2485 1882 2685 1935 scilicet
2724 1898 2909 1950 magna
2942 1884 3031 1937 illa
3060 1895 3322 1952 pra:cepta
3352 1886 3636 1953 patientia’,
3659 1904 3741 1940 non

2212 1974 2565 2027 ostentatione
2594 1973 2864 2040 corporis,
2914 1973 3006 2027 sed
3053 1976 3227 2028 cordis
3278 1978 3653 2043 praeparatione
3681 1980 3743 2027 la-

2211 2063 2416 2117 cienda.
2435 2062 2567 2116 Fieri
2600 2062 2738 2115 enim
2770 2073 2940 2130 potest
2965 2073 3019 2115 ut
3047 2064 3266 2117 alteram
3294 2068 3557 2120 maxillam
3585 2068 3742 2120 visibi-

2216 2152 2334 2204 liter
2364 2151 2520 2203 homo
2545 2151 2776 2217 praebeat
2801 2159 2854 2203 et
2886 2153 3071 2205 iratus.
3092 2153 3299 2217 Quanto
3328 2170 3453 2221 ergo
3485 2156 3666 2208 melius
3703 2170 3745 2209 et

2212 2238 2481 2305 respondit
2510 2253 2629 2291 vera
2660 2240 2913 2304 placatus,
2948 2251 3001 2294 et
3051 2240 3115 2294 ad
3165 2243 3478 2310 perferenda
3529 2250 3745 2313 graviora

2218 2328 2497 2393 tranquillo
2526 2330 2703 2382 animo
2742 2330 2839 2383 luit
2870 2332 3116 2397 paratus?
3169 2334 3359 2388 Beatus
3396 2347 3475 2388 est
3513 2339 3649 2389 enim
3673 2340 3744 2405 qui

2212 2420 2455 2473 omnibus
2476 2434 2591 2488 quae
2611 2420 2810 2487 injnsta
2834 2437 2931 2489 pro
2948 2420 3147 2490 justitla
3182 2426 3398 2492 patitur,
3421 2437 3590 2493 potest
3621 2444 3745 2479 vera-

2213 2508 2343 2561 citer
2373 2508 2548 2561 dicere
2584 2526 2595 2559 :
2630 2508 2875 2561 Paratum
2910 2527 2997 2563 cor
3016 2528 3178 2564 meum
3211 2512 3379 2575 Deus,
3427 2528 3655 2582 paratum
3677 2534 3747 2569 cor

2212 2614 2379 2651 meum
2410 2598 2575 2666 (Psal.
2608 2600 2763 2668 cvtt).
2814 2600 2947 2654 Hinc
2991 2601 3049 2655 iit
3077 2602 3272 2671 quippe
3300 2606 3438 2673 quod
3487 2608 3745 2673 sequitur:

2210 2687 2507 2742 Cantaboet
2553 2691 2766 2757 psallam
2821 2690 3043 2761 (Ibid);
3074 2695 3212 2762 quod
3263 2694 3450 2749 Paulus
3487 2707 3541 2750 et
3581 2696 3748 2749 Dant:-

2217 2775 2311 2829 bas
2357 2776 2518 2830 etiam
2554 2778 2603 2830 in
2648 2780 2871 2831 vinculis
2929 2780 3225 2835 durissimis
3269 2781 3445 2836 fatere
3492 2794 3748 2851 patuerunt

2216 2866 2233 2936 (
2258 2867 2370 2920 Act.
2404 2882 2486 2920 xvt
2507 2868 2545 2937 ).
2577 2866 2681 2922 Sed
2705 2870 2777 2922 ad
2806 2870 3127 2925 narrationis
3149 2872 3465 2941 evangelica
3494 2876 3746 2943 sequentia

2212 2956 2492 3012 redeamus
2506 2999 2520 3016 .

2284 3046 2351 3100 Et
2371 3048 2507 3100 misit
2527 3064 2641 3101 eum
2672 3049 2841 3102 Annos
2873 3050 3082 3117 ligatum
3106 3049 3174 3101 ad
3196 3047 3444 3119 Caipham
3462 3050 3747 3118 pontiﬁcem.

2215 3137 2292 3188 Ad
2326 3137 2473 3191 illum
2512 3138 2677 3203 enim,
2710 3138 2846 3191 sicut
2889 3140 3159 3191 Mattbmus
3212 3140 3357 3203 dicit,
3390 3140 3455 3191 ab
3501 3140 3645 3191 initio
3672 3141 3747 3190 du-

2212 3228 2448 3293 cebatur,
2476 3227 2725 3295 quoniam
2770 3228 2880 3295 ipse
2928 3238 3040 3282 erat
3069 3230 3209 3282 illius
3249 3232 3372 3283 anni
3418 3231 3657 3299 princeps
3682 3246 3743 3282 sa-

2211 3320 2484 3376 cerdotum
2512 3320 2722 3387 (Matth.
2753 3324 2920 3388 utri).
2955 3321 3183 3375 Alterius
3213 3322 3407 3390 quippe
3442 3322 3744 3391 intelligendi

2210 3424 2335 3468 sunt
2387 3428 2545 3483 agere
2581 3414 2755 3467 solere
2814 3430 2979 3467 annos
3010 3417 3167 3469 ambo
3213 3417 3508 3484 pontifices,
3562 3419 3611 3471 id
3663 3430 3744 3475 est.

2216 3506 2477 3572 principes
2510 3504 2863 3567 sacerdotum,
2908 3508 2993 3574 qui
3027 3516 3177 3559 erant
3208 3506 3295 3559 illo
3322 3516 3561 3574 tempore
3593 3509 3747 3560 Aonas

2216 3594 2531 3661 etCaipltas,
2548 3608 2677 3661 quos
2702 3594 2869 3647 Lucas
2892 3596 3215 3665 evangelista
3238 3609 3638 3660 commemorat,
3654 3615 3748 3651 nar»

2222 3699 2343 3737 rans
2360 3700 2463 3751 quo
2479 3694 2712 3751 tempore
2728 3687 2949 3753 cmperit
2971 3686 3222 3741 Dominus
3250 3704 3581 3754 precursore
3611 3692 3748 3743 Joan-

2222 3788 2287 3827 ne
2309 3776 2592 3841 prn-dicate
2619 3789 2833 3842 regnum
2860 3779 3129 3837 cmlorutn,
3153 3793 3199 3830 et
3217 3794 3535 3848 coitgregare
3552 3783 3745 3845 «limitu-

2220 3864 2317 3915 los.
2336 3865 2422 3917 Sic
2435 3868 2573 3917 enim
2594 3865 2745 3918 dicit:
2765 3864 2870 3919 Sub
2888 3866 3198 3935 principibus
3221 3872 3533 3920 sacerdotum
3556 3872 3689 3920 Anna
3710 3882 3747 3919 et

2218 3952 2413 4019 Caipha
2442 3954 2624 4020 factum
2653 3962 2726 4006 est
2748 3956 2951 4007 verbum
2978 3953 3184 4008 Domini
3221 3974 3375 4024 super
3398 3956 3639 4009 Joannem
3663 3957 3747 4009 Za-

2217 4045 2405 4097 charias
2441 4044 2604 4106 ﬁlium
2635 4046 2684 4094 in
2714 4045 2906 4097 deserto
2935 4044 3084 4113 (Luc.
3138 4048 3252 4114 ιιι),
3298 4058 3400 4101 etc.
3435 4048 3653 4100 Proinde
3680 4049 3748 4099 isu‘

2218 4134 2377 4186 ambo
2404 4136 2682 4201 pontiﬁces
2710 4134 2941 4188 vicissim
2973 4150 3098 4189 suos
3121 4152 3290 4190 annos
3318 4139 3565 4207 agebant,
3585 4150 3635 4191 et
3653 4147 3751 4189 erat

2214 4236 2382 4275 annus
2405 4222 2616 4290 Caipha:
2661 4223 2868 4291 quando
2892 4239 3075 4292 passus
3112 4236 3189 4278 est
3231 4226 3500 4279 Christus.
3532 4226 3649 4279 Ideo
3682 4242 3750 4277 se

2213 4313 2442 4366 cundnm
2498 4314 2795 4369 Matthaaum
2846 4330 2965 4369 cum
3003 4317 3420 4384 comprehensus
3478 4328 3654 4379 esset,
3696 4321 3748 4369 ait

2214 4406 2358 4458 illum
2388 4406 2577 4459 ductus
2602 4417 2722 4473 est,
2770 4409 2863 4461 sed
2916 4408 3062 4476 prius
3108 4410 3171 4460 ad
3204 4412 3410 4462 Annam
3453 4410 3749 4478 (secundum

2211 4497 2502 4567 Joannem)
2554 4509 2810 4555 venerunt
2840 4512 2959 4553 cum
2984 4499 3093 4563 illo,
3137 4514 3240 4552 non
3268 4501 3390 4568 quia
3419 4500 3613 4567 collega
3636 4542 3648 4559 ,
3670 4502 3747 4551 sed

2212 4588 2331 4656 quia
2382 4603 2531 4642 socer
2561 4590 2677 4657 ejus
2724 4600 2860 4643 erat.
2889 4590 2953 4642 Et
2999 4589 3321 4643 credendum
3350 4600 3434 4643 est
3480 4592 3749 4642 secundum

2210 4681 2538 4733 voluntatem
2569 4680 2781 4747 Caipha
2810 4680 2859 4732 id
2891 4695 3011 4734 esse
3037 4680 3251 4741 factum,
3286 4684 3368 4735 vel
3400 4682 3559 4733 etiam
3584 4682 3751 4733 domos

2212 4784 2397 4822 eorum
2432 4770 2497 4821 ita
2525 4768 2685 4824 fuisse
2734 4771 2952 4837 positas,
3015 4782 3071 4823 ut
3124 4785 3229 4824 non
3258 4772 3481 4825 deberet
3524 4777 3696 4823 Aonas
3729 4790 3752 4819 ,ι

2214 4861 2605 4915 transeuntibus
2623 4862 2905 4929 praeteriri.
2929 4860 3162 4915 Scdt'unt
3181 4864 3212 4915 d
3242 4862 3403 4913 sisset
3426 4863 3750 4929 evangelista.

2210 4954 2349 5020 quod
2400 4967 2519 5005 eum
2550 4953 2761 5023 ligatum
2796 4953 2993 5006 miserit
3034 4953 3211 5006 Annae
3256 4954 3319 5005 ad
3373 4954 3645 5021 Caipltam,
3678 4969 3750 5005 re-

2212 5059 2398 5097 Vrrsus
2438 5055 2512 5096 est
2566 5045 2630 5096 ad
2667 5047 2837 5097 locum
2872 5044 3187 5097 narrationis
3219 5046 3304 5098 ubi
3355 5047 3639 5114 reliquerat
3668 5044 3754 5096 Ρι-

2211 5148 2369 5200 trutn,
2411 5147 2469 5191 ut
2522 5137 2809 5203 explicaret
2858 5136 2995 5204 quod
3050 5137 3099 5189 in
3129 5138 3286 5188 domo
3336 5138 3500 5189 Anna:
3533 5139 3601 5189 de
3629 5138 3749 5187 trina

2208 5243 2320 5294 ejus
2362 5227 2640 5295 negatione
2674 5228 2982 5295 contigerat.

2282 5336 2407 5389 Erat
2436 5347 2623 5398 nictent,
2649 5336 2836 5401 inquit,
2867 5328 3256 5389 Simon’Petrus
3304 5348 3467 5401 stans,
3501 5350 3545 5391 et
3577 5340 3755 5406 calda-

2208 5430 2339 5481 ciens
2381 5444 2451 5479 se.
2513 5429 2621 5482 Hoc
2663 5429 2975 5495 recapitulat
3014 5432 3150 5496 quod
3205 5440 3327 5482 ante
3368 5430 3478 5497 jam
3519 5432 3752 5489 ditent;

2208 5520 2395 5573 deinde
2438 5536 2555 5587 qua:
2597 5530 2773 5574 secuta
2806 5531 2945 5581 sunt,
2974 5520 3163 5589 juogit.
3222 5521 3467 5574 Dixerunt
3517 5540 3634 5592 ergo
3674 5526 3754 5574 ei:

2212 5615 2454 5684 Nunquid
2491 5624 2536 5666 at
2568 5626 2620 5665 tu
2646 5630 2706 5667 ea:
2753 5615 3011 5684 discipulis
3054 5616 3162 5681 ejus
3206 5631 3256 5667 es
3283 5618 3306 5668 ?
3340 5617 3554 5687 Negavit
3587 5619 3688 5676 ille,
3718 5630 3755 5666 tl

2210 5706 2333 5759 dixit
2366 5722 2383 5757 :
2403 5705 2525 5761 Non
2561 5720 2693 5755 sum.
2724 5704 2836 5759 lant
2866 5706 3027 5759 semel
3057 5718 3363 5773 negaverat,
3398 5722 3521 5761 ccte
3550 5709 3749 5760 iterum.
