3884 6232
545 279 655 337 903

1076 273 1275 330 usus:
1320 248 2091 330 vsustuutusorenuu
2134 265 2309 327 PARS
2346 268 2414 325 tl.
2445 298 2514 310 —
2544 266 2929 326 exsomnes
2969 268 3293 328 GENUINA.

3702 274 3813 327 904

620 388 896 452 Respondit
920 386 1122 442 Pilatus
1144 402 1165 441 :
1195 385 1442 454 Nunquid
1463 401 1554 455 ego
1576 382 1793 439 Judteus
1816 382 1968 437 sum!
1989 382 2197 445 (“enrA
2226 382 2318 435 sed
2346 396 2448 435 non
2472 390 2555 436 est
2586 382 2648 435 de
2673 381 2769 434 hoc
2798 383 3011 438 mundo.
3041 382 3105 437 Et
3132 398 3252 438 cum
3285 381 3532 452 probaret
3560 384 3763 440 dicens
3802 407 3813 437 ;

548 494 635 540 tu
659 494 707 537 et
732 483 995 555 pontiﬁces
1020 479 1336 533 tradiderunt
1365 488 1412 532 te
1434 478 1577 531 mihi.
1612 477 1750 542 Quid
1778 476 1982 547 fecisti?
2012 475 2136 531 R2-°

546 575 751 646 spondit
773 572 924 629 Iesus
950 588 971 627 :
1000 571 1230 643 Regnum
1252 582 1420 623 meum
1456 584 1555 622 non
1578 578 1651 622 est
1679 568 1744 623 de
1778 566 1875 621 hoc
1904 566 2117 621 mundo.

550 665 612 724 Si
654 683 719 722 ea:
757 668 854 721 hoc
892 665 1080 719 mundo
1121 670 1246 717 esset
1285 675 1497 731 regnum
1534 674 1721 724 meum,
1769 657 1987 713 ministri
2024 656 2122 711 mei

548 762 720 831 utique
744 759 1055 814 decertarent
1087 762 1141 808 ut
1179 769 1278 807 non
1310 752 1537 806 traderer
1574 750 1792 805 Jadtzis.
1840 750 1994 803 Nunc
2026 766 2123 803 au-

548 865 649 909 tem
678 867 888 922 regnum
914 865 1082 903 meum
1113 863 1216 901 non
1246 859 1318 902 est
1346 845 1485 903 hinc.
1527 845 1637 899 Hoc
1666 854 1749 901 est
1774 845 1922 916 quod
1950 844 2121 899 bonus

550 943 797 1013 Magister
834 940 975 995 scire
1015 953 1112 993 nos
1139 938 1323 991 voluit.
1363 935 1470 993 Sed
1512 935 1655 1005 prius
1699 934 1854 989 nobis
1894 933 2118 989 demon-

548 1035 765 1089 stranda
797 1032 967 1086 luerat
1008 1028 1282 1084 hominum
1314 1027 1381 1082 de
1418 1041 1583 1095 regno
1612 1025 1731 1096 ejus
1773 1026 1973 1095 opinio,
2010 1025 2123 1079 sive

546 1123 807 1194 gentium,
857 1121 971 1176 sive
1018 1119 1349 1184 Judazorum,
1393 1132 1421 1169 a
1463 1118 1657 1187 quibus
1702 1115 1752 1171 id
1800 1114 1995 1171 Pilatus
2030 1130 2123 1169 au-

549 1218 755 1278 dierat,
806 1215 956 1284 quasi
1007 1224 1288 1282 propterea
1329 1207 1525 1265 fuisset
1571 1217 1743 1263 morte
1792 1206 2122 1275 plectendos,

551 1310 695 1382 quod
722 1310 962 1365 illicitum
1001 1305 1329 1361 aﬂectaverit
1355 1318 1608 1372 regnum,
1643 1301 1729 1356 vel
1756 1300 2006 1370 quoniam
2036 1314 2125 1355 so-

550 1402 663 1457 lent
702 1399 1001 1471 regnaturis
1042 1396 1278 1451 invidere
1317 1404 1621 1465 regnantes.
1664 1393 1729 1446 Et
1756 1393 2000 1448 videlicet
2028 1407 2122 1447 ca-

548 1492 780 1547 vendum
817 1501 954 1553 erat,
998 1504 1064 1543 ne
1093 1486 1255 1556 hujus
1295 1500 1519 1554 regnum
1548 1485 1666 1539 sive
1693 1482 1969 1550 Romanis,
2011 1484 2123 1539 sive

547 1581 768 1643 luditis,
790 1589 931 1635 esset
949 1578 1245 1633 adversum.
1274 1574 1488 1629 Poterat
1505 1583 1681 1629 autem
1706 1572 1959 1628 Dominus
1981 1573 2121 1642 quod

548 1673 663 1727 ait:
698 1670 931 1743 Regnum
969 1684 1134 1722 meum
1174 1683 1275 1721 non
1304 1674 1378 1719 est
1417 1666 1481 1718 de
1522 1663 1710 1717 mundo
1752 1663 1865 1728 hoc,
1894 1673 2023 1727 etc..
2054 1663 2120 1717 ad

552 1764 773 1835 primam
805 1760 1277 1830 interrogationem
1307 1757 1549 1827 praesidis
1578 1756 1924 1825 respondere,
1952 1754 2041 1810 ubi
2071 1755 2119 1810 ei

548 1856 685 1909 dixit
714 1872 728 1907 :
760 1852 839 1906 Tu
870 1867 927 1918 es
964 1850 1077 1905 Rea:
1112 1848 1454 1903 Judazorum?
1487 1847 1591 1902 Sed
1621 1862 1741 1902 cum
1770 1847 2003 1902 vicissim
2045 1847 2126 1902 in-
2153 1918 2156 1920 γ

552 1944 830 2013 terrogans
862 1950 1035 1994 utrum
1071 1940 1170 1993 hoc
1198 1952 1227 1992 a
1258 1938 1548 2005 semetipso
1576 1935 1810 2004 diceret,
1847 1931 1914 1989 an
1945 1935 2125 1991 audis-

550 2047 635 2093 set
674 2036 741 2091 ab
783 2034 924 2099 aliis,
969 2033 1058 2087 illo
1100 2031 1457 2102 respondente
1496 2016 1777 2086 ostendere
1819 2029 1986 2083 voluit
2024 2028 2126 2084 hoc

549 2127 653 2183 sibi
695 2126 832 2195 apud
881 2124 1027 2179 illum
1081 2117 1242 2178 fuisse
1281 2137 1309 2175 a
1360 2121 1560 2177 ludatis
1602 2120 1746 2175 velut
1786 2120 1986 2175 crimen
2034 2120 2129 2174 ob-

547 2216 773 2285 jectum,
806 2216 1131 2285 patefaciens
1161 2212 1312 2269 nobis
1340 2213 1667 2283 cogitationes
1697 2208 1976 2278 hominum,
2004 2226 2127 2283 quas

549 2307 660 2374 ipse
694 2315 901 2361 noverat
939 2305 1179 2375 quoniam
1203 2318 1348 2360 nunc
1377 2303 1495 2358 sunt
1523 2300 1693 2373 (Psal.
1724 2299 1904 2371 acut).
1936 2299 2129 2371 Eisque

554 2404 673 2465 post
701 2397 1117 2463 responsionem
1136 2395 1289 2450 Pilati
1315 2394 1423 2464 jam
1452 2392 1654 2449 Judaais
1681 2403 1730 2446 et
1762 2390 2006 2459 gentibus
2035 2406 2131 2461 op-

552 2485 833 2555 portunius
872 2484 1153 2554 aptiusqne
1195 2482 1523 2551 respondens
1570 2498 1583 2534 :
1635 2480 1895 2550 Regnum,
1938 2480 2128 2548 inquit,

552 2592 717 2630 meum
754 2590 857 2631 non
895 2586 975 2631 est
1010 2577 1074 2629 de
1110 2574 1301 2629 mundo
1341 2575 1454 2629 hoc.
1497 2573 1647 2640 Quod
1687 2573 1733 2627 si
1772 2572 2129 2641 interrogante

556 2667 730 2723 Pilato
760 2668 1016 2723 continuo
1047 2667 1431 2734 respondisset,
1461 2679 1566 2719 non
1599 2665 1754 2718 etiam
1782 2663 2003 2728 iudicis,
2032 2661 2129 2718 sed

552 2758 685 2815 solis
719 2760 967 2828 gentibus
999 2757 1099 2810 hoc
1120 2757 1197 2811 de
1226 2771 1283 2811 se
1314 2756 1653 2824 Opinantibus
1681 2755 2022 2824 respondisse
2048 2753 2128 2810 vi-

552 2848 788 2905 deretur.
814 2848 964 2903 Nunc
987 2862 1114 2902 vero
1135 2849 1385 2916 quoniam
1415 2846 1689 2913 respondit
1716 2844 1913 2899 Pilatus
1939 2862 1951 2898 :
1977 2844 2129 2900 Nun—

553 2941 679 3010 quid
706 2956 798 3011 ego
831 2936 1045 2994 Iudaeus
1073 2938 1220 2992 sum?
1247 2952 1367 3007 gens
1397 2945 1484 2990 tua
1518 2946 1565 2991 et
1604 2936 1867 3005 pontiﬁces
1904 2937 2129 2992 tradide-

2155 1728 2198 1786 Β

2225 469 2288 546 Si
2308 487 2372 525 ex
2393 472 2486 524 hac
2510 472 2698 523 mundo
2727 481 2854 524 esset
2880 488 3088 544 regnum
3116 460 3303 540 meum,
3333 472 3557 526 ministri
3584 470 3690 526 mei
3721 476 3818 527 deo

2220 573 2468 616 certarent
2497 572 2553 616 ut
2579 578 2680 617 non
2710 563 2941 616 traderer
2969 560 3322 627 Judais,‘non
3350 566 3426 618 ait
3451 578 3468 617 :
3504 562 3664 619 Nunc
3709 582 3813 617 au-

2223 661 2324 709 tem
2360 671 2527 708 meum
2553 670 2765 726 regnum
2791 670 2893 709 non
2920 666 2993 710 est
3019 655 3130 721 hic,
3154 656 3247 712 sed
3277 672 3380 710 non
3408 665 3483 711 est
3510 670 3658 711 autc.
3713 653 3817 710 llic

2223 753 2304 799 est
2328 746 2473 799 enim
2508 758 2726 813 regnum
2751 745 2867 813 ejus
2890 760 3057 812 usque
3084 745 3137 800 in
3168 746 3325 801 linem
3355 746 3566 810 saculi,
3588 746 3812 800 habens

2225 835 2363 890 inter
2391 849 2452 890 se
2476 831 2755 912 commista
2787 835 2991 891 siaania
3021 851 3189 906 usque
3215 836 3283 891 ad
3311 851 3561 894 messem.
3604 835 3812 891 Messi:

2223 927 2363 980 enim
2390 932 2473 980 est
2512 924 2630 978 linis
2661 925 2879 992 saeculi,
2921 926 3131 994 quando
3161 942 3425 995 messores
3449 930 3711 991 venient,
3758 926 3809 979 id

2223 1025 2340 1080 est,
2372 1016 2578 1085 angeli,
2608 1024 2664 1071 et
2690 1014 2943 1087 colligant
2966 1016 3034 1071 de
3072 1031 3235 1087 regno
3273 1018 3388 1089 ejus
3416 1019 3598 1074 omnia
3643 1008 3814 1072 scau-

2222 1104 2341 1159 dala
2371 1104 2580 1171 (Matth.
2613 1104 2749 1175 xm).
2773 1104 2924 1171 Quod
2955 1106 3133 1174 utique
3162 1120 3264 1160 non
3296 1107 3465 1171 ﬂeret,
3494 1107 3536 1162 si
3572 1121 3808 1175 regnum

2222 1194 2339 1261 ejus
2379 1210 2484 1247 non
2523 1203 2666 1249 esset
2707 1195 2811 1251 hic.
2851 1195 2955 1249 Sed
3000 1204 3173 1250 tamen
3220 1210 3323 1249 non
3363 1208 3447 1250 est
3484 1198 3636 1263 hinc,
3684 1202 3811 1264 quia

2223 1288 2590 1355 peregrinatur
2627 1286 2680 1339 iu
2724 1285 2924 1341 mundo
2968 1284 3053 1356 (ll
3088 1286 3203 1341 Cor.
3252 1293 3331 1355 v).
3377 1287 3558 1357 Regno
3600 1288 3812 1357 quippe

2223 1384 2321 1432 suo
2349 1377 2475 1432 dicit
2503 1395 2515 1431 :
2552 1375 2628 1431 De
2653 1379 2843 1431 mundo
2872 1393 2970 1431 non
3000 1378 3139 1442 estis,
3170 1378 3257 1431 sed
3285 1381 3375 1448 ego
3400 1394 3485 1431 vos
3513 1381 3578 1431 de
3608 1383 3809 1443 mundo

2223 1472 2351 1544 elegi
2390 1473 2569 1543 (Joan.
2602 1470 2714 1546 av).
2765 1472 2925 1527 Erant
2953 1485 3080 1539 ergo
3108 1473 3173 1526 de
3214 1474 3429 1538 mundo,
3462 1475 3684 1541 quando
3729 1489 3812 1528 re-

2223 1558 2382 1632 gnum
2411 1564 2662 1633 ejusvnou
2694 1566 2841 1618 erant
2862 1607 2876 1631 ,
2909 1564 3002 1617 sed
3040 1563 3104 1616 ad
3137 1562 3317 1619 mundi
3351 1566 3644 1632 principem
3679 1581 3805 1632 per-

2226 1654 2483 1709 tinebant.
2529 1653 2602 1709 De
2645 1654 2840 1708 mundo
2870 1663 2949 1708 est
2980 1668 3107 1724 ergo
3144 1654 3394 1725 quidquid
3434 1656 3737 1710 humanum
3780 1673 3803 1706 π

2226 1759 2351 1800 vero
2375 1745 2610 1816 quidem.
2656 1747 2763 1803 Deo
2793 1758 3029 1805 creatum
3051 1792 3066 1817 ,
3096 1751 3190 1806 sed
3221 1746 3286 1807 ex
3313 1752 3474 1828 Adam
3508 1753 3700 1807 vitiata
3726 1764 3805 1805 ai-

2225 1848 2329 1906 que
2354 1836 2601 1892 damnata
2624 1840 2787 1908 stirpe
2811 1852 3118 1910 generatum
3142 1852 3239 1897 est.
3271 1842 3485 1896 Factum
3511 1851 3590 1897 est
3619 1853 3804 1895 autem

2228 1939 2450 1997 regnum
2481 1944 2587 1983 non
2610 1929 2720 1999 jam
2749 1932 2815 1985 de
2844 1932 3063 1996 mundo,
3086 1932 3483 2003 quidquidiude
3505 1934 3554 1986 iu
3576 1930 3805 1987 Christo

2229 2029 2597 2087 regeneratum
2638 2031 2742 2076 est.
2772 2021 2863 2077 Sic
2898 2022 3043 2077 enim
3083 2008 3221 2077 Deus
3252 2038 3349 2078 nos
3380 2025 3516 2078 eruit
3543 2025 3613 2078 de
3659 2035 3808 2091 pote-

2231 2121 2365 2165 state
2401 2112 2772 2179 tenebrarum,
2805 2123 2859 2168 οι
2897 2115 3167 2168 transtulit
3194 2116 3245 2169 in
3278 2130 3495 2184 regnum
3526 2113 3646 2169 Filii
3679 2120 3810 2170 cha-

2228 2204 2399 2257 ritatis
2438 2217 2549 2257 sua:
2580 2202 2800 2273 (Coloss.
2834 2204 2908 2273 t);
2946 2204 3015 2258 de
3043 2220 3148 2275 quo
3174 2219 3338 2275 regno
3359 2204 3486 2260 dicit
3517 2222 3531 2257 :
3564 2204 3809 2277 Regnum

2227 2308 2392 2347 meum
2422 2309 2523 2347 non
2551 2303 2621 2347 est
2651 2294 2715 2347 de
2738 2294 2832 2348 Itoc
2856 2295 3064 2361 mundo,
3094 2296 3177 2353 vel
3206 2316 3218 2351 :
3250 2295 3480 2368 Regnum
3504 2314 3675 2353 meum
3706 2315 3804 2351 nan

2228 2393 2300 2440 est
2330 2385 2468 2439 hinc.

2304 2473 2446 2528 Dixit
2472 2475 2639 2545 itaque
2666 2475 2714 2530 ei
2744 2474 2944 2531 Pilatus
2973 2492 2993 2532 .'
3020 2475 3161 2550 Ergo
3190 2495 3280 2534 rea:
3309 2496 3359 2534 rs
3400 2482 3490 2534 tu?
3523 2479 3807 2552 Respondit

2229 2563 2384 2619 Iesus
2412 2581 2430 2620 :
2461 2563 2537 2619 Tu
2581 2567 2708 2621 dicis
2736 2562 2853 2638 quia
2882 2586 2971 2623 rea:
2998 2587 3111 2624 sum
3138 2588 3251 2643 ego.
3297 2570 3411 2627 Non
3451 2575 3571 2642 quia
3612 2590 3681 2628 se
3725 2591 3805 2627 re-

2231 2654 2556 2724 gem.timuit
2600 2656 2865 2724 conﬁteri,
2909 2660 3002 2713 sed
3048 2669 3099 2715 tu
3147 2662 3275 2715 dicis
3302 2664 3369 2718 ita
3418 2662 3666 2716 libratum
3704 2674 3801 2729 est,

2234 2751 2295 2799 ut
2322 2759 2494 2815 neque
2540 2760 2598 2800 se
2648 2762 2826 2816 regem
2878 2759 3030 2817 neget
3061 2750 3176 2819 (rex
3222 2762 3300 2806 est
3332 2752 3494 2818 enim,
3534 2752 3695 2821 cujus
3726 2769 3800 2805 re-

2234 2849 2395 2907 gnum
2429 2851 2533 2890 non
2558 2842 2641 2890 est
2664 2835 2730 2891 de
2760 2835 2859 2890 hnc
2883 2837 3121 2906 mundo).
3152 2853 3323 2909 neque
3354 2854 3530 2909 regem
3558 2842 3718 2896 talem
3745 2858 3798 2895 se

2235 2941 2357 2983 esse
2396 2928 2640 2995 fateatur,
2671 2928 2822 2998 cujus
2853 2943 3067 2998 regnum
3102 2939 3313 2997 putetur
3338 2930 3404 2986 de
3453 2932 3553 2988 hoc
3583 2934 3796 2987 mundo.

553 3044 673 3089 ruat
712 3044 759 3087 te
785 3034 940 3097 mihi;
972 3031 1096 3103 quid
1130 3031 1332 3101 fecisti?
1369 3029 1584 3084 abstulit
1620 3043 1648 3083 a
1681 3044 1740 3084 se
1768 3029 2125 3098 suspicionem
2151 3052 2203 3119 ο
2236 3018 2416 3119 Tibi"!
2448 3018 2641 3089 quippe
2668 3021 2932 3119 sentiebat
2954 3019 3273 3119 quidiserat
3304 3040 3317 3074 :
3352 3020 3491 3091 Ergo
3520 3039 3612 3076 res:
3634 3040 3691 3077 es
3714 3025 3800 3119 tu?

554 3142 658 3197 qua
700 3135 878 3197 posset
917 3124 1090 3194 putari
1133 3138 1161 3175 a
1206 3122 1493 3191 semetipso
1532 3122 1729 3175 dixisse
1770 3122 1907 3190 quod
1946 3119 2128 3175 Jesutr
2161 3110 2201 3119 “
2235 3113 2319 3166 cui
2352 3125 2663 3182 responsum
2688 3123 2768 3168 est
2798 3130 2812 3165 :
2844 3110 2921 3165 Tu
2969 3113 3095 3167 dicis
3136 3115 3255 3180 quia
3296 3129 3389 3168 rex
3424 3131 3537 3167 sunt
3573 3131 3687 3183 ego.
3718 3115 3797 3167 Di.

553 3228 733 3289 regem
772 3216 979 3270 dixerat
1007 3228 1127 3271 esse
1167 3212 1504 3274 Iudaeorum,
1549 3211 1599 3265 id
1644 3226 1702 3267 se
1742 3228 1770 3265 a
1811 3213 2013 3266 intimis
2039 3224 2131 3264 au-

554 3307 698 3362 disse
740 3305 1136 3361 demonstrans.
1184 3301 1383 3356 Dcinde
1421 3300 1649 3356 dicendo
1690 3319 1704 3356 :
1754 3302 1889 3368 Quid
1930 3301 2133 3367 fecisti?

553 3399 683 3451 satis
728 3395 963 3451 ostendit
1009 3394 1133 3448 illud
1178 3393 1224 3446 ei
1276 3405 1372 3459 pro
1408 3388 1975 3461 crimine‘objectnm,
2008 3400 2129 3444 tau-

553 3500 713 3555 quam
758 3485 1007 3546 diceret;
1042 3484 1095 3539 Si
1142 3498 1319 3555 regem
1365 3493 1416 3539 te
1464 3498 1644 3553 negas,
1688 3482 1810 3548 quid
1859 3481 2026 3537 iecisti
2076 3492 2132 3535 ut

560 3577 844 3633 tradereris
868 3576 997 3631 mihi
1019 3576 1041 3629 l
1063 3577 1212 3644 quasi
1243 3576 1433 3631 mirum
1461 3591 1565 3630 non
1595 3585 1736 3629 esset
1761 3574 1805 3628 si
1836 3572 2131 3642 puniendus

553 3672 720 3741 judici
764 3672 1080 3737 traderetur,
1124 3672 1213 3739 qui
1254 3685 1313 3727 se
1356 3670 1559 3725 diceret
1606 3682 1802 3737 regem.
1852 3668 1907 3720 Si
1953 3677 2128 3721 autem

560 3767 662 3819 hoc
688 3763 1020 3820 non/diceret
1038 3804 1055 3832 ,
1087 3764 1427 3831 queerendum
1458 3760 1525 3814 ab
1550 3760 1637 3814 illo
1665 3768 1808 3815 esset
1835 3757 1960 3829 quid
1989 3757 2129 3812 aliud

558 3855 676 3911 fore
708 3856 957 3921 iecisset,
990 3854 1128 3907 unde
1159 3853 1289 3906 tradi
1316 3852 1478 3920 jndici
1510 3851 1700 3920 dignus
1737 3857 1895 3905 esset.
1941 3849 2131 3904 Audite

556 3942 707 4016 ergo,
736 3944 903 3999 Judaei
936 3950 991 3996 et.
1017 3952 1222 4011 gentes,
1252 3939 1409 4006 Audi,
1438 3939 1793 4001 circumcisio,
1819 3938 1968 4004 audi,
2001 3953 2128 4006 prte-

559 4035 784 4106 putium.
833 4033 1045 4098 Audite,
1090 4032 1265 4085 omnia
1308 4045 1469 4099 regna
1512 4037 1687 4083 terrae.
1739 4028 1852 4082 Nan
1903 4028 2131 4096 impedio

558 4126 973 4183 dominationem
1000 4132 1233 4179 vestram
1262 4122 1313 4176 in
1344 4122 1443 4177 hoc
1472 4121 1686 4175 mundo.
1718 4120 1942 4190 Regnum
1970 4136 2130 4173 meum

555 4237 658 4274 non
696 4229 767 4273 est
804 4219 867 4274 de
902 4217 997 4271 hoc
1035 4218 1247 4271 mundo.
1290 4217 1461 4271 Nolite
1501 4223 1738 4270 metuere
1769 4224 1913 4269 metu
1956 4214 2131 4268 vanis-

558 4312 715 4373 simo,
764 4326 867 4380 quo
916 4310 1152 4363 Herodes
1199 4309 1288 4363 ille
1332 4307 1500 4376 major
1539 4322 1658 4361 cum
1696 4306 1939 4361 Christus
1980 4317 2131 4361 natus

2234 3213 2378 3259 ctum
2410 3216 2491 3259 est
2519 3204 2660 3259 enim
2696 3204 2772 3257 Tu
2798 3205 2925 3258 dicis
2948 3219 3009 3259 ac
3040 3205 3082 3259 si
3113 3204 3310 3259 dictum
3350 3216 3491 3260 esset
3520 3224 3534 3259 :
3566 3206 3795 3261 Carnalts

2234 3298 2523 3353 carnaliter
2550 3296 2705 3351 dicis.
2741 3297 2938 3352 Deinde
2967 3295 3241 3367 subjungit
3271 3314 3284 3350 :
3318 3295 3429 3367 Ego
3458 3298 3510 3350 in
3535 3298 3632 3351 hoc
3651 3312 3792 3352 natus

2230 3402 2365 3461 sum,
2396 3394 2441 3439 et
2469 3387 2537 3438 ad
2566 3390 2659 3438 hoc
2688 3386 2798 3439 veni
2844 3386 2894 3439 in
2925 3387 3191 3454 mundum,
3221 3398 3275 3438 ut
3318 3389 3659 3441 testimonium
3688 3407 3792 3456 per-

2234 3483 2434 3537 hibeam
2475 3484 2694 3537 ueritati.
2739 3482 2870 3537 Nam
2912 3482 3249 3550 producenda
3292 3481 3450 3550 hujus
3479 3484 3791 3550 pronominis

2233 3576 2458 3645 syllaba,
2486 3576 2623 3644 quod
2670 3576 2763 3643 ait,
2791 3575 2844 3629 in
2883 3572 2977 3628 hoc
3021 3585 3170 3629 natus
3212 3592 3342 3640 sunt,
3380 3586 3627 3645 tanquam
3658 3578 3791 3631 dixe-

2236 3667 2307 3719 rit
2341 3683 2353 3717 :
2387 3665 2440 3718 in
2475 3664 2573 3719 bac
2601 3680 2658 3718 re
2688 3675 2841 3718 natos
2864 3679 2980 3719 sum
3005 3683 3019 3730 ;
3048 3664 3141 3718 sed
3168 3666 3526 3734 corripienda,
3556 3677 3785 3737 tanquam

2230 3756 2425 3809 dixerit
2458 3773 2471 3807 :
2504 3756 2558 3809 lu
2591 3753 2727 3809 hanc
2756 3770 2867 3809 rem
2898 3764 3049 3808 natus
3080 3769 3220 3820 sum,
3251 3756 3332 3809 vel
3368 3773 3380 3808 :
3415 3757 3495 3810 Ad
3526 3757 3627 3812 hoc
3654 3768 3787 3810 ttatus

2230 3862 2371 3910 sum,
2418 3846 2554 3900 sicut
2585 3846 2661 3899 ait
2690 3863 2703 3898 :
2735 3846 2815 3899 Ad
2843 3845 2940 3899 hoc
2988 3846 3105 3898 seni
3138 3846 3190 3899 in
3230 3847 3501 3902 mundum.
3532 3846 3587 3901 In
3619 3848 3787 3903 Graeco

2232 3951 2465 4007 namque
2491 3936 2777 4005 Evangelia
2819 3934 2947 3990 nihil
2980 3946 3066 3991 est
3102 3934 3259 4006 hujus
3306 3937 3591 3991 locutionis
3638 3938 3786 3991 ambi-

2229 4041 2415 4097 guum.
2452 4024 2603 4081 Unde
2632 4026 2969 4081 maniiestum
2998 4035 3079 4080 est
3124 4040 3244 4080 eum
3296 4027 3642 4093 temporalem
3672 4028 3788 4081 nati.

2232 4118 2449 4173 vitatem
2497 4132 2647 4172 suam
2694 4116 2782 4172 hic
2825 4132 3298 4182 commemorasse,
3339 4117 3460 4184 quia
3503 4119 3789 4173 incarnatus

2233 4214 2376 4265 venit
2404 4209 2455 4263 in
2505 4209 2761 4263 mundum
2790 4223 2805 4263 :
2840 4224 2943 4262 non
2977 4207 3119 4261 illam
3148 4208 3269 4262 sine
3318 4207 3494 4273 initio,
3521 4223 3628 4275 qua
3668 4210 3787 4261 Deus

2231 4309 2364 4364 erat,
2399 4313 2494 4367 per
2514 4312 2673 4367 quem
2706 4296 2863 4351 Pater
2890 4297 3127 4350 condidit
3157 4296 3436 4353 mundum.
3472 4297 3530 4352 In
3560 4296 3663 4352 hoc
3684 4315 3789 4361 ergo

556 4400 893 4454 nuntiaretur
914 4398 1159 4467 expavit,
1190 4407 1242 4452 et
1272 4406 1347 4451 tot
1374 4397 1630 4462 infantes,
1664 4407 1718 4451 ut
1745 4399 1807 4450 ad
1834 4412 1955 4451 eum
1988 4414 2131 4452 mnrs
2159 4401 2211 4461 ι)
2236 4404 2295 4445 se
2326 4388 2459 4442 dixit
2487 4397 2687 4451 natum,
2719 4386 2769 4440 id
2802 4395 2903 4449 est,
2937 4399 3151 4455 propter
3176 4388 3277 4443 hoc
3302 4398 3507 4450 natum.
3531 4397 3586 4443 et
3613 4389 3676 4441 ad
3706 4391 3787 4439 Inc

560 4492 884 4561 perveniret,
920 4489 1132 4552 occidit,
1176 4486 1409 4542 timendo
1436 4503 1591 4556 quam
1634 4487 1909 4542 irascendo
1939 4489 2128 4542 crude-

556 4582 654 4636 lior
691 4582 905 4651 (Matth.
950 4582 1031 4651 tt).
1078 4581 1338 4649 Regnum,
1383 4582 1578 4650 inquit,
1620 4597 1783 4633 meum
1817 4597 1917 4635 non
1957 4591 2029 4635 est
2068 4582 2129 4633 de

554 4671 651 4725 Itoc
682 4673 894 4726 mundo.
935 4671 1069 4739 Quid
1102 4671 1255 4726 vultis
1284 4672 1548 4741 amplius?
1584 4671 1767 4725 Venite
1802 4672 1866 4725 ad
1907 4687 2125 4741 regnum

553 4763 692 4831 quod
736 4779 839 4818 non
884 4774 969 4819 est
1011 4764 1076 4817 de
1119 4762 1219 4817 hoc
1262 4762 1479 4816 mundo.
1528 4761 1713 4816 Venite
1742 4763 2034 4826 credendo.
2075 4774 2129 4819 et

556 4854 719 4907 nolite
750 4852 938 4909 saevire
967 4852 1268 4907 metuendo.
1296 4851 1430 4905 Dicit
1458 4852 1669 4921 quidem
1692 4851 1743 4905 in
1768 4853 2037 4923 prophetia
2060 4854 2128 4909 de

558 4942 668 4996 Deo
694 4952 842 5009 patre
875 4959 887 4993 :
924 4941 1034 5011 Ego
1072 4952 1240 4995 autem
1268 4943 1569 4995 constitutus
1606 4960 1717 4995 sum
1746 4958 1836 4996 rea:
1863 4945 1925 4996 ab
1954 4961 2013 4998 eo
2041 4962 2128 4997 su-

556 5049 645 5100 per
676 5032 802 5084 Sion
842 5043 1056 5086 montem
1099 5042 1327 5087 sanctum
1365 5038 1477 5106 ejus
1516 5035 1689 5102 (Psal.
1724 5038 1813 5103 it);
1863 5040 1953 5091 sed
1999 5025 2124 5091 Sion

554 5125 667 5187 illa,
690 5135 743 5178 et
770 5141 918 5179 mons
950 5126 1056 5189 ille,
1087 5141 1191 5179 non
1222 5138 1300 5179 est
1327 5128 1393 5179 de
1426 5129 1523 5180 hoc
1553 5130 1772 5181 mundo.
1801 5129 1955 5195 Quod
1981 5132 2123 5183 enim

556 5216 673 5281 ejus
702 5230 942 5281 regnum,
992 5217 1093 5270 nisi
1117 5216 1397 5271 credentes
1426 5218 1477 5270 in
1507 5234 1627 5271 ettm
1662 5219 1725 5272 de
1750 5221 1938 5287 quibus
1961 5221 2121 5273 dicit:

558 5303 635 5357 De
654 5304 747 5358 hoc
766 5306 954 5359 mundo
975 5324 1075 5359 non
1094 5318 1227 5373 sunt,
1249 5309 1375 5359 sicut
1398 5314 1444 5361 et
1465 5324 1555 5380 ego
1578 5326 1677 5362 non
1698 5327 1805 5363 sum
1828 5312 1890 5363 de
1912 5314 2121 5377 mundo,

558 5395 798 5463 quamvis
825 5412 918 5451 eos
948 5414 1069 5451 esse
1098 5400 1255 5452 vellet
1290 5400 1339 5451 in
1376 5403 1593 5453 mundo.
1642 5402 1861 5469 Pt'Oplel'
1890 5405 2028 5472 quod
2061 5405 2125 5458 de

561 5489 665 5543 illis
710 5488 842 5543 dixit
888 5489 951 5542 ad
998 5490 1205 5543 Panem
1249 5507 1261 5543 :
1314 5490 1433 5544 Non
1473 5508 1597 5560 rogo
1645 5503 1695 5544 ut
1742 5495 1891 5545 tollas
1934 5510 2015 5546 eos
2063 5494 2124 5546 de

562 5580 767 5643 mundo,
795 5584 881 5634 sed
911 5594 961 5635 ut
994 5598 1153 5635 serves
1176 5599 1255 5636 eos
1282 5600 1311 5634 α
1344 5587 1476 5635 malo
1508 5582 1682 5654 (1mm.
1716 5587 1865 5652 xm).
1901 5584 2046 5639 Unde
2072 5598 2124 5639 et

559 5670 641 5723 hic
673 5686 774 5724 non
817 5674 925 5725 ait:
971 5669 1199 5742 Regnum
1241 5688 1404 5725 meum
1445 5689 1540 5725 non
1583 5682 1654 5725 est
1688 5671 1735 5726 in
1771 5673 1868 5725 huc
1902 5676 2116 5737 mundo,

2237 4481 2455 4534 venisse
2483 4480 2533 4533 in
2569 4478 2846 4544 mundum,
2881 4478 3061 4548 utique
3099 4482 3366 4535 nascendo
3406 4481 3476 4534 de
3502 4482 3717 4549 virgine,
3747 4494 3789 4530 nt

2236 4569 2597 4624 testimonium
2650 4569 2927 4637 pcrhibcat
2968 4570 3193 4623 veritati.
3240 4568 3345 4624 ενα
3390 4570 3509 4639 quia
3548 4587 3658 4625 non
3694 4586 3787 4624 0m-

2237 4662 2382 4717 nium
2412 4672 2494 4717 est
2523 4661 2674 4723 iides,
2706 4661 2947 4729 adjumtit
2968 4671 3125 4731 atque
3150 4663 3225 4717 ait
3254 4680 3269 4716 :
3305 4661 3483 4717 Omnis
3524 4664 3618 4733 qui
3643 4674 3714 4718 est
3740 4678 3788 4714 ex

2232 4755 2443 4808 ueritate
2470 4754 2613 4806 audit
2642 4768 2809 4806 uocem
2840 4768 3021 4807 meam.
3056 4752 3215 4808 Audit
3235 4758 3416 4824 utique
3440 4754 3783 4813 interioribus,

2236 4844 2287 4899 id
2320 4854 2421 4909 est,
2455 4843 2674 4899 obaudit
2704 4844 2819 4899 voci
2854 4856 2987 4896 mea:
3021 4844 3203 4914 :quod
3247 4847 3572 4899 tantumdem
3606 4850 3785 4900 valere;

2231 4958 2292 4996 ac
2318 4944 2362 4995 si
2394 4942 2593 4995 diceret
2622 4958 2635 4990 :
2669 4940 2853 4994 Credit
2900 4938 3049 4993 mihi.
3080 4938 3209 4994 Cum
3256 4940 3430 5008 itaque
3454 4940 3702 4996 Christus
3725 4954 3786 4993 tc-

2230 5030 2541 5085 stimonium
2575 5029 2850 5098 pcrhibcat
2881 5028 3113 5093 veritati,
3163 5027 3400 5093 profecto
3446 5032 3782 5085 testimonium

2233 5123 2480 5191 perhibet
2506 5123 2625 5177 sibi.
2662 5121 2789 5192 Ejus
2821 5121 3014 5189 quippe
3042 5137 3140 5175 vox
3173 5133 3253 5174 est
3286 5141 3297 5173 :
3334 5121 3445 5190 Ego
3465 5140 3574 5175 sum
3607 5122 3783 5177 Veritas

2230 5214 2410 5283 (Joan.
2443 5215 2577 5281 xw).
2613 5214 2673 5265 Et
2702 5215 2837 5268 dixit
2862 5212 2965 5266 alio
2991 5226 3203 5282 quique
3234 5214 3349 5265 loco
3381 5232 3391 5264 :
3429 5212 3537 5284 Ego
3580 5216 3785 5268 testimo-

2229 5308 2367 5359 nium
2422 5304 2655 5375 perhibeo
2697 5305 2758 5359 de
2800 5322 2877 5360 me
2905 5304 3086 5375 (loan.
3119 5305 3251 5372 vm).
3302 5305 3454 5372 Quod
3502 5322 3630 5360 vero
3680 5309 3740 5360 ait
3775 5326 3781 5355 :

2230 5394 2411 5451 Omnis
2436 5398 2525 5466 qui
2546 5405 2617 5449 est
2638 5412 2701 5449 ex
2735 5398 2943 5450 veritate
2967 5396 3111 5449 audit
3140 5412 3308 5450 vocent
3339 5413 3501 5450 meant
3534 5415 3552 5451 :
3578 5403 3781 5468 gratiam

2227 5503 2344 5542 eam
2389 5486 2802 5553 commendavit,
2831 5501 2935 5557 qua
2983 5502 3079 5543 nos
3130 5488 3423 5543 secundum
3474 5490 3780 5559 propositum

2231 5589 2423 5643 vocat;
2457 5578 2523 5634 de
2562 5592 2666 5647 quo
2712 5578 2982 5646 proposito
3028 5578 3159 5633 dicit
3200 5579 3489 5649 Apostolus
3538 5598 3548 5631 :
3601 5578 3781 5634 Scitam

2226 5674 2346 5741 quia
2388 5671 2709 5743 diligentibus
2745 5667 2905 5725 Deum
2944 5671 3113 5725 omnia
3150 5683 3488 5739 cooperantur
3517 5671 3566 5724 in
3595 5672 3781 5729 bonum.
