3884 6232
112 321 222 384 905

1068 328 1133 388 IN
1170 334 1225 389 S.
1269 335 1551 390 JOANNIS
1594 332 2038 394 EVANGELIUM
2081 341 2453 399 EXPOSITIO.

3270 359 3375 414 906

115 446 190 498 eis
219 444 309 511 qui
330 448 613 501 secundum
641 447 952 516 prepositum
994 448 1156 499 vocati
1196 458 1313 500 sunt
1340 448 1515 518 (Rom.
1558 448 1693 515 vm).
1728 449 1771 505 Α
1806 447 1951 502 Dixit
2004 452 2145 506 enim
2200 455 2324 523 quid
2374 455 2570 511 deinde
2616 458 2837 515 fecerint
2881 462 3099 528 milites,
3149 464 3372 524 Pilatum

119 533 487 606 Propositum,
519 538 725 592 scilicet
754 536 1015 602 vocantis,
1047 552 1151 591 non
1180 548 1513 593 vocatorum.
1546 538 1697 606 Quod

104 632 248 697 alibi
278 634 520 702 apertius
570 633 641 685 ita
672 631 898 701 positum
951 642 1033 687 est
1069 650 1079 685 :
1112 632 1381 686 Collabora
1423 633 1700 703 Evangelia

117 726 405 777 secundum
432 724 663 777 virtutem
694 722 790 777 Dei
809 723 974 777 salvos
1004 740 1096 779 nos
1133 725 1382 792 facientis,
1406 734 1452 779 et
1480 727 1701 779 vocantis

117 818 378 870 vocatione
405 833 499 869 sua
526 816 773 882 secunda,
796 832 898 869 non
922 818 1199 869 secundum
1222 834 1374 886 opera
1395 827 1588 880 nostra,
1612 817 1701 870 sed

116 909 403 961 “cundum
443 924 590 961 suum
637 908 956 977 prapositum
1001 917 1048 961 et
1093 910 1304 979 gratiam
1338 907 1425 979 (II
1470 908 1603 961 Tim.
1635 908 1695 977 ι).

115 998 255 1053 Nam
307 1000 351 1053 si
398 1008 639 1053 naturam
686 1001 999 1070 cogitemus,
1041 1002 1092 1055 in
1139 1017 1239 1071 qua
1290 1001 1454 1057 creati
1493 1015 1694 1069 sumus,

114 1104 241 1142 cum
274 1103 462 1143 omnes
489 1089 694 1144 Veritas
720 1091 1001 1155 creaverit,
1027 1093 1143 1161 quis
1181 1107 1284 1145 non
1327 1102 1408 1145 est
1446 1106 1511 1147 ex
1552 1092 1697 1148 νει-ιο

111 1179 278 1233 tate"?
331 1179 435 1235 Sed
468 1196 571 1234 non
604 1196 788 1237 omnes
810 1192 934 1235 sunt
962 1183 1154 1248 quibus
1191 1180 1371 1236 datum
1402 1192 1483 1237 est
1511 1192 1567 1238 ut
1605 1199 1697 1237 au-

111 1270 268 1323 diant
299 1270 611 1339 Veritatem,
646 1273 746 1328 hoc
775 1283 878 1339 est,
905 1273 1157 1329 obediant
1202 1272 1445 1339 Veritati,
1492 1286 1545 1330 et
1582 1292 1697 1331 crc-

111 1360 250 1413 dant
278 1361 332 1415 in
370 1361 682 1429 Veritatem,
707 1365 831 1431 quia
863 1363 914 1417 id
946 1379 1011 1419 ex
1064 1365 1175 1432 ipsa
1216 1365 1440 1420 Veritate
1478 1375 1696 1435 praesta-

115 1461 228 1515 tur,
278 1452 441 1506 nullis
485 1454 667 1521 procul
714 1453 876 1509 dubio
916 1455 1340 1521 praecedentibus
1369 1458 1595 1521 meritis,
1631 1475 1697 1513 ne

113 1543 286 1609 gratia
319 1557 423 1597 non
471 1546 539 1597 sit
582 1545 773 1613 gratia.
806 1544 863 1600 Si
903 1546 1044 1600 enim
1092 1546 1317 1601 dixisset
1350 1564 1362 1600 :
1395 1547 1580 1603 Omnis
1608 1549 1695 1616 qui

113 1632 269 1685 audit
298 1648 483 1688 vocem
518 1649 713 1701 meam,
747 1649 813 1690 ex
853 1635 1079 1690 veritate
1115 1646 1219 1702 est,
1248 1636 1371 1693 ideo
1400 1638 1597 1693 dictum
1627 1654 1691 1694 ex

112 1724 343 1779 veritate
390 1734 687 1793 putaretur,
742 1726 862 1795 quia
908 1727 1240 1796 obtemperat
1294 1728 1531 1795 veritati;
1590 1745 1692 1784 non

1807 548 1980 593 tamen
2015 542 2063 595 id
2092 542 2317 611 jnssisse
2344 562 2448 599 non
2477 547 2632 602 dixit.

1876 631 1941 685 Et
1963 634 2170 700 milites,
2193 636 2382 706 inquit,
2416 639 2685 706 plectentcs
2714 660 2951 701 coronant
2980 650 3042 702 de
3067 651 3247 718 spinis,
3274 654 3372 705 imo

1802 734 2074 791 posuerunt
2095 729 2256 795 capiti
2281 731 2410 796 ejus,
2437 742 2482 784 et
2510 744 2641 786 vcste
2665 753 2918 803 purpurea
2939 740 3375 799 circumdederunt

1801 828 1935 879 eum,
1977 824 2022 867 et
2052 817 2310 871 veniebant
2339 821 2406 872 ad
2434 837 2570 888 eum,
2603 835 2647 875 et
2684 825 2915 880 dicebant
2953 845 2973 883 :
3014 832 3131 899 Ave,
3159 851 3249 888 rea:
3275 835 3375 889 duo

1801 904 2051 969 deorum,
2076 920 2121 962 et
2143 909 2333 965 dabant
2359 914 2403 967 ei
2430 915 2631 985 alapas.
2663 917 2750 973 Sic
2780 920 3129 990 implebantur
3158 944 3275 998 qua:
3307 932 3373 985 de

1800 1009 1858 1049 se
1885 999 2206 1065 prmdixerat
2230 1003 2495 1061 Christus.
2532 1008 2622 1062 Sic
2650 1002 2913 1083 martyres
2945 1016 3369 1077 informabantnr

1800 1088 1866 1169 ad
1913 1091 2090 1144 omnia
2135 1109 2252 1161 qum
2295 1110 2664 1164 persecutores
2705 1104 2947 1160 libuisset
2989 1107 3165 1164 facere
3195 1118 3369 1178 perle-

1799 1180 1985 1235 renda.
2040 1184 2129 1238 Sic
2179 1188 2447 1257 paulisper
2482 1194 2741 1249 occultata
2788 1200 3058 1254 tremenda
3116 1208 3369 1270 potentia.

1801 1271 1889 1327 Sic
1921 1289 2139 1344 regnum
2170 1278 2309 1347 quod
2337 1281 2403 1335 de
2435 1281 2534 1337 hoc
2564 1287 2758 1340 mundo
2788 1304 2891 1342 non
2918 1302 3052 1356 erat,
3084 1295 3370 1363 superbum

1800 1367 2079 1434 mundum,
2112 1386 2217 1425 non
2248 1375 2529 1431 atrocitate
2561 1382 2848 1449 pugnandi,
2876 1385 2967 1438 sed
2999 1387 3226 1453 patiendi
3267 1390 3369 1443 liu-

1799 1456 2040 1525 militat--,
2068 1462 2330 1517 vincebat.
2365 1466 2453 1521 Sic
2494 1468 2618 1523 illud
2663 1486 2884 1541 granum
2918 1476 3368 1546 multiplicandum

1799 1550 2162 1609 seminabatur
2193 1555 2431 1612 horribili
2464 1565 2808 1631 contumelia,
2844 1576 2896 1622 nt
2929 1571 3154 1626 tnirabili
3197 1576 3370 1643 pullu-

1798 1640 1935 1695 laret
1966 1643 2015 1697 in
2046 1645 2234 1713 gloria.
2375 1640 2381 1641 ⁷

1870 1730 2014 1786 Exiit
2063 1737 2242 1791 iterum
2290 1739 2491 1795 Pilatus
2539 1745 2693 1812 feras,
2728 1758 2775 1801 et
2804 1750 2924 1803 dicit
2951 1752 3025 1806 eis
3055 1770 3072 1805 :
3105 1754 3237 1811 Ecce
3278 1760 3371 1814 ad-

114 1824 295 1869 autem
328 1816 427 1869 hoc
454 1816 547 1882 ait,
577 1816 670 1871 sed
701 1818 774 1871 ait
807 1836 818 1869 :
856 1816 1034 1872 Omnis
1053 1821 1139 1889 qui
1165 1830 1238 1875 est
1262 1837 1325 1874 ea:
1352 1822 1575 1886 veritate,
1602 1840 1691 1875 auo
1730 1805 1772 1863 Β
1798 1824 1926 1877 duco
1955 1842 2073 1880 eum
2098 1831 2255 1895 foras,
2285 1842 2340 1886 ut
2380 1843 2691 1906 cognoscatis
2717 1844 2836 1911 quia
2863 1846 2913 1897 in
2942 1863 3000 1900 eo
3025 1849 3221 1904 nullam
3244 1869 3372 1908 cau-

111 1904 188 1953 dit
219 1919 381 1955 meam
406 1921 591 1958 vocem.
618 1906 694 1959 Ac
724 1921 816 1975 per
839 1907 937 1961 hoc
968 1925 1070 1962 non
1104 1910 1223 1965 ideo
1244 1920 1413 1965 estex
1439 1913 1691 1980 Veritate,

110 1993 238 2059 quia
265 1992 385 2060 ejus
412 1994 562 2047 audit
587 2009 796 2060 vocem,
823 1997 918 2051 sed
948 1997 1067 2052 ideo
1095 2000 1263 2067 audit,
1295 2002 1416 2069 quia
1442 2017 1507 2055 ex
1542 2003 1692 2057 Veri-

113 2093 225 2139 tate
257 2094 361 2150 est,
396 2087 446 2140 id
477 2098 578 2153 est,
606 2088 727 2157 quia
759 2090 860 2143 hoc
888 2090 961 2145 illi
1000 2092 1197 2147 donum
1225 2110 1289 2149 ex
1321 2095 1555 2151 Veritate
1583 2100 1692 2152 col-

112 2176 280 2229 latum
312 2184 415 2232 est.
452 2178 603 2245 Quod
648 2179 902 2249 quidquid
943 2191 1027 2238 est
1074 2182 1241 2250 aliud,
1272 2200 1429 2254 quam
1460 2184 1691 2241 donante

113 2265 356 2331 Christo,
385 2268 529 2323 credi
559 2270 609 2323 in
637 2268 943 2325 Christum?

190 2376 335 2430 Dixit
362 2378 407 2430 ei
434 2376 635 2431 Pilatus
658 2394 674 2430 :
704 2378 839 2443 Quid
868 2387 940 2433 est
962 2382 1185 2437 veritas?
1213 2383 1344 2453 (Nec
1369 2387 1691 2453 exspectavit

112 2467 301 2521 audire
338 2471 702 2536 responsum.)
728 2467 834 2523 Sed
859 2487 972 2523 cum
993 2471 1088 2525 hoc
1110 2472 1339 2535 dixisset,
1369 2474 1545 2526 iterum
1568 2478 1692 2529 exiit

110 2559 178 2609 ad
207 2556 447 2622 Judtros,
473 2568 520 2610 et
542 2559 669 2611 dixit
691 2560 764 2612 eis
789 2576 806 2611 :
837 2558 1050 2613 Nullam
1072 2562 1272 2615 invenio
1303 2564 1353 2615 in
1376 2579 1433 2617 eo
1458 2581 1686 2619 causam.

112 2646 208 2700 Est
238 2658 409 2702 auum
440 2651 747 2703 consuetudo
770 2662 823 2703 ut
855 2668 1009 2705 unum
1034 2653 1285 2707 dimittam
1322 2654 1460 2709 vobis
1487 2657 1539 2709 in
1586 2656 1689 2709 Pa-

108 2737 255 2793 scha.
308 2738 478 2793 Vultis
522 2755 641 2808 ergo
684 2743 933 2796 dimittam
976 2744 1110 2798 vobis
1147 2762 1313 2821 regem
1340 2748 1689 2803 Judmorum?

109 2830 309 2894 Credo,
336 2845 457 2885 cum
484 2833 706 2888 dixisset
728 2833 925 2888 Pilatus
956 2836 1095 2902 Quid
1118 2848 1190 2891 est
1216 2840 1437 2894 veritas?
1462 2843 1515 2895 in
1540 2857 1689 2896 men-

111 2932 217 2975 tem
251 2922 329 2975 illi
364 2924 577 2977 venisse
601 2925 854 2979 continuo
881 2930 1322 2985 consuetudinem
1353 2932 1683 3001 Judaaorum,

108 3027 217 3082 qua
261 3014 403 3068 solet
451 3015 529 3068 eis
572 3015 766 3070 dimitti
808 3033 944 3072 unus
975 3020 1025 3072 in
1067 3019 1304 3088 Pascha;
1339 3035 1391 3078 et
1429 3024 1549 3079 ideo
1580 3025 1683 3080 non

106 3106 440 3173 exspectavit
468 3116 523 3159 ut
552 3109 901 3177 responderet
944 3112 989 3164 ei
1020 3110 1175 3165 Jesus
1222 3114 1344 3181 quid
1369 3124 1444 3168 est
1478 3115 1681 3179 veritas,

110 3208 178 3248 ne
208 3209 358 3248 mora
408 3195 582 3262 ﬁeret,
628 3211 746 3251 cum
796 3198 1111 3254 recoluisset
1139 3216 1338 3257 morem
1369 3218 1475 3272 quo
1504 3214 1683 3273 posset

107 3288 185 3340 eis
218 3301 313 3355 per
345 3287 548 3342 Pascha
596 3288 812 3355 dimitti,
861 3291 997 3358 quod
1047 3308 1169 3347 eum
1217 3295 1370 3350 valde
1418 3297 1683 3364 cupivisee

106 3377 450 3431 manifestum
498 3387 602 3433 est.
651 3381 820 3435 Avelli
865 3389 1040 3436 tamen
1091 3398 1160 3437 ex
1207 3384 1321 3454 ejus
1364 3387 1526 3442 corde
1577 3403 1681 3442 nou

108 3470 278 3535 patuit
306 3470 489 3524 .lesum
540 3485 660 3526 esse
706 3488 883 3542 regem
922 3473 1249 3541 Judazorum,
1283 3486 1529 3547 tanquam
1582 3479 1682 3535 hac

108 3561 239 3626 sibi,
268 3561 406 3616 sicut
439 3562 489 3615 in
523 3562 695 3627 titulo,
731 3565 842 3633 ipsa
872 3564 1080 3620 Veritas
1113 3567 1307 3633 fixerit,
1338 3569 1403 3623 de
1433 3586 1532 3639 qua
1557 3572 1679 3640 quid

108 3662 254 3706 esset
275 3653 646 3723 interrogavit.
676 3655 781 3712 Sed
811 3656 911 3712 hoc
940 3659 1142 3727 audito,
1173 3661 1537 3718 clamaveruut
1565 3680 1681 3718 rur-

103 3758 227 3796 sum
256 3758 442 3799 omnes
473 3746 709 3802 dicentes
746 3764 759 3800 :

177 3853 299 3908 Non
348 3856 503 3921 hunc,
553 3858 642 3911 sed
688 3855 994 3919 Barabbani.
1045 3862 1170 3916 Erat
1216 3878 1383 3919 autem
1421 3867 1680 3922 Barabbas

107 3947 262 4000 latro.
294 3946 409 4000 Non
434 3947 894 4019 reprehendimus,
918 3966 951 4006 ο
972 3951 1162 4019 Judaei,
1187 3955 1327 4022 quod
1357 3971 1449 4022 per
1478 3957 1677 4011 Pascha

104 4038 345 4093 liberatis
377 4050 678 4107 nocentem,
718 4044 812 4098 sed
859 4044 997 4111 quod
1028 4045 1275 4101 occiditis
1318 4049 1672 4105 innocentem.

104 4132 255 4196 Quod
303 4140 478 4187 tamen
523 4134 624 4187 nisi
668 4135 837 4203 fleret,
888 4151 1067 4191 verum
1110 4137 1309 4192 Pascha
1353 4155 1456 4192 non
1504 4141 1673 4195 fieret.

105 4221 212 4275 Sed
245 4224 429 4274 umbra
460 4224 704 4277 veritatis
737 4239 766 4277 a
812 4224 1011 4280 Judmis
1051 4227 1347 4281 errantibus
1376 4232 1673 4294 tenebatur,

103 4319 155 4361 et
184 4310 413 4362 mirabili
460 4311 853 4378 dispensatione
882 4313 1075 4369 divinae
1106 4317 1417 4385 sapientiai,
1450 4335 1545 4388 per
1573 4321 1673 4375 bo-

102 4400 274 4454 mines
301 4399 519 4455 fallaces
552 4402 787 4472 ejusdem
821 4406 1019 4460 umbra:
1050 4408 1291 4464 veritatis
1332 4411 1673 4479 implebatnr,

100 4494 247 4559 quia,
278 4504 335 4546 ut
363 4510 545 4549 verum
566 4498 767 4553 Pascha
799 4501 967 4569 ﬁeret,
996 4503 1237 4560 Christus
1259 4506 1403 4561 velut
1430 4508 1544 4563 ovis
1571 4509 1668 4561 imo
1705 4494 1754 4553 D

102 4585 237 4637 mola
246 4585 419 4640 batur.

696 4704 920 4762 CAPUT
942 4706 1079 4765 XIX.

171 4809 299 4863 (ium
321 4811 487 4867 Judaei
506 4816 824 4873 clamassent
847 4835 949 4873 non
966 4822 1146 4876 Jesum
1172 4824 1270 4878 sibi
1298 4840 1325 4877 a
1350 4826 1517 4881 Pilato
1537 4829 1675 4885 velle

102 4898 291 4954 dimitti
337 4917 433 4971 per
476 4903 697 4969 Pascha,
751 4910 843 4963 sed
898 4911 1193 4966 Barabbam
1250 4916 1534 4985 latronem,
1568 4936 1672 4973 non

100 4993 444 5057 salvatorem,
496 4995 593 5050 sed
638 4998 1061 5070 interfectorem,
1112 5020 1215 5059 non
1255 5008 1496 5063 datorem
1530 5010 1671 5077 vitm,

98 5081 192 5135 sed
220 5082 606 5152 ademptorem,

168 5170 314 5226 Tunc
344 5178 680 5241 apprehendit
713 5178 910 5235 Pilatus
930 5182 1127 5252 Iesum,
1159 5198 1205 5241 ct
1230 5192 1523 5261 flagellarit.
1561 5196 1670 5252 Hoc

100 5275 273 5319 autem
318 5267 519 5323 Pilatus
567 5286 671 5324 non
717 5274 785 5327 ob
828 5277 967 5331 aliud
1016 5277 1208 5337 fecisse
1238 5287 1535 5342 credendus
1567 5304 1668 5358 εει,

101 5356 199 5409 nisi
230 5366 287 5409 ut
328 5358 443 5426 ejus
489 5361 702 5430 injuriis
727 5364 896 5422 Judtei
927 5372 1103 5426 satiati
1138 5374 1385 5433 sufficere
1421 5381 1523 5435 sibi
1554 5356 1671 5438 exis

100 5449 399 5515 stimarent,
432 5459 487 5503 et
513 5467 680 5521 usque
715 5458 779 5506 ad
811 5456 929 5526 ejus
964 5473 1186 5519 mortem
1232 5470 1419 5523 sevire
1448 5472 1671 5530 desiste—

101 5548 235 5592 rent.
268 5542 347 5594 Ad
390 5542 490 5596 hoc
522 5546 750 5612 pertinet
776 5551 915 5616 quod
966 5551 1106 5608 idem
1160 5573 1354 5625 praises
1385 5564 1543 5618 etiam
1590 5582 1671 5622 co-

102 5630 306 5684 hortem
337 5646 487 5685 suam
535 5637 771 5701 permisit
820 5640 997 5699 facere
1043 5660 1162 5714 qua
1205 5665 1527 5722 sequuntur;
1579 5672 1670 5715 aut

103 5718 340 5775 fortassis
366 5722 637 5791 et'jussit;
671 5734 909 5797 quamvis
940 5734 1039 5792 hoc
1068 5718 1388 5813 evangelista
1420 5752 1666 5808 tacuerit.

340 5835 611 5897 ΡΑτιιοι.
658 5840 790 5904 XCI
800 5844 846 5906 l.

1796 1930 1905 1968 sam
1948 1917 2162 1973 invenio.
2217 1920 2359 1978 Exiit
2386 1942 2505 1995 ergo
2530 1926 2680 1983 Jesus
2724 1943 2931 2000 portans
2957 1939 3185 2005 spineam
3226 1959 3372 1995 caro-

1797 2023 1932 2070 nam,
1980 2018 2028 2060 et
2071 2026 2383 2080 purpureum
2428 2018 2795 2075 vestimentum.
2842 2024 2901 2077 Et
2933 2027 3055 2081 dicit
3087 2031 3156 2082 eis
3188 2045 3208 2084 :
3242 2031 3372 2087 Ecce

1797 2097 1967 2151 homo.
2002 2098 2137 2154 Hinc
2166 2114 2386 2171 apparet
2418 2121 2521 2161 non
2567 2107 2844 2179 ignorante
2878 2114 3044 2171 Pilato
3070 2117 3184 2174 haec
3213 2137 3241 2175 a
3272 2124 3370 2177 mi-

1796 2189 1975 2243 litibus
2007 2190 2164 2262 facta,
2196 2198 2315 2251 sive
2341 2198 2559 2264 jusserit
2597 2218 2690 2266 ea.
2734 2206 2849 2262 sive
2898 2212 3228 2281 permiserit,
3281 2218 3367 2272 illa

1795 2279 1998 2334 scilicet
2027 2297 2186 2338 causa
2214 2301 2373 2355 quam
2421 2305 2580 2360 supra
2628 2295 2877 2365 diximus,
2912 2314 2966 2355 ut
2996 2304 3108 2360 haec
3136 2305 3251 2376 ejus
3284 2310 3367 2363 lu-

1795 2369 1964 2423 dibria
2000 2371 2201 2429 inimici
2231 2376 2586 2436 libentissime
2612 2384 2871 2453 biberent,
2907 2399 2961 2445 et
2992 2369 3211 2449 ulterius
3240 2412 3361 2452 san.

1791 2462 2006 2529 guinem
2041 2480 2142 2518 non
2167 2467 2395 2523 sitirent.
2429 2471 2708 2542 Egreditur
2729 2480 2793 2533 ad
2838 2496 2927 2537 eos
2967 2483 3120 2541 Jesus
3151 2500 3366 2557 portant

1792 2554 2030 2621 spineam
2082 2573 2334 2616 coronam
2371 2573 2424 2618 et
2455 2580 2777 2636 purpureum
2809 2576 3213 2646 vestimentum;
3259 2600 3361 2638 non

1790 2644 1963 2698 clarus
2013 2648 2270 2715 imperio.
2323 2653 2417 2709 sed
2468 2657 2655 2720 plenus
2709 2665 3014 2733 opprobrio,
3067 2682 3120 2725 et
3165 2644 3363 2729 dicitur

1789 2735 1867 2789 eis
1900 2754 1913 2789 :
1949 2737 2079 2793 Ecce
2108 2742 2279 2797 homo.
2310 2745 2367 2801 Si
2399 2749 2509 2817 regi
2551 2749 2820 2819 invidetis,
2844 2755 2952 2825 jam
2987 2762 3205 2829 parcite,
3238 2769 3358 2835 quia

1789 2826 2051 2895 dejectum
2104 2832 2317 2889 videtis.
2370 2836 2690 2909 Flagellatus
2735 2856 2834 2913 est,
2882 2826 3051 2918 spinis
3078 2826 3363 2913 coronatus

1788 2924 1889 2980 est,
1921 2917 2203 2976 ludibriosa
2234 2934 2383 2980 veste
2411 2931 2640 2985 amictus
2666 2944 2770 3002 est,
2801 2917 3147 3001 amarissimis
3176 2951 3359 3005 convi-

1787 3006 1887 3062 ciis
1918 3009 2103 3067 illusus
2130 3025 2213 3069 est
2234 3056 2248 3081 ,
2280 3018 2446 3089 alapis
2476 3035 2665 3081 Caesus.
2705 3027 2898 3087 Fervet
2930 3035 3239 3107 ignominia,
3267 3042 3367 3098 fri-

1790 3112 1971 3169 gescat
2016 3104 2229 3163 invidia.
2265 3110 2367 3166 Sed
2412 3128 2517 3169 non
2567 3116 2827 3190 frigescit,
2862 3126 3148 3188 inardescit
3186 3104 3360 3203 potius

1788 3201 1841 3245 et
1868 3194 2135 3251 increscit.

1856 3285 1982 3339 Cum
2010 3292 2144 3344 enim
2175 3295 2418 3353 vidissent
2460 3319 2574 3357 cum
2617 3310 2879 3376 pontifices
2913 3324 2958 3367 et
2988 3316 3227 3385 ministri,
3255 3322 3360 3375 cla-

1784 3375 1990 3430 mabant
2009 3381 2227 3436 dicentes
2251 3402 2269 3438 :
2292 3387 2561 3462 Cruciﬁge,
2587 3375 2843 3468 cruci/Ege.
2875 3400 3009 3455 Dicit
3027 3406 3099 3459 eis
3123 3375 3323 3464 Pilatus
3341 3429 3359 3465 :

1746 3510 1756 3520 ,
1786 3465 2008 3535 Acc'pite
2034 3488 2145 3524 eum
2174 3491 2259 3529 vos
2288 3488 2333 3529 et
2360 3484 2641 3554 cruciﬁgite
2661 3504 2796 3543 eum.
2838 3489 2951 3561 Ego
2990 3495 3123 3548 enim
3152 3512 3255 3549 non
3282 3502 3360 3553 in-

1784 3559 1925 3611 venio
1975 3560 2026 3613 in
2071 3579 2131 3616 eo
2176 3582 2406 3625 causam.
2460 3574 2850 3643 Responderunt
2886 3585 2931 3635 ei
2969 3584 3143 3641 Judcei
3181 3603 3203 3642 :
3245 3590 3357 3645 Nos

1783 3646 1941 3716 legem
1986 3653 2243 3720 habemus,
2288 3670 2338 3712 et
2382 3667 2660 3719 secundant
2692 3670 2850 3741 legem
2876 3673 3021 3728 debet
3048 3679 3195 3746 mori,
3235 3683 3358 3751 quia

1785 3735 1976 3793 Filium
2007 3741 2102 3797 Dei
2128 3762 2180 3798 se
2201 3750 2341 3815 fecit.
2375 3752 2511 3807 Ecce
2544 3756 2709 3812 altera
2739 3735 2907 3828 inajor
2938 3766 3128 3821 invidia
3156 3735 3354 3839 :ypa'rva

1783 3828 1868 3882 illa
1908 3833 2100 3903 quippe
2152 3840 2457 3907 videbatur,
2508 3848 2648 3901 velut
2691 3850 2949 3909 aﬂ‘ectatte
2992 3828 3356 3916 illicito-ausu

1781 3922 1939 3989 regiae
1967 3928 2271 3994 potestatis;
2300 3940 2355 3985 et
2385 3942 2558 3989 tamen
2602 3951 2845 3996 neutrum
2876 3943 2975 3999 sibi
3020 3948 3176 4005 Jesus
3205 3967 3356 4007 meu-

1780 4012 1979 4067 daciter
2006 4022 2305 4087 usurpavit;
2333 4023 2425 4105 sed
2477 4036 2759 4101 utrumque.
2804 4050 2982 4089 verum
3020 4047 3124 4105 est,
3160 4049 3215 4095 et
3243 4044 3355 4097 uni-

1779 4104 1989 4169 genitus
2016 4117 2096 4159 est
2130 4109 2219 4163 Dei
2252 4097 2435 4180 Filius,
2466 4127 2511 4169 et
2537 4134 2629 4173 rea:
2668 4097 2699 4174 ξι
2742 4122 2855 4178 Deo
2883 4130 3181 4186 constitutus
3205 4150 3358 4205 super

1781 4191 1909 4246 Sion
1957 4205 2175 4251 montem
2222 4214 2452 4257 sanctum
2499 4210 2611 4274 eius
2655 4208 2824 4280 (Psal.
2860 4214 2939 4285 ιι).
2984 4218 3048 4272 Et
3074 4191 3357 4293 utrumque

1777 4298 1919 4338 nunc
1942 4284 2357 4358 demonstraret,
2391 4297 2491 4351 nisi
2520 4312 2717 4369 quanto
2746 4316 2860 4360 erat
2896 4284 3182 4379 potentior,
3209 4284 3354 4373 tanto

1778 4375 1959 4431 mallet
1981 4392 2099 4433 esse
2132 4383 2435 4448 patientior.

1850 4466 1979 4520 Cum
2014 4487 2137 4541 ergo
2177 4476 2400 4530 audisset
2446 4477 2652 4535 Pilatus
2700 4484 2794 4537 hoc
2822 4488 3047 4555 uerbum,
3095 4496 3256 4566 magis
3286 4500 3323 4551 ti
3336 4530 3351 4538 -

1779 4558 1922 4622 muit,
1974 4570 2021 4611 et
2056 4562 2311 4630 ingressus
2354 4578 2428 4620 est
2472 4576 2764 4639 prwterium
2808 4578 3010 4645 iterum,
3041 4592 3089 4636 et
3125 4558 3249 4639 dicit
3286 4594 3351 4642 ad

1774 4642 1987 4703 Iesum:
2015 4650 2163 4705 Unde
2188 4671 2241 4707 es
2270 4657 2359 4708 tu?
2385 4658 2536 4715 Jesus
2564 4672 2731 4719 autem
2761 4683 3057 4737 responsum
3085 4693 3185 4730 non
3210 4682 3348 4736 dedit

1775 4742 1842 4794 ei.
1892 4742 2003 4797 Hoc
2052 4746 2323 4803 silentium
2358 4753 2563 4809 Domini
2611 4758 2734 4813 Jesu
2781 4764 2976 4820 Christi
3027 4786 3130 4826 non
3181 4781 3347 4835 semel

1776 4831 1994 4897 factum,
2026 4836 2239 4893 collatis
2268 4843 2503 4897 omnium
2533 4850 2976 4920 evangelistarum
3021 4866 3344 4921 narrationi-

1776 4922 1896 4993 bus,
1924 4930 2189 4994 reperitur
2218 4942 2270 4985 et
2296 4935 2432 5002 apud
2460 4936 2725 5008 principes
2747 4948 3101 5018 sacerdotum,
3126 4961 3179 5008 et
3203 4961 3343 5028 apud

1776 5016 2059 5086 Herodem,
2100 5037 2203 5091 quo
2247 5039 2389 5089 eum,
2441 5028 2575 5083 sicut
2624 5030 2792 5086 Lucas
2840 5035 3069 5105 indicat,
3126 5016 3344 5104 miserat

1776 5106 1973 5162 Pilatus
2016 5112 2335 5168 audiendum
2379 5115 2529 5186 (Luc.
2575 5123 2757 5192 mn),
2802 5134 2855 5178 et
2882 5130 3018 5195 apud
3062 5132 3254 5204 ipsum,
3288 5151 3342 5194 ut

1774 5216 1879 5255 non
1906 5203 2095 5258 frustra
2120 5206 2186 5261 de
2208 5207 2299 5262 illo
2322 5212 2591 5279 pr0phetia
2618 5221 2947 5282 praecesserit
2972 5243 2982 5274 ;
3009 5225 3156 5280 Sicut
3177 5247 3340 5300 agnus

1773 5310 1941 5348 coram
1980 5299 2215 5353 tondente
2244 5318 2297 5355 se
2326 5305 2433 5357 sine
2459 5320 2593 5372 voce,
2626 5310 2698 5362 sie
2742 5327 2841 5365 non
2872 5319 3070 5381 aperuit
3110 5336 3163 5373 os
3192 5339 3340 5376 suum

1776 5384 1929 5455 (Isai.
1963 5390 2097 5459 un).
2128 5391 2275 5447 Tunc
2298 5394 2500 5464 utique,
2526 5400 2735 5466 quando
2757 5402 3209 5476 interrogantibus
3230 5430 3336 5468 non

1773 5480 2067 5544 respondit.
2100 5482 2356 5545 Quamvis
2389 5486 2527 5541 enim
2563 5490 2876 5557 quibusdam
2909 5497 3336 5568 interrogationi-

1772 5568 1867 5621 bus
1895 5584 2036 5637 stt-pe
2066 5573 2423 5641 responderit,
2472 5587 2646 5635 tamen
2681 5596 2895 5652 propter
2927 5586 3014 5642 illa
3065 5591 3115 5644 in
3146 5593 3336 5660 quibus

1772 5660 1940 5714 noluit
1969 5664 2289 5731 respondere
2311 5670 2373 5721 ad
2408 5669 2506 5725 hoc
2530 5673 2648 5728 data
2672 5685 2751 5729 est
2776 5678 2843 5732 de
2864 5694 3002 5747 agno
3026 5680 3336 5745 similitudo.

1770 5761 1829 5806 ut
1866 5756 1915 5809 in
1947 5771 2041 5812 suo
2071 5758 2281 5815 silentio
2312 5778 2416 5817 non
2450 5779 2588 5831 reus,
2617 5769 2707 5822 scd
2740 5769 2991 5826 innocens
3026 5775 3333 5848 haberetur,

2781 5880 2859 5940 29
