3884 6232
510 335 610 386 907

933 337 1129 390 ΒΕΒᾸΞ.
1177 336 1622 392 ιτιεΝΕιιΑιιιιιε
1664 339 1819 393 Ul’l’.
1865 339 2038 392 PARS

2191 341 2368 395 SEC'I‘.
2411 343 2444 394 Ι.
2491 371 2552 383 --
2597 344 2978 400 EXEGETICA
3024 347 3317 406 GENIHNA
3640 360 3725 412 908

506 449 640 502 Cum
660 463 786 517 ergo
808 448 1135 517 judicaretur
1155 449 1455 520 ubicunque
1475 465 1576 502 non
1605 452 1800 516 aperuit
1827 466 1879 502 os
1901 467 2070 512 suum,
2103 454 2152 511 Α
2178 451 2317 519 fama
2343 450 2373 502 J
2385 468 2542 516 esum,
2571 464 2618 506 et
2650 456 2776 507 sed.“
2808 472 2896 522 pro
2927 457 3169 510 tribunali
3216 461 3266 512 in
3309 462 3419 513 loco
3458 463 3541 529 qui
3567 465 3730 517 dicitur

510 542 643 594 sicut
671 556 835 610 agnus
864 557 967 595 non
1011 543 1235 608 aperuit,
1275 542 1322 594 id
1354 550 1455 605 est,
1492 556 1594 595 non
1625 544 1766 596 sicut
1805 542 1939 596 male
1978 541 2078 595 sibi

507 637 775 701 conscius,
824 635 913 703 qui
962 635 1027 688 de
1067 636 1295 704 peccatis
1342 633 1756 688 convincebatur
1801 634 1931 698 suis,
1986 634 2079 686 scd

508 726 646 778 sicut
679 733 1005 793 mansuetus,
1035 727 1122 795 qui
1155 741 1248 793 pro
1291 724 1519 794 peccatis
1551 723 1924 778 immolabatur
1953 723 2080 777 alie-

509 816 611 870 nis.

580 907 714 959 Dicit
734 923 852 976 ergo
869 908 917 959 ei
940 906 1135 960 Pilatus
1153 923 1172 961 .·
1189 905 1322 960 Mihi
1342 922 1441 960 non
1469 906 1727 976 loqueris?
1751 904 1930 958 Nescis
1958 906 2079 974 quia

507 998 799 1065 potestatem
845 999 999 1051 habeo
1040 999 1338 1067 cruciﬁgere
1385 1007 1455 1062 te,
1498 1008 1544 1051 et
1590 1007 1888 1067 potestatem
1921 997 2079 1048 habeo

505 1087 794 1141 dimittere?
824 1089 1098 1156 Respondit
1125 1086 1156 1140 Ι
1164 1104 1275 1141 esus
1307 1102 1325 1139 :
1357 1085 1477 1140 Non
1504 1087 1710 1140 haberes
1735 1087 1975 1138 adversus
2005 1101 2081 1137 me

505 1189 797 1240 potestatem
827 1178 1009 1244 ullam,
1038 1179 1134 1230 nisi
1167 1178 1253 1230 tibi
1283 1177 1456 1230 datum
1503 1185 1628 1230 esset
1670 1176 1902 1243 desuper.
1945 1172 2080 1226 Pro-

505 1283 674 1340 pterea
719 1272 808 1341 qui
856 1288 932 1324 me
975 1272 1185 1324 tradidit
1238 1271 1346 1334 tibi,
1398 1271 1563 1338 majus
1607 1279 1864 1339 peccatum
1909 1267 2075 1319 habet.

506 1362 643 1415 Ecce
673 1361 966 1430 respondit,
997 1373 1048 1416 et
1079 1373 1251 1414 tamen
1284 1361 1582 1430 ubicunque
1621 1375 1725 1415 non
1775 1359 2076 1428 respondit,

505 1470 608 1506 non
657 1455 792 1507 sicut
840 1469 963 1508 reus
1010 1454 1121 1507 sive
1166 1453 1406 1521 delusus,
1438 1454 1528 1507 sed
1571 1453 1707 1506 sicut
1752 1467 1935 1522 agnus,
1979 1451 2081 1504 hoc

502 1554 610 1606 est,
660 1546 797 1596 sicut
845 1543 1069 1612 simplex
1119 1552 1276 1613 atque
1318 1547 1574 1598 innocens
1619 1560 1723 1597 non
1773 1544 1979 1611 aperuit
2020 1556 2081 1596 os

506 1652 683 1690 suum.
719 1637 945 1690 Proinde
979 1636 1063 1690 ubi
1113 1652 1215 1688 non
1247 1636 1620 1703 respondebat,
1651 1637 1788 1688 sicut
1812 1637 1925 1686 ovis
1957 1633 2080 1686 sile-

509 1729 630 1792 bat;
665 1728 749 1781 ubi
799 1726 1173 1794 respondebat,
1226 1726 1362 1779 sicut
1406 1737 1581 1794 pastor
1611 1725 1854 1778 docebat.
1905 1726 2080 1778 Disca-

2183 539 2536 606 LithOstroms,
2589 541 2832 598 Ilebroice
2883 555 3051 598 autem
3095 546 3382 603 Gabbatha.
3436 549 3562 603 Erat
3587 567 3731 609 autem

2185 629 2464 685 Parasccve
2507 650 2708 701 pascuae
2737 636 2861 688 hort.
2892 638 3033 704 γειαεὶ
3058 648 3219 691 sexta.
3253 641 3361 706 Qua
3395 640 3524 694 hora
3554 641 3619 695 sit
3647 644 3731 698 Do-

2185 725 2357 777 minus
2381 726 2684 789 cruciﬁxus,
2718 737 2932 795 propter
2963 729 3303 798 evangelista:
3351 732 3565 786 alterius
3606 739 3732 788 testi-

2184 817 2441 880 monium,
2471 819 2557 885 qui
2591 819 2727 870 dixit
2755 835 2768 870 :
2804 817 2933 871 Erat
2973 830 3140 874 autem
3167 822 3291 874 hora
3321 824 3486 887 tertia,
3520 833 3564 875 et
3592 830 3733 876 cruci-

2181 908 2399 974 ﬁxerunt
2423 925 2538 963 eum
2572 909 2763 980 (Marc.
2795 911 2881 980 sv)
2911 928 2921 962 :
2947 912 3196 980 quoniam
3227 927 3414 981 magna
3443 914 3732 983 disceptatio

2183 1001 2316 1053 solet
2365 1001 2590 1069 oboriri,
2641 1018 2758 1055 cum
2813 1003 2877 1055 ad
2925 1003 3097 1072 ipsum
3147 1004 3317 1059 locum
3355 1005 3441 1058 ubi
3473 1007 3731 1062 cruciﬁxus

2183 1103 2430 1145 narratur
2462 1106 2674 1146 ventum
2726 1093 2903 1158 fuerit,
2937 1103 2992 1148 ut
3041 1097 3386 1163 potuerimus,
3419 1098 3460 1151 si
3506 1097 3732 1152 Dominus

2185 1185 2432 1247 voluerit,
2467 1185 2814 1240 disseremus.
2842 1186 2974 1240 Cum
3023 1202 3150 1257 ergo
3182 1204 3275 1257 pro
3307 1189 3554 1244 tribunali
3588 1191 3729 1246 sedis-

2182 1285 2263 1328 set
2289 1274 2507 1341 Pilatus,

2257 1366 2387 1419 Dicit
2432 1365 2630 1421 Judwis
2680 1385 2699 1422 :
2741 1368 2874 1424 Ecce
2896 1387 2985 1425 rea:
3015 1383 3193 1429 vester.
3239 1371 3328 1426 Illi
3365 1384 3528 1426 autem
3560 1374 3730 1427 clama-

2183 1457 2294 1509 bant
2329 1473 2346 1510 :
2376 1456 2540 1523 Tolle,
2572 1435 2710 1525 tolle:
2745 1463 2982 1531 crnciﬁge
3008 1478 3143 1514 eum.
3198 1461 3337 1516 Dixit
3385 1464 3455 1515 eis
3512 1462 3733 1516 Pilatus:

2184 1545 2371 1618 Regem
2398 1560 2616 1602 vestrum
2646 1553 2979 1620 cruci/(goat?
3010 1552 3197 1606 Adhuc
3235 1561 3489 1607 terrorem
3514 1567 3660 1620 quem
3679 1553 3733 1606 de

2183 1637 2397 1694 Carsare
2433 1639 2724 1708 injecerant
2776 1657 3029 1709 superare
3076 1652 3318 1709 conatur,
3359 1644 3426 1696 de
3467 1643 3730 1711 ignominia

2183 1747 2363 1785 eorum
2397 1733 2580 1788 volens
2612 1748 2704 1788 eos
2738 1733 3000 1803 frangere,
3028 1735 3252 1788 dicendo
3283 1752 3294 1785 :
3329 1734 3512 1803 llegem
3541 1743 3732 1785 vestrum

502 1831 622 1869 ""15
645 1831 769 1885 "$0
798 1817 936 1884 (ιυυά
967 1816 1119 1880 δίκην
1147 1817 1287 1883 (1⁸⁸οά
1317 1827 1367 1868 ei
1395 1831 1487 1881 lle?
1521 1815 1834 1882 Αβοειοίυίυ
1872 1813 2070 1877 (Ῐοοιιίῑ,
2106 1804 2152 1865 Β
2181 1824 2508 1892 cruciﬁgam?
2539 1839 2676 1892 quos
2705 1828 2770 1877 de
2805 1826 3090 1893 ignominia
3121 1824 3312 1878 Christi
3362 1825 3601 1892 mitigare
3641 1839 3730 1875 non

504 1906 627 1973 quia
657 1922 756 1957 non
783 1914 855 1958 est
882 1915 1098 1974 potestas
1128 1906 1227 1957 nisi
1255 1921 1284 1955 a
1317 1903 1423 1958 Deo
1449 1903 1622 1974 (Ihm.
1669 1903 1784 1973 xm)
1813 1920 1826 1968 ;
1859 1914 1905 1956 et
1951 1905 2074 1970 quia

503 2001 623 2063 plus
672 2008 852 2064 peccat
893 1997 980 2063 qui
1033 1997 1278 2063 potestati
1335 1996 1671 2049 innocentem
1724 1995 2071 2049 occidendum

504 2089 670 2142 livore
704 2086 884 2149 tradit,
921 2101 1074 2153 quam
1109 2095 1338 2154 potestas
1368 2086 1501 2154 ipsa,
1533 2085 1577 2138 si
1609 2102 1729 2140 eum
1780 2087 1969 2139 timore
2000 2085 2075 2138 al-
2130 2097 2132 2100 '

503 2183 671 2236 terius
701 2179 918 2248 majoris
949 2181 1221 2248 potestatis
1258 2181 1470 2234 occidit.
1501 2179 1683 2233 Talem
1716 2180 1906 2248 quippe
1941 2179 2077 2231 Duus

508 2274 683 2326 Pilato
707 2271 926 2324 dederat
955 2278 1288 2340 poteSIatcm,
1321 2282 1371 2322 ut
1402 2283 1543 2322 cssct
1578 2281 1628 2322 et
1651 2285 1734 2322 am
1777 2273 1873 2323 Sub
1901 2271 2072 2322 (ἰαιειιο

503 2364 574 2415 ris
604 2371 881 2428 potestate.
917 2361 1288 2428 Quapropter:
1323 2359 1447 2412 Non
1490 2359 1717 2425 haberes,
1750 2360 1939 2426 inquit,
1983 2361 2078 2410 ad-

504 2469 676 2505 versus
709 2467 786 2503 me
815 2460 1108 2519 potestatem
1140 2449 1317 2516 ullam,
1355 2450 1402 2502 id
1425 2458 1526 2512 est,
1557 2449 2077 2518 quantulamcunque

503 2544 690 2606 habes,
731 2543 828 2594 nisi
871 2540 965 2594 hoc
1011 2545 1173 2612 ipsum
1217 2540 1465 2610 quidquid
1496 2552 1588 2604 est,
1627 2540 1717 2593 tibi
1753 2549 1875 2594 esset
1904 2540 2078 2592 datum

505 2641 740 2705 desuper.
782 2634 884 2690 Sed
918 2636 1165 2703 quoniam
1215 2635 1324 2688 scio
1372 2644 1625 2700 quantum
1669 2633 1755 2697 sit,
1789 2649 1894 2686 non
1937 2634 2076 2686 enim

505 2737 707 2778 tantum
742 2735 842 2790 est,
888 2736 943 2778 ut
993 2724 1082 2777 tibi
1126 2725 1431 2777 omnimodo
1475 2725 1698 2777 liberum
1727 2726 1814 2787 sit,
1848 2733 2079 2793 propter-

503 2833 562 2869 ea
609 2818 695 2884 qui
722 2833 800 2870 ine
827 2817 1035 2869 tradidit
1061 2817 1166 2879 tibi,
1203 2818 1366 2886 majus
1392 2826 1652 2885 peccatum
1675 2816 1841 2867 habet.
1875 2815 1964 2869 llle
1994 2828 2080 2868 me

503 2909 700 2978 quippe
753 2918 857 2963 tua:
908 2910 1156 2976 potestati
1205 2909 1419 2962 tradidit
1478 2908 1782 2971 invidendo,
1845 2917 1898 2961 tu
1951 2922 2078 2960 vero

501 3003 748 3056 caindem
777 3011 1099 3069 potestatem
1127 3001 1178 3054 in
1212 3018 1294 3053 me
1327 3001 1656 3054 exerciturus
1685 3014 1742 3052 es
1771 3000 2074 3054 metuendo.

503 3095 614 3148 Nec
659 3093 890 3146 timendo
938 3093 1148 3158 quidem
1202 3090 1495 3157 pt'wsertim
1544 3091 1879 3142 innocentem
1920 3090 2077 3142 homo

2181 1927 2409 1984 poterat,
2441 1918 2532 1971 sed
2561 1918 2749 1971 timore
2780 1933 2899 1970 mox
2934 1918 3185 1971 vincitur.

2253 2007 2642 2075 Responderunt
2671 2009 2800 2060 enim
2834 2008 3094 2076 pontiﬁces
3124 2023 3142 2061 :
3172 2005 3292 2060 Non
3335 2007 3566 2059 habemus
3591 2021 3733 2073 regem

2180 2097 2278 2148 nisi
2304 2094 2572 2150 Caesarem.
2608 2096 2749 2149 Tunc
2779 2114 2897 2168 ergo
2926 2098 3139 2150 tradidit
3178 2098 3249 2150 eis
3276 2098 3446 2157 illum,
3473 2107 3523 2147 ut
3551 2095 3731 2160 cruci/i-

2181 2199 2408 2258 grrttnr.
2444 2190 2790 2256 Apertissime
2837 2188 3030 2256 quippe
3059 2196 3243 2240 contra
3274 2185 3535 2238 Cmsarem
3574 2184 3734 2234 venire

2182 2279 2472 2339 videretur,
2528 2280 2571 2331 si
2627 2294 2806 2347 regem
2860 2295 3046 2331 senon
3098 2278 3294 2331 habere
3345 2277 3446 2329 nisi
3491 2275 3730 2329 Ccsaretti

2182 2369 2559 2436 prolitentibus
2588 2367 2752 2422 alium
2786 2384 2964 2435 regem
2993 2369 3121 2421 velit
3149 2368 3413 2435 ingerere,
3443 2365 3731 2418 dimittcndo

2181 2457 2523 2525 impunitum,
2553 2473 2706 2525 quem
2755 2469 2967 2526 propter
3009 2459 3105 2511 hos
3134 2471 3296 2510 ausus
3329 2459 3374 2510 ci
3423 2456 3730 2508 tradideruat

2181 2548 2549 2602 oet-idenduni.
2583 2549 2820 2602 Tradidit
2847 2564 2974 2618 ergo
3003 2551 3079 2604 cis
3110 2551 3276 2613 illum,
3323 2559 3378 2601 ut
3419 2547 3732 2615 crucifigere-

2184 2647 2286 2690 tur.
2318 2639 2422 2691 Sed
2461 2639 2696 2706 nunquid
2743 2639 2886 2692 aliud
2915 2647 3037 2693 ante
3077 2638 3392 2707 cupiebant,
3440 2639 3640 2705 quando
3666 2635 3733 2687 di-

2180 2732 2332 2781 cebat
2363 2745 2378 2781 :
2407 2728 2630 2794 Accipite
2660 2744 2771 2780 eum
2801 2744 2904 2793 vos,
2935 2742 2982 2781 et
3023 2730 3342 2798 cruciﬁgite?
3371 2728 3453 2780 vel
3479 2727 3627 2779 etiam
3652 2741 3731 2778 su-

2183 2818 2358 2887 perius
2387 2837 2398 2870 :
2429 2820 2656 2886 Accipite
2686 2836 2799 2874 eum
2831 2837 2937 2887 vos,
2968 2832 3013 2873 et
3051 2821 3328 2873 secundum
3357 2818 3516 2889 legem
3544 2826 3734 2869 vestram

2179 2912 2405 2976 iudicate
2425 2911 2582 2963 eum?
2607 2911 2712 2962 Cur
2737 2922 2909 2964 autem
2935 2911 3032 2964 hoc
3056 2911 3128 2964 illi
3159 2921 3436 2979 tantOpere
3457 2910 3731 2970 voluerunt,

2176 2993 2462 3055 dicentes:
2499 3000 2662 3054 Nobis
2706 3018 2806 3054 non
2849 3003 2962 3054 licet
3008 3002 3290 3070 interﬁcere
3332 2999 3658 3071 quemquam?
3692 3010 3736 3051 et

2183 3094 2327 3144 Omni
2358 3093 2516 3144 modo
2545 3094 2800 3145 instantes
2828 3101 2881 3144 ιιι
2909 3109 3010 3146 non
3038 3093 3102 3145 ab
3126 3096 3223 3159 eis,
3252 3094 3344 3146 sed
3371 3107 3400 3144 a
3427 3089 3639 3159 praeside
3661 3103 3738 3140 oc-

506 3185 775 3238 bominem
803 3183 962 3237 debet
991 3183 1255 3243 occidere,
1305 3182 1396 3236 sed
1429 3191 1600 3234 tamen
1644 3179 1694 3232 id
1725 3180 1944 3233 zelando
1995 3180 2074 3232 ιιι-
2108 3154 2151 3214 C
2183 3184 2469 3249 cideretur,
2498 3195 2550 3238 et
2576 3184 2692 3236 ideo
2717 3199 2836 3237 cum
2862 3183 3210 3238 occidendum
3239 3184 3484 3249 accipere
3507 3196 3736 3235 recusan-

504 3295 630 3333 cere
655 3280 822 3331 multo
852 3278 1022 3344 majus
1049 3275 1245 3327 malum
1278 3284 1358 3327 est
1385 3288 1540 3342 quam
1576 3272 1839 3335 timendo;
1873 3282 1926 3325 ct
1957 3271 2076 3323 ideo

507 3389 610 3428 non
642 3376 714 3426 ait
742 3387 896 3425 verax
928 3371 1172 3437 Magister
1204 3385 1215 3419 :
1246 3367 1343 3431 Qui
1375 3382 1452 3418 me
1481 3365 1566 3418 tibi
1595 3364 1775 3428 tradit,
1807 3365 1919 3432 ipse
1951 3378 2070 3431 pce-

513 3477 688 3517 catum
734 3464 914 3526 habet,
969 3472 1213 3529 tanquam
1248 3460 1334 3513 ille
1383 3473 1486 3512 non
1529 3456 1785 3521 haberet;
1817 3455 1908 3509 sed
1957 3455 2071 3508 ait:

506 3555 681 3626 Majas
712 3555 860 3605 habet
894 3561 1172 3621 peccatum,
1203 3560 1259 3603 ιιι
1287 3550 1444 3604 etiam
1494 3541 1556 3602 se'
1595 3547 1792 3600 habere
1822 3547 2074 3614 intellige-

506 3658 608 3701 ret.
659 3646 840 3713 Neque
885 3647 1028 3697 enim
1073 3652 1352 3712 propterea
1390 3639 1520 3694 illud
1572 3640 1774 3692 nullum
1822 3649 1922 3703 est,
1959 3637 2075 3705 quia

507 3738 677 3806 majus
708 3744 805 3787 est.

579 3828 782 3881 Exinde
824 3828 1074 3895 quterebat
1128 3823 1325 3876 Pilatus
1370 3822 1624 3874 dimittere
1669 3834 1803 3876 eum.
1833 3816 1967 3882 Quid
1999 3825 2080 3869 est

512 3922 615 3978 hoc
662 3921 802 3990 quod
852 3921 1049 3973 dictum
1081 3930 1184 3981 est,
1216 3917 1421 3982 exinde,
1455 3913 1605 3983 quasi
1654 3920 1808 3964 antea
1835 3909 1942 3977 jam
1975 3922 2079 3960 non

507 4012 821 4082 quaerebat?
867 4010 1004 4079 Lege
1053 4007 1349 4076 superiora,
1394 4012 1448 4059 et
1493 4002 1727 4058 invenies
1766 3997 2077 4069 jamdudum

513 4121 636 4160 eum
670 4117 909 4171 qna-rere
938 4101 1206 4154 dimittere
1234 4097 1442 4152 Jesum.
1477 4092 1681 4148 Exinde
1721 4093 1896 4160 itaque
1923 4088 2080 4141 intel-

516 4198 784 4266 ligeudum
816 4205 918 4257 est,
953 4202 1169 4260 propter
1201 4189 1320 4252 hoc,
1350 4186 1402 4239 id
1439 4193 1543 4247 est,
1575 4200 1638 4237 ex
1672 4185 1770 4235 hac
1796 4196 1973 4244 causa,
2017 4194 2083 4233 ne

515 4296 732 4345 haberet
767 4296 1039 4354 peccatum
1067 4278 1360 4334 occidendo
1393 4277 1727 4330 innocentem
1776 4270 1875 4325 sibi
1917 4271 2080 4323 tradi-

512 4394 650 4448 tum,
681 4382 921 4450 quamvis
969 4373 1146 4440 minus
1176 4383 1399 4435 peccans
1429 4383 1585 4435 quam
1617 4365 1808 4428 Judaei,
1839 4364 1929 4433 qui
1961 4377 2080 4416 eum

2183 3283 2279 3338 tes,
2324 3276 2366 3328 si
2400 3287 2522 3328 tunc
2552 3291 2670 3328 eum
2701 3276 2964 3344 accipiunt
3010 3274 3400 3329 occidendum?
3448 3277 3548 3327 Aut
3575 3275 3614 3325 si
3653 3273 3738 3323 hoc

2179 3381 2286 3418 non
2318 3376 2407 3432 srt,
2436 3381 2528 3418 cur
2558 3365 2757 3418 dictum
2782 3373 2863 3417 est
2890 3383 2900 3415 :
2928 3363 3071 3416 Tunc
3102 3380 3219 3433 ergo
3250 3364 3466 3415 tradidit
3492 3364 3558 3415 eis
3587 3363 3736 3422 illum,

2178 3465 2232 3508 ut
2286 3456 2702 3525 cruciﬁgeretur?
2754 3459 2832 3510 An
2862 3457 3058 3525 aliquid
3104 3457 3364 3510 interest?
3415 3457 3567 3509 Plane
3595 3455 3740 3508 inter-

2178 3558 2278 3602 est.
2323 3548 2434 3601 Non
2483 3558 2564 3600 est
2591 3549 2732 3600 enim
2766 3547 2963 3600 dictum
3014 3546 3207 3598 :Tunc
3261 3560 3390 3613 ergo
3438 3543 3636 3597 tradidit
3672 3541 3741 3595 eis

2181 3640 2353 3703 illum,
2392 3646 2448 3691 ut
2476 3637 2850 3705 cruciﬁgerent
2880 3652 3022 3701 eum,
3053 3637 3144 3691 sed
3183 3645 3235 3688 ut
3277 3636 3666 3705 cruciﬁgeretur,
3695 3632 3738 3684 id

2185 3740 2291 3794 est,
2323 3741 2376 3782 ut
2419 3730 2617 3797 judicio
2648 3745 2709 3782 ac
2752 3739 3015 3797 potestate
3054 3727 3293 3795 praesidis
3339 3728 3736 3793 cruciﬁgeretur.

2182 3821 2285 3873 Sed
2318 3821 2438 3872 ideo
2482 3819 2582 3872 illis
2614 3819 2865 3872 traditum
2891 3819 3018 3870 dicit
3046 3817 3397 3886 evangelista,
3431 3825 3486 3868 ut
3515 3829 3603 3868 eos
3645 3813 3737 3865 cri-

2183 3911 2325 3964 mine
2355 3909 2670 3976 implicitos,
2693 3922 2721 3960 a
2750 3922 2854 3975 quo
2877 3907 3035 3960 alieni
3059 3921 3180 3961 esse
3202 3907 3556 3967 conabanzur,
3581 3916 3739 3956 osten-

2183 4005 2354 4058 deret.
2385 4004 2498 4056 Non
2524 4004 2666 4056 enim
2697 4005 2896 4055 laceret
2924 4000 3022 4053 hoc
3053 3998 3286 4061 Pilatus,
3323 4000 3425 4053 nisi
3465 4009 3519 4051 ut
3542 3999 3591 4050 id
3617 3997 3739 4065 quod

2187 4110 2279 4149 eos
2304 4109 2504 4161 cupere
2532 4092 2784 4146 cernebat
2834 4092 3094 4154 impleret.
3131 4089 3282 4155 Quod
3333 4104 3461 4158 ergo
3489 4091 3738 4157 sequitur;

2258 4184 2600 4250 Susceperunt
2627 4193 2797 4234 autem
2824 4179 3025 4244 Jesum,
3057 4189 3101 4232 et
3131 4179 3436 4232 eduxerunt.
3483 4177 3655 4231 Potest
3683 4176 3739 4228 ad

2189 4281 2386 4332 milites
2414 4277 2522 4346 jam
2558 4279 2742 4331 referri
2771 4277 3104 4345 apparitores
3129 4274 3394 4339 praesidis.
3421 4274 3546 4328 Nam
3579 4283 3738 4340 postea

2188 4370 2488 4424 ev.dcntius
2537 4370 2730 4422 dicitur
2783 4386 2794 4422 :
2853 4367 3044 4420 Milites
3085 4382 3202 4434 ergo
3245 4383 3361 4419 cum
3402 4367 3746 4432 cruciﬁnssenl

512 4476 588 4530 illi
639 4471 973 4525 tradiderunt
1022 4462 1397 4518 OCCidendUlll-
1430 4457 1662 4512 νΕΧῘηιῘΘ
1696 4470 1844 4523 6³80»
1892 4454 1938 4505 id
1979 4464 2082 4517 εει,
2111 4486 2163 4545 D
2191 4476 2327 4512 eum.
2374 4461 2626 4525 Quamvis
2666 4460 2988 4527 evangelista
3047 4459 3203 4510 etiam
3255 4458 3300 4510 si
3355 4467 3519 4509 totum
3569 4453 3744 4506 ludatis

514 4569 652 4627 ideo,
687 4579 754 4617 ne
789 4561 888 4612 hoc
927 4566 1197 4626 peccatum
1240 4553 1456 4614 laceret,
1492 4565 1595 4602 non
1647 4564 1788 4600 nunc
1839 4544 2084 4616 primum,

516 4660 610 4711 sed
637 4656 702 4708 ab
730 4653 880 4706 initio
907 4649 1216 4718 quaerebant
1243 4659 1361 4697 eum
1393 4641 1683 4694 dimittere.

585 4744 755 4798 λιιάωί
787 4751 954 4794 autem
981 4733 1264 4790 clamabant
1307 4731 1526 4783 dicentes
1559 4743 1575 4779 :
1607 4727 1666 4781 Si
1695 4728 1827 4777 hunc
1858 4723 2083 4787 dimittis,

518 4854 617 4889 non
645 4851 694 4887 es
723 4833 911 4885 amicus
943 4828 1173 4881 Ctesaris.
1205 4824 1383 4875 Omnis
1412 4821 1542 4872 enim
1567 4819 1652 4887 qui
1680 4833 1732 4869 se
1758 4829 1920 4885 regem
1944 4814 2085 4881 facit,

520 4925 823 4980 contradicit
855 4921 1064 4973 (Itesari.
1094 4908 1344 4982 Maiorem
1372 4913 1614 4963 timorem
1643 4923 1699 4961 se
1727 4909 1964 4976 ingerere
1997 4919 2089 4969 pu-

525 5027 768 5069 taverunt
820 5014 987 5065 l’ilato
1042 5007 1292 5060 terrendo
1351 5004 1415 5055 dc
1458 5000 1687 5060 Cmsare,
1734 5007 1788 5048 ut
1828 4995 2090 5047 occideret

520 5109 814 5168 Christum,
842 5117 996 5168 qttam
1032 5098 1274 5165 superius
1314 5095 1400 5147 ubi
1452 5093 1698 5146 dixerunt
1730 5107 1740 5140 :
1776 5088 1884 5140 Nos
1934 5088 2090 5154 legem

521 5201 795 5259 habemus,
824 5205 866 5246 et
897 5195 1170 5246 secmtdum
1214 5192 1370 5256 legem
1413 5187 1551 5237 debet
1595 5183 1743 5246 mori,
1784 5181 1901 5246 quia
1933 5178 2092 5244 [ilium

526 5291 620 5344 Dei
648 5307 700 5342 se
733 5287 862 5353 fecit.
914 5283 1111 5335 Eorum
1162 5283 1327 5347 legem
1358 5281 1550 5345 quippe
1582 5277 1666 5328 ille
1701 5287 1803 5325 non
1838 5270 2007 5321 timuit
2039 5279 2093 5320 ut

523 5382 812 5434 occideret.
840 5376 929 5428 sed
965 5387 1131 5440 magis
1165 5371 1354 5422 Filium
1392 5369 1480 5420 llei
1508 5368 1678 5417 timuit
1712 5379 1776 5416 ne
1803 5361 2090 5414 occideret.

523 5474 674 5526 iinnc
707 5483 832 5521 vero
866 5481 968 5518 non
1003 5464 1078 5515 sic
1111 5462 1279 5531 potuit
1306 5471 1649 5511 contemnere
1679 5455 1960 5514 Cresarcm,
1995 5465 2094 5501 au-

525 5575 726 5614 ctorem
762 5556 1033 5626 pulcslalis
1065 5569 1193 5617 suae,
1242 5550 1683 5617 quemadmodum
1727 5546 1892 5613 legem
1923 5544 2094 5613 gentis

528 5659 734 5708 ain-nte.
769 5652 954 5704 Adhuc
986 5660 1158 5699 tamen
1187 5644 1507 5707 evangelista
1540 5640 1800 5709 sequitur,
1835 5646 1887 5689 et
1913 5637 2042 5687 dicit
2081 5652 2090 5684 :

598 5746 797 5800 Pilatus
846 5759 961 5810 ergo
1010 5755 1119 5792 cum
1167 5737 1386 5790 audisset
1439 5740 1525 5786 hos
1573 5747 1843 5796 sermones,
1879 5726 2093 5781 adduxit

2194 4551 2393 4613 tribuit,
2425 4551 2614 4603 merito
2638 4550 2777 4604 iacit.
2810 4550 2913 4617 lpsi
2937 4546 3078 4601 enim
3110 4557 3462 4615 susceperunt
3490 4549 3622 4612 quod
3648 4543 3745 4593 ari-

2190 4643 2407 4696 dissime
2450 4642 2834 4712 ﬂagitaverant,
2879 4651 2936 4694 et
2987 4640 3083 4707 ipsi
3134 4639 3376 4692 iecerunt
3419 4635 3665 4705 quidquid
3700 4641 3747 4683 ut

2192 4735 2343 4789 ﬁeret
2373 4745 2730 4788 extorscrunt.
2782 4732 3067 4787 Judicante
3094 4741 3252 4799 atque
3279 4731 3562 4783 damnante
3592 4725 3747 4780 Pilato

2192 4840 2286 4890 pro
2330 4824 2620 4888 tribunali,
2667 4823 2944 4876 Dominum
2992 4830 3227 4875 nostrum
3268 4821 3448 4873 Jesum
3496 4817 3746 4871 Christum

2191 4916 2320 4968 hora
2348 4915 2494 4981 quasi
2521 4923 2670 4966 sexta
2699 4922 3045 4978 susceperunt
3067 4920 3119 4964 et
3145 4918 3465 4962 eduxerunt.

2267 5005 2326 5057 Et
2359 5004 2593 5073 bajulans
2638 5006 2730 5056 sibi
2774 5020 2990 5067 crucem,
3042 5005 3161 5056 exiit
3209 5006 3261 5054 in
3301 5018 3416 5053 eum
3455 5003 3542 5070 qui
3583 5001 3751 5052 dicitur

2194 5097 2440 5150 Calvariw
2469 5098 2654 5161 locant,
2684 5095 2733 5148 Η
2741 5096 2931 5148 ebraice
2957 5095 3231 5164 Golgotha,
3257 5095 3342 5143 ubi
3365 5109 3476 5143 enm
3502 5092 3749 5157 cruciﬁx-

2193 5199 2328 5241 rnnt.
2363 5187 2495 5253 Quid
2523 5195 2604 5240 est
2648 5201 2772 5253 ergo
2803 5187 2940 5252 quod
2982 5185 3187 5238 Marcus
3217 5183 3540 5250 evangelista
3588 5181 3709 5233 dicit
3742 5197 3748 5226 :

2198 5280 2323 5331 Erat
2357 5289 2523 5328 autent
2552 5275 2679 5326 hora
2724 5276 2890 5336 tertia,
2932 5285 2976 5326 ct
3030 5276 3392 5338 cruciﬁxerunt
3431 5288 3542 5324 eum
3575 5269 3750 5338 (lare.

2200 5371 2313 5436 xv),
2350 5368 2446 5420 nisi
2480 5368 2597 5434 quia
2631 5370 2756 5417 hora
2790 5363 2941 5416 tertia
2967 5363 3253 5416 crucilixus
3278 5372 3357 5414 est
3391 5360 3640 5412 Dominus
3671 5359 3755 5408 lin-

2199 5461 2314 5529 guis
2343 5459 2667 5519 Judatorum,
2701 5456 2829 5506 liora
2862 5465 3006 5506 sexta
3047 5453 3291 5505 munibus
3334 5452 3583 5513 militum,
3610 5459 3664 5501 ut
3687 5448 3756 5499 iu-

2202 5549 2502 5614 tclligamus
2544 5545 2728 5596 horam
2769 5543 3008 5610 quintam
3054 5540 3163 5609 jam
3214 5539 3378 5594 fuisse
3428 5553 3755 5600 transactam,

2199 5648 2253 5690 et
2277 5634 2468 5701 aliquid
2502 5633 2567 5688 de
2613 5644 2761 5686 sexta
2792 5642 3047 5698 emptum,
3074 5631 3284 5699 quando
3324 5632 3460 5684 sedit
3489 5646 3580 5696 pro
3602 5627 3756 5680 tribu-

2202 5728 2303 5781 ιιιιιι
2331 5727 2548 5782 l’ilatus,
2570 5735 2686 5788 quia
2707 5723 2844 5777 dicta
2869 5732 2949 5778 est
2974 5736 3000 5774 a
3029 5721 3249 5786 Joanne,
3281 5723 3408 5772 Istra
3429 5721 3569 5787 quasi
3597 5717 3757 5771 sulci
