3884 6232
141 372 242 428 909

1090 374 1156 432 ΙΝ
1197 377 1254 434 8.
1295 375 1575 433 JOANNIS
1617 374 2054 432 EVANGELIUM
2097 375 2467 433 EXPOSlTlO.

3286 384 3389 440 9η

141 488 206 544 Et
224 461 349 544 cum
367 490 656 546 duceretur
678 502 730 546 ut
755 491 896 560 ligno
911 473 1032 545 cum
1052 490 1259 545 duobus
1281 491 1570 545 latronibus
1587 504 1713 544 con-
1742 495 1790 549 Α
1818 503 1946 552 cem,
1978 487 2101 540 exiit
2143 487 2194 540 in
2247 503 2359 541 eum
2401 488 2488 555 qui
2535 488 2720 542 dicitur
2751 491 3002 546 Calvariaa
3043 491 3208 554 locum
3235 533 3250 558 ,
3281 493 3390 548 Hc-

141 583 419 650 ﬁgeretur,
449 593 504 636 et
531 581 680 651 juxta
710 584 826 652 ejus
847 598 1061 637 crucem
1095 592 1405 652 gererentur
1431 598 1547 648 quae
1571 591 1714 651 gesta

140 681 446 736 narrantur,
484 673 608 726 hora
656 684 804 727 sexta
858 673 1058 741 integra
1106 674 1490 742 compleretur;
1523 688 1584 726 ex
1615 686 1714 739 qua

141 762 265 814 hora
313 778 488 830 usque
534 765 598 817 ad
647 780 879 829 nonam,
937 767 1047 819 sole
1101 766 1419 830 obscurato,
1471 764 1716 818 tenebras

138 855 323 917 iactas,
359 855 521 906 trium
549 857 1024 925 evangelistarum,
1073 858 1320 920 Matth-aii,
1349 857 1526 919 Marci,
1561 855 1716 908 Luca:

135 954 469 997 contestatur
518 958 825 1000 auctoritas.
863 949 1028 1002 Estel
1065 950 1165 1001 alia
1199 947 1351 1016 hujus
1380 945 1710 1014 quwslionis,

141 1046 194 1086 ut
224 1049 329 1087 non
366 1037 458 1090 hic
487 1040 776 1106 accipiatur
802 1040 931 1094 hora
963 1049 1110 1094 Sexta
1140 1041 1260 1100 diei.
1290 1041 1411 1109 quia
1437 1055 1534 1093 nec
1556 1039 1711 1092 Joan-

141 1141 233 1180 nes
261 1126 335 1179 ait
369 1146 382 1180 :
421 1129 546 1182 Erat
570 1143 743 1185 autem
779 1133 907 1186 hora
939 1133 1044 1186 dici
1071 1134 1219 1200 quasi
1256 1144 1434 1198 sexta;
1469 1132 1559 1186 sed
1592 1131 1665 1183 ait
1697 1147 1708 1182 :

135 1213 260 1270 Erat
289 1229 463 1272 autem
494 1219 774 1276 Parasceve
812 1223 1014 1291 pascha:
1043 1225 1166 1276 liora
1193 1225 1337 1290 quasi
1359 1233 1520 1276 sexta.
1552 1223 1713 1276 Para—

133 1321 288 1362 sceve
319 1321 500 1364 autem
534 1312 718 1368 Latine
756 1316 1063 1384 prwparalio
1095 1326 1173 1368 est
1208 1335 1218 1368 :
1253 1316 1355 1371 Sed
1407 1315 1507 1368 isto
1547 1315 1712 1368 verbo

134 1397 316 1452 Gnaeo
351 1400 606 1455 libentius
633 1413 848 1458 utuntur
879 1405 1069 1468 Jlldiel,
1102 1406 1152 1458 in
1195 1404 1493 1474 hujusmodi
1527 1406 1710 1460 obser-

131 1492 463 1558 vationibus,
496 1496 656 1548 etiam
685 1496 773 1564 qui
820 1500 987 1567 magis
1020 1497 1204 1553 Latine
1233 1514 1385 1568 quam
1417 1498 1601 1556 Griece
1629 1499 1708 1552 lo-

132 1596 386 1648 quuntur.
441 1585 567 1638 Erat
613 1597 787 1641 autem
849 1591 1162 1657 praeparatio
1222 1592 1448 1658 paschae.
1504 1588 1707 1643 Pascha

131 1691 254 1728 vero
300 1687 562 1744 nostrum,
592 1680 729 1734 sicut
770 1683 895 1736 dicit
940 1683 1253 1749 Apostolus,
1296 1682 1586 1736 immolatus
1634 1694 1707 1736 est

130 1765 362 1819 Christus
390 1766 443 1835 (1
473 1767 592 1822 Cor.
623 1769 696 1838 v).
731 1770 893 1840 Cujus
925 1771 1135 1838 pascha:
1167 1773 1628 1839 praeparationem,
1659 1772 1701 1825 si

1821 579 1989 631 braice
2031 576 2284 649 Golgoma
2310 620 2324 645 ,
2375 581 2461 632 ubi
2506 596 2617 632 eum
2651 583 3045 652 cruci/iurant;
3091 598 3139 637 et
3181 601 3296 639 cunt
3324 601 3386 639 eo

1817 669 1947 722 alios
1970 670 2119 735 duos,
2155 670 2274 723 hinc
2293 682 2343 723 et
2367 671 2506 735 hinc,
2563 673 2781 726 medium
2820 683 2990 728 autem
3043 673 3244 728 Iesum.
3297 676 3388 731 Isti

1817 759 1924 812 duo
1982 759 2219 814 latrones
2262 772 2434 824 erant,
2487 762 2627 815 sicut
2674 762 2898 818 aliorum
2937 766 3385 836 evangelistarum

1818 851 2121 904 narratione
2162 851 2442 906 didicimus
2488 853 2680 921 (Marc.
2726 869 2820 919 xv;
2872 853 2998 908 Luc.
3047 857 3222 927 unt),
3263 873 3386 913 cum

1815 942 2008 1012 quibus
2053 943 2360 1008 cruciﬁxus,
2393 953 2448 998 et
2477 945 2614 999 inter
2643 959 2773 1015 quos
2821 947 2959 1000 ﬁxus
2992 957 3073 1001 est
3099 948 3343 1004 Christus
3367 990 3384 1013 ,

1813 1035 1880 1089 de
1913 1051 2016 1103 quo
2047 1037 2322 1105 prannissa
2346 1037 2554 1091 dixerat
2575 1040 2849 1109 prophetia
2881 1059 2892 1092 :
2925 1040 2990 1092 Et
3026 1042 3156 1094 inter
3186 1043 3388 1112 iniquos

1813 1123 2085 1190 deputatus
2111 1136 2180 1178 est
2224 1123 2375 1194 (Isai.
2411 1139 2544 1194 Liv).

1883 1213 2101 1285 Scripsit
2147 1229 2318 1269 autem
2367 1230 2408 1271 et
2451 1220 2651 1271 titulum
2682 1219 2903 1288 Pilatus,
2935 1234 2983 1277 et
3026 1229 3194 1296 posuit
3233 1242 3386 1293 super

1811 1320 2029 1357 crucem.
2055 1304 2183 1359 Erat
2227 1319 2392 1360 autem
2420 1311 2662 1377 scriptum
2691 1327 2708 1364 :
2732 1311 2885 1364 Jesus
2916 1311 3245 1384 Nazarenus,
3276 1315 3383 1368 lies.

1810 1393 2135 1450 Judworum.
2168 1396 2323 1449 Hunc
2346 1414 2465 1469 ergo
2491 1401 2696 1452 titulum
2725 1403 2871 1455 multi
2901 1401 3137 1472 legerunt
3166 1403 3384 1458 ludere-

1809 1501 1945 1552 runt,
1977 1489 2098 1558 quia
2121 1503 2275 1556 prope
2310 1489 2561 1541 civitatem
2591 1502 2698 1542 erat
2726 1494 2866 1545 locus
2892 1493 2977 1544 ubi
3004 1495 3280 1560 cruci/ints
3309 1505 3383 1545 est

1807 1576 1958 1633 Jesus
1971 1596 1989 1644 ;
2017 1589 2062 1633 ει
2085 1580 2329 1646 scriptum
2354 1580 2402 1632 Il
2413 1583 2627 1648 ebraice,
2647 1577 2826 1636 Crtece
2838 1596 2882 1637 et
2907 1583 3085 1638 Latine
3107 1601 3124 1638 .'
3160 1585 3268 1638 Rea:
3287 1585 3383 1639 Ju-

1807 1671 2056 1723 dteorum.
2107 1671 2202 1724 lla:
2251 1674 2454 1740 quippe
2501 1684 2607 1727 tres
2659 1677 2851 1743 linguae
2901 1676 2973 1730 ibi
3017 1692 3124 1743 pra:
3172 1678 3381 1730 caneris

1807 1763 2115 1816 eminebant
2141 1779 2151 1814 :
2186 1761 2406 1817 Hebraea
2440 1774 2653 1833 propter
2683 1764 2895 1819 Judazos
2925 1768 2977 1817 in
3009 1765 3126 1835 lege
3153 1766 3243 1820 Dei
3267 1767 3381 1836 glo-

3391 1463 3413 1504 ἔ

128 1856 194 1909 ab
224 1856 353 1908 hora
383 1860 558 1913 noctis
589 1876 723 1914 nona
753 1873 1122 1931 computemus
1154 1865 1302 1932 (tunc
1342 1865 1484 1918 enim
1516 1866 1697 1920 viden-

1809 1857 2043 1920 riantes;
2078 1853 2262 1908 Graeca
2297 1867 2512 1924 propter
2550 1859 2784 1925 gentium
2835 1858 3139 1925 sapientes;
3191 1856 3379 1910 Latina

131 1955 212 1998 tur
241 1948 515 2016 principes
560 1951 894 2004 sacerdotum
933 1952 1312 2018 pranuntiasse
1352 1955 1558 2008 Domini
1600 1956 1701 2008 im-

130 2038 492 2104 molationem,
527 2040 763 2095 dicentes
794 2059 806 2094 :
841 2040 980 2096 Reus
1025 2052 1096 2098 est
1141 2043 1337 2108 ntortis,
1368 2059 1486 2097 cum
1532 2046 1703 2100 adhuc

129 2131 176 2183 in
206 2131 370 2186 domo
401 2133 665 2200 pontiﬁcis
697 2133 999 2200 audiretur;
1025 2135 1161 2189 unde
1183 2147 1539 2204 congruenter
1558 2139 1700 2191 acci-

129 2223 260 2287 pitur
290 2223 416 2277 inde
450 2226 678 2294 ctepisse
703 2229 1142 2296 prmparationem
1187 2230 1296 2282 veri
1340 2229 1575 2292 Pascbae,
1608 2245 1702 2284 cu-

127 2313 204 2380 ius
232 2314 419 2368 umbra
448 2327 564 2369 erat
603 2319 795 2384 pascha
844 2317 1172 2383 Judazornm,
1227 2320 1275 2372 id
1316 2329 1416 2385 est,
1465 2321 1702 2373 immola-

127 2404 282 2457 tionis
313 2404 537 2469 Christi,
585 2422 649 2460 ει
699 2423 807 2476 quo
850 2423 876 2460 a
907 2411 1272 2463 sacerdotibus
1321 2412 1700 2478 prmnuntiatus

127 2505 203 2548 est
246 2494 652 2567 immolandus),
688 2496 924 2563 proiecto
967 2499 1034 2552 ab
1082 2515 1143 2552 ea
1185 2501 1353 2553 noctis
1400 2501 1548 2564 hora,
1581 2516 1699 2569 qua:

131 2600 260 2639 nona
306 2585 471 2641 fuisse
521 2587 876 2654 convincitur,
910 2605 1076 2658 usque
1114 2589 1177 2642 ad
1227 2591 1411 2644 horam
1457 2592 1560 2644 diei
1596 2601 1700 2645 ter-

133 2681 272 2743 tiam,
304 2694 408 2748 qua
437 2680 750 2736 cruciﬁxum
781 2696 900 2736 esse
926 2681 1195 2737 Christum
1236 2683 1442 2738 Marcus
1471 2699 1698 2753 evange-

128 2771 238 2824 lista
267 2781 509 2836 testatur,
560 2788 656 2828 sex
716 2773 864 2828 horae
913 2785 1058 2838 sunt,
1109 2785 1216 2830 tres
1263 2786 1556 2844 nocturnae,
1590 2789 1696 2833 tres

127 2859 340 2914 diurna.
375 2860 527 2916 Unde
555 2863 607 2916 in
639 2862 738 2916 hac
769 2864 1062 2919 Parasceve
1092 2867 1321 2932 pasclue,
1346 2867 1398 2920 id
1424 2877 1524 2934 est,
1561 2883 1694 2935 prte-

128 2951 394 3017 paratione
426 2950 801 3006 immolationis
835 2951 1052 3020 Christi,
1084 2970 1202 3023 qua:
1246 2955 1312 3008 ab
1355 2955 1485 3008 hora
1522 2957 1694 3012 noctis

128 3055 255 3092 nona
287 3051 464 3108 empta
503 3051 636 3108 erat,
667 3045 816 3112 quasi
859 3052 1006 3098 sexta
1035 3045 1287 3113 agebatur
1318 3046 1476 3112 hora;
1508 3047 1557 3100 id
1585 3058 1687 3115 est,

130 3148 327 3199 peraCta
358 3136 563 3203 quinta,
591 3137 702 3205 jam
745 3149 893 3192 sexta
924 3155 1140 3195 currere
1184 3153 1444 3211 coeperat,
1477 3144 1692 3213 quando

131 3227 319 3284 Pilatus
351 3227 580 3282 tribunal
611 3231 872 3284 ascendit.
899 3232 1086 3286 Adhuc
1110 3234 1249 3287 enim
1278 3245 1392 3288 erat
1419 3237 1529 3303 ipsa
1560 3253 1694 3306 prae-

132 3322 342 3386 paratio,
397 3337 516 3390 qua:
571 3325 638 3375 ab
693 3323 820 3377 hora
852 3325 1026 3378 noctis
1059 3341 1195 3379 nona
1222 3337 1494 3397 coeperat,
1517 3329 1688 3384 donec

131 3415 270 3469 ﬁeret
290 3431 408 3484 qua:
433 3417 835 3484 praeparabatur
853 3418 1048 3472 Christi
1081 3419 1397 3490 immolatio,
1419 3437 1535 3489 quae
1557 3422 1693 3478 facta

129 3516 224 3570 est,
261 3509 392 3561 liora
426 3508 738 3574 (secundum
772 3509 1028 3578 Marcum)
1058 3510 1206 3564 tertia
1234 3551 1248 3575 ,
1282 3528 1386 3564 non
1428 3528 1695 3582 prepara-

132 3601 295 3663 tiOuis,
326 3601 420 3654 sed
441 3600 547 3654 diei
577 3619 591 3665 ;
621 3601 915 3669 eademque
944 3613 1101 3654 sexta
1134 3617 1238 3655 non
1271 3602 1393 3665 diei,
1428 3603 1522 3656 sed
1558 3619 1694 3670 prm-

133 3692 438 3758 parationis,
460 3707 558 3745 sex
593 3692 772 3760 utique
815 3691 961 3744 horis
1007 3709 1034 3743 a
1067 3694 1235 3745 noctis
1269 3707 1402 3745 nona
1433 3709 1597 3760 usque
1628 3694 1693 3746 ad

130 3782 227 3838 diei
261 3787 472 3836 tertiam
503 3784 847 3851 computatis.
876 3783 1072 3835 llarum
1108 3783 1334 3836 duarum
1366 3783 1690 3837 solutiunum

136 3874 276 3926 istius
303 3872 540 3926 difﬁcilis
569 3873 880 3940 quasstionis
907 3872 1066 3940 eligat
1090 3875 1318 3940 quisque
1341 3886 1496 3938 quam
1530 3875 1691 3927 volet.

133 3962 302 4017 Melius
329 3973 506 4016 autem
535 3961 659 4032 quid
700 3963 862 4031 eligat
889 3963 1144 4030 iudicabit
1164 4004 1178 4027 ,
1213 3962 1300 4031 qui
1329 3965 1396 4018 de
1427 3980 1692 4019 consensu

140 4054 608 4124 Evangelistarum,
644 4070 760 4124 qua:
789 4055 1168 4121 operosissime
1220 4056 1484 4122 disputata
1526 4065 1690 4122 sunt,

134 4146 332 4214 legerit.
367 4148 723 4216 Susceperunt
744 4159 911 4201 autem
941 4147 1139 4214 .lesum,
1169 4162 1214 4202 et
1245 4152 1522 4204 eduaerunt
1553 4169 1692 4215 eum;

135 4247 174 4289 et
200 4239 429 4308 bajulaus
450 4241 545 4292 sibi
568 4256 789 4304 crucem,
839 4242 957 4292 exiit
987 4243 1038 4292 in
1077 4257 1191 4293 eunt
1229 4242 1313 4309 qui
1364 4243 1549 4294 dicitur
1574 4241 1695 4294 (Ial-

131 4331 276 4382 t'arite
303 4333 490 4392 locum,
521 4328 776 4384 Hebraice
805 4329 1274 4401 autemt‘olgotho,
1320 4332 1401 4384 ubi
1433 4349 1544 4384 eum
1576 4349 1696 4385 cru-

136 4418 416 4484 eiﬁxerunt.
451 4419 561 4472 Ibat
591 4434 718 4488 ergo
741 4420 804 4471 ad
825 4421 994 4472 locum
1026 4421 1111 4472 tibi
1141 4430 1254 4474 erat
1283 4421 1691 4490 cruciligcndus,

1805 1954 2023 2014 propter
2052 1945 2325 1998 Romanos
2362 1946 2540 2000 multis
2570 1961 2632 2001 ac
2659 1958 2797 2015 pene
2829 1947 3078 2003 omnibus
3103 1949 3210 2016 jam
3247 1960 3371 2002 tunc

1800 2037 2044 2106 gentibus
2075 2038 2231 2105 impet
2245 2047 2416 2090 antes.

1872 2127 2118 2182 Dicebant
2151 2145 2270 2199 ergo
2316 2129 2491 2183 Pilato
2538 2130 2801 2200 pontiﬁces
2847 2128 3143 2184 Jutlteorum
3186 2145 3206 2184 :
3250 2129 3378 2185 Noli

1799 2221 2015 2276 scribere
2048 2237 2066 2275 :
2101 2221 2210 2275 Rea:
2255 2219 2581 2282 Judworum,
2615 2221 2703 2275 sed
2731 2221 2855 2290 quia
2883 2223 2992 2289 ipse
3033 2221 3160 2274 dicit
3199 2236 3218 2274 :
3268 2220 3380 2274 Rex

1799 2331 1910 2367 sunt
1956 2312 2281 2367 Judworum.
2342 2313 2623 2381 Respondit
2677 2311 2880 2366 Pilatus
2923 2329 2940 2366 :
2976 2311 3124 2378 Quod
3173 2315 3374 2381 scripsi,

1800 2404 2001 2473 scripsi.
2029 2405 2071 2457 υ
2096 2403 2422 2458 inelfabilem
2467 2406 2572 2456 vim
2603 2405 2799 2457 divinae
2828 2405 3173 2472 operationis,
3217 2403 3375 2458 etiam

1803 2497 1855 2549 in
1878 2495 2128 2549 cordibus
2158 2495 2544 2563 ignorantium!
2571 2495 2757 2550 Nonne
2781 2495 2986 2550 occulta
3009 2511 3109 2549 vox
3132 2495 3376 2564 quantum

1801 2586 1970 2640 Pilato
2000 2587 2140 2641 intus
2170 2588 2424 2654 quodam,
2457 2588 2501 2640 si
2535 2586 2636 2641 dici
2669 2597 2862 2655 potest,
2902 2588 3139 2643 clamoso
3165 2589 3376 2646 silentio

1801 2679 2118 2748 personabat
2151 2678 2297 2748 quod
2346 2689 2493 2732 tanto
2525 2689 2646 2734 ante
2699 2681 2752 2733 in
2797 2680 3132 2734 Psalmorum
3186 2682 3378 2736 litteris

1799 2773 2171 2840 prophetatum
2196 2779 2277 2824 est
2303 2788 2314 2822 :
2336 2769 2418 2823 Nc
2459 2787 2755 2840 corrumpas
2789 2773 2923 2824 tituli
2955 2772 3335 2840 inscriptionem
3351 2778 3376 2824 ."

1801 2861 1941 2917 Ecce
2000 2863 2133 2916 tituli
2188 2862 2585 2930 inser-iptionetn
2665 2878 2771 2917 non
2849 2858 3162 2934 corrumpit.
3219 2864 3370 2931 Quod

1798 2951 2029 3019 scripsit,
2065 2951 2311 3020 scripsit;
2363 2952 2454 3006 sed
2488 2953 2644 3020 etiam
2677 2954 2956 3022 pontiﬁces
3003 2956 3090 3024 qui
3127 2955 3228 3009 hoc
3255 2972 3375 3010 cor-

1796 3044 1970 3114 rumpi
1995 3045 2260 3110 volebant,
2286 3047 2370 3112 qui
2395 3044 2643 3100 dicebant
2666 3063 2677 3098 :
2708 3045 2830 3100 Noli
2849 3047 3083 3113 scribere,
3109 3048 3371 3116 inquiunt,

1798 3135 1911 3189 Rex
1937 3135 2263 3201 Judworum,
2306 3136 2394 3188 sed
2417 3137 2538 3206 quia
2562 3137 2670 3205 ipse
2701 3137 2856 3202 dixit,
2890 3138 3001 3191 Rea:
3026 3155 3136 3191 sum
3164 3138 3375 3194 Iudaeo-

1797 3245 1935 3281 rum.
1967 3227 2103 3294 Quid
2125 3226 2425 3295 loquimini,
2456 3227 2662 3280 insani?
2684 3227 2818 3294 Quid
2844 3229 2963 3283 ﬁeri
2991 3231 3374 3294 contradicitis.

1795 3319 1934 3390 quod
1980 3330 2187 3373 mutare
2227 3317 2373 3371 nullo
2425 3327 2624 3386 puncto
2657 3319 2916 3386 potestis?
2948 3319 3194 3390 Nunquid
3233 3323 3372 3376 enim

1796 3422 2074 3480 propterea
2126 3426 2229 3465 non
2261 3413 2363 3463 erit
2405 3423 2585 3463 verum
2630 3409 2751 3478 quia
2792 3409 2947 3465 Jesus
2981 3417 3088 3464 ait:
3123 3411 3230 3466 Rea:
3254 3430 3366 3467 sum

1794 3503 2136 3558 Judworum?
2182 3505 2235 3559 Si
2285 3504 2555 3572 corrumpi
2606 3519 2711 3558 non
2761 3515 2937 3572 potest
2983 3508 3124 3576 quod
3175 3507 3376 3560 Pilatus

1795 3595 2025 3662 scripsit,
2065 3594 2338 3662 corrumpi
2395 3602 2572 3664 potest
2619 3594 2761 3663 quod
2812 3594 3019 3650 Veritas
3066 3596 3242 3652 dixit?
3270 3597 3376 3654 Sed

1794 3686 2103 3741 Judaeorum
2138 3695 2343 3739 tantum
2375 3701 2464 3739 rex
2493 3683 2738 3740 Christus
2777 3697 2882 3752 est,
2909 3704 2975 3742 an
3018 3697 3070 3742 ct
3099 3691 3379 3758 gentium?

1797 3781 1910 3834 lino
1958 3789 2012 3834 et
2054 3789 2314 3848 gentium.
2366 3779 2499 3832 Cum
2552 3779 2692 3832 enim
2738 3780 2961 3834 dixisset
2993 3783 3043 3834 in
3076 3782 3378 3850 prOphctia,

1796 3870 1908 3942 Ego
1957 3883 2124 3924 autent
2174 3871 2480 3925 constitutus
2521 3887 2635 3923 sum
2683 3870 2794 3925 Rea:
2823 3872 2887 3924 ab
2927 3889 2983 3927 eo
3025 3891 3179 3943 super
3225 3874 3376 3937 Sion.

1795 3975 2012 4018 montem
2059 3973 2288 4016 sanctum
2329 3967 2463 4034 ejus,
2509 3965 2794 4032 pt'wdicnns
2820 3974 3129 4033 pt'teceptum
3170 3963 3377 4018 Domini

1797 4053 1968 4126 (Psal.
1999 4057 2078 4124 ιι),
2113 4070 2180 4110 ne
2209 4065 2428 4125 propter
2452 4066 2686 4108 montem
2712 4056 2841 4111 Sion
2873 4057 3002 4110 solis
3028 4057 3227 4111 ludatis
3253 4073 3374 4112 eum

1798 4166 1977 4218 regem
2045 4149 2320 4218 quisquam
2392 4148 2596 4202 diceret
2662 4150 3051 4213 constitutum,
3121 4152 3378 4204 continuo

1795 4242 2063 4310 subjecit:
2094 4240 2351 4293 Dominus
2391 4240 2522 4292 dixit
2563 4244 2629 4292 od
2674 4256 2750 4293 nte
2773 4256 2793 4294 .'
2827 4238 2998 4295 Filius
3041 4258 3179 4295 meus
3218 4259 3271 4296 es
3302 4256 3375 4296 tu.

1800 4334 1914 4404 ligo
1939 4334 2094 4386 hodie
2121 4332 2274 4402 genui
2316 4343 2379 4384 te.
2422 4329 2640 4384 Postulo
2670 4348 2700 4384 a
2730 4349 2826 4398 me,
2859 4344 2905 4386 et
2931 4335 3061 4387 dabo
3091 4335 3179 4386 tibi
3207 4349 3378 4405 gentes

1795 4427 2146 4491 [nereditatem
2197 4436 2374 4488 tuam,
2433 4434 2479 4477 et
2527 4425 2893 4492 possessionem
2942 4438 3079 4478 tuam
3133 4429 3375 4482 terminos

139 4521 342 4574 portans
381 4525 591 4565 crucem
626 4525 774 4564 suam
805 4510 978 4566 Jesus.
1014 4511 1224 4566 Grande
1278 4517 1639 4580 spectaculum
1669 4532 1682 4578 ;
1727 4553 1773 4613 ο
1800 4525 1946 4568 terra:
1979 4512 2197 4582 (υἱώ).
2227 4513 2377 4568 Unde
2403 4523 2455 4567 et
2499 4514 2612 4581 ipse
2637 4514 2747 4580 jam
2776 4529 2870 4582 per
2898 4531 2961 4568 os
2993 4517 3264 4583 preprium
3297 4517 3374 4570 lo-

138 4601 224 4653 sed
252 4602 295 4653 si
325 4613 527 4670 Spectet
557 4605 823 4670 impietas,
854 4605 1053 4673 grande
1083 4604 1388 4659 ludibrium.
1413 4606 1468 4659 Si
1503 4607 1691 4674 pietas,

137 4697 323 4762 grande
373 4699 723 4766 mysterium;
779 4700 823 4753 si
879 4709 1083 4766 spectet
1139 4700 1425 4768 impietas,
1495 4702 1696 4768 grande

139 4787 424 4855 ignominitc
477 4791 890 4856 documentum;
945 4793 989 4844 si
1048 4792 1261 4859 pietas,
1318 4793 1516 4860 grande
1573 4790 1694 4846 ﬁdei

142 4893 546 4936 tuonumentum.
602 4881 658 4935 Si
705 4892 905 4948 Spectet
955 4882 1231 4950 impietas,
1280 4885 1418 4935 ridet
1468 4898 1644 4949 regem
1676 4922 1691 4949 ,

148 4988 232 5037 pro
272 4973 408 5043 virga
467 4975 654 5042 regni,
703 4975 899 5043 lignum
946 4979 1023 5028 sui
1078 4987 1288 5044 portare
1339 4977 1599 5045 supplicii.
1635 4977 1689 5032 Si

144 5067 331 5131 pietas,
364 5068 500 5121 videt
549 5081 728 5135 regem
779 5067 1098 5135 bajulantcm
1148 5069 1344 5137 lignum
1376 5070 1440 5122 ad
1491 5074 1690 5122 semet-

141 5156 297 5222 ipsum
353 5158 611 5227 iigendutn
645 5200 658 5222 ,
733 5161 872 5227 quod
944 5162 1144 5214 ﬁxurus
1201 5162 1370 5214 luerat
1422 5161 1581 5215 etiam
1639 5163 1689 5215 iit

140 5243 383 5303 frontibus
426 5251 652 5319 regum;
697 5251 750 5303 in
800 5265 867 5304 eo
918 5252 1249 5318 spernendus
1288 5251 1457 5304 oculis
1503 5252 1692 5319 impio-

143 5354 280 5400 rum,
336 5340 384 5392 in
440 5356 544 5409 quo
599 5349 755 5393 erant
808 5342 1093 5410 gloriatura
1149 5342 1312 5395 corda
1359 5352 1686 5396 sanctorum.

144 5426 344 5483 llicturo
371 5436 504 5485 enim
549 5431 713 5485 Paulo
766 5449 780 5485 :
831 5431 962 5483 Mihi
1001 5434 1132 5484 enim
1163 5435 1291 5485 absit
1338 5434 1548 5502 gloriari
1594 5434 1691 5486 nisi

141 5521 188 5572 in
235 5537 376 5576 crure
424 5525 628 5577 Domini
682 5527 842 5578 nostri
893 5525 1017 5580 Jesu
1071 5525 1259 5581 Christi
1312 5527 1518 5600 (Colat.
1580 5533 1686 5596 t1),

143 5612 292 5678 ipsam
337 5629 541 5670 crucem
582 5632 680 5670 suo
719 5630 934 5686 gestans
983 5619 1205 5673 humero
1251 5623 1684 5684 commendabat;

143 5713 192 5756 et
235 5706 446 5761 lucerna:
492 5725 716 5774 arsurae,
765 5727 884 5777 qua:
929 5713 1028 5764 sub
1074 5711 1248 5764 modio
1307 5711 1544 5780 ponenda
1580 5727 1683 5767 nou

145 5809 264 5867 crat,
292 5802 660 5858 candelabrum
711 5806 928 5860 let'ebat.
980 5804 1230 5872 Bujulaus
1276 5823 1402 5878 ergo
1432 5807 1527 5862 sibi
1567 5824 1686 5864 cru-

1799 4620 1966 4674 quens
1995 4605 2134 4674 apud
2163 4605 2376 4659 Judaeos
2408 4622 2421 4656 :
2459 4603 2666 4671 Habeo,
2700 4607 2886 4673 inquit,
2923 4608 3051 4660 alius
3095 4625 3229 4674 ores,
3259 4626 3374 4678 qua:

1798 4714 1897 4750 non
1917 4707 2032 4750 sunt
2065 4713 2128 4749 ea:
2165 4696 2257 4749 hoc
2287 4697 2443 4759 ovili;
2488 4706 2682 4766 oportet
2729 4713 2805 4750 me
2836 4707 2882 4749 ct
2914 4699 3048 4768 ipsas
3094 4702 3369 4762 adducere,

1795 4800 1838 4842 et
1870 4805 2034 4842 vocent
2091 4805 2252 4841 meam
2300 4787 2549 4849 audient;
2599 4797 2643 4840 et
2692 4788 2783 4839 erit
2817 4803 2946 4839 unus
2973 4803 3117 4856 grex,
3149 4799 3195 4841 et
3243 4807 3371 4842 unus

1795 4893 1968 4951 pastor
1989 4881 2167 4950 (Joan.
2198 4882 2279 4948 χ).
2310 4879 2416 4944 Cur
2449 4892 2576 4947 ergo
2603 4893 2852 4945 maguum
2881 4881 3123 4931 volumus
3150 4880 3368 4949 intellgt

1797 4977 1848 5028 in
1897 4978 1998 5028 hoc
2049 4974 2201 5028 titulo
2251 4981 2674 5033 sacramentum,
2708 4971 2757 5022 in
2811 4986 2917 5038 quo
2962 4973 3220 5036 scriptum
3254 4986 3370 5026 erat

1795 5069 1908 5124 Rea:
1952 5057 2278 5129 Judwo‘rum,
2333 5066 2378 5119 si
2431 5065 2538 5118 lict
2590 5073 2671 5116 est
2716 5061 2956 5115 Christus
2996 5072 3050 5117 et
3084 5065 3372 5131 gentium?

1793 5164 1938 5231 quia,
1980 5162 2207 5223 scilicet,
2240 5158 2468 5212 oleaster
2514 5155 2682 5208 lactus
2729 5165 2809 5208 est
2860 5153 3121 5222 particeps
3153 5157 3368 5224 pingue-

1791 5255 1933 5308 dinis
1970 5255 2104 5308 olea:
2136 5252 2312 5320 (Rom.
2345 5254 2441 5318 xi).
2477 5248 2605 5301 Nam
2655 5249 2767 5300 olea
2812 5249 3077 5315 particeps
3121 5248 3258 5301 facta
3287 5261 3372 5303 est

1792 5345 2161 5398 amaritudinis
2190 5340 2425 5396 oleastri.
2462 5339 2591 5392 Nam
2626 5338 2677 5391 in
2709 5353 2774 5391 eo
2820 5339 2906 5405 qui
2937 5339 3004 5392 de
3030 5339 3245 5392 Christo
3275 5355 3368 5393 ve-

1791 5438 1984 5492 raciter
2015 5437 2247 5503 scriptus
2272 5444 2354 5486 est
2386 5433 2601 5485 titulus:
2626 5430 2735 5482 lica:
2764 5429 3089 5493 Judteorum,
3124 5432 3213 5498 qui
3244 5441 3370 5486 sunt

1790 5531 2123 5601 intelligendi
2151 5530 2343 5596 Judmi,
2373 5529 2475 5582 nisi
2508 5529 2741 5582 Abrahae
2769 5543 2976 5593 semen,
3011 5528 3098 5580 lilii
3132 5531 3364 5596 pruinis-

1789 5627 1976 5688 sionis,
2009 5625 2097 5693 qui
2128 5635 2251 5677 sunt
2280 5623 2441 5677 etiam
2475 5623 2564 5675 lilii
2595 5623 2708 5688 Dei,
2740 5624 2988 5688 quoniam
3016 5639 3119 5676 non
3152 5621 3241 5690 qui
3273 5622 3364 5673 lilii

1792 5717 2109 5786 promission
2122 5730 2179 5779 .s,
2198 5716 2522 5782 deputantur
2539 5715 2590 5767 in
2611 5713 2835 5781 semine(
2849 5715 3099 5782 Ronan);
3116 5725 3165 5768 et
3179 5724 3364 5782 gentes

1789 5821 1962 5875 erant,
1981 5810 2168 5879 quibus
2190 5807 2398 5863 diccbat
2418 5823 2432 5862 :
2454 5805 2515 5862 Si
2536 5820 2703 5862 autem
2723 5823 2807 5862 nos
2825 5805 3033 5869 Christi,
3053 5823 3172 5875 ergo
3195 5821 3361 5859 semen
