  <div class='ocr_page' id='page_1' title='image "/cluster/home/n/w/nwhite01/storage/ocr_20150623/92-93/uva.x000827076/463.png"; bbox 0 0 3884 6232; ppageno 0'>
   <div class='ocr_carea' id='block_1_1' title="bbox 468 320 566 372">
    <p class='ocr_par' dir='ltr' id='par_1_1' title="bbox 468 320 566 372">
     <span class='ocr_line' id='line_1_1' title="bbox 468 320 566 372; baseline 0.01 -1"><span class='ocrx_word' id='word_1_1' title='bbox 468 320 566 372; x_wconf 73' lang='lat' dir='ltr'><strong>9H</strong></span> 
     </span>
    </p>
   </div>
   <div class='ocr_carea' id='block_1_2' title="bbox 903 306 3297 369">
    <p class='ocr_par' dir='ltr' id='par_1_2' title="bbox 903 306 3297 369">
     <span class='ocr_line' id='line_1_2' title="bbox 903 306 3297 369; baseline -0.002 0"><span class='ocrx_word' id='word_1_2' title='bbox 903 312 1103 369; x_wconf 67' lang='lat' dir='ltr'><strong>BEDE</strong></span> <span class='ocrx_word' id='word_1_3' title='bbox 1148 309 1598 366; x_wconf 71' lang='lat' dir='ltr'><strong>VENERABILIS</strong></span> <span class='ocrx_word' id='word_1_4' title='bbox 1637 310 1783 364; x_wconf 79' lang='lat' dir='ltr'><strong>OPP.</strong></span> <span class='ocrx_word' id='word_1_5' title='bbox 1831 306 2087 364; x_wconf 79' lang='lat' dir='ltr'><strong>PARSII.</strong></span> <span class='ocrx_word' id='word_1_6' title='bbox 2129 307 2317 364; x_wconf 83' lang='lat' dir='ltr'><strong>SECT.</strong></span> <span class='ocrx_word' id='word_1_7' title='bbox 2363 309 2402 362; x_wconf 91' lang='grc' dir='ltr'><strong>Ι.</strong></span> <span class='ocrx_word' id='word_1_8' title='bbox 2444 338 2510 350; x_wconf 86' lang='grc'><strong>-</strong></span> <span class='ocrx_word' id='word_1_9' title='bbox 2548 307 2931 367; x_wconf 81' lang='lat' dir='ltr'><strong>EXEGETICA</strong></span> <span class='ocrx_word' id='word_1_10' title='bbox 2972 308 3297 367; x_wconf 80' lang='lat' dir='ltr'><strong>GENUINA.</strong></span> 
     </span>
    </p>
   </div>
   <div class='ocr_carea' id='block_1_3' title="bbox 3598 316 3687 370">
    <p class='ocr_par' dir='ltr' id='par_1_3' title="bbox 3598 316 3687 370">
     <span class='ocr_line' id='line_1_3' title="bbox 3598 316 3687 370; baseline -0.011 0"><span class='ocrx_word' id='word_1_11' title='bbox 3598 316 3687 370; x_wconf 70' lang='grc'><strong>912</strong></span> 
     </span>
    </p>
   </div>
   <div class='ocr_carea' id='block_1_4' title="bbox 475 419 3690 491">
    <p class='ocr_par' dir='ltr' id='par_1_4' title="bbox 475 419 3690 491">
     <span class='ocr_line' id='line_1_4' title="bbox 475 419 3690 491; baseline -0.003 -6"><span class='ocrx_word' id='word_1_12' title='bbox 475 428 691 485; x_wconf 72' lang='lat' dir='ltr'><strong>Abraha</strong></span> <span class='ocrx_word' id='word_1_13' title='bbox 739 429 874 491; x_wconf 89' lang='lat' dir='ltr'><strong>estis,</strong></span> <span class='ocrx_word' id='word_1_14' title='bbox 905 425 1183 478; x_wconf 78' lang='lat' dir='ltr'><strong>secundum</strong></span> <span class='ocrx_word' id='word_1_15' title='bbox 1233 424 1613 489; x_wconf 67' lang='lat' dir='ltr'><strong>promissionem</strong></span> <span class='ocrx_word' id='word_1_16' title='bbox 1653 422 1875 477; x_wconf 75' lang='lat' dir='ltr'><strong>lueredes</strong></span> <span class='ocrx_word' id='word_1_17' title='bbox 1915 419 2039 489; x_wconf 84' lang='lat' dir='ltr'><strong>(Ga-</strong></span> <span class='ocrx_word' id='word_1_18' title='bbox 2072 426 2114 478; x_wconf 78' lang='grc' dir='ltr'><strong>Α</strong></span> <span class='ocrx_word' id='word_1_19' title='bbox 2147 420 2343 473; x_wconf 81' lang='lat' dir='ltr'><strong>nullius</strong></span> <span class='ocrx_word' id='word_1_20' title='bbox 2392 428 2709 475; x_wconf 65' lang='lat' dir='ltr'><strong>ceterorum</strong></span> <span class='ocrx_word' id='word_1_21' title='bbox 2766 421 2926 477; x_wconf 84' lang='lat' dir='ltr'><strong>verba</strong></span> <span class='ocrx_word' id='word_1_22' title='bbox 2983 421 3274 476; x_wconf 72' lang='lat' dir='ltr'><strong>narrationi</strong></span> <span class='ocrx_word' id='word_1_23' title='bbox 3332 421 3551 477; x_wconf 79' lang='lat' dir='ltr'><strong>Joannis</strong></span> <span class='ocrx_word' id='word_1_24' title='bbox 3586 439 3690 481; x_wconf 76' lang='lat' dir='ltr'><strong>esse</strong></span> 
     </span>
    </p>
   </div>
   <div class='ocr_carea' id='block_1_5' title="bbox 456 511 2041 589">
    <p class='ocr_par' dir='ltr' id='par_1_5' title="bbox 456 511 2041 589">
     <span class='ocr_line' id='line_1_5' title="bbox 456 511 2041 589; baseline -0.005 -16"><span class='ocrx_word' id='word_1_25' title='bbox 456 523 567 574; x_wconf 50' lang='lat' dir='ltr'><strong>.lat.</strong></span> <span class='ocrx_word' id='word_1_26' title='bbox 602 520 706 589; x_wconf 80' lang='lat' dir='ltr'><strong>ut).</strong></span> <span class='ocrx_word' id='word_1_27' title='bbox 759 520 864 572; x_wconf 79' lang='lat' dir='ltr'><strong>fles</strong></span> <span class='ocrx_word' id='word_1_28' title='bbox 894 531 1022 585; x_wconf 87' lang='lat' dir='ltr'><strong>ergo</strong></span> <span class='ocrx_word' id='word_1_29' title='bbox 1071 515 1378 571; x_wconf 68' lang='lat' dir='ltr'><strong>Judaiorum</strong></span> <span class='ocrx_word' id='word_1_30' title='bbox 1410 514 1674 579; x_wconf 73' lang='lat' dir='ltr'><strong>Christus,</strong></span> <span class='ocrx_word' id='word_1_31' title='bbox 1705 512 1799 568; x_wconf 90' lang='lat' dir='ltr'><strong>sed</strong></span> <span class='ocrx_word' id='word_1_32' title='bbox 1827 511 2041 568; x_wconf 74' lang='lat' dir='ltr'><strong>Judmo-</strong></span> 
     </span>
    </p>
   </div>
   <div class='ocr_carea' id='block_1_6' title="bbox 473 605 2040 676">
    <p class='ocr_par' dir='ltr' id='par_1_6' title="bbox 473 605 2040 676">
     <span class='ocr_line' id='line_1_6' title="bbox 473 605 2040 676; baseline -0.003 -11"><span class='ocrx_word' id='word_1_33' title='bbox 473 628 589 665; x_wconf 89' lang='lat' dir='ltr'><strong>rum</strong></span> <span class='ocrx_word' id='word_1_34' title='bbox 618 608 1021 666; x_wconf 84' lang='lat' dir='ltr'><strong>circumcisione</strong></span> <span class='ocrx_word' id='word_1_35' title='bbox 1046 607 1221 662; x_wconf 83' lang='lat' dir='ltr'><strong>cordis</strong></span> <span class='ocrx_word' id='word_1_36' title='bbox 1246 623 1259 671; x_wconf 93' lang='lat'>;</span> <span class='ocrx_word' id='word_1_37' title='bbox 1294 605 1503 676; x_wconf 90' lang='lat' dir='ltr'><strong>spiritu,</strong></span> <span class='ocrx_word' id='word_1_38' title='bbox 1533 622 1634 660; x_wconf 93' lang='lat' dir='ltr'><strong>non</strong></span> <span class='ocrx_word' id='word_1_39' title='bbox 1667 606 1837 661; x_wconf 89' lang='lat' dir='ltr'><strong>littera</strong></span> <span class='ocrx_word' id='word_1_40' title='bbox 1866 623 1880 671; x_wconf 85' lang='lat'>;</span> <span class='ocrx_word' id='word_1_41' title='bbox 1908 619 2040 674; x_wconf 89' lang='lat' dir='ltr'><strong>quo-</strong></span> 
     </span>
    </p>
   </div>
   <div class='ocr_carea' id='block_1_7' title="bbox 474 697 2039 766">
    <p class='ocr_par' dir='ltr' id='par_1_7' title="bbox 474 697 2039 766">
     <span class='ocr_line' id='line_1_7' title="bbox 474 697 2039 766; baseline -0.004 -9"><span class='ocrx_word' id='word_1_42' title='bbox 474 718 590 757; x_wconf 83' lang='lat' dir='ltr'><strong>rum</strong></span> <span class='ocrx_word' id='word_1_43' title='bbox 635 702 749 755; x_wconf 87' lang='lat' dir='ltr'><strong>laus</strong></span> <span class='ocrx_word' id='word_1_44' title='bbox 796 714 899 755; x_wconf 89' lang='lat' dir='ltr'><strong>non</strong></span> <span class='ocrx_word' id='word_1_45' title='bbox 927 714 989 754; x_wconf 82' lang='lat' dir='ltr'><strong>es</strong></span> <span class='ocrx_word' id='word_1_46' title='bbox 1027 698 1350 766; x_wconf 82' lang='lat' dir='ltr'><strong>hominibus,</strong></span> <span class='ocrx_word' id='word_1_47' title='bbox 1384 699 1476 753; x_wconf 82' lang='lat' dir='ltr'><strong>sed</strong></span> <span class='ocrx_word' id='word_1_48' title='bbox 1509 713 1571 753; x_wconf 83' lang='lat' dir='ltr'><strong>ex</strong></span> <span class='ocrx_word' id='word_1_49' title='bbox 1605 698 1714 751; x_wconf 80' lang='lat' dir='ltr'><strong>De‘o</strong></span> <span class='ocrx_word' id='word_1_50' title='bbox 1743 708 1845 762; x_wconf 88' lang='lat' dir='ltr'><strong>est,</strong></span> <span class='ocrx_word' id='word_1_51' title='bbox 1876 697 2039 763; x_wconf 88' lang='lat' dir='ltr'><strong>perti-</strong></span> 
     </span>
    </p>
   </div>
   <div class='ocr_carea' id='block_1_8' title="bbox 477 789 2038 854">
    <p class='ocr_par' dir='ltr' id='par_1_8' title="bbox 477 789 2038 854">
     <span class='ocr_line' id='line_1_8' title="bbox 477 789 2038 854; baseline -0.005 -7"><span class='ocrx_word' id='word_1_52' title='bbox 477 794 715 849; x_wconf 90' lang='lat' dir='ltr'><strong>nentium</strong></span> <span class='ocrx_word' id='word_1_53' title='bbox 764 792 830 847; x_wconf 84' lang='lat' dir='ltr'><strong>ad</strong></span> <span class='ocrx_word' id='word_1_54' title='bbox 878 790 1170 845; x_wconf 83' lang='lat' dir='ltr'><strong>Jerusalem</strong></span> <span class='ocrx_word' id='word_1_55' title='bbox 1226 789 1466 853; x_wconf 83' lang='lat' dir='ltr'><strong>liberam,</strong></span> <span class='ocrx_word' id='word_1_56' title='bbox 1502 800 1725 842; x_wconf 84' lang='lat' dir='ltr'><strong>matrem</strong></span> <span class='ocrx_word' id='word_1_57' title='bbox 1782 796 2038 854; x_wconf 88' lang='lat' dir='ltr'><strong>nostram,</strong></span> 
     </span>
    </p>
   </div>
   <div class='ocr_carea' id='block_1_9' title="bbox 479 879 2045 948">
    <p class='ocr_par' dir='ltr' id='par_1_9' title="bbox 479 879 2045 948">
     <span class='ocr_line' id='line_1_9' title="bbox 479 879 2045 948; baseline -0.004 -11"><span class='ocrx_word' id='word_1_58' title='bbox 479 896 731 939; x_wconf 71' lang='lat' dir='ltr'><strong>asternam</strong></span> <span class='ocrx_word' id='word_1_59' title='bbox 780 885 833 938; x_wconf 90' lang='lat' dir='ltr'><strong>in</strong></span> <span class='ocrx_word' id='word_1_60' title='bbox 862 882 1032 948; x_wconf 80' lang='lat' dir='ltr'><strong>etelis,</strong></span> <span class='ocrx_word' id='word_1_61' title='bbox 1068 883 1251 937; x_wconf 88' lang='lat' dir='ltr'><strong>Saram</strong></span> <span class='ocrx_word' id='word_1_62' title='bbox 1302 880 1633 948; x_wconf 87' lang='lat' dir='ltr'><strong>spiritualem</strong></span> <span class='ocrx_word' id='word_1_63' title='bbox 1690 879 1957 940; x_wconf 88' lang='lat' dir='ltr'><strong>ancillam.</strong></span> <span class='ocrx_word' id='word_1_64' title='bbox 1989 886 2045 933; x_wconf 85' lang='lat' dir='ltr'><strong>et</strong></span> 
     </span>
    </p>
   </div>
   <div class='ocr_carea' id='block_1_10' title="bbox 479 960 2039 1046">
    <p class='ocr_par' dir='ltr' id='par_1_10' title="bbox 479 960 2039 1046">
     <span class='ocr_line' id='line_1_10' title="bbox 479 960 2039 1046; baseline -0.003 -17"><span class='ocrx_word' id='word_1_65' title='bbox 479 960 616 1030; x_wconf 87' lang='lat' dir='ltr'><strong>Iilios</strong></span> <span class='ocrx_word' id='word_1_66' title='bbox 643 977 757 1046; x_wconf 88' lang='lat' dir='ltr'><strong>ejus</strong></span> <span class='ocrx_word' id='word_1_67' title='bbox 800 977 866 1030; x_wconf 90' lang='lat' dir='ltr'><strong>de</strong></span> <span class='ocrx_word' id='word_1_68' title='bbox 895 976 1057 1028; x_wconf 90' lang='lat' dir='ltr'><strong>domo</strong></span> <span class='ocrx_word' id='word_1_69' title='bbox 1098 973 1358 1027; x_wconf 76' lang='lat' dir='ltr'><strong>libertatis</strong></span> <span class='ocrx_word' id='word_1_70' title='bbox 1388 972 1687 1042; x_wconf 88' lang='lat' dir='ltr'><strong>ejicientem</strong></span> <span class='ocrx_word' id='word_1_71' title='bbox 1722 971 1910 1042; x_wconf 87' lang='lat' dir='ltr'><strong>(Rom.</strong></span> <span class='ocrx_word' id='word_1_72' title='bbox 1944 971 2039 1038; x_wconf 90' lang='grc' dir='ltr'>ιι).</span> 
     </span>
    </p>
   </div>
   <div class='ocr_carea' id='block_1_11' title="bbox 481 1061 2043 1137">
    <p class='ocr_par' dir='ltr' id='par_1_11' title="bbox 481 1061 2043 1137">
     <span class='ocr_line' id='line_1_11' title="bbox 481 1061 2043 1137; baseline -0.001 -18"><span class='ocrx_word' id='word_1_73' title='bbox 481 1069 604 1122; x_wconf 84' lang='lat' dir='ltr'><strong>Ideo</strong></span> <span class='ocrx_word' id='word_1_74' title='bbox 632 1070 771 1123; x_wconf 86' lang='lat' dir='ltr'><strong>enim</strong></span> <span class='ocrx_word' id='word_1_75' title='bbox 797 1067 995 1123; x_wconf 79' lang='lat' dir='ltr'><strong>Pilatus</strong></span> <span class='ocrx_word' id='word_1_76' title='bbox 1015 1067 1155 1137; x_wconf 85' lang='lat' dir='ltr'><strong>quod</strong></span> <span class='ocrx_word' id='word_1_77' title='bbox 1188 1064 1420 1135; x_wconf 87' lang='lat' dir='ltr'><strong>scripsit,</strong></span> <span class='ocrx_word' id='word_1_78' title='bbox 1455 1065 1687 1134; x_wconf 88' lang='lat' dir='ltr'><strong>scripsit,</strong></span> <span class='ocrx_word' id='word_1_79' title='bbox 1714 1066 1835 1133; x_wconf 85' lang='lat' dir='ltr'><strong>quia</strong></span> <span class='ocrx_word' id='word_1_80' title='bbox 1867 1061 2043 1118; x_wconf 89' lang='lat' dir='ltr'><strong>Domi-</strong></span> 
     </span>
    </p>
   </div>
   <div class='ocr_carea' id='block_1_12' title="bbox 480 1156 1117 1227">
    <p class='ocr_par' dir='ltr' id='par_1_12' title="bbox 480 1156 1117 1227">
     <span class='ocr_line' id='line_1_12' title="bbox 480 1156 1117 1227; baseline 0 -16"><span class='ocrx_word' id='word_1_81' title='bbox 480 1174 577 1211; x_wconf 88' lang='lat' dir='ltr'><strong>nus</strong></span> <span class='ocrx_word' id='word_1_82' title='bbox 608 1158 743 1227; x_wconf 91' lang='lat' dir='ltr'><strong>quod</strong></span> <span class='ocrx_word' id='word_1_83' title='bbox 784 1157 935 1221; x_wconf 77' lang='lat' dir='ltr'><strong>dixit,</strong></span> <span class='ocrx_word' id='word_1_84' title='bbox 965 1156 1117 1211; x_wconf 80' lang='lat' dir='ltr'><strong>dixit.</strong></span> 
     </span>
    </p>
   </div>
   <div class='ocr_carea' id='block_1_13' title="bbox 507 1246 2044 1317">
    <p class='ocr_par' dir='ltr' id='par_1_13' title="bbox 507 1246 2044 1317">
     <span class='ocr_line' id='line_1_13' title="bbox 507 1246 2044 1317; baseline -0.003 -15"><span class='ocrx_word' id='word_1_85' title='bbox 507 1298 509 1302; x_wconf 36' lang='grc' dir='ltr'><strong><em>λ</em></strong></span> <span class='ocrx_word' id='word_1_86' title='bbox 552 1248 743 1303; x_wconf 72' lang='lat' dir='ltr'><strong>Milites</strong></span> <span class='ocrx_word' id='word_1_87' title='bbox 788 1264 904 1317; x_wconf 85' lang='lat' dir='ltr'><strong>ergo</strong></span> <span class='ocrx_word' id='word_1_88' title='bbox 951 1259 1065 1301; x_wconf 87' lang='lat' dir='ltr'><strong>cum</strong></span> <span class='ocrx_word' id='word_1_89' title='bbox 1111 1246 1483 1314; x_wconf 71' lang='lat' dir='ltr'><strong>cruciﬁxissent</strong></span> <span class='ocrx_word' id='word_1_90' title='bbox 1540 1262 1688 1311; x_wconf 87' lang='lat' dir='ltr'><strong>eum,</strong></span> <span class='ocrx_word' id='word_1_91' title='bbox 1744 1252 2044 1313; x_wconf 86' lang='lat' dir='ltr'><strong>acceperunt</strong></span> 
     </span>
    </p>
   </div>
   <div class='ocr_carea' id='block_1_14' title="bbox 480 1335 2045 1410">
    <p class='ocr_par' dir='ltr' id='par_1_14' title="bbox 480 1335 2045 1410">
     <span class='ocr_line' id='line_1_14' title="bbox 480 1335 2045 1410; baseline -0.003 -19"><span class='ocrx_word' id='word_1_92' title='bbox 480 1341 770 1393; x_wconf 77' lang='lat' dir='ltr'><strong>uestimenta</strong></span> <span class='ocrx_word' id='word_1_93' title='bbox 812 1341 942 1410; x_wconf 83' lang='lat' dir='ltr'><strong>ejus,</strong></span> <span class='ocrx_word' id='word_1_94' title='bbox 971 1350 1017 1393; x_wconf 89' lang='lat' dir='ltr'><strong>et</strong></span> <span class='ocrx_word' id='word_1_95' title='bbox 1043 1342 1268 1407; x_wconf 75' lang='lat' dir='ltr'><strong>fecerunt</strong></span> <span class='ocrx_word' id='word_1_96' title='bbox 1294 1346 1511 1406; x_wconf 90' lang='lat' dir='ltr'><strong>quatuor</strong></span> <span class='ocrx_word' id='word_1_97' title='bbox 1550 1345 1741 1406; x_wconf 83' lang='lat' dir='ltr'><strong>partes,</strong></span> <span class='ocrx_word' id='word_1_98' title='bbox 1774 1335 2045 1404; x_wconf 81' lang='lat' dir='ltr'><strong>unicuique</strong></span> 
     </span>
    </p>
   </div>
   <div class='ocr_carea' id='block_1_15' title="bbox 480 1426 2042 1498">
    <p class='ocr_par' dir='ltr' id='par_1_15' title="bbox 480 1426 2042 1498">
     <span class='ocr_line' id='line_1_15' title="bbox 480 1426 2042 1498; baseline -0.004 -15"><span class='ocrx_word' id='word_1_99' title='bbox 480 1430 634 1483; x_wconf 80' lang='lat' dir='ltr'><strong>militi</strong></span> <span class='ocrx_word' id='word_1_100' title='bbox 667 1440 879 1498; x_wconf 87' lang='lat' dir='ltr'><strong>partem,</strong></span> <span class='ocrx_word' id='word_1_101' title='bbox 910 1442 956 1482; x_wconf 85' lang='lat' dir='ltr'><strong>et</strong></span> <span class='ocrx_word' id='word_1_102' title='bbox 988 1429 1234 1482; x_wconf 82' lang='lat' dir='ltr'><strong>tunicam.</strong></span> <span class='ocrx_word' id='word_1_103' title='bbox 1256 1426 1381 1480; x_wconf 83' lang='lat' dir='ltr'><strong>Erat</strong></span> <span class='ocrx_word' id='word_1_104' title='bbox 1411 1438 1579 1480; x_wconf 89' lang='lat' dir='ltr'><strong>autem</strong></span> <span class='ocrx_word' id='word_1_105' title='bbox 1601 1427 1773 1479; x_wconf 87' lang='lat' dir='ltr'><strong>tunica</strong></span> <span class='ocrx_word' id='word_1_106' title='bbox 1802 1426 2042 1478; x_wconf 85' lang='lat' dir='ltr'><strong>inconsu-</strong></span> 
     </span>
    </p>
   </div>
   <div class='ocr_carea' id='block_1_16' title="bbox 480 1516 2046 1596">
    <p class='ocr_par' dir='ltr' id='par_1_16' title="bbox 480 1516 2046 1596">
     <span class='ocr_line' id='line_1_16' title="bbox 480 1516 2046 1596; baseline -0.002 -24"><span class='ocrx_word' id='word_1_107' title='bbox 480 1520 607 1578; x_wconf 84' lang='lat' dir='ltr'><strong>tilis.</strong></span> <span class='ocrx_word' id='word_1_108' title='bbox 640 1521 849 1587; x_wconf 75' lang='lat' dir='ltr'><strong>desuper</strong></span> <span class='ocrx_word' id='word_1_109' title='bbox 880 1530 1113 1596; x_wconf 54' lang='lat' dir='ltr'><strong>contemta</strong></span> <span class='ocrx_word' id='word_1_110' title='bbox 1141 1536 1231 1589; x_wconf 88' lang='lat' dir='ltr'><strong>per</strong></span> <span class='ocrx_word' id='word_1_111' title='bbox 1265 1528 1440 1573; x_wconf 87' lang='lat' dir='ltr'><strong>totum.</strong></span> <span class='ocrx_word' id='word_1_112' title='bbox 1478 1517 1725 1571; x_wconf 77' lang='lat' dir='ltr'><strong>Dixerunt</strong></span> <span class='ocrx_word' id='word_1_113' title='bbox 1746 1532 1863 1587; x_wconf 84' lang='lat' dir='ltr'><strong>ergo</strong></span> <span class='ocrx_word' id='word_1_114' title='bbox 1889 1516 2046 1569; x_wconf 86' lang='lat' dir='ltr'><strong>adin-</strong></span> 
     </span>
    </p>
   </div>
   <div class='ocr_carea' id='block_1_17' title="bbox 480 1610 2047 1678">
    <p class='ocr_par' dir='ltr' id='par_1_17' title="bbox 480 1610 2047 1678">
     <span class='ocr_line' id='line_1_17' title="bbox 480 1610 2047 1678; baseline -0.002 -12"><span class='ocrx_word' id='word_1_115' title='bbox 480 1612 641 1667; x_wconf 66' lang='lat' dir='ltr'><strong>aicem&#39;</strong></span> <span class='ocrx_word' id='word_1_116' title='bbox 666 1628 683 1665; x_wconf 90' lang='lat'><strong><em>:</em></strong></span> <span class='ocrx_word' id='word_1_117' title='bbox 718 1612 837 1667; x_wconf 85' lang='lat' dir='ltr'><strong>Non</strong></span> <span class='ocrx_word' id='word_1_118' title='bbox 863 1615 1151 1668; x_wconf 86' lang='lat' dir='ltr'><strong>scindamus</strong></span> <span class='ocrx_word' id='word_1_119' title='bbox 1189 1629 1323 1678; x_wconf 89' lang='lat' dir='ltr'><strong>eam,</strong></span> <span class='ocrx_word' id='word_1_120' title='bbox 1354 1613 1442 1666; x_wconf 86' lang='lat' dir='ltr'><strong>sed</strong></span> <span class='ocrx_word' id='word_1_121' title='bbox 1468 1616 1745 1665; x_wconf 79' lang='lat' dir='ltr'><strong>sortiantur</strong></span> <span class='ocrx_word' id='word_1_122' title='bbox 1766 1612 1828 1664; x_wconf 86' lang='lat' dir='ltr'><strong>de</strong></span> <span class='ocrx_word' id='word_1_123' title='bbox 1848 1610 1940 1664; x_wconf 89' lang='lat' dir='ltr'><strong>illa</strong></span> <span class='ocrx_word' id='word_1_124' title='bbox 1961 1627 2047 1663; x_wconf 89' lang='lat' dir='ltr'><strong>cu-</strong></span> 
     </span>
    </p>
   </div>
   <div class='ocr_carea' id='block_1_18' title="bbox 475 1702 2045 1777">
    <p class='ocr_par' dir='ltr' id='par_1_18' title="bbox 475 1702 2045 1777">
     <span class='ocr_line' id='line_1_18' title="bbox 475 1702 2045 1777; baseline -0.003 -18"><span class='ocrx_word' id='word_1_125' title='bbox 475 1724 565 1777; x_wconf 68' lang='lat' dir='ltr'><strong>jus</strong></span> <span class='ocrx_word' id='word_1_126' title='bbox 596 1708 679 1768; x_wconf 85' lang='lat' dir='ltr'><strong>sit,</strong></span> <span class='ocrx_word' id='word_1_127' title='bbox 716 1718 767 1760; x_wconf 89' lang='lat' dir='ltr'><strong>ut</strong></span> <span class='ocrx_word' id='word_1_128' title='bbox 808 1707 1078 1775; x_wconf 81' lang='lat' dir='ltr'><strong>Scriptura</strong></span> <span class='ocrx_word' id='word_1_129' title='bbox 1119 1707 1413 1775; x_wconf 85' lang='lat' dir='ltr'><strong>impleretur</strong></span> <span class='ocrx_word' id='word_1_130' title='bbox 1454 1706 1670 1758; x_wconf 83' lang='lat' dir='ltr'><strong>dicens:</strong></span> <span class='ocrx_word' id='word_1_131' title='bbox 1702 1702 1887 1756; x_wconf 86' lang='lat' dir='ltr'><strong>Partiti</strong></span> <span class='ocrx_word' id='word_1_132' title='bbox 1926 1712 2045 1756; x_wconf 89' lang='lat' dir='ltr'><strong>sunt</strong></span> 
     </span>
    </p>
   </div>
   <div class='ocr_carea' id='block_1_19' title="bbox 483 1769 2125 1862">
    <p class='ocr_par' dir='ltr' id='par_1_19' title="bbox 483 1769 2125 1862">
     <span class='ocr_line' id='line_1_19' title="bbox 483 1769 2125 1862; baseline -0.002 -11"><span class='ocrx_word' id='word_1_133' title='bbox 483 1800 777 1853; x_wconf 68' lang='lat' dir='ltr'><strong>vestimenta</strong></span> <span class='ocrx_word' id='word_1_134' title='bbox 792 1815 901 1853; x_wconf 86' lang='lat' dir='ltr'><strong>mea</strong></span> <span class='ocrx_word' id='word_1_135' title='bbox 918 1801 1012 1853; x_wconf 79' lang='lat' dir='ltr'><strong>siln&#39;</strong></span> <span class='ocrx_word' id='word_1_136' title='bbox 1027 1838 1039 1862; x_wconf 90' lang='lat'><strong>,</strong></span> <span class='ocrx_word' id='word_1_137' title='bbox 1066 1814 1110 1851; x_wconf 82' lang='lat' dir='ltr'><strong>et</strong></span> <span class='ocrx_word' id='word_1_138' title='bbox 1135 1800 1185 1851; x_wconf 88' lang='lat' dir='ltr'><strong>in</strong></span> <span class='ocrx_word' id='word_1_139' title='bbox 1202 1807 1382 1852; x_wconf 83' lang='lat' dir='ltr'><strong>vestem</strong></span> <span class='ocrx_word' id='word_1_140' title='bbox 1400 1812 1559 1850; x_wconf 87' lang='lat' dir='ltr'><strong>meam</strong></span> <span class='ocrx_word' id='word_1_141' title='bbox 1576 1796 1818 1849; x_wconf 86' lang='lat' dir='ltr'><strong>miserunt</strong></span> <span class='ocrx_word' id='word_1_142' title='bbox 1840 1804 2044 1848; x_wconf 83' lang='lat' dir='ltr'><strong>sortem.</strong></span> <span class='ocrx_word' id='word_1_143' title='bbox 2082 1769 2125 1827; x_wconf 72' lang='grc' dir='ltr'><strong>Β</strong></span> 
     </span>
    </p>
   </div>
   <div class='ocr_carea' id='block_1_20' title="bbox 488 1887 2046 1959">
    <p class='ocr_par' dir='ltr' id='par_1_20' title="bbox 488 1887 2046 1959">
     <span class='ocr_line' id='line_1_20' title="bbox 488 1887 2046 1959; baseline -0.003 -13"><span class='ocrx_word' id='word_1_144' title='bbox 488 1893 703 1946; x_wconf 78' lang='lat' dir='ltr'><strong>Factum</strong></span> <span class='ocrx_word' id='word_1_145' title='bbox 735 1901 817 1947; x_wconf 90' lang='lat' dir='ltr'><strong>est</strong></span> <span class='ocrx_word' id='word_1_146' title='bbox 866 1891 1005 1959; x_wconf 85' lang='lat' dir='ltr'><strong>quod</strong></span> <span class='ocrx_word' id='word_1_147' title='bbox 1053 1894 1331 1944; x_wconf 87' lang='lat' dir='ltr'><strong>voluerunt</strong></span> <span class='ocrx_word' id='word_1_148' title='bbox 1373 1889 1563 1944; x_wconf 66' lang='lat' dir='ltr'><strong>Judaei.</strong></span> <span class='ocrx_word' id='word_1_149' title='bbox 1616 1888 1731 1942; x_wconf 87' lang='lat' dir='ltr'><strong>Non</strong></span> <span class='ocrx_word' id='word_1_150' title='bbox 1782 1887 1904 1957; x_wconf 86' lang='lat' dir='ltr'><strong>ipsi,</strong></span> <span class='ocrx_word' id='word_1_151' title='bbox 1954 1888 2046 1942; x_wconf 90' lang='lat' dir='ltr'><strong>sed</strong></span> 
     </span>
    </p>
   </div>
   <div class='ocr_carea' id='block_1_21' title="bbox 476 1978 2048 2053">
    <p class='ocr_par' dir='ltr' id='par_1_21' title="bbox 476 1978 2048 2053">
     <span class='ocr_line' id='line_1_21' title="bbox 476 1978 2048 2053; baseline -0.001 -17"><span class='ocrx_word' id='word_1_152' title='bbox 476 1983 687 2037; x_wconf 76' lang='lat' dir='ltr'><strong>&#39;ntilites</strong></span> <span class='ocrx_word' id='word_1_153' title='bbox 733 1982 820 2053; x_wconf 88' lang='lat' dir='ltr'><strong>qui</strong></span> <span class='ocrx_word' id='word_1_154' title='bbox 859 1984 1115 2049; x_wconf 82' lang='lat' dir='ltr'><strong>parebant</strong></span> <span class='ocrx_word' id='word_1_155' title='bbox 1164 1982 1353 2046; x_wconf 84' lang='lat' dir='ltr'><strong>Pilato,</strong></span> <span class='ocrx_word' id='word_1_156' title='bbox 1399 1980 1671 2049; x_wconf 88' lang='lat' dir='ltr'><strong>judicante</strong></span> <span class='ocrx_word' id='word_1_157' title='bbox 1710 1979 1847 2047; x_wconf 91' lang='lat' dir='ltr'><strong>ipso,</strong></span> <span class='ocrx_word' id='word_1_158' title='bbox 1878 1978 2048 2034; x_wconf 88' lang='lat' dir='ltr'><strong>cruci-</strong></span> 
     </span>
    </p>
   </div>
   <div class='ocr_carea' id='block_1_22' title="bbox 490 2068 2046 2138">
    <p class='ocr_par' dir='ltr' id='par_1_22' title="bbox 490 2068 2046 2138">
     <span class='ocr_line' id='line_1_22' title="bbox 490 2068 2046 2138; baseline -0.003 -11"><span class='ocrx_word' id='word_1_159' title='bbox 490 2074 719 2129; x_wconf 72' lang='lat' dir='ltr'><strong>ﬁxerunt</strong></span> <span class='ocrx_word' id='word_1_160' title='bbox 751 2073 931 2130; x_wconf 84' lang='lat' dir='ltr'><strong>Jesnm</strong></span> <span class='ocrx_word' id='word_1_161' title='bbox 964 2090 978 2138; x_wconf 90' lang='lat'><strong>;</strong></span> <span class='ocrx_word' id='word_1_162' title='bbox 1013 2083 1063 2126; x_wconf 87' lang='lat' dir='ltr'><strong>et</strong></span> <span class='ocrx_word' id='word_1_163' title='bbox 1097 2082 1270 2127; x_wconf 91' lang='lat' dir='ltr'><strong>tamen</strong></span> <span class='ocrx_word' id='word_1_164' title='bbox 1303 2072 1345 2125; x_wconf 90' lang='lat' dir='ltr'><strong>si</strong></span> <span class='ocrx_word' id='word_1_165' title='bbox 1380 2074 1699 2137; x_wconf 86' lang='lat' dir='ltr'><strong>voluntates,</strong></span> <span class='ocrx_word' id='word_1_166' title='bbox 1731 2070 1781 2124; x_wconf 86' lang='lat' dir='ltr'><strong>si</strong></span> <span class='ocrx_word' id='word_1_167' title='bbox 1806 2068 2046 2136; x_wconf 81' lang='lat' dir='ltr'><strong>insidias,</strong></span> 
     </span>
    </p>
   </div>
   <div class='ocr_carea' id='block_1_23' title="bbox 487 2164 2051 2233">
    <p class='ocr_par' dir='ltr' id='par_1_23' title="bbox 487 2164 2051 2233">
     <span class='ocr_line' id='line_1_23' title="bbox 487 2164 2051 2233; baseline -0.001 -15"><span class='ocrx_word' id='word_1_168' title='bbox 487 2168 529 2218; x_wconf 92' lang='lat' dir='ltr'><strong>si</strong></span> <span class='ocrx_word' id='word_1_169' title='bbox 568 2180 751 2233; x_wconf 81' lang='lat' dir='ltr'><strong>opera,</strong></span> <span class='ocrx_word' id='word_1_170' title='bbox 782 2181 823 2219; x_wconf 86' lang='lat' dir='ltr'><strong>st</strong></span> <span class='ocrx_word' id='word_1_171' title='bbox 870 2166 1229 2228; x_wconf 81' lang='lat' dir='ltr'><strong>traditionem,</strong></span> <span class='ocrx_word' id='word_1_172' title='bbox 1274 2172 1545 2233; x_wconf 86' lang='lat' dir='ltr'><strong>postremo</strong></span> <span class='ocrx_word' id='word_1_173' title='bbox 1582 2164 1626 2218; x_wconf 89' lang='lat' dir='ltr'><strong>si</strong></span> <span class='ocrx_word' id='word_1_174' title='bbox 1673 2170 2051 2229; x_wconf 80' lang='lat' dir='ltr'><strong>extorquentes</strong></span> 
     </span>
    </p>
   </div>
   <div class='ocr_carea' id='block_1_24' title="bbox 490 2253 2050 2324">
    <p class='ocr_par' dir='ltr' id='par_1_24' title="bbox 490 2253 2050 2324">
     <span class='ocr_line' id='line_1_24' title="bbox 490 2253 2050 2324; baseline -0.002 -15"><span class='ocrx_word' id='word_1_175' title='bbox 490 2256 750 2310; x_wconf 76' lang='lat' dir='ltr'><strong>clamores</strong></span> <span class='ocrx_word' id='word_1_176' title='bbox 781 2270 964 2310; x_wconf 89' lang='lat' dir='ltr'><strong>eorum</strong></span> <span class='ocrx_word' id='word_1_177' title='bbox 994 2257 1312 2323; x_wconf 87' lang='lat' dir='ltr'><strong>cogitemus,</strong></span> <span class='ocrx_word' id='word_1_178' title='bbox 1341 2258 1507 2324; x_wconf 86' lang='lat' dir='ltr'><strong>magis</strong></span> <span class='ocrx_word' id='word_1_179' title='bbox 1532 2256 1713 2323; x_wconf 87' lang='lat' dir='ltr'><strong>utique</strong></span> <span class='ocrx_word' id='word_1_180' title='bbox 1740 2253 1907 2308; x_wconf 71' lang='lat' dir='ltr'><strong>Judaei</strong></span> <span class='ocrx_word' id='word_1_181' title='bbox 1931 2268 2050 2308; x_wconf 89' lang='lat' dir='ltr'><strong>cru-</strong></span> 
     </span>
    </p>
   </div>
   <div class='ocr_carea' id='block_1_25' title="bbox 487 2343 2050 2419">
    <p class='ocr_par' dir='ltr' id='par_1_25' title="bbox 487 2343 2050 2419">
     <span class='ocr_line' id='line_1_25' title="bbox 487 2343 2050 2419; baseline -0.002 -18"><span class='ocrx_word' id='word_1_182' title='bbox 487 2348 765 2401; x_wconf 79' lang='lat' dir='ltr'><strong>ciﬁxerunt</strong></span> <span class='ocrx_word' id='word_1_183' title='bbox 816 2346 1029 2419; x_wconf 86' lang='lat' dir='ltr'><strong>Jesum;</strong></span> <span class='ocrx_word' id='word_1_184' title='bbox 1072 2348 1165 2400; x_wconf 91' lang='lat' dir='ltr'><strong>sed</strong></span> <span class='ocrx_word' id='word_1_185' title='bbox 1217 2346 1283 2401; x_wconf 89' lang='lat' dir='ltr'><strong>de</strong></span> <span class='ocrx_word' id='word_1_186' title='bbox 1334 2345 1623 2414; x_wconf 85' lang='lat' dir='ltr'><strong>partitione</strong></span> <span class='ocrx_word' id='word_1_187' title='bbox 1671 2353 1726 2399; x_wconf 91' lang='lat' dir='ltr'><strong>et</strong></span> <span class='ocrx_word' id='word_1_188' title='bbox 1771 2343 2050 2400; x_wconf 86' lang='lat' dir='ltr'><strong>sortitione</strong></span> 
     </span>
    </p>
   </div>
   <div class='ocr_carea' id='block_1_26' title="bbox 490 2436 2053 2507">
    <p class='ocr_par' dir='ltr' id='par_1_26' title="bbox 490 2436 2053 2507">
     <span class='ocr_line' id='line_1_26' title="bbox 490 2436 2053 2507; baseline 0.001 -19"><span class='ocrx_word' id='word_1_189' title='bbox 490 2436 933 2492; x_wconf 75' lang='lat' dir='ltr'><strong>vestimentorum</strong></span> <span class='ocrx_word' id='word_1_190' title='bbox 985 2438 1121 2507; x_wconf 85' lang='lat' dir='ltr'><strong>ejus.</strong></span> <span class='ocrx_word' id='word_1_191' title='bbox 1156 2452 1262 2493; x_wconf 89' lang='lat' dir='ltr'><strong>non</strong></span> <span class='ocrx_word' id='word_1_192' title='bbox 1303 2450 1385 2493; x_wconf 91' lang='lat' dir='ltr'><strong>est</strong></span> <span class='ocrx_word' id='word_1_193' title='bbox 1420 2448 1801 2507; x_wconf 65' lang='lat' dir='ltr'><strong>praetereunter</strong></span> <span class='ocrx_word' id='word_1_194' title='bbox 1830 2436 2053 2505; x_wconf 88' lang='lat' dir='ltr'><strong>loquen-</strong></span> 
     </span>
    </p>
   </div>
   <div class='ocr_carea' id='block_1_27' title="bbox 489 2526 2051 2597">
    <p class='ocr_par' dir='ltr' id='par_1_27' title="bbox 489 2526 2051 2597">
     <span class='ocr_line' id='line_1_27' title="bbox 489 2526 2051 2597; baseline -0.001 -17"><span class='ocrx_word' id='word_1_195' title='bbox 489 2528 635 2582; x_wconf 89' lang='lat' dir='ltr'><strong>dum.</strong></span> <span class='ocrx_word' id='word_1_196' title='bbox 667 2529 919 2595; x_wconf 84' lang='lat' dir='ltr'><strong>Quamvis</strong></span> <span class='ocrx_word' id='word_1_197' title='bbox 946 2529 1086 2582; x_wconf 91' lang='lat' dir='ltr'><strong>enim</strong></span> <span class='ocrx_word' id='word_1_198' title='bbox 1118 2542 1302 2583; x_wconf 89' lang='lat' dir='ltr'><strong>omnes</strong></span> <span class='ocrx_word' id='word_1_199' title='bbox 1333 2534 1674 2597; x_wconf 69' lang='lat' dir='ltr'><strong>evangelista:</strong></span> <span class='ocrx_word' id='word_1_200' title='bbox 1700 2538 1926 2596; x_wconf 86' lang='lat' dir='ltr'><strong>quatuor</strong></span> <span class='ocrx_word' id='word_1_201' title='bbox 1956 2526 2051 2579; x_wconf 90' lang='lat' dir='ltr'><strong>hu-</strong></span> 
     </span>
    </p>
   </div>
   <div class='ocr_carea' id='block_1_28' title="bbox 486 2616 2050 2685">
    <p class='ocr_par' dir='ltr' id='par_1_28' title="bbox 486 2616 2050 2685">
     <span class='ocr_line' id='line_1_28' title="bbox 486 2616 2050 2685; baseline -0.002 -14"><span class='ocrx_word' id='word_1_202' title='bbox 486 2620 576 2685; x_wconf 93' lang='lat' dir='ltr'><strong>jus</strong></span> <span class='ocrx_word' id='word_1_203' title='bbox 623 2620 697 2672; x_wconf 85' lang='lat' dir='ltr'><strong>rei</strong></span> <span class='ocrx_word' id='word_1_204' title='bbox 752 2618 1115 2679; x_wconf 89' lang='lat' dir='ltr'><strong>meminerint,</strong></span> <span class='ocrx_word' id='word_1_205' title='bbox 1178 2627 1353 2671; x_wconf 70' lang='lat' dir='ltr'><strong>casteri</strong></span> <span class='ocrx_word' id='word_1_206' title='bbox 1399 2628 1571 2672; x_wconf 89' lang='lat' dir='ltr'><strong>tamen</strong></span> <span class='ocrx_word' id='word_1_207' title='bbox 1626 2616 1838 2671; x_wconf 79' lang='lat' dir='ltr'><strong>brevius</strong></span> <span class='ocrx_word' id='word_1_208' title='bbox 1892 2630 2050 2683; x_wconf 87' lang='lat' dir='ltr'><strong>quam</strong></span> 
     </span>
    </p>
   </div>
   <div class='ocr_carea' id='block_1_29' title="bbox 488 2709 2054 2779">
    <p class='ocr_par' dir='ltr' id='par_1_29' title="bbox 488 2709 2054 2779">
     <span class='ocr_line' id='line_1_29' title="bbox 488 2709 2054 2779; baseline -0.001 -16"><span class='ocrx_word' id='word_1_209' title='bbox 488 2712 741 2776; x_wconf 77' lang='lat' dir='ltr'><strong>Joannes,</strong></span> <span class='ocrx_word' id='word_1_210' title='bbox 771 2719 825 2763; x_wconf 88' lang='lat' dir='ltr'><strong>et</strong></span> <span class='ocrx_word' id='word_1_211' title='bbox 854 2710 1035 2766; x_wconf 92' lang='lat' dir='ltr'><strong>clause</strong></span> <span class='ocrx_word' id='word_1_212' title='bbox 1060 2709 1153 2776; x_wconf 86' lang='lat' dir='ltr'><strong>illi,</strong></span> <span class='ocrx_word' id='word_1_213' title='bbox 1182 2713 1280 2764; x_wconf 89' lang='lat' dir='ltr'><strong>iste</strong></span> <span class='ocrx_word' id='word_1_214' title='bbox 1309 2726 1432 2764; x_wconf 92' lang='lat' dir='ltr'><strong>vero</strong></span> <span class='ocrx_word' id='word_1_215' title='bbox 1462 2710 1817 2779; x_wconf 90' lang='lat' dir='ltr'><strong>apertisstme,</strong></span> <span class='ocrx_word' id='word_1_216' title='bbox 1844 2720 1895 2763; x_wconf 91' lang='lat' dir='ltr'><strong>et</strong></span> <span class='ocrx_word' id='word_1_217' title='bbox 1926 2718 2054 2777; x_wconf 83' lang='lat' dir='ltr'><strong>quot</strong></span> 
     </span>
    </p>
   </div>
   <div class='ocr_carea' id='block_1_30' title="bbox 487 2800 2052 2871">
    <p class='ocr_par' dir='ltr' id='par_1_30' title="bbox 487 2800 2052 2871">
     <span class='ocr_line' id='line_1_30' title="bbox 487 2800 2052 2871; baseline 0 -18"><span class='ocrx_word' id='word_1_218' title='bbox 487 2815 668 2871; x_wconf 85' lang='lat' dir='ltr'><strong>partes</strong></span> <span class='ocrx_word' id='word_1_219' title='bbox 711 2803 777 2857; x_wconf 91' lang='lat' dir='ltr'><strong>de</strong></span> <span class='ocrx_word' id='word_1_220' title='bbox 826 2802 1158 2856; x_wconf 84' lang='lat' dir='ltr'><strong>vestimentis</strong></span> <span class='ocrx_word' id='word_1_221' title='bbox 1212 2802 1327 2871; x_wconf 91' lang='lat' dir='ltr'><strong>ejus</strong></span> <span class='ocrx_word' id='word_1_222' title='bbox 1379 2804 1623 2860; x_wconf 69' lang='lat' dir='ltr'><strong>fecerint.</strong></span> <span class='ocrx_word' id='word_1_223' title='bbox 1668 2802 1843 2865; x_wconf 76' lang='lat' dir='ltr'><strong>dixit,</strong></span> <span class='ocrx_word' id='word_1_224' title='bbox 1872 2800 1923 2853; x_wconf 88' lang='lat' dir='ltr'><strong>id</strong></span> <span class='ocrx_word' id='word_1_225' title='bbox 1972 2811 2052 2854; x_wconf 87' lang='lat' dir='ltr'><strong>est</strong></span> 
     </span>
    </p>
   </div>
   <div class='ocr_carea' id='block_1_31' title="bbox 490 2893 2052 2962">
    <p class='ocr_par' dir='ltr' id='par_1_31' title="bbox 490 2893 2052 2962">
     <span class='ocr_line' id='line_1_31' title="bbox 490 2893 2052 2962; baseline 0 -17"><span class='ocrx_word' id='word_1_226' title='bbox 490 2907 738 2962; x_wconf 77' lang='lat' dir='ltr'><strong>quatuor,</strong></span> <span class='ocrx_word' id='word_1_227' title='bbox 766 2905 815 2947; x_wconf 90' lang='lat' dir='ltr'><strong>ut</strong></span> <span class='ocrx_word' id='word_1_228' title='bbox 842 2894 1077 2962; x_wconf 83' lang='lat' dir='ltr'><strong>singulas</strong></span> <span class='ocrx_word' id='word_1_229' title='bbox 1105 2896 1373 2948; x_wconf 89' lang='lat' dir='ltr'><strong>tollerent.</strong></span> <span class='ocrx_word' id='word_1_230' title='bbox 1404 2893 1551 2948; x_wconf 86' lang='lat' dir='ltr'><strong>Unde</strong></span> <span class='ocrx_word' id='word_1_231' title='bbox 1580 2902 1798 2961; x_wconf 83' lang='lat' dir='ltr'><strong>apparet</strong></span> <span class='ocrx_word' id='word_1_232' title='bbox 1827 2905 2052 2959; x_wconf 85' lang='lat' dir='ltr'><strong>quatuor</strong></span> 
     </span>
    </p>
   </div>
   <div class='ocr_carea' id='block_1_32' title="bbox 490 2984 2048 3053">
    <p class='ocr_par' dir='ltr' id='par_1_32' title="bbox 490 2984 2048 3053">
     <span class='ocr_line' id='line_1_32' title="bbox 490 2984 2048 3053; baseline 0 -16"><span class='ocrx_word' id='word_1_233' title='bbox 490 2985 686 3037; x_wconf 78' lang='lat' dir='ltr'><strong>milites</strong></span> <span class='ocrx_word' id='word_1_234' title='bbox 709 2984 891 3042; x_wconf 78' lang='lat' dir='ltr'><strong>fuisse.</strong></span> <span class='ocrx_word' id='word_1_235' title='bbox 918 2985 1005 3053; x_wconf 90' lang='lat' dir='ltr'><strong>qui</strong></span> <span class='ocrx_word' id='word_1_236' title='bbox 1034 3000 1098 3040; x_wconf 92' lang='grc' dir='ltr'>εο</span> <span class='ocrx_word' id='word_1_237' title='bbox 1122 2986 1477 3053; x_wconf 78' lang='lat' dir='ltr'><strong>eruciﬁgendo</strong></span> <span class='ocrx_word' id='word_1_238' title='bbox 1504 2985 1709 3050; x_wconf 64' lang='lat' dir='ltr'><strong>praesidi</strong></span> <span class='ocrx_word' id='word_1_239' title='bbox 1740 2995 2048 3053; x_wconf 80' lang='lat' dir='ltr'><strong>paruerunt.</strong></span> 
     </span>
    </p>
   </div>
   <div class='ocr_carea' id='block_1_33' title="bbox 2142 502 3691 568">
    <p class='ocr_par' dir='ltr' id='par_1_33' title="bbox 2142 502 3691 568">
     <span class='ocr_line' id='line_1_33' title="bbox 2142 502 3691 568; baseline 0.003 -5"><span class='ocrx_word' id='word_1_240' title='bbox 2142 502 2426 566; x_wconf 82' lang='lat' dir='ltr'><strong>contraria.</strong></span> <span class='ocrx_word' id='word_1_241' title='bbox 2460 510 2740 565; x_wconf 63' lang='lat' dir='ltr'><strong>Mattheus</strong></span> <span class='ocrx_word' id='word_1_242' title='bbox 2771 512 2914 567; x_wconf 87' lang='lat' dir='ltr'><strong>enim</strong></span> <span class='ocrx_word' id='word_1_243' title='bbox 2944 512 3171 567; x_wconf 88' lang='lat' dir='ltr'><strong>dicendo</strong></span> <span class='ocrx_word' id='word_1_244' title='bbox 3197 529 3210 567; x_wconf 91' lang='lat'><strong>:</strong></span> <span class='ocrx_word' id='word_1_245' title='bbox 3246 512 3536 568; x_wconf 80' lang='lat' dir='ltr'><strong>Diviserunt</strong></span> <span class='ocrx_word' id='word_1_246' title='bbox 3561 518 3691 568; x_wconf 75' lang='lat' dir='ltr'><strong>vesti-</strong></span> 
     </span>
    </p>
   </div>
   <div class='ocr_carea' id='block_1_34' title="bbox 2144 603 3691 673">
    <p class='ocr_par' dir='ltr' id='par_1_34' title="bbox 2144 603 3691 673">
     <span class='ocr_line' id='line_1_34' title="bbox 2144 603 3691 673; baseline 0.005 -21"><span class='ocrx_word' id='word_1_247' title='bbox 2144 616 2311 656; x_wconf 83' lang='lat' dir='ltr'><strong>menta</strong></span> <span class='ocrx_word' id='word_1_248' title='bbox 2340 606 2452 672; x_wconf 84' lang='lat' dir='ltr'><strong>ejus</strong></span> <span class='ocrx_word' id='word_1_249' title='bbox 2475 611 2656 656; x_wconf 82' lang='lat' dir='ltr'><strong>sortem</strong></span> <span class='ocrx_word' id='word_1_250' title='bbox 2686 604 2938 659; x_wconf 85' lang='lat' dir='ltr'><strong>mittentes</strong></span> <span class='ocrx_word' id='word_1_251' title='bbox 2978 603 3193 670; x_wconf 75' lang='lat' dir='ltr'><strong>(Matth.</strong></span> <span class='ocrx_word' id='word_1_252' title='bbox 3220 604 3406 673; x_wconf 80' lang='lat' dir='ltr'><strong>sxvtt),</strong></span> <span class='ocrx_word' id='word_1_253' title='bbox 3437 605 3500 660; x_wconf 82' lang='lat' dir='ltr'><strong>ad</strong></span> <span class='ocrx_word' id='word_1_254' title='bbox 3544 613 3691 661; x_wconf 86' lang='lat' dir='ltr'><strong>totam</strong></span> 
     </span>
    </p>
   </div>
   <div class='ocr_carea' id='block_1_35' title="bbox 2143 691 3692 763">
    <p class='ocr_par' dir='ltr' id='par_1_35' title="bbox 2143 691 3692 763">
     <span class='ocr_line' id='line_1_35' title="bbox 2143 691 3692 763; baseline 0.002 -18"><span class='ocrx_word' id='word_1_255' title='bbox 2143 691 2459 745; x_wconf 84' lang='lat' dir='ltr'><strong>divisionem</strong></span> <span class='ocrx_word' id='word_1_256' title='bbox 2508 692 2955 746; x_wconf 82' lang='lat' dir='ltr'><strong>vestimentorum</strong></span> <span class='ocrx_word' id='word_1_257' title='bbox 2986 693 3152 749; x_wconf 89' lang='lat' dir='ltr'><strong>voluit</strong></span> <span class='ocrx_word' id='word_1_258' title='bbox 3199 693 3415 763; x_wconf 70' lang='lat' dir='ltr'><strong>intelligi</strong></span> <span class='ocrx_word' id='word_1_259' title='bbox 3448 694 3608 749; x_wconf 88' lang='lat' dir='ltr'><strong>etiam</strong></span> <span class='ocrx_word' id='word_1_260' title='bbox 3638 695 3692 748; x_wconf 86' lang='lat' dir='ltr'><strong>il-</strong></span> 
     </span>
    </p>
   </div>
   <div class='ocr_carea' id='block_1_36' title="bbox 2144 783 3691 853">
    <p class='ocr_par' dir='ltr' id='par_1_36' title="bbox 2144 783 3691 853">
     <span class='ocr_line' id='line_1_36' title="bbox 2144 783 3691 853; baseline 0.001 -16"><span class='ocrx_word' id='word_1_261' title='bbox 2144 785 2245 837; x_wconf 90' lang='lat' dir='ltr'><strong>lam</strong></span> <span class='ocrx_word' id='word_1_262' title='bbox 2302 784 2534 837; x_wconf 87' lang='lat' dir='ltr'><strong>tunicam</strong></span> <span class='ocrx_word' id='word_1_263' title='bbox 2590 784 2874 852; x_wconf 86' lang='lat' dir='ltr'><strong>pertinere,</strong></span> <span class='ocrx_word' id='word_1_264' title='bbox 2906 783 2973 837; x_wconf 86' lang='lat' dir='ltr'><strong>de</strong></span> <span class='ocrx_word' id='word_1_265' title='bbox 3023 800 3123 853; x_wconf 88' lang='lat' dir='ltr'><strong>qua</strong></span> <span class='ocrx_word' id='word_1_266' title='bbox 3176 793 3370 840; x_wconf 89' lang='lat' dir='ltr'><strong>sortem</strong></span> <span class='ocrx_word' id='word_1_267' title='bbox 3427 787 3691 849; x_wconf 82' lang='lat' dir='ltr'><strong>miserunt,</strong></span> 
     </span>
    </p>
   </div>
   <div class='ocr_carea' id='block_1_37' title="bbox 2143 874 3694 945">
    <p class='ocr_par' dir='ltr' id='par_1_37' title="bbox 2143 874 3694 945">
     <span class='ocr_line' id='line_1_37' title="bbox 2143 874 3694 945; baseline 0 -17"><span class='ocrx_word' id='word_1_268' title='bbox 2143 875 2264 943; x_wconf 89' lang='lat' dir='ltr'><strong>quia</strong></span> <span class='ocrx_word' id='word_1_269' title='bbox 2290 876 2472 943; x_wconf 89' lang='lat' dir='ltr'><strong>utique</strong></span> <span class='ocrx_word' id='word_1_270' title='bbox 2494 888 2678 928; x_wconf 90' lang='lat' dir='ltr'><strong>omnes</strong></span> <span class='ocrx_word' id='word_1_271' title='bbox 2700 882 2873 928; x_wconf 83' lang='lat' dir='ltr'><strong>vestes</strong></span> <span class='ocrx_word' id='word_1_272' title='bbox 2902 874 3209 939; x_wconf 89' lang='lat' dir='ltr'><strong>dividendo,</strong></span> <span class='ocrx_word' id='word_1_273' title='bbox 3236 876 3287 930; x_wconf 90' lang='lat' dir='ltr'><strong>in</strong></span> <span class='ocrx_word' id='word_1_274' title='bbox 3313 875 3500 945; x_wconf 89' lang='lat' dir='ltr'><strong>quibus</strong></span> <span class='ocrx_word' id='word_1_275' title='bbox 3530 885 3589 930; x_wconf 88' lang='lat' dir='ltr'><strong>et</strong></span> <span class='ocrx_word' id='word_1_276' title='bbox 3618 876 3694 929; x_wconf 84' lang='lat' dir='ltr'><strong>illa</strong></span> 
     </span>
    </p>
   </div>
   <div class='ocr_carea' id='block_1_38' title="bbox 2144 962 3695 1035">
    <p class='ocr_par' dir='ltr' id='par_1_38' title="bbox 2144 962 3695 1035">
     <span class='ocr_line' id='line_1_38' title="bbox 2144 962 3695 1035; baseline 0.003 -18"><span class='ocrx_word' id='word_1_277' title='bbox 2144 963 2262 1033; x_wconf 77' lang='lat' dir='ltr'><strong>fuit,</strong></span> <span class='ocrx_word' id='word_1_278' title='bbox 2292 964 2357 1018; x_wconf 92' lang='lat' dir='ltr'><strong>de</strong></span> <span class='ocrx_word' id='word_1_279' title='bbox 2386 966 2493 1032; x_wconf 90' lang='lat' dir='ltr'><strong>ipsa</strong></span> <span class='ocrx_word' id='word_1_280' title='bbox 2526 962 2701 1017; x_wconf 88' lang='lat' dir='ltr'><strong>sortiti</strong></span> <span class='ocrx_word' id='word_1_281' title='bbox 2728 974 2873 1019; x_wconf 84' lang='lat' dir='ltr'><strong>sunt.</strong></span> <span class='ocrx_word' id='word_1_282' title='bbox 2896 964 3026 1017; x_wconf 83' lang='lat' dir='ltr'><strong>Tale</strong></span> <span class='ocrx_word' id='word_1_283' title='bbox 3052 974 3134 1020; x_wconf 87' lang='lat' dir='ltr'><strong>est</strong></span> <span class='ocrx_word' id='word_1_284' title='bbox 3162 966 3297 1035; x_wconf 90' lang='lat' dir='ltr'><strong>quod</strong></span> <span class='ocrx_word' id='word_1_285' title='bbox 3319 967 3390 1018; x_wconf 88' lang='lat' dir='ltr'><strong>ait</strong></span> <span class='ocrx_word' id='word_1_286' title='bbox 3412 968 3571 1019; x_wconf 86' lang='lat' dir='ltr'><strong>etiam</strong></span> <span class='ocrx_word' id='word_1_287' title='bbox 3601 965 3695 1022; x_wconf 85' lang='lat' dir='ltr'><strong>Lu-</strong></span> 
     </span>
    </p>
   </div>
   <div class='ocr_carea' id='block_1_39' title="bbox 2144 1050 3694 1125">
    <p class='ocr_par' dir='ltr' id='par_1_39' title="bbox 2144 1050 3694 1125">
     <span class='ocr_line' id='line_1_39' title="bbox 2144 1050 3694 1125; baseline 0.004 -19"><span class='ocrx_word' id='word_1_288' title='bbox 2144 1066 2235 1107; x_wconf 86' lang='lat' dir='ltr'><strong>cas</strong></span> <span class='ocrx_word' id='word_1_289' title='bbox 2261 1070 2271 1103; x_wconf 92' lang='lat'>:</span> <span class='ocrx_word' id='word_1_290' title='bbox 2306 1050 2591 1106; x_wconf 85' lang='lat' dir='ltr'><strong>Dividentes</strong></span> <span class='ocrx_word' id='word_1_291' title='bbox 2620 1052 2908 1107; x_wconf 80' lang='lat' dir='ltr'><strong>uestimenta</strong></span> <span class='ocrx_word' id='word_1_292' title='bbox 2932 1057 3062 1125; x_wconf 88' lang='lat' dir='ltr'><strong>ejus,</strong></span> <span class='ocrx_word' id='word_1_293' title='bbox 3097 1054 3341 1108; x_wconf 86' lang='lat' dir='ltr'><strong>miserunt</strong></span> <span class='ocrx_word' id='word_1_294' title='bbox 3367 1066 3525 1110; x_wconf 86' lang='lat' dir='ltr'><strong>sortes</strong></span> <span class='ocrx_word' id='word_1_295' title='bbox 3548 1054 3694 1125; x_wconf 79' lang='lat' dir='ltr'><strong>(Luc.</strong></span> 
     </span>
    </p>
   </div>
   <div class='ocr_carea' id='block_1_40' title="bbox 2146 1144 3695 1219">
    <p class='ocr_par' dir='ltr' id='par_1_40' title="bbox 2146 1144 3695 1219">
     <span class='ocr_line' id='line_1_40' title="bbox 2146 1144 3695 1219; baseline 0.004 -21"><span class='ocrx_word' id='word_1_296' title='bbox 2146 1145 2326 1213; x_wconf 65' lang='grc' dir='ltr'>χχιιι).</span> <span class='ocrx_word' id='word_1_297' title='bbox 2357 1144 2667 1201; x_wconf 85' lang='lat' dir='ltr'><strong>Dividentes</strong></span> <span class='ocrx_word' id='word_1_298' title='bbox 2691 1147 2831 1200; x_wconf 90' lang='lat' dir='ltr'><strong>enim</strong></span> <span class='ocrx_word' id='word_1_299' title='bbox 2856 1156 3118 1202; x_wconf 86' lang='lat' dir='ltr'><strong>venerunt</strong></span> <span class='ocrx_word' id='word_1_300' title='bbox 3147 1150 3212 1203; x_wconf 88' lang='lat' dir='ltr'><strong>ad</strong></span> <span class='ocrx_word' id='word_1_301' title='bbox 3243 1152 3494 1217; x_wconf 87' lang='lat' dir='ltr'><strong>tunicam,</strong></span> <span class='ocrx_word' id='word_1_302' title='bbox 3517 1150 3590 1204; x_wconf 89' lang='lat' dir='ltr'><strong>de</strong></span> <span class='ocrx_word' id='word_1_303' title='bbox 3609 1165 3695 1219; x_wconf 85' lang='lat' dir='ltr'><strong>qua</strong></span> 
     </span>
    </p>
   </div>
   <div class='ocr_carea' id='block_1_41' title="bbox 2148 1242 3699 1311">
    <p class='ocr_par' dir='ltr' id='par_1_41' title="bbox 2148 1242 3699 1311">
     <span class='ocr_line' id='line_1_41' title="bbox 2148 1242 3699 1311; baseline 0.002 -16"><span class='ocrx_word' id='word_1_304' title='bbox 2148 1242 2282 1297; x_wconf 79' lang='lat' dir='ltr'><strong>facta</strong></span> <span class='ocrx_word' id='word_1_305' title='bbox 2313 1251 2396 1298; x_wconf 81' lang='lat' dir='ltr'><strong>est</strong></span> <span class='ocrx_word' id='word_1_306' title='bbox 2426 1244 2655 1311; x_wconf 88' lang='lat' dir='ltr'><strong>sortitio,</strong></span> <span class='ocrx_word' id='word_1_307' title='bbox 2690 1253 2747 1297; x_wconf 92' lang='lat' dir='ltr'><strong>ut</strong></span> <span class='ocrx_word' id='word_1_308' title='bbox 2798 1245 2938 1299; x_wconf 87' lang='lat' dir='ltr'><strong>inter</strong></span> <span class='ocrx_word' id='word_1_309' title='bbox 2967 1259 3060 1299; x_wconf 88' lang='lat' dir='ltr'><strong>eos</strong></span> <span class='ocrx_word' id='word_1_310' title='bbox 3098 1244 3341 1299; x_wconf 87' lang='lat' dir='ltr'><strong>universa</strong></span> <span class='ocrx_word' id='word_1_311' title='bbox 3373 1245 3699 1299; x_wconf 83' lang='lat' dir='ltr'><strong>vestimento-</strong></span> 
     </span>
    </p>
   </div>
   <div class='ocr_carea' id='block_1_42' title="bbox 2148 1335 3700 1403">
    <p class='ocr_par' dir='ltr' id='par_1_42' title="bbox 2148 1335 3700 1403">
     <span class='ocr_line' id='line_1_42' title="bbox 2148 1335 3700 1403; baseline 0.001 -15"><span class='ocrx_word' id='word_1_312' title='bbox 2148 1350 2261 1389; x_wconf 90' lang='lat' dir='ltr'><strong>rum</strong></span> <span class='ocrx_word' id='word_1_313' title='bbox 2304 1336 2419 1403; x_wconf 87' lang='lat' dir='ltr'><strong>ejus</strong></span> <span class='ocrx_word' id='word_1_314' title='bbox 2462 1335 2655 1390; x_wconf 77' lang='lat' dir='ltr'><strong>divisio</strong></span> <span class='ocrx_word' id='word_1_315' title='bbox 2681 1336 3059 1403; x_wconf 89' lang='lat' dir='ltr'><strong>compleretur.</strong></span> <span class='ocrx_word' id='word_1_316' title='bbox 3097 1336 3233 1403; x_wconf 88' lang='lat' dir='ltr'><strong>Quid</strong></span> <span class='ocrx_word' id='word_1_317' title='bbox 3279 1348 3448 1390; x_wconf 88' lang='lat' dir='ltr'><strong>autem</strong></span> <span class='ocrx_word' id='word_1_318' title='bbox 3496 1337 3700 1391; x_wconf 82' lang='lat' dir='ltr'><strong>interest</strong></span> 
     </span>
    </p>
   </div>
   <div class='ocr_carea' id='block_1_43' title="bbox 2151 1427 3703 1497">
    <p class='ocr_par' dir='ltr' id='par_1_43' title="bbox 2151 1427 3703 1497">
     <span class='ocr_line' id='line_1_43' title="bbox 2151 1427 3703 1497; baseline 0.001 -18"><span class='ocrx_word' id='word_1_319' title='bbox 2151 1436 2325 1481; x_wconf 89' lang='lat' dir='ltr'><strong>utrum</strong></span> <span class='ocrx_word' id='word_1_320' title='bbox 2360 1428 2568 1482; x_wconf 82' lang='lat' dir='ltr'><strong>dicatur</strong></span> <span class='ocrx_word' id='word_1_321' title='bbox 2597 1443 2611 1480; x_wconf 88' lang='lat'><strong>:</strong></span> <span class='ocrx_word' id='word_1_322' title='bbox 2646 1427 2935 1483; x_wconf 84' lang='lat' dir='ltr'><strong>Dividentes</strong></span> <span class='ocrx_word' id='word_1_323' title='bbox 2976 1429 3217 1483; x_wconf 86' lang='lat' dir='ltr'><strong>miserunt</strong></span> <span class='ocrx_word' id='word_1_324' title='bbox 3254 1440 3430 1493; x_wconf 87' lang='lat' dir='ltr'><strong>sortes,</strong></span> <span class='ocrx_word' id='word_1_325' title='bbox 3462 1428 3602 1497; x_wconf 89' lang='lat' dir='ltr'><strong>quod</strong></span> <span class='ocrx_word' id='word_1_326' title='bbox 3638 1432 3703 1481; x_wconf 85' lang='lat' dir='ltr'><strong>ait</strong></span> 
     </span>
    </p>
   </div>
   <div class='ocr_carea' id='block_1_44' title="bbox 2152 1520 3702 1590">
    <p class='ocr_par' dir='ltr' id='par_1_44' title="bbox 2152 1520 3702 1590">
     <span class='ocr_line' id='line_1_44' title="bbox 2152 1520 3702 1590; baseline 0.001 -17"><span class='ocrx_word' id='word_1_327' title='bbox 2152 1520 2318 1573; x_wconf 86' lang='lat' dir='ltr'><strong>Lucas</strong></span> <span class='ocrx_word' id='word_1_328' title='bbox 2345 1560 2359 1585; x_wconf 94' lang='lat'><strong>,</strong></span> <span class='ocrx_word' id='word_1_329' title='bbox 2410 1536 2476 1574; x_wconf 92' lang='lat' dir='ltr'><strong>an</strong></span> <span class='ocrx_word' id='word_1_330' title='bbox 2504 1537 2516 1572; x_wconf 90' lang='lat'><strong>:</strong></span> <span class='ocrx_word' id='word_1_331' title='bbox 2549 1520 2840 1574; x_wconf 86' lang='lat' dir='ltr'><strong>Diviserunt</strong></span> <span class='ocrx_word' id='word_1_332' title='bbox 2889 1530 3073 1575; x_wconf 88' lang='lat' dir='ltr'><strong>sortem</strong></span> <span class='ocrx_word' id='word_1_333' title='bbox 3120 1522 3404 1585; x_wconf 85' lang='lat' dir='ltr'><strong>mittentes,</strong></span> <span class='ocrx_word' id='word_1_334' title='bbox 3452 1520 3594 1590; x_wconf 89' lang='lat' dir='ltr'><strong>quod</strong></span> <span class='ocrx_word' id='word_1_335' title='bbox 3638 1520 3702 1575; x_wconf 86' lang='lat' dir='ltr'><strong>ait</strong></span> 
     </span>
    </p>
   </div>
   <div class='ocr_carea' id='block_1_45' title="bbox 2156 1610 3699 1681">
    <p class='ocr_par' dir='ltr' id='par_1_45' title="bbox 2156 1610 3699 1681">
     <span class='ocr_line' id='line_1_45' title="bbox 2156 1610 3699 1681; baseline 0.001 -17"><span class='ocrx_word' id='word_1_336' title='bbox 2156 1610 2479 1665; x_wconf 65' lang='lat' dir='ltr'><strong>Blatthseus‘l</strong></span> <span class='ocrx_word' id='word_1_337' title='bbox 2512 1612 2610 1665; x_wconf 88' lang='lat' dir='ltr'><strong>nisi</strong></span> <span class='ocrx_word' id='word_1_338' title='bbox 2634 1610 2773 1681; x_wconf 91' lang='lat' dir='ltr'><strong>quod</strong></span> <span class='ocrx_word' id='word_1_339' title='bbox 2803 1612 2972 1666; x_wconf 88' lang='lat' dir='ltr'><strong>Lucas</strong></span> <span class='ocrx_word' id='word_1_340' title='bbox 2999 1612 3226 1667; x_wconf 90' lang='lat' dir='ltr'><strong>dicendo</strong></span> <span class='ocrx_word' id='word_1_341' title='bbox 3247 1623 3423 1678; x_wconf 81' lang='lat' dir='ltr'><strong>sortes,</strong></span> <span class='ocrx_word' id='word_1_342' title='bbox 3456 1612 3699 1680; x_wconf 84' lang='lat' dir='ltr'><strong>pluralem</strong></span> 
     </span>
    </p>
   </div>
   <div class='ocr_carea' id='block_1_46' title="bbox 2152 1701 3700 1773">
    <p class='ocr_par' dir='ltr' id='par_1_46' title="bbox 2152 1701 3700 1773">
     <span class='ocr_line' id='line_1_46' title="bbox 2152 1701 3700 1773; baseline 0.001 -20"><span class='ocrx_word' id='word_1_343' title='bbox 2152 1716 2246 1770; x_wconf 91' lang='lat' dir='ltr'><strong>pro</strong></span> <span class='ocrx_word' id='word_1_344' title='bbox 2286 1701 2540 1771; x_wconf 78' lang='lat' dir='ltr'><strong>singulari</strong></span> <span class='ocrx_word' id='word_1_345' title='bbox 2592 1717 2873 1757; x_wconf 90' lang='lat' dir='ltr'><strong>numerum</strong></span> <span class='ocrx_word' id='word_1_346' title='bbox 2917 1703 3093 1772; x_wconf 90' lang='lat' dir='ltr'><strong>posuit</strong></span> <span class='ocrx_word' id='word_1_347' title='bbox 3141 1720 3297 1773; x_wconf 73' lang='lat' dir='ltr'><strong>:qua:</strong></span> <span class='ocrx_word' id='word_1_348' title='bbox 3340 1703 3538 1758; x_wconf 89' lang='lat' dir='ltr'><strong>locutio</strong></span> <span class='ocrx_word' id='word_1_349' title='bbox 3576 1703 3700 1758; x_wconf 87' lang='lat' dir='ltr'><strong>Scri-</strong></span> 
     </span>
    </p>
   </div>
   <div class='ocr_carea' id='block_1_47' title="bbox 2156 1792 3701 1862">
    <p class='ocr_par' dir='ltr' id='par_1_47' title="bbox 2156 1792 3701 1862">
     <span class='ocr_line' id='line_1_47' title="bbox 2156 1792 3701 1862; baseline 0.003 -18"><span class='ocrx_word' id='word_1_350' title='bbox 2156 1792 2320 1861; x_wconf 90' lang='lat' dir='ltr'><strong>pturis</strong></span> <span class='ocrx_word' id='word_1_351' title='bbox 2373 1793 2569 1847; x_wconf 85' lang='lat' dir='ltr'><strong>sanctis</strong></span> <span class='ocrx_word' id='word_1_352' title='bbox 2618 1794 2831 1849; x_wconf 89' lang='lat' dir='ltr'><strong>insolita</strong></span> <span class='ocrx_word' id='word_1_353' title='bbox 2882 1810 2988 1849; x_wconf 90' lang='lat' dir='ltr'><strong>non</strong></span> <span class='ocrx_word' id='word_1_354' title='bbox 3041 1805 3143 1860; x_wconf 87' lang='lat' dir='ltr'><strong>est,</strong></span> <span class='ocrx_word' id='word_1_355' title='bbox 3196 1795 3435 1862; x_wconf 85' lang='lat' dir='ltr'><strong>quamvis</strong></span> <span class='ocrx_word' id='word_1_356' title='bbox 3480 1797 3701 1849; x_wconf 86' lang='lat' dir='ltr'><strong>nonnulli</strong></span> 
     </span>
    </p>
   </div>
   <div class='ocr_carea' id='block_1_48' title="bbox 2150 1879 3704 1952">
    <p class='ocr_par' dir='ltr' id='par_1_48' title="bbox 2150 1879 3704 1952">
     <span class='ocr_line' id='line_1_48' title="bbox 2150 1879 3704 1952; baseline 0.004 -17"><span class='ocrx_word' id='word_1_357' title='bbox 2150 1879 2373 1937; x_wconf 73' lang='lat' dir='ltr'><strong>Codices</strong></span> <span class='ocrx_word' id='word_1_358' title='bbox 2403 1892 2588 1937; x_wconf 84' lang='lat' dir='ltr'><strong>sortem</strong></span> <span class='ocrx_word' id='word_1_359' title='bbox 2631 1885 2970 1952; x_wconf 87' lang='lat' dir='ltr'><strong>reperiantur</strong></span> <span class='ocrx_word' id='word_1_360' title='bbox 2997 1885 3215 1952; x_wconf 89' lang='lat' dir='ltr'><strong>habere,</strong></span> <span class='ocrx_word' id='word_1_361' title='bbox 3244 1901 3349 1939; x_wconf 89' lang='lat' dir='ltr'><strong>non</strong></span> <span class='ocrx_word' id='word_1_362' title='bbox 3374 1896 3553 1940; x_wconf 87' lang='lat' dir='ltr'><strong>sortes.</strong></span> <span class='ocrx_word' id='word_1_363' title='bbox 3581 1888 3704 1941; x_wconf 71' lang='lat' dir='ltr'><strong>hlar-</strong></span> 
     </span>
    </p>
   </div>
   <div class='ocr_carea' id='block_1_49' title="bbox 2150 1976 3703 2047">
    <p class='ocr_par' dir='ltr' id='par_1_49' title="bbox 2150 1976 3703 2047">
     <span class='ocr_line' id='line_1_49' title="bbox 2150 1976 3703 2047; baseline 0.003 -18"><span class='ocrx_word' id='word_1_364' title='bbox 2150 1989 2243 2029; x_wconf 90' lang='lat' dir='ltr'><strong>cus</strong></span> <span class='ocrx_word' id='word_1_365' title='bbox 2275 1977 2450 2044; x_wconf 79' lang='lat' dir='ltr'><strong>itaque</strong></span> <span class='ocrx_word' id='word_1_366' title='bbox 2498 1977 2642 2030; x_wconf 86' lang='lat' dir='ltr'><strong>solus</strong></span> <span class='ocrx_word' id='word_1_367' title='bbox 2674 1976 2888 2032; x_wconf 84' lang='lat' dir='ltr'><strong>videtur</strong></span> <span class='ocrx_word' id='word_1_368' title='bbox 2930 1978 3159 2047; x_wconf 83' lang='lat' dir='ltr'><strong>aliquam</strong></span> <span class='ocrx_word' id='word_1_369' title='bbox 3200 1979 3440 2033; x_wconf 81' lang='lat' dir='ltr'><strong>intulisse</strong></span> <span class='ocrx_word' id='word_1_370' title='bbox 3468 1980 3703 2047; x_wconf 60' lang='lat' dir='ltr'><strong>quastio-</strong></span> 
     </span>
    </p>
   </div>
   <div class='ocr_carea' id='block_1_50' title="bbox 2153 2065 3705 2137">
    <p class='ocr_par' dir='ltr' id='par_1_50' title="bbox 2153 2065 3705 2137">
     <span class='ocr_line' id='line_1_50' title="bbox 2153 2065 3705 2137; baseline 0.003 -20"><span class='ocrx_word' id='word_1_371' title='bbox 2153 2080 2293 2119; x_wconf 89' lang='lat' dir='ltr'><strong>nem.</strong></span> <span class='ocrx_word' id='word_1_372' title='bbox 2330 2065 2561 2120; x_wconf 84' lang='lat' dir='ltr'><strong>Dicendo</strong></span> <span class='ocrx_word' id='word_1_373' title='bbox 2587 2066 2729 2121; x_wconf 90' lang='lat' dir='ltr'><strong>enim</strong></span> <span class='ocrx_word' id='word_1_374' title='bbox 2764 2085 2775 2119; x_wconf 90' lang='lat'><strong>:</strong></span> <span class='ocrx_word' id='word_1_375' title='bbox 2809 2065 3068 2122; x_wconf 83' lang='lat' dir='ltr'><strong>Mittentes</strong></span> <span class='ocrx_word' id='word_1_376' title='bbox 3100 2078 3283 2121; x_wconf 88' lang='lat' dir='ltr'><strong>sortem</strong></span> <span class='ocrx_word' id='word_1_377' title='bbox 3312 2084 3467 2136; x_wconf 82' lang='lat' dir='ltr'><strong>super</strong></span> <span class='ocrx_word' id='word_1_378' title='bbox 3492 2069 3585 2133; x_wconf 88' lang='lat' dir='ltr'><strong>eis,</strong></span> <span class='ocrx_word' id='word_1_379' title='bbox 3606 2071 3705 2137; x_wconf 78' lang='lat' dir='ltr'><strong>quis</strong></span> 
     </span>
    </p>
   </div>
   <div class='ocr_carea' id='block_1_51' title="bbox 2150 2154 3706 2228">
    <p class='ocr_par' dir='ltr' id='par_1_51' title="bbox 2150 2154 3706 2228">
     <span class='ocr_line' id='line_1_51' title="bbox 2150 2154 3706 2228; baseline 0.003 -22"><span class='ocrx_word' id='word_1_380' title='bbox 2150 2156 2270 2223; x_wconf 85' lang='lat' dir='ltr'><strong>quid</strong></span> <span class='ocrx_word' id='word_1_381' title='bbox 2313 2154 2510 2209; x_wconf 89' lang='lat' dir='ltr'><strong>tolleret</strong></span> <span class='ocrx_word' id='word_1_382' title='bbox 2554 2156 2770 2223; x_wconf 75' lang='lat' dir='ltr'><strong>(Marc.</strong></span> <span class='ocrx_word' id='word_1_383' title='bbox 2818 2172 2886 2210; x_wconf 84' lang='lat' dir='ltr'><strong>xv</strong></span> <span class='ocrx_word' id='word_1_384' title='bbox 2916 2158 2974 2227; x_wconf 89' lang='lat'><strong>),</strong></span> <span class='ocrx_word' id='word_1_385' title='bbox 3030 2166 3276 2228; x_wconf 87' lang='lat' dir='ltr'><strong>tanquam</strong></span> <span class='ocrx_word' id='word_1_386' title='bbox 3331 2174 3493 2225; x_wconf 88' lang='lat' dir='ltr'><strong>super</strong></span> <span class='ocrx_word' id='word_1_387' title='bbox 3538 2160 3706 2213; x_wconf 87' lang='lat' dir='ltr'><strong>omni-</strong></span> 
     </span>
    </p>
   </div>
   <div class='ocr_carea' id='block_1_52' title="bbox 2151 2247 3704 2319">
    <p class='ocr_par' dir='ltr' id='par_1_52' title="bbox 2151 2247 3704 2319">
     <span class='ocr_line' id='line_1_52' title="bbox 2151 2247 3704 2319; baseline 0.005 -19"><span class='ocrx_word' id='word_1_388' title='bbox 2151 2247 2247 2300; x_wconf 91' lang='lat' dir='ltr'><strong>bus</strong></span> <span class='ocrx_word' id='word_1_389' title='bbox 2304 2248 2669 2315; x_wconf 88' lang='lat' dir='ltr'><strong>vestimentis,</strong></span> <span class='ocrx_word' id='word_1_390' title='bbox 2720 2264 2823 2303; x_wconf 92' lang='lat' dir='ltr'><strong>non</strong></span> <span class='ocrx_word' id='word_1_391' title='bbox 2876 2264 3038 2319; x_wconf 89' lang='lat' dir='ltr'><strong>super</strong></span> <span class='ocrx_word' id='word_1_392' title='bbox 3085 2251 3198 2305; x_wconf 91' lang='lat' dir='ltr'><strong>sola</strong></span> <span class='ocrx_word' id='word_1_393' title='bbox 3264 2252 3439 2305; x_wconf 89' lang='lat' dir='ltr'><strong>tunica</strong></span> <span class='ocrx_word' id='word_1_394' title='bbox 3492 2267 3606 2308; x_wconf 83' lang='lat' dir='ltr'><strong>sors</strong></span> <span class='ocrx_word' id='word_1_395' title='bbox 3646 2255 3704 2307; x_wconf 85' lang='lat' dir='ltr'><strong>sit</strong></span> 
     </span>
    </p>
   </div>
   <div class='ocr_carea' id='block_1_53' title="bbox 2151 2336 3706 2402">
    <p class='ocr_par' dir='ltr' id='par_1_53' title="bbox 2151 2336 3706 2402">
     <span class='ocr_line' id='line_1_53' title="bbox 2151 2336 3706 2402; baseline 0.006 -13"><span class='ocrx_word' id='word_1_396' title='bbox 2151 2337 2348 2402; x_wconf 88' lang='lat' dir='ltr'><strong>missa,</strong></span> <span class='ocrx_word' id='word_1_397' title='bbox 2408 2336 2612 2393; x_wconf 86' lang='lat' dir='ltr'><strong>locutus</strong></span> <span class='ocrx_word' id='word_1_398' title='bbox 2674 2339 2901 2395; x_wconf 89' lang='lat' dir='ltr'><strong>videtur.</strong></span> <span class='ocrx_word' id='word_1_399' title='bbox 2975 2340 3079 2397; x_wconf 89' lang='lat' dir='ltr'><strong>Sed</strong></span> <span class='ocrx_word' id='word_1_400' title='bbox 3129 2342 3287 2396; x_wconf 89' lang='lat' dir='ltr'><strong>etiam</strong></span> <span class='ocrx_word' id='word_1_401' title='bbox 3341 2343 3427 2398; x_wconf 90' lang='lat' dir='ltr'><strong>hic</strong></span> <span class='ocrx_word' id='word_1_402' title='bbox 3488 2343 3706 2399; x_wconf 54' lang='lat' dir='ltr'><strong>brevitas</strong></span> 
     </span>
    </p>
   </div>
   <div class='ocr_carea' id='block_1_54' title="bbox 2152 2428 3705 2491">
    <p class='ocr_par' dir='ltr' id='par_1_54' title="bbox 2152 2428 3705 2491">
     <span class='ocr_line' id='line_1_54' title="bbox 2152 2428 3705 2491; baseline 0.003 -7"><span class='ocrx_word' id='word_1_403' title='bbox 2152 2428 2538 2486; x_wconf 90' lang='lat' dir='ltr'><strong>obscuritatem</strong></span> <span class='ocrx_word' id='word_1_404' title='bbox 2594 2430 2736 2487; x_wconf 82' lang='lat' dir='ltr'><strong>facit.</strong></span> <span class='ocrx_word' id='word_1_405' title='bbox 2790 2432 2878 2489; x_wconf 89' lang='lat' dir='ltr'><strong>Sic</strong></span> <span class='ocrx_word' id='word_1_406' title='bbox 2931 2434 3071 2488; x_wconf 89' lang='lat' dir='ltr'><strong>enim</strong></span> <span class='ocrx_word' id='word_1_407' title='bbox 3099 2436 3295 2489; x_wconf 87' lang='lat' dir='ltr'><strong>dictum</strong></span> <span class='ocrx_word' id='word_1_408' title='bbox 3348 2446 3428 2491; x_wconf 89' lang='lat' dir='ltr'><strong>est</strong></span> <span class='ocrx_word' id='word_1_409' title='bbox 3477 2447 3705 2491; x_wconf 59' lang='lat' dir='ltr'><strong>mittentes</strong></span> 
     </span>
    </p>
   </div>
   <div class='ocr_carea' id='block_1_55' title="bbox 2154 2527 3705 2595">
    <p class='ocr_par' dir='ltr' id='par_1_55' title="bbox 2154 2527 3705 2595">
     <span class='ocr_line' id='line_1_55' title="bbox 2154 2527 3705 2595; baseline 0.004 -16"><span class='ocrx_word' id='word_1_410' title='bbox 2154 2536 2338 2580; x_wconf 85' lang='lat' dir='ltr'><strong>sortem</strong></span> <span class='ocrx_word' id='word_1_411' title='bbox 2380 2542 2532 2595; x_wconf 87' lang='lat' dir='ltr'><strong>super</strong></span> <span class='ocrx_word' id='word_1_412' title='bbox 2556 2527 2650 2594; x_wconf 90' lang='lat' dir='ltr'><strong>eis,</strong></span> <span class='ocrx_word' id='word_1_413' title='bbox 2684 2541 2746 2583; x_wconf 87' lang='lat' dir='ltr'><strong>ac</strong></span> <span class='ocrx_word' id='word_1_414' title='bbox 2786 2528 2830 2583; x_wconf 84' lang='lat' dir='ltr'><strong>si</strong></span> <span class='ocrx_word' id='word_1_415' title='bbox 2880 2528 3179 2584; x_wconf 89' lang='lat' dir='ltr'><strong>diceretur:</strong></span> <span class='ocrx_word' id='word_1_416' title='bbox 3215 2531 3479 2586; x_wconf 84' lang='lat' dir='ltr'><strong>Mittentes</strong></span> <span class='ocrx_word' id='word_1_417' title='bbox 3523 2545 3705 2587; x_wconf 87' lang='lat' dir='ltr'><strong>sortem</strong></span> 
     </span>
    </p>
   </div>
   <div class='ocr_carea' id='block_1_56' title="bbox 2154 2617 3705 2688">
    <p class='ocr_par' dir='ltr' id='par_1_56' title="bbox 2154 2617 3705 2688">
     <span class='ocr_line' id='line_1_56' title="bbox 2154 2617 3705 2688; baseline 0.003 -18"><span class='ocrx_word' id='word_1_418' title='bbox 2154 2631 2273 2670; x_wconf 89' lang='lat' dir='ltr'><strong>cum</strong></span> <span class='ocrx_word' id='word_1_419' title='bbox 2323 2617 2703 2673; x_wconf 84' lang='lat' dir='ltr'><strong>dividerentur.</strong></span> <span class='ocrx_word' id='word_1_420' title='bbox 2764 2620 2913 2685; x_wconf 84' lang='lat' dir='ltr'><strong>Quod</strong></span> <span class='ocrx_word' id='word_1_421' title='bbox 2964 2632 3017 2676; x_wconf 91' lang='lat' dir='ltr'><strong>et</strong></span> <span class='ocrx_word' id='word_1_422' title='bbox 3068 2623 3261 2677; x_wconf 83' lang='lat' dir='ltr'><strong>factum</strong></span> <span class='ocrx_word' id='word_1_423' title='bbox 3310 2633 3430 2688; x_wconf 86' lang='lat' dir='ltr'><strong>est;</strong></span> <span class='ocrx_word' id='word_1_424' title='bbox 3486 2623 3705 2677; x_wconf 87' lang='lat' dir='ltr'><strong>omnium</strong></span> 
     </span>
    </p>
   </div>
   <div class='ocr_carea' id='block_1_57' title="bbox 2155 2706 3706 2783">
    <p class='ocr_par' dir='ltr' id='par_1_57' title="bbox 2155 2706 3706 2783">
     <span class='ocr_line' id='line_1_57' title="bbox 2155 2706 3706 2783; baseline 0.007 -28"><span class='ocrx_word' id='word_1_425' title='bbox 2155 2706 2351 2776; x_wconf 88' lang='lat' dir='ltr'><strong>quippe</strong></span> <span class='ocrx_word' id='word_1_426' title='bbox 2408 2710 2845 2764; x_wconf 85' lang='lat' dir='ltr'><strong>vestimentorum</strong></span> <span class='ocrx_word' id='word_1_427' title='bbox 2898 2711 3012 2781; x_wconf 80' lang='lat' dir='ltr'><strong>ejus</strong></span> <span class='ocrx_word' id='word_1_428' title='bbox 3070 2713 3262 2767; x_wconf 87' lang='lat' dir='ltr'><strong>divisio</strong></span> <span class='ocrx_word' id='word_1_429' title='bbox 3306 2715 3706 2783; x_wconf 34' lang='lat' dir='ltr'><strong>completa‘nun</strong></span> 
     </span>
    </p>
   </div>
   <div class='ocr_carea' id='block_1_58' title="bbox 2156 2803 3706 2875">
    <p class='ocr_par' dir='ltr' id='par_1_58' title="bbox 2156 2803 3706 2875">
     <span class='ocr_line' id='line_1_58' title="bbox 2156 2803 3706 2875; baseline 0.004 -20"><span class='ocrx_word' id='word_1_430' title='bbox 2156 2812 2321 2866; x_wconf 89' lang='lat' dir='ltr'><strong>esset,</strong></span> <span class='ocrx_word' id='word_1_431' title='bbox 2357 2803 2455 2856; x_wconf 90' lang='lat' dir='ltr'><strong>nisi</strong></span> <span class='ocrx_word' id='word_1_432' title='bbox 2503 2812 2649 2859; x_wconf 88' lang='lat' dir='ltr'><strong>sorte</strong></span> <span class='ocrx_word' id='word_1_433' title='bbox 2674 2804 2953 2859; x_wconf 88' lang='lat' dir='ltr'><strong>claruisset</strong></span> <span class='ocrx_word' id='word_1_434' title='bbox 2982 2808 3101 2875; x_wconf 90' lang='lat' dir='ltr'><strong>quis</strong></span> <span class='ocrx_word' id='word_1_435' title='bbox 3131 2811 3288 2862; x_wconf 91' lang='lat' dir='ltr'><strong>etiam</strong></span> <span class='ocrx_word' id='word_1_436' title='bbox 3318 2809 3457 2861; x_wconf 89' lang='lat' dir='ltr'><strong>illam</strong></span> <span class='ocrx_word' id='word_1_437' title='bbox 3490 2808 3706 2862; x_wconf 90' lang='lat' dir='ltr'><strong>tunicam</strong></span> 
     </span>
    </p>
   </div>
   <div class='ocr_carea' id='block_1_59' title="bbox 2163 2891 3707 2963">
    <p class='ocr_par' dir='ltr' id='par_1_59' title="bbox 2163 2891 3707 2963">
     <span class='ocr_line' id='line_1_59' title="bbox 2163 2891 3707 2963; baseline 0.005 -20"><span class='ocrx_word' id='word_1_438' title='bbox 2163 2891 2392 2956; x_wconf 89' lang='lat' dir='ltr'><strong>tolleret,</strong></span> <span class='ocrx_word' id='word_1_439' title='bbox 2428 2904 2483 2947; x_wconf 90' lang='lat' dir='ltr'><strong>ut</strong></span> <span class='ocrx_word' id='word_1_440' title='bbox 2524 2896 2605 2949; x_wconf 75' lang='lat' dir='ltr'><strong>sic</strong></span> <span class='ocrx_word' id='word_1_441' title='bbox 2636 2896 2908 2951; x_wconf 88' lang='lat' dir='ltr'><strong>contentio</strong></span> <span class='ocrx_word' id='word_1_442' title='bbox 2950 2897 3295 2952; x_wconf 79' lang='lat' dir='ltr'><strong>dividentinm</strong></span> <span class='ocrx_word' id='word_1_443' title='bbox 3349 2898 3603 2963; x_wconf 84' lang='lat' dir='ltr'><strong>ﬁniretur,</strong></span> <span class='ocrx_word' id='word_1_444' title='bbox 3634 2900 3707 2954; x_wconf 84' lang='lat' dir='ltr'><strong>vel</strong></span> 
     </span>
    </p>
   </div>
   <div class='ocr_carea' id='block_1_60' title="bbox 2158 2983 3709 3060">
    <p class='ocr_par' dir='ltr' id='par_1_60' title="bbox 2158 2983 3709 3060">
     <span class='ocr_line' id='line_1_60' title="bbox 2158 2983 3709 3060; baseline 0.006 -25"><span class='ocrx_word' id='word_1_445' title='bbox 2158 2983 2304 3037; x_wconf 88' lang='lat' dir='ltr'><strong>nulla</strong></span> <span class='ocrx_word' id='word_1_446' title='bbox 2335 2987 2509 3053; x_wconf 89' lang='lat' dir='ltr'><strong>potius</strong></span> <span class='ocrx_word' id='word_1_447' title='bbox 2557 2987 2804 3042; x_wconf 86' lang='lat' dir='ltr'><strong>oriretur.</strong></span> <span class='ocrx_word' id='word_1_448' title='bbox 2840 2990 2987 3055; x_wconf 86' lang='lat' dir='ltr'><strong>Quod</strong></span> <span class='ocrx_word' id='word_1_449' title='bbox 3039 3005 3165 3060; x_wconf 85' lang='lat' dir='ltr'><strong>ergo</strong></span> <span class='ocrx_word' id='word_1_450' title='bbox 3191 2990 3300 3044; x_wconf 85' lang='lat' dir='ltr'><strong>ait:</strong></span> <span class='ocrx_word' id='word_1_451' title='bbox 3335 2990 3457 3057; x_wconf 83' lang='lat' dir='ltr'><strong>Quis</strong></span> <span class='ocrx_word' id='word_1_452' title='bbox 3478 2992 3602 3060; x_wconf 83' lang='lat' dir='ltr'><strong>quid</strong></span> <span class='ocrx_word' id='word_1_453' title='bbox 3622 2994 3709 3044; x_wconf 89' lang='lat' dir='ltr'><strong>tol-</strong></span> 
     </span>
    </p>
   </div>
   <div class='ocr_carea' id='block_1_61' title="bbox 489 3073 3709 3177">
    <p class='ocr_par' dir='ltr' id='par_1_61' title="bbox 489 3073 3709 3177">
     <span class='ocr_line' id='line_1_61' title="bbox 489 3073 3709 3177; baseline 0.002 -45"><span class='ocrx_word' id='word_1_454' title='bbox 489 3078 763 3132; x_wconf 75' lang='lat' dir='ltr'><strong>Mantieste</strong></span> <span class='ocrx_word' id='word_1_455' title='bbox 794 3082 989 3145; x_wconf 86' lang='lat' dir='ltr'><strong>quippe</strong></span> <span class='ocrx_word' id='word_1_456' title='bbox 1017 3077 1125 3129; x_wconf 81' lang='lat' dir='ltr'><strong>ait:</strong></span> <span class='ocrx_word' id='word_1_457' title='bbox 1157 3075 1347 3130; x_wconf 83' lang='lat' dir='ltr'><strong>Milites</strong></span> <span class='ocrx_word' id='word_1_458' title='bbox 1375 3092 1496 3147; x_wconf 74' lang='lat' dir='ltr'><strong>ergo</strong></span> <span class='ocrx_word' id='word_1_459' title='bbox 1540 3093 1654 3129; x_wconf 90' lang='lat' dir='ltr'><strong>cum</strong></span> <span class='ocrx_word' id='word_1_460' title='bbox 1683 3078 2049 3140; x_wconf 66' lang='lat' dir='ltr'><strong>cructﬂxtssent</strong></span> <span class='ocrx_word' id='word_1_461' title='bbox 2080 3113 2126 3177; x_wconf 62' lang='grc' dir='ltr'>Ο</span> <span class='ocrx_word' id='word_1_462' title='bbox 2158 3073 2296 3139; x_wconf 86' lang='lat' dir='ltr'><strong>leret,</strong></span> <span class='ocrx_word' id='word_1_463' title='bbox 2350 3075 2776 3145; x_wconf 85' lang='lat' dir='ltr'><strong>quandoquidem</strong></span> <span class='ocrx_word' id='word_1_464' title='bbox 2828 3079 2927 3133; x_wconf 90' lang='lat' dir='ltr'><strong>hoc</strong></span> <span class='ocrx_word' id='word_1_465' title='bbox 2975 3083 3104 3135; x_wconf 90' lang='lat' dir='ltr'><strong>sorti</strong></span> <span class='ocrx_word' id='word_1_466' title='bbox 3151 3082 3455 3150; x_wconf 89' lang='lat' dir='ltr'><strong>deputatur,</strong></span> <span class='ocrx_word' id='word_1_467' title='bbox 3506 3098 3609 3138; x_wconf 88' lang='lat' dir='ltr'><strong>non</strong></span> <span class='ocrx_word' id='word_1_468' title='bbox 3652 3083 3709 3139; x_wconf 85' lang='lat' dir='ltr'><strong>ad</strong></span> 
     </span>
    </p>
   </div>
   <div class='ocr_carea' id='block_1_62' title="bbox 487 3169 2047 3240">
    <p class='ocr_par' dir='ltr' id='par_1_62' title="bbox 487 3169 2047 3240">
     <span class='ocr_line' id='line_1_62' title="bbox 487 3169 2047 3240; baseline 0 -20"><span class='ocrx_word' id='word_1_469' title='bbox 487 3184 623 3233; x_wconf 82' lang='lat' dir='ltr'><strong>eum,</strong></span> <span class='ocrx_word' id='word_1_470' title='bbox 654 3182 953 3239; x_wconf 63' lang='lat' dir='ltr'><strong>acceperunt</strong></span> <span class='ocrx_word' id='word_1_471' title='bbox 1000 3169 1294 3222; x_wconf 83' lang='lat' dir='ltr'><strong>vestimenta</strong></span> <span class='ocrx_word' id='word_1_472' title='bbox 1335 3186 1463 3240; x_wconf 64' lang='lat' dir='ltr'><strong>ejus,</strong></span> <span class='ocrx_word' id='word_1_473' title='bbox 1507 3181 1551 3221; x_wconf 91' lang='lat' dir='ltr'><strong>et</strong></span> <span class='ocrx_word' id='word_1_474' title='bbox 1583 3172 1804 3235; x_wconf 71' lang='lat' dir='ltr'><strong>fecerunt</strong></span> <span class='ocrx_word' id='word_1_475' title='bbox 1834 3179 2047 3232; x_wconf 70' lang='lat' dir='ltr'><strong>quatuor</strong></span> 
     </span>
    </p>
   </div>
   <div class='ocr_carea' id='block_1_63' title="bbox 488 3259 2050 3329">
    <p class='ocr_par' dir='ltr' id='par_1_63' title="bbox 488 3259 2050 3329">
     <span class='ocr_line' id='line_1_63' title="bbox 488 3259 2050 3329; baseline 0.003 -19"><span class='ocrx_word' id='word_1_476' title='bbox 488 3272 676 3328; x_wconf 82' lang='lat' dir='ltr'><strong>partes,</strong></span> <span class='ocrx_word' id='word_1_477' title='bbox 707 3260 974 3329; x_wconf 74' lang='lat' dir='ltr'><strong>unicuique</strong></span> <span class='ocrx_word' id='word_1_478' title='bbox 1024 3260 1171 3312; x_wconf 79' lang='lat' dir='ltr'><strong>militi</strong></span> <span class='ocrx_word' id='word_1_479' title='bbox 1215 3273 1428 3328; x_wconf 86' lang='lat' dir='ltr'><strong>partem,</strong></span> <span class='ocrx_word' id='word_1_480' title='bbox 1469 3272 1515 3313; x_wconf 87' lang='lat' dir='ltr'><strong>et</strong></span> <span class='ocrx_word' id='word_1_481' title='bbox 1558 3270 1803 3313; x_wconf 79' lang='lat' dir='ltr'><strong>tunicam.</strong></span> <span class='ocrx_word' id='word_1_482' title='bbox 1845 3259 2050 3315; x_wconf 83' lang='lat' dir='ltr'><strong>Subau-</strong></span> 
     </span>
    </p>
   </div>
   <div class='ocr_carea' id='block_1_64' title="bbox 487 3352 2051 3447">
    <p class='ocr_par' dir='ltr' id='par_1_64' title="bbox 487 3352 2051 3447">
     <span class='ocr_line' id='line_1_64' title="bbox 487 3352 2051 3447; baseline 0.004 -47"><span class='ocrx_word' id='word_1_483' title='bbox 487 3352 738 3431; x_wconf 74' lang='lat' dir='ltr'><strong>d.t;ndum</strong></span> <span class='ocrx_word' id='word_1_484' title='bbox 773 3360 874 3412; x_wconf 90' lang='lat' dir='ltr'><strong>est,</strong></span> <span class='ocrx_word' id='word_1_485' title='bbox 901 3364 1227 3447; x_wconf 69' lang='lat' dir='ltr'><strong>acceperunt,</strong></span> <span class='ocrx_word' id='word_1_486' title='bbox 1275 3364 1325 3405; x_wconf 93' lang='lat' dir='ltr'><strong>ut</strong></span> <span class='ocrx_word' id='word_1_487' title='bbox 1357 3352 1454 3406; x_wconf 87' lang='lat' dir='ltr'><strong>iste</strong></span> <span class='ocrx_word' id='word_1_488' title='bbox 1484 3352 1551 3406; x_wconf 89' lang='lat' dir='ltr'><strong>sit</strong></span> <span class='ocrx_word' id='word_1_489' title='bbox 1577 3367 1785 3406; x_wconf 89' lang='lat' dir='ltr'><strong>sensus.</strong></span> <span class='ocrx_word' id='word_1_490' title='bbox 1817 3353 2051 3420; x_wconf 83' lang='lat' dir='ltr'><strong>Accepe-</strong></span> 
     </span>
    </p>
   </div>
   <div class='ocr_carea' id='block_1_65' title="bbox 490 3442 2046 3513">
    <p class='ocr_par' dir='ltr' id='par_1_65' title="bbox 490 3442 2046 3513">
     <span class='ocr_line' id='line_1_65' title="bbox 490 3442 2046 3513; baseline 0.004 -21"><span class='ocrx_word' id='word_1_491' title='bbox 490 3455 613 3495; x_wconf 90' lang='lat' dir='ltr'><strong>runt</strong></span> <span class='ocrx_word' id='word_1_492' title='bbox 664 3442 973 3496; x_wconf 88' lang='lat' dir='ltr'><strong>vestimenta</strong></span> <span class='ocrx_word' id='word_1_493' title='bbox 1019 3442 1153 3513; x_wconf 85' lang='lat' dir='ltr'><strong>ejus,</strong></span> <span class='ocrx_word' id='word_1_494' title='bbox 1205 3454 1255 3497; x_wconf 90' lang='lat' dir='ltr'><strong>et</strong></span> <span class='ocrx_word' id='word_1_495' title='bbox 1288 3446 1523 3498; x_wconf 88' lang='lat' dir='ltr'><strong>leccrunt</strong></span> <span class='ocrx_word' id='word_1_496' title='bbox 1578 3456 1803 3513; x_wconf 86' lang='lat' dir='ltr'><strong>quatuor</strong></span> <span class='ocrx_word' id='word_1_497' title='bbox 1852 3458 2046 3513; x_wconf 83' lang='lat' dir='ltr'><strong>partes,</strong></span> 
     </span>
    </p>
   </div>
   <div class='ocr_carea' id='block_1_66' title="bbox 486 3534 2050 3604">
    <p class='ocr_par' dir='ltr' id='par_1_66' title="bbox 486 3534 2050 3604">
     <span class='ocr_line' id='line_1_66' title="bbox 486 3534 2050 3604; baseline 0.004 -18"><span class='ocrx_word' id='word_1_498' title='bbox 486 3536 770 3599; x_wconf 83' lang='lat' dir='ltr'><strong>unicuique</strong></span> <span class='ocrx_word' id='word_1_499' title='bbox 799 3534 949 3587; x_wconf 83' lang='lat' dir='ltr'><strong>militi</strong></span> <span class='ocrx_word' id='word_1_500' title='bbox 989 3546 1218 3602; x_wconf 86' lang='lat' dir='ltr'><strong>partem.</strong></span> <span class='ocrx_word' id='word_1_501' title='bbox 1248 3535 1577 3604; x_wconf 78' lang='lat' dir='ltr'><strong>Acceperunt</strong></span> <span class='ocrx_word' id='word_1_502' title='bbox 1605 3547 1651 3590; x_wconf 91' lang='lat' dir='ltr'><strong>et</strong></span> <span class='ocrx_word' id='word_1_503' title='bbox 1688 3538 1919 3590; x_wconf 86' lang='lat' dir='ltr'><strong>tunicam</strong></span> <span class='ocrx_word' id='word_1_504' title='bbox 1950 3555 1963 3601; x_wconf 87' lang='lat'><strong>;</strong></span> <span class='ocrx_word' id='word_1_505' title='bbox 1997 3545 2050 3592; x_wconf 91' lang='lat' dir='ltr'><strong>et</strong></span> 
     </span>
    </p>
   </div>
   <div class='ocr_carea' id='block_1_67' title="bbox 485 3626 2047 3691">
    <p class='ocr_par' dir='ltr' id='par_1_67' title="bbox 485 3626 2047 3691">
     <span class='ocr_line' id='line_1_67' title="bbox 485 3626 2047 3691; baseline 0.001 -13"><span class='ocrx_word' id='word_1_506' title='bbox 485 3628 562 3678; x_wconf 84' lang='lat' dir='ltr'><strong>sic</strong></span> <span class='ocrx_word' id='word_1_507' title='bbox 613 3628 817 3678; x_wconf 80' lang='lat' dir='ltr'><strong>locutus</strong></span> <span class='ocrx_word' id='word_1_508' title='bbox 865 3634 982 3691; x_wconf 90' lang='lat' dir='ltr'><strong>est,</strong></span> <span class='ocrx_word' id='word_1_509' title='bbox 1032 3634 1088 3678; x_wconf 93' lang='lat' dir='ltr'><strong>ut</strong></span> <span class='ocrx_word' id='word_1_510' title='bbox 1140 3626 1205 3678; x_wconf 89' lang='lat' dir='ltr'><strong>de</strong></span> <span class='ocrx_word' id='word_1_511' title='bbox 1237 3627 1442 3678; x_wconf 69' lang='lat' dir='ltr'><strong>caztcris</strong></span> <span class='ocrx_word' id='word_1_512' title='bbox 1491 3626 1818 3680; x_wconf 80' lang='lat' dir='ltr'><strong>vestimentis</strong></span> <span class='ocrx_word' id='word_1_513' title='bbox 1851 3628 2047 3679; x_wconf 89' lang='lat' dir='ltr'><strong>nullam</strong></span> 
     </span>
    </p>
   </div>
   <div class='ocr_carea' id='block_1_68' title="bbox 482 3716 2048 3787">
    <p class='ocr_par' dir='ltr' id='par_1_68' title="bbox 482 3716 2048 3787">
     <span class='ocr_line' id='line_1_68' title="bbox 482 3716 2048 3787; baseline 0.003 -19"><span class='ocrx_word' id='word_1_514' title='bbox 482 3728 680 3769; x_wconf 76' lang='lat' dir='ltr'><strong>sortem</strong></span> <span class='ocrx_word' id='word_1_515' title='bbox 714 3716 930 3767; x_wconf 83' lang='lat' dir='ltr'><strong>missam</strong></span> <span class='ocrx_word' id='word_1_516' title='bbox 958 3729 1078 3769; x_wconf 91' lang='lat' dir='ltr'><strong>esse</strong></span> <span class='ocrx_word' id='word_1_517' title='bbox 1112 3716 1407 3781; x_wconf 82' lang='lat' dir='ltr'><strong>videamus,</strong></span> <span class='ocrx_word' id='word_1_518' title='bbox 1441 3717 1533 3769; x_wconf 89' lang='lat' dir='ltr'><strong>sed</strong></span> <span class='ocrx_word' id='word_1_519' title='bbox 1576 3717 1641 3771; x_wconf 91' lang='lat' dir='ltr'><strong>de</strong></span> <span class='ocrx_word' id='word_1_520' title='bbox 1674 3718 1869 3781; x_wconf 89' lang='lat' dir='ltr'><strong>tunica,</strong></span> <span class='ocrx_word' id='word_1_521' title='bbox 1893 3734 2048 3787; x_wconf 89' lang='lat' dir='ltr'><strong>quam</strong></span> 
     </span>
    </p>
   </div>
   <div class='ocr_carea' id='block_1_69' title="bbox 480 3809 2048 3876">
    <p class='ocr_par' dir='ltr' id='par_1_69' title="bbox 480 3809 2048 3876">
     <span class='ocr_line' id='line_1_69' title="bbox 480 3809 2048 3876; baseline 0.001 -15"><span class='ocrx_word' id='word_1_522' title='bbox 480 3810 635 3861; x_wconf 85' lang='lat' dir='ltr'><strong>simul</strong></span> <span class='ocrx_word' id='word_1_523' title='bbox 662 3824 779 3861; x_wconf 89' lang='lat' dir='ltr'><strong>cum</strong></span> <span class='ocrx_word' id='word_1_524' title='bbox 811 3809 1021 3861; x_wconf 71' lang='lat' dir='ltr'><strong>ueteris</strong></span> <span class='ocrx_word' id='word_1_525' title='bbox 1051 3820 1393 3876; x_wconf 69' lang='lat' dir='ltr'><strong>acceperunt,</strong></span> <span class='ocrx_word' id='word_1_526' title='bbox 1425 3809 1516 3863; x_wconf 89' lang='lat' dir='ltr'><strong>scd</strong></span> <span class='ocrx_word' id='word_1_527' title='bbox 1562 3824 1665 3863; x_wconf 89' lang='lat' dir='ltr'><strong>non</strong></span> <span class='ocrx_word' id='word_1_528' title='bbox 1696 3810 1945 3863; x_wconf 89' lang='lat' dir='ltr'><strong>similiter</strong></span> <span class='ocrx_word' id='word_1_529' title='bbox 1972 3811 2048 3864; x_wconf 86' lang='lat' dir='ltr'><strong>di-</strong></span> 
     </span>
    </p>
   </div>
   <div class='ocr_carea' id='block_1_70' title="bbox 483 3897 2044 3969">
    <p class='ocr_par' dir='ltr' id='par_1_70' title="bbox 483 3897 2044 3969">
     <span class='ocr_line' id='line_1_70' title="bbox 483 3897 2044 3969; baseline 0.002 -18"><span class='ocrx_word' id='word_1_530' title='bbox 483 3899 739 3951; x_wconf 66' lang='lat' dir='ltr'><strong>VlaCl‘Uﬂl.</strong></span> <span class='ocrx_word' id='word_1_531' title='bbox 777 3897 848 3951; x_wconf 87' lang='lat' dir='ltr'><strong>De</strong></span> <span class='ocrx_word' id='word_1_532' title='bbox 881 3897 979 3952; x_wconf 91' lang='lat' dir='ltr'><strong>hac</strong></span> <span class='ocrx_word' id='word_1_533' title='bbox 1009 3899 1148 3952; x_wconf 88' lang='lat' dir='ltr'><strong>enim</strong></span> <span class='ocrx_word' id='word_1_534' title='bbox 1176 3900 1414 3968; x_wconf 88' lang='lat' dir='ltr'><strong>sequitur</strong></span> <span class='ocrx_word' id='word_1_535' title='bbox 1444 3915 1719 3969; x_wconf 82' lang='lat' dir='ltr'><strong>exponens</strong></span> <span class='ocrx_word' id='word_1_536' title='bbox 1750 3918 1761 3952; x_wconf 89' lang='lat'><strong>:</strong></span> <span class='ocrx_word' id='word_1_537' title='bbox 1797 3899 1925 3953; x_wconf 79' lang='lat' dir='ltr'><strong>Erat</strong></span> <span class='ocrx_word' id='word_1_538' title='bbox 1955 3917 2044 3954; x_wconf 84' lang='lat' dir='ltr'><strong>au-</strong></span> 
     </span>
    </p>
   </div>
   <div class='ocr_carea' id='block_1_71' title="bbox 482 3988 2043 4061">
    <p class='ocr_par' dir='ltr' id='par_1_71' title="bbox 482 3988 2043 4061">
     <span class='ocr_line' id='line_1_71' title="bbox 482 3988 2043 4061; baseline 0.004 -22"><span class='ocrx_word' id='word_1_539' title='bbox 482 3998 580 4041; x_wconf 82' lang='lat' dir='ltr'><strong>tent</strong></span> <span class='ocrx_word' id='word_1_540' title='bbox 628 3988 796 4041; x_wconf 83' lang='lat' dir='ltr'><strong>tunica</strong></span> <span class='ocrx_word' id='word_1_541' title='bbox 830 3989 1167 4053; x_wconf 86' lang='lat' dir='ltr'><strong>iucousutilis,</strong></span> <span class='ocrx_word' id='word_1_542' title='bbox 1200 3990 1412 4060; x_wconf 81' lang='lat' dir='ltr'><strong>desuper</strong></span> <span class='ocrx_word' id='word_1_543' title='bbox 1459 4001 1689 4045; x_wconf 79' lang='lat' dir='ltr'><strong>contexta</strong></span> <span class='ocrx_word' id='word_1_544' title='bbox 1736 4008 1822 4061; x_wconf 89' lang='lat' dir='ltr'><strong>per</strong></span> <span class='ocrx_word' id='word_1_545' title='bbox 1864 4002 2043 4046; x_wconf 88' lang='lat' dir='ltr'><strong>totum.</strong></span> 
     </span>
    </p>
   </div>
   <div class='ocr_carea' id='block_1_72' title="bbox 483 4078 2049 4149">
    <p class='ocr_par' dir='ltr' id='par_1_72' title="bbox 483 4078 2049 4149">
     <span class='ocr_line' id='line_1_72' title="bbox 483 4078 2049 4149; baseline 0.006 -16"><span class='ocrx_word' id='word_1_546' title='bbox 483 4078 593 4134; x_wconf 80' lang='lat' dir='ltr'><strong>Cur</strong></span> <span class='ocrx_word' id='word_1_547' title='bbox 619 4090 791 4134; x_wconf 85' lang='lat' dir='ltr'><strong>autent</strong></span> <span class='ocrx_word' id='word_1_548' title='bbox 825 4081 890 4135; x_wconf 92' lang='lat' dir='ltr'><strong>de</strong></span> <span class='ocrx_word' id='word_1_549' title='bbox 920 4082 1003 4135; x_wconf 84' lang='lat' dir='ltr'><strong>illa</strong></span> <span class='ocrx_word' id='word_1_550' title='bbox 1046 4093 1243 4137; x_wconf 84' lang='lat' dir='ltr'><strong>sortem</strong></span> <span class='ocrx_word' id='word_1_551' title='bbox 1294 4084 1552 4149; x_wconf 89' lang='lat' dir='ltr'><strong>miserint,</strong></span> <span class='ocrx_word' id='word_1_552' title='bbox 1588 4101 1805 4141; x_wconf 80' lang='lat' dir='ltr'><strong>narrans</strong></span> <span class='ocrx_word' id='word_1_553' title='bbox 1842 4104 1853 4139; x_wconf 90' lang='lat'>:</span> <span class='ocrx_word' id='word_1_554' title='bbox 1891 4086 2049 4142; x_wconf 73' lang='lat' dir='ltr'><strong>Dixe-</strong></span> 
     </span>
    </p>
   </div>
   <div class='ocr_carea' id='block_1_73' title="bbox 486 4174 2045 4246">
    <p class='ocr_par' dir='ltr' id='par_1_73' title="bbox 486 4174 2045 4246">
     <span class='ocr_line' id='line_1_73' title="bbox 486 4174 2045 4246; baseline 0.001 -21"><span class='ocrx_word' id='word_1_555' title='bbox 486 4181 602 4225; x_wconf 84' lang='lat' dir='ltr'><strong>runt</strong></span> <span class='ocrx_word' id='word_1_556' title='bbox 634 4187 775 4242; x_wconf 80' lang='lat' dir='ltr'><strong>ergo,</strong></span> <span class='ocrx_word' id='word_1_557' title='bbox 826 4174 1015 4242; x_wconf 85' lang='lat' dir='ltr'><strong>inquit,</strong></span> <span class='ocrx_word' id='word_1_558' title='bbox 1062 4175 1362 4240; x_wconf 80' lang='lat' dir='ltr'><strong>adinvicem,</strong></span> <span class='ocrx_word' id='word_1_559' title='bbox 1408 4175 1529 4229; x_wconf 76' lang='lat' dir='ltr'><strong>Non</strong></span> <span class='ocrx_word' id='word_1_560' title='bbox 1576 4178 1864 4231; x_wconf 86' lang='lat' dir='ltr'><strong>scindamus</strong></span> <span class='ocrx_word' id='word_1_561' title='bbox 1913 4194 2045 4246; x_wconf 80' lang='lat' dir='ltr'><strong>eam,</strong></span> 
     </span>
    </p>
   </div>
   <div class='ocr_carea' id='block_1_74' title="bbox 483 4266 2047 4339">
    <p class='ocr_par' dir='ltr' id='par_1_74' title="bbox 483 4266 2047 4339">
     <span class='ocr_line' id='line_1_74' title="bbox 483 4266 2047 4339; baseline 0.006 -23"><span class='ocrx_word' id='word_1_562' title='bbox 483 4267 573 4316; x_wconf 83' lang='lat' dir='ltr'><strong>sed</strong></span> <span class='ocrx_word' id='word_1_563' title='bbox 599 4266 869 4317; x_wconf 81' lang='lat' dir='ltr'><strong>sortiantur</strong></span> <span class='ocrx_word' id='word_1_564' title='bbox 899 4269 960 4319; x_wconf 84' lang='lat' dir='ltr'><strong>de</strong></span> <span class='ocrx_word' id='word_1_565' title='bbox 988 4266 1076 4320; x_wconf 90' lang='lat' dir='ltr'><strong>illa</strong></span> <span class='ocrx_word' id='word_1_566' title='bbox 1103 4270 1249 4339; x_wconf 80' lang='lat' dir='ltr'><strong>cujus</strong></span> <span class='ocrx_word' id='word_1_567' title='bbox 1276 4269 1358 4321; x_wconf 90' lang='lat' dir='ltr'><strong>sit.</strong></span> <span class='ocrx_word' id='word_1_568' title='bbox 1390 4269 1617 4336; x_wconf 82' lang='lat' dir='ltr'><strong>Apparet</strong></span> <span class='ocrx_word' id='word_1_569' title='bbox 1650 4270 1827 4337; x_wconf 89' lang='lat' dir='ltr'><strong>itaque</strong></span> <span class='ocrx_word' id='word_1_570' title='bbox 1854 4268 1904 4322; x_wconf 93' lang='lat' dir='ltr'><strong>in</strong></span> <span class='ocrx_word' id='word_1_571' title='bbox 1929 4270 2047 4325; x_wconf 87' lang='lat' dir='ltr'><strong>aliis</strong></span> 
     </span>
    </p>
   </div>
   <div class='ocr_carea' id='block_1_75' title="bbox 484 4358 2047 4428">
    <p class='ocr_par' dir='ltr' id='par_1_75' title="bbox 484 4358 2047 4428">
     <span class='ocr_line' id='line_1_75' title="bbox 484 4358 2047 4428; baseline 0.005 -19"><span class='ocrx_word' id='word_1_572' title='bbox 484 4358 719 4411; x_wconf 82' lang='lat' dir='ltr'><strong>vestibus</strong></span> <span class='ocrx_word' id='word_1_573' title='bbox 758 4360 984 4427; x_wconf 70' lang='lat' dir='ltr'><strong>thtiales</strong></span> <span class='ocrx_word' id='word_1_574' title='bbox 1016 4374 1108 4413; x_wconf 92' lang='lat' dir='ltr'><strong>eos</strong></span> <span class='ocrx_word' id='word_1_575' title='bbox 1149 4360 1395 4415; x_wconf 81' lang='lat' dir='ltr'><strong>habuisse</strong></span> <span class='ocrx_word' id='word_1_576' title='bbox 1436 4371 1630 4428; x_wconf 88' lang='lat' dir='ltr'><strong>partes,</strong></span> <span class='ocrx_word' id='word_1_577' title='bbox 1666 4372 1721 4415; x_wconf 88' lang='lat' dir='ltr'><strong>ut</strong></span> <span class='ocrx_word' id='word_1_578' title='bbox 1748 4361 1923 4415; x_wconf 89' lang='lat' dir='ltr'><strong>sortiri</strong></span> <span class='ocrx_word' id='word_1_579' title='bbox 1953 4376 2047 4417; x_wconf 86' lang='lat' dir='ltr'><strong>ne-</strong></span> 
     </span>
    </p>
   </div>
   <div class='ocr_carea' id='block_1_76' title="bbox 2157 3166 3708 3236">
    <p class='ocr_par' dir='ltr' id='par_1_76' title="bbox 2157 3166 3708 3236">
     <span class='ocr_line' id='line_1_76' title="bbox 2157 3166 3708 3236; baseline 0.008 -20"><span class='ocrx_word' id='word_1_580' title='bbox 2157 3166 2333 3219; x_wconf 89' lang='lat' dir='ltr'><strong>omnia</strong></span> <span class='ocrx_word' id='word_1_581' title='bbox 2366 3183 2481 3236; x_wconf 71' lang='lat' dir='ltr'><strong>qua:</strong></span> <span class='ocrx_word' id='word_1_582' title='bbox 2526 3170 2689 3223; x_wconf 87' lang='lat' dir='ltr'><strong>divisa</strong></span> <span class='ocrx_word' id='word_1_583' title='bbox 2739 3179 2863 3224; x_wconf 84' lang='lat' dir='ltr'><strong>sunt</strong></span> <span class='ocrx_word' id='word_1_584' title='bbox 2909 3175 3221 3227; x_wconf 89' lang='lat' dir='ltr'><strong>vestimenta</strong></span> <span class='ocrx_word' id='word_1_585' title='bbox 3254 3174 3587 3229; x_wconf 84' lang='lat' dir='ltr'><strong>referendum</strong></span> <span class='ocrx_word' id='word_1_586' title='bbox 3616 3185 3708 3230; x_wconf 84' lang='lat' dir='ltr'><strong>est.</strong></span> 
     </span>
    </p>
   </div>
   <div class='ocr_carea' id='block_1_77' title="bbox 2156 3254 3710 3332">
    <p class='ocr_par' dir='ltr' id='par_1_77' title="bbox 2156 3254 3710 3332">
     <span class='ocr_line' id='line_1_77' title="bbox 2156 3254 3710 3332; baseline 0.007 -24"><span class='ocrx_word' id='word_1_587' title='bbox 2156 3254 2281 3309; x_wconf 88' lang='lat' dir='ltr'><strong>Sors</strong></span> <span class='ocrx_word' id='word_1_588' title='bbox 2312 3257 2455 3309; x_wconf 88' lang='lat' dir='ltr'><strong>enim</strong></span> <span class='ocrx_word' id='word_1_589' title='bbox 2486 3258 2646 3311; x_wconf 89' lang='lat' dir='ltr'><strong>missa</strong></span> <span class='ocrx_word' id='word_1_590' title='bbox 2674 3268 2777 3322; x_wconf 89' lang='lat' dir='ltr'><strong>est,</strong></span> <span class='ocrx_word' id='word_1_591' title='bbox 2810 3261 2927 3329; x_wconf 92' lang='lat' dir='ltr'><strong>quis</strong></span> <span class='ocrx_word' id='word_1_592' title='bbox 2958 3262 3099 3315; x_wconf 88' lang='lat' dir='ltr'><strong>illam</strong></span> <span class='ocrx_word' id='word_1_593' title='bbox 3136 3266 3365 3317; x_wconf 83' lang='lat' dir='ltr'><strong>tunicam</strong></span> <span class='ocrx_word' id='word_1_594' title='bbox 3396 3264 3625 3332; x_wconf 87' lang='lat' dir='ltr'><strong>tolleret,</strong></span> <span class='ocrx_word' id='word_1_595' title='bbox 3648 3264 3710 3319; x_wconf 83' lang='lat' dir='ltr'><strong>de</strong></span> 
     </span>
    </p>
   </div>
   <div class='ocr_carea' id='block_1_78' title="bbox 2155 3348 3712 3422">
    <p class='ocr_par' dir='ltr' id='par_1_78' title="bbox 2155 3348 3712 3422">
     <span class='ocr_line' id='line_1_78' title="bbox 2155 3348 3712 3422; baseline 0.007 -27"><span class='ocrx_word' id='word_1_596' title='bbox 2155 3358 2253 3410; x_wconf 90' lang='lat' dir='ltr'><strong>qua</strong></span> <span class='ocrx_word' id='word_1_597' title='bbox 2302 3348 2549 3411; x_wconf 89' lang='lat' dir='ltr'><strong>quoniam</strong></span> <span class='ocrx_word' id='word_1_598' title='bbox 2601 3362 2819 3403; x_wconf 89' lang='lat' dir='ltr'><strong>narrare</strong></span> <span class='ocrx_word' id='word_1_599' title='bbox 2852 3352 3191 3419; x_wconf 66' lang='lat' dir='ltr'><strong>praitermisit</strong></span> <span class='ocrx_word' id='word_1_600' title='bbox 3239 3354 3409 3422; x_wconf 88' lang='lat' dir='ltr'><strong>qualis</strong></span> <span class='ocrx_word' id='word_1_601' title='bbox 3456 3354 3634 3420; x_wconf 81' lang='lat' dir='ltr'><strong>fuerit,</strong></span> <span class='ocrx_word' id='word_1_602' title='bbox 3665 3367 3712 3409; x_wconf 84' lang='lat' dir='ltr'><strong>et</strong></span> 
     </span>
    </p>
   </div>
   <div class='ocr_carea' id='block_1_79' title="bbox 2154 3434 3711 3512">
    <p class='ocr_par' dir='ltr' id='par_1_79' title="bbox 2154 3434 3711 3512">
     <span class='ocr_line' id='line_1_79' title="bbox 2154 3434 3711 3512; baseline 0.01 -26"><span class='ocrx_word' id='word_1_603' title='bbox 2154 3434 2606 3503; x_wconf 88' lang='lat' dir='ltr'><strong>quemadmodum</strong></span> <span class='ocrx_word' id='word_1_604' title='bbox 2647 3439 2938 3507; x_wconf 75' lang='lat' dir='ltr'><strong>mquatibus</strong></span> <span class='ocrx_word' id='word_1_605' title='bbox 2989 3440 3140 3496; x_wconf 82' lang='lat' dir='ltr'><strong>factis</strong></span> <span class='ocrx_word' id='word_1_606' title='bbox 3191 3444 3427 3512; x_wconf 87' lang='lat' dir='ltr'><strong>partibus</strong></span> <span class='ocrx_word' id='word_1_607' title='bbox 3471 3445 3589 3498; x_wconf 89' lang='lat' dir='ltr'><strong>sola</strong></span> <span class='ocrx_word' id='word_1_608' title='bbox 3636 3459 3711 3503; x_wconf 72' lang='lat' dir='ltr'><strong>rs-</strong></span> 
     </span>
    </p>
   </div>
   <div class='ocr_carea' id='block_1_80' title="bbox 2153 3532 3706 3599">
    <p class='ocr_par' dir='ltr' id='par_1_80' title="bbox 2153 3532 3706 3599">
     <span class='ocr_line' id='line_1_80' title="bbox 2153 3532 3706 3599; baseline 0.008 -19"><span class='ocrx_word' id='word_1_609' title='bbox 2153 3532 2432 3597; x_wconf 87' lang='lat' dir='ltr'><strong>manserit,</strong></span> <span class='ocrx_word' id='word_1_610' title='bbox 2484 3544 2599 3599; x_wconf 76' lang='lat' dir='ltr'><strong>qua:</strong></span> <span class='ocrx_word' id='word_1_611' title='bbox 2633 3546 2698 3586; x_wconf 89' lang='lat' dir='ltr'><strong>ne</strong></span> <span class='ocrx_word' id='word_1_612' title='bbox 2729 3534 3185 3599; x_wconf 89' lang='lat' dir='ltr'><strong>conscinderetur,</strong></span> <span class='ocrx_word' id='word_1_613' title='bbox 3220 3538 3367 3590; x_wconf 85' lang='lat' dir='ltr'><strong>venit</strong></span> <span class='ocrx_word' id='word_1_614' title='bbox 3408 3538 3456 3591; x_wconf 90' lang='lat' dir='ltr'><strong>in</strong></span> <span class='ocrx_word' id='word_1_615' title='bbox 3488 3549 3706 3599; x_wconf 82' lang='lat' dir='ltr'><strong>sortem,</strong></span> 
     </span>
    </p>
   </div>
   <div class='ocr_carea' id='block_1_81' title="bbox 2156 3622 3710 3694">
    <p class='ocr_par' dir='ltr' id='par_1_81' title="bbox 2156 3622 3710 3694">
     <span class='ocr_line' id='line_1_81' title="bbox 2156 3622 3710 3694; baseline 0.011 -29"><span class='ocrx_word' id='word_1_616' title='bbox 2156 3632 2248 3686; x_wconf 82' lang='lat' dir='ltr'><strong>pro</strong></span> <span class='ocrx_word' id='word_1_617' title='bbox 2282 3634 2340 3673; x_wconf 76' lang='lat' dir='ltr'><strong>ea</strong></span> <span class='ocrx_word' id='word_1_618' title='bbox 2395 3622 2620 3686; x_wconf 86' lang='lat' dir='ltr'><strong>positum</strong></span> <span class='ocrx_word' id='word_1_619' title='bbox 2655 3633 2735 3675; x_wconf 83' lang='lat' dir='ltr'><strong>est</strong></span> <span class='ocrx_word' id='word_1_620' title='bbox 2766 3624 2903 3690; x_wconf 91' lang='lat' dir='ltr'><strong>quod</strong></span> <span class='ocrx_word' id='word_1_621' title='bbox 2952 3626 3059 3677; x_wconf 87' lang='lat' dir='ltr'><strong>ait:</strong></span> <span class='ocrx_word' id='word_1_622' title='bbox 3095 3625 3221 3691; x_wconf 85' lang='lat' dir='ltr'><strong>Quis</strong></span> <span class='ocrx_word' id='word_1_623' title='bbox 3268 3628 3389 3694; x_wconf 84' lang='lat' dir='ltr'><strong>quid</strong></span> <span class='ocrx_word' id='word_1_624' title='bbox 3420 3628 3633 3693; x_wconf 88' lang='lat' dir='ltr'><strong>tolleret,</strong></span> <span class='ocrx_word' id='word_1_625' title='bbox 3663 3630 3710 3682; x_wconf 85' lang='lat' dir='ltr'><strong>id</strong></span> 
     </span>
    </p>
   </div>
   <div class='ocr_carea' id='block_1_82' title="bbox 2159 3710 3711 3783">
    <p class='ocr_par' dir='ltr' id='par_1_82' title="bbox 2159 3710 3711 3783">
     <span class='ocr_line' id='line_1_82' title="bbox 2159 3710 3711 3783; baseline 0.008 -22"><span class='ocrx_word' id='word_1_626' title='bbox 2159 3718 2240 3763; x_wconf 84' lang='lat' dir='ltr'><strong>cst</strong></span> <span class='ocrx_word' id='word_1_627' title='bbox 2271 3728 2281 3761; x_wconf 88' lang='grc'>;</span> <span class='ocrx_word' id='word_1_628' title='bbox 2312 3710 2442 3773; x_wconf 88' lang='lat' dir='ltr'><strong>Quis</strong></span> <span class='ocrx_word' id='word_1_629' title='bbox 2465 3725 2580 3764; x_wconf 90' lang='lat' dir='ltr'><strong>eam</strong></span> <span class='ocrx_word' id='word_1_630' title='bbox 2609 3711 2842 3779; x_wconf 87' lang='lat' dir='ltr'><strong>tolleret,</strong></span> <span class='ocrx_word' id='word_1_631' title='bbox 2873 3724 3117 3783; x_wconf 83' lang='lat' dir='ltr'><strong>tanquam</strong></span> <span class='ocrx_word' id='word_1_632' title='bbox 3148 3717 3191 3769; x_wconf 88' lang='lat' dir='ltr'><strong>si</strong></span> <span class='ocrx_word' id='word_1_633' title='bbox 3223 3726 3385 3771; x_wconf 91' lang='lat' dir='ltr'><strong>totum</strong></span> <span class='ocrx_word' id='word_1_634' title='bbox 3419 3718 3484 3770; x_wconf 84' lang='lat' dir='ltr'><strong>ita</strong></span> <span class='ocrx_word' id='word_1_635' title='bbox 3516 3718 3711 3773; x_wconf 86' lang='lat' dir='ltr'><strong>dicere-</strong></span> 
     </span>
    </p>
   </div>
   <div class='ocr_carea' id='block_1_83' title="bbox 2156 3797 3711 3879">
    <p class='ocr_par' dir='ltr' id='par_1_83' title="bbox 2156 3797 3711 3879">
     <span class='ocr_line' id='line_1_83' title="bbox 2156 3797 3711 3879; baseline 0.008 -29"><span class='ocrx_word' id='word_1_636' title='bbox 2156 3805 2241 3851; x_wconf 88' lang='lat' dir='ltr'><strong>tur</strong></span> <span class='ocrx_word' id='word_1_637' title='bbox 2267 3816 2276 3849; x_wconf 94' lang='lat'>:</span> <span class='ocrx_word' id='word_1_638' title='bbox 2302 3797 2593 3854; x_wconf 81' lang='lat' dir='ltr'><strong>Diviserunt</strong></span> <span class='ocrx_word' id='word_1_639' title='bbox 2619 3805 2908 3857; x_wconf 85' lang='lat' dir='ltr'><strong>vestimenta</strong></span> <span class='ocrx_word' id='word_1_640' title='bbox 2936 3809 3062 3876; x_wconf 86' lang='lat' dir='ltr'><strong>ejus,</strong></span> <span class='ocrx_word' id='word_1_641' title='bbox 3087 3818 3271 3860; x_wconf 87' lang='lat' dir='ltr'><strong>sortem</strong></span> <span class='ocrx_word' id='word_1_642' title='bbox 3305 3810 3548 3862; x_wconf 85' lang='lat' dir='ltr'><strong>mittentes</strong></span> <span class='ocrx_word' id='word_1_643' title='bbox 3572 3825 3711 3879; x_wconf 82' lang='lat' dir='ltr'><strong>super</strong></span> 
     </span>
    </p>
   </div>
   <div class='ocr_carea' id='block_1_84' title="bbox 2152 3890 3708 3969">
    <p class='ocr_par' dir='ltr' id='par_1_84' title="bbox 2152 3890 3708 3969">
     <span class='ocr_line' id='line_1_84' title="bbox 2152 3890 3708 3969; baseline 0.006 -27"><span class='ocrx_word' id='word_1_644' title='bbox 2152 3890 2241 3955; x_wconf 85' lang='lat' dir='ltr'><strong>eis,</strong></span> <span class='ocrx_word' id='word_1_645' title='bbox 2262 3890 2376 3959; x_wconf 92' lang='lat' dir='ltr'><strong>quis</strong></span> <span class='ocrx_word' id='word_1_646' title='bbox 2396 3892 2645 3959; x_wconf 83' lang='lat' dir='ltr'><strong>tunicam,</strong></span> <span class='ocrx_word' id='word_1_647' title='bbox 2667 3910 2781 3963; x_wconf 70' lang='lat' dir='ltr'><strong>qua:</strong></span> <span class='ocrx_word' id='word_1_648' title='bbox 2802 3896 3034 3964; x_wconf 88' lang='lat' dir='ltr'><strong>partibus</strong></span> <span class='ocrx_word' id='word_1_649' title='bbox 3055 3900 3346 3967; x_wconf 61' lang='lat' dir='ltr'><strong>atqualibus</strong></span> <span class='ocrx_word' id='word_1_650' title='bbox 3364 3902 3708 3969; x_wconf 81' lang='lat' dir='ltr'><strong>superfuerat,</strong></span> 
     </span>
    </p>
   </div>
   <div class='ocr_carea' id='block_1_85' title="bbox 2152 3981 3711 4059">
    <p class='ocr_par' dir='ltr' id='par_1_85' title="bbox 2152 3981 3711 4059">
     <span class='ocr_line' id='line_1_85' title="bbox 2152 3981 3711 4059; baseline 0.008 -26"><span class='ocrx_word' id='word_1_651' title='bbox 2152 3981 2379 4035; x_wconf 82' lang='lat' dir='ltr'><strong>tolleret.</strong></span> <span class='ocrx_word' id='word_1_652' title='bbox 2412 3982 2621 4049; x_wconf 56' lang='lat' dir='ltr'><strong>Quaerat</strong></span> <span class='ocrx_word' id='word_1_653' title='bbox 2651 3984 2785 4040; x_wconf 73' lang='lat' dir='ltr'><strong>forte</strong></span> <span class='ocrx_word' id='word_1_654' title='bbox 2832 3988 3047 4058; x_wconf 90' lang='lat' dir='ltr'><strong>aliquis,</strong></span> <span class='ocrx_word' id='word_1_655' title='bbox 3085 3993 3216 4059; x_wconf 87' lang='lat' dir='ltr'><strong>quid</strong></span> <span class='ocrx_word' id='word_1_656' title='bbox 3259 3992 3521 4058; x_wconf 86' lang='lat' dir='ltr'><strong>signiticet</strong></span> <span class='ocrx_word' id='word_1_657' title='bbox 3563 3995 3613 4047; x_wconf 89' lang='lat' dir='ltr'><strong>in</strong></span> <span class='ocrx_word' id='word_1_658' title='bbox 3645 4004 3711 4045; x_wconf 90' lang='lat' dir='ltr'><strong>tot</strong></span> 
     </span>
    </p>
   </div>
   <div class='ocr_carea' id='block_1_86' title="bbox 2154 4077 3710 4147">
    <p class='ocr_par' dir='ltr' id='par_1_86' title="bbox 2154 4077 3710 4147">
     <span class='ocr_line' id='line_1_86' title="bbox 2154 4077 3710 4147; baseline 0.006 -21"><span class='ocrx_word' id='word_1_659' title='bbox 2154 4083 2328 4142; x_wconf 88' lang='lat' dir='ltr'><strong>partes</strong></span> <span class='ocrx_word' id='word_1_660' title='bbox 2359 4077 2803 4132; x_wconf 81' lang='lat' dir='ltr'><strong>vestimentorum</strong></span> <span class='ocrx_word' id='word_1_661' title='bbox 2836 4078 2976 4134; x_wconf 77' lang='lat' dir='ltr'><strong>facta</strong></span> <span class='ocrx_word' id='word_1_662' title='bbox 3009 4081 3223 4147; x_wconf 85' lang='lat' dir='ltr'><strong>divisio,</strong></span> <span class='ocrx_word' id='word_1_663' title='bbox 3257 4092 3309 4137; x_wconf 91' lang='lat' dir='ltr'><strong>et</strong></span> <span class='ocrx_word' id='word_1_664' title='bbox 3331 4083 3396 4137; x_wconf 91' lang='lat' dir='ltr'><strong>de</strong></span> <span class='ocrx_word' id='word_1_665' title='bbox 3429 4087 3601 4139; x_wconf 84' lang='lat' dir='ltr'><strong>tunica</strong></span> <span class='ocrx_word' id='word_1_666' title='bbox 3633 4084 3710 4138; x_wconf 85' lang='lat' dir='ltr'><strong>illa</strong></span> 
     </span>
    </p>
   </div>
   <div class='ocr_carea' id='block_1_87' title="bbox 2151 4169 3711 4238">
    <p class='ocr_par' dir='ltr' id='par_1_87' title="bbox 2151 4169 3711 4238">
     <span class='ocr_line' id='line_1_87' title="bbox 2151 4169 3711 4238; baseline 0.006 -18"><span class='ocrx_word' id='word_1_667' title='bbox 2151 4169 2377 4223; x_wconf 83' lang='lat' dir='ltr'><strong>sortitio.</strong></span> <span class='ocrx_word' id='word_1_668' title='bbox 2442 4169 2837 4238; x_wconf 76' lang='lat' dir='ltr'><strong>Quadripertita</strong></span> <span class='ocrx_word' id='word_1_669' title='bbox 2894 4175 3057 4229; x_wconf 88' lang='lat' dir='ltr'><strong>vestis</strong></span> <span class='ocrx_word' id='word_1_670' title='bbox 3099 4175 3307 4229; x_wconf 88' lang='lat' dir='ltr'><strong>Domini</strong></span> <span class='ocrx_word' id='word_1_671' title='bbox 3366 4178 3531 4231; x_wconf 89' lang='lat' dir='ltr'><strong>nostri</strong></span> <span class='ocrx_word' id='word_1_672' title='bbox 3598 4178 3711 4231; x_wconf 83' lang='lat' dir='ltr'><strong>Jcsu</strong></span> 
     </span>
    </p>
   </div>
   <div class='ocr_carea' id='block_1_88' title="bbox 2154 4260 3709 4338">
    <p class='ocr_par' dir='ltr' id='par_1_88' title="bbox 2154 4260 3709 4338">
     <span class='ocr_line' id='line_1_88' title="bbox 2154 4260 3709 4338; baseline 0.005 -23"><span class='ocrx_word' id='word_1_673' title='bbox 2154 4260 2342 4315; x_wconf 80' lang='lat' dir='ltr'><strong>Christi</strong></span> <span class='ocrx_word' id='word_1_674' title='bbox 2370 4263 2805 4334; x_wconf 91' lang='lat' dir='ltr'><strong>quadripartitam</strong></span> <span class='ocrx_word' id='word_1_675' title='bbox 2836 4264 3080 4334; x_wconf 77' lang='lat' dir='ltr'><strong>ﬁguravit</strong></span> <span class='ocrx_word' id='word_1_676' title='bbox 3108 4269 3221 4335; x_wconf 88' lang='lat' dir='ltr'><strong>ejus</strong></span> <span class='ocrx_word' id='word_1_677' title='bbox 3246 4269 3561 4338; x_wconf 75' lang='lat' dir='ltr'><strong>Ecclesium,</strong></span> <span class='ocrx_word' id='word_1_678' title='bbox 3587 4281 3709 4337; x_wconf 79' lang='lat' dir='ltr'><strong>toto,</strong></span> 
     </span>
    </p>
   </div>
   <div class='ocr_carea' id='block_1_89' title="bbox 2152 4352 3713 4429">
    <p class='ocr_par' dir='ltr' id='par_1_89' title="bbox 2152 4352 3713 4429">
     <span class='ocr_line' id='line_1_89' title="bbox 2152 4352 3713 4429; baseline 0.006 -24"><span class='ocrx_word' id='word_1_679' title='bbox 2152 4352 2375 4419; x_wconf 89' lang='lat' dir='ltr'><strong>scilicet,</strong></span> <span class='ocrx_word' id='word_1_680' title='bbox 2403 4356 2490 4423; x_wconf 90' lang='lat' dir='ltr'><strong>qui</strong></span> <span class='ocrx_word' id='word_1_681' title='bbox 2521 4365 2747 4423; x_wconf 87' lang='lat' dir='ltr'><strong>quatuor</strong></span> <span class='ocrx_word' id='word_1_682' title='bbox 2781 4359 3018 4425; x_wconf 86' lang='lat' dir='ltr'><strong>partibus</strong></span> <span class='ocrx_word' id='word_1_683' title='bbox 3048 4370 3274 4429; x_wconf 89' lang='lat' dir='ltr'><strong>constat,</strong></span> <span class='ocrx_word' id='word_1_684' title='bbox 3307 4372 3564 4416; x_wconf 86' lang='lat' dir='ltr'><strong>terrarum</strong></span> <span class='ocrx_word' id='word_1_685' title='bbox 3594 4367 3713 4417; x_wconf 85' lang='lat' dir='ltr'><strong>orbe</strong></span> 
     </span>
    </p>
   </div>
   <div class='ocr_carea' id='block_1_90' title="bbox 482 4443 2047 4525">
    <p class='ocr_par' dir='ltr' id='par_1_90' title="bbox 482 4452 2047 4517">
     <span class='ocr_line' id='line_1_90' title="bbox 482 4452 2047 4517; baseline 0.004 -14"><span class='ocrx_word' id='word_1_686' title='bbox 482 4465 636 4503; x_wconf 89' lang='lat' dir='ltr'><strong>cesse</strong></span> <span class='ocrx_word' id='word_1_687' title='bbox 669 4466 772 4503; x_wconf 88' lang='lat' dir='ltr'><strong>non</strong></span> <span class='ocrx_word' id='word_1_688' title='bbox 808 4452 960 4504; x_wconf 84' lang='lat' dir='ltr'><strong>tuerit</strong></span> <span class='ocrx_word' id='word_1_689' title='bbox 990 4469 1002 4517; x_wconf 86' lang='lat'><strong>;</strong></span> <span class='ocrx_word' id='word_1_690' title='bbox 1036 4454 1085 4505; x_wconf 89' lang='lat' dir='ltr'><strong>iu</strong></span> <span class='ocrx_word' id='word_1_691' title='bbox 1120 4452 1203 4506; x_wconf 91' lang='lat' dir='ltr'><strong>illa</strong></span> <span class='ocrx_word' id='word_1_692' title='bbox 1249 4468 1375 4507; x_wconf 91' lang='lat' dir='ltr'><strong>vero</strong></span> <span class='ocrx_word' id='word_1_693' title='bbox 1406 4468 1527 4513; x_wconf 87' lang='lat' dir='ltr'><strong>una,</strong></span> <span class='ocrx_word' id='word_1_694' title='bbox 1565 4468 1669 4507; x_wconf 92' lang='lat' dir='ltr'><strong>non</strong></span> <span class='ocrx_word' id='word_1_695' title='bbox 1712 4468 1806 4509; x_wconf 90' lang='lat' dir='ltr'><strong>eos</strong></span> <span class='ocrx_word' id='word_1_696' title='bbox 1849 4454 2047 4509; x_wconf 88' lang='lat' dir='ltr'><strong>habere</strong></span> 
     </span>
    </p>
   </div>
   <div class='ocr_carea' id='block_1_91' title="bbox 2152 4443 3711 4525">
    <p class='ocr_par' dir='ltr' id='par_1_91' title="bbox 2156 4443 3711 4521">
     <span class='ocr_line' id='line_1_91' title="bbox 2156 4443 3711 4521; baseline 0.006 -24"><span class='ocrx_word' id='word_1_697' title='bbox 2156 4443 2422 4510; x_wconf 85' lang='lat' dir='ltr'><strong>dilIusam,</strong></span> <span class='ocrx_word' id='word_1_698' title='bbox 2446 4447 2693 4502; x_wconf 90' lang='lat' dir='ltr'><strong>omnibus</strong></span> <span class='ocrx_word' id='word_1_699' title='bbox 2723 4448 2931 4503; x_wconf 87' lang='lat' dir='ltr'><strong>eisdem</strong></span> <span class='ocrx_word' id='word_1_700' title='bbox 2959 4452 3195 4519; x_wconf 76' lang='lat' dir='ltr'><strong>partibus</strong></span> <span class='ocrx_word' id='word_1_701' title='bbox 3222 4456 3509 4521; x_wconf 75' lang='lat' dir='ltr'><strong>aequaliter,</strong></span> <span class='ocrx_word' id='word_1_702' title='bbox 3540 4456 3589 4508; x_wconf 89' lang='lat' dir='ltr'><strong>id</strong></span> <span class='ocrx_word' id='word_1_703' title='bbox 3620 4466 3711 4519; x_wconf 82' lang='lat' dir='ltr'><strong>est,</strong></span> 
     </span>
    </p>
   </div>
   <div class='ocr_carea' id='block_1_92' title="bbox 491 4542 2052 4615">
    <p class='ocr_par' dir='ltr' id='par_1_92' title="bbox 491 4542 2052 4615">
     <span class='ocr_line' id='line_1_92' title="bbox 491 4542 2052 4615; baseline 0.004 -22"><span class='ocrx_word' id='word_1_704' title='bbox 491 4545 727 4610; x_wconf 87' lang='lat' dir='ltr'><strong>potuisse</strong></span> <span class='ocrx_word' id='word_1_705' title='bbox 756 4542 988 4610; x_wconf 74' lang='lat' dir='ltr'><strong>singulas</strong></span> <span class='ocrx_word' id='word_1_706' title='bbox 1021 4553 1217 4611; x_wconf 84' lang='lat' dir='ltr'><strong>partes,</strong></span> <span class='ocrx_word' id='word_1_707' title='bbox 1252 4545 1350 4597; x_wconf 90' lang='lat' dir='ltr'><strong>nisi</strong></span> <span class='ocrx_word' id='word_1_708' title='bbox 1382 4545 1730 4611; x_wconf 88' lang='lat' dir='ltr'><strong>scinderetur,</strong></span> <span class='ocrx_word' id='word_1_709' title='bbox 1765 4553 1822 4600; x_wconf 93' lang='lat' dir='ltr'><strong>ut</strong></span> <span class='ocrx_word' id='word_1_710' title='bbox 1847 4558 2052 4615; x_wconf 84' lang='lat' dir='ltr'><strong>pannos</strong></span> 
     </span>
    </p>
   </div>
   <div class='ocr_carea' id='block_1_93' title="bbox 490 4632 2052 4703">
    <p class='ocr_par' dir='ltr' id='par_1_93' title="bbox 490 4632 2052 4703">
     <span class='ocr_line' id='line_1_93' title="bbox 490 4632 2052 4703; baseline 0.004 -18"><span class='ocrx_word' id='word_1_711' title='bbox 490 4634 606 4700; x_wconf 88' lang='lat' dir='ltr'><strong>ejus</strong></span> <span class='ocrx_word' id='word_1_712' title='bbox 642 4632 894 4686; x_wconf 76' lang='lat' dir='ltr'><strong>inutiliter</strong></span> <span class='ocrx_word' id='word_1_713' title='bbox 929 4634 1191 4688; x_wconf 89' lang='lat' dir='ltr'><strong>tollerent.</strong></span> <span class='ocrx_word' id='word_1_714' title='bbox 1222 4635 1370 4700; x_wconf 91' lang='lat' dir='ltr'><strong>Quod</strong></span> <span class='ocrx_word' id='word_1_715' title='bbox 1417 4650 1483 4690; x_wconf 88' lang='lat' dir='ltr'><strong>ne</strong></span> <span class='ocrx_word' id='word_1_716' title='bbox 1512 4635 1764 4703; x_wconf 82' lang='lat' dir='ltr'><strong>lacerent,</strong></span> <span class='ocrx_word' id='word_1_717' title='bbox 1794 4637 1857 4691; x_wconf 89' lang='lat' dir='ltr'><strong>ad</strong></span> <span class='ocrx_word' id='word_1_718' title='bbox 1892 4653 2052 4691; x_wconf 89' lang='lat' dir='ltr'><strong>unum</strong></span> 
     </span>
    </p>
   </div>
   <div class='ocr_carea' id='block_1_94' title="bbox 489 4722 2053 4796">
    <p class='ocr_par' dir='ltr' id='par_1_94' title="bbox 489 4722 2053 4796">
     <span class='ocr_line' id='line_1_94' title="bbox 489 4722 2053 4796; baseline 0.006 -25"><span class='ocrx_word' id='word_1_719' title='bbox 489 4736 609 4773; x_wconf 74' lang='grc' dir='ltr'>οειιιι</span> <span class='ocrx_word' id='word_1_720' title='bbox 644 4722 920 4788; x_wconf 73' lang='lat' dir='ltr'><strong>pervenire</strong></span> <span class='ocrx_word' id='word_1_721' title='bbox 948 4722 1224 4777; x_wconf 88' lang='lat' dir='ltr'><strong>sortitione</strong></span> <span class='ocrx_word' id='word_1_722' title='bbox 1256 4725 1574 4780; x_wconf 85' lang='lat' dir='ltr'><strong>maluerunt.</strong></span> <span class='ocrx_word' id='word_1_723' title='bbox 1626 4725 1787 4794; x_wconf 90' lang='lat' dir='ltr'><strong>llujus</strong></span> <span class='ocrx_word' id='word_1_724' title='bbox 1826 4741 2053 4796; x_wconf 83' lang='lat' dir='ltr'><strong>evange-</strong></span> 
     </span>
    </p>
   </div>
   <div class='ocr_carea' id='block_1_95' title="bbox 482 4810 2054 4883">
    <p class='ocr_par' dir='ltr' id='par_1_95' title="bbox 482 4810 2054 4883">
     <span class='ocr_line' id='line_1_95' title="bbox 482 4810 2054 4883; baseline 0.007 -23"><span class='ocrx_word' id='word_1_725' title='bbox 482 4810 621 4862; x_wconf 54' lang='lat' dir='ltr'><strong>listte</strong></span> <span class='ocrx_word' id='word_1_726' title='bbox 672 4812 961 4864; x_wconf 83' lang='lat' dir='ltr'><strong>narrationi</strong></span> <span class='ocrx_word' id='word_1_727' title='bbox 1010 4823 1265 4867; x_wconf 86' lang='lat' dir='ltr'><strong>consonat</strong></span> <span class='ocrx_word' id='word_1_728' title='bbox 1298 4816 1454 4869; x_wconf 90' lang='lat' dir='ltr'><strong>etiam</strong></span> <span class='ocrx_word' id='word_1_729' title='bbox 1508 4816 1875 4883; x_wconf 89' lang='lat' dir='ltr'><strong>propheticum</strong></span> <span class='ocrx_word' id='word_1_730' title='bbox 1908 4819 2054 4872; x_wconf 87' lang='lat' dir='ltr'><strong>testi-</strong></span> 
     </span>
    </p>
   </div>
   <div class='ocr_carea' id='block_1_96' title="bbox 490 4903 2053 4975">
    <p class='ocr_par' dir='ltr' id='par_1_96' title="bbox 490 4903 2053 4975">
     <span class='ocr_line' id='line_1_96' title="bbox 490 4903 2053 4975; baseline 0.005 -25"><span class='ocrx_word' id='word_1_731' title='bbox 490 4903 744 4964; x_wconf 81' lang='lat' dir='ltr'><strong>lliOlllllm,</strong></span> <span class='ocrx_word' id='word_1_732' title='bbox 802 4903 939 4969; x_wconf 80' lang='lat' dir='ltr'><strong>quod</strong></span> <span class='ocrx_word' id='word_1_733' title='bbox 997 4912 1051 4955; x_wconf 88' lang='lat' dir='ltr'><strong>et</strong></span> <span class='ocrx_word' id='word_1_734' title='bbox 1096 4904 1205 4971; x_wconf 74' lang='lat' dir='ltr'><strong>ipse</strong></span> <span class='ocrx_word' id='word_1_735' title='bbox 1256 4905 1507 4959; x_wconf 88' lang='lat' dir='ltr'><strong>continuo</strong></span> <span class='ocrx_word' id='word_1_736' title='bbox 1558 4905 1931 4975; x_wconf 85' lang='lat' dir='ltr'><strong>subjungens:</strong></span> <span class='ocrx_word' id='word_1_737' title='bbox 1987 4906 2053 4959; x_wconf 88' lang='lat' dir='ltr'><strong>Ut</strong></span> 
     </span>
    </p>
   </div>
   <div class='ocr_carea' id='block_1_97' title="bbox 486 4994 2050 5062">
    <p class='ocr_par' dir='ltr' id='par_1_97' title="bbox 486 4994 2050 5062">
     <span class='ocr_line' id='line_1_97' title="bbox 486 4994 2050 5062; baseline 0.005 -19"><span class='ocrx_word' id='word_1_738' title='bbox 486 4994 756 5059; x_wconf 66' lang='lat' dir='ltr'><strong>Scriptura</strong></span> <span class='ocrx_word' id='word_1_739' title='bbox 786 5032 798 5056; x_wconf 90' lang='lat'><strong>,</strong></span> <span class='ocrx_word' id='word_1_740' title='bbox 851 4994 1045 5062; x_wconf 88' lang='lat' dir='ltr'><strong>inquit,</strong></span> <span class='ocrx_word' id='word_1_741' title='bbox 1089 4995 1415 5062; x_wconf 85' lang='lat' dir='ltr'><strong>impleretur,</strong></span> <span class='ocrx_word' id='word_1_742' title='bbox 1450 4996 1621 5052; x_wconf 79' lang='lat' dir='ltr'><strong>dicens</strong></span> <span class='ocrx_word' id='word_1_743' title='bbox 1657 5014 1675 5051; x_wconf 85' lang='lat'><strong>.&#39;</strong></span> <span class='ocrx_word' id='word_1_744' title='bbox 1703 4997 1893 5053; x_wconf 85' lang='lat' dir='ltr'><strong>Partiti</strong></span> <span class='ocrx_word' id='word_1_745' title='bbox 1936 5011 2050 5053; x_wconf 86' lang='lat' dir='ltr'><strong>sunt</strong></span> 
     </span>
    </p>
   </div>
   <div class='ocr_carea' id='block_1_98' title="bbox 484 5089 2052 5152">
    <p class='ocr_par' dir='ltr' id='par_1_98' title="bbox 484 5089 2052 5152">
     <span class='ocr_line' id='line_1_98' title="bbox 484 5089 2052 5152; baseline 0.004 -16"><span class='ocrx_word' id='word_1_746' title='bbox 484 5090 777 5139; x_wconf 80' lang='lat' dir='ltr'><strong>t&#39;cslimenla</strong></span> <span class='ocrx_word' id='word_1_747' title='bbox 822 5103 929 5139; x_wconf 75' lang='lat' dir='ltr'><strong>mea</strong></span> <span class='ocrx_word' id='word_1_748' title='bbox 959 5089 1070 5152; x_wconf 88' lang='lat' dir='ltr'><strong>sibi,</strong></span> <span class='ocrx_word' id='word_1_749' title='bbox 1101 5100 1143 5141; x_wconf 86' lang='lat' dir='ltr'><strong>et</strong></span> <span class='ocrx_word' id='word_1_750' title='bbox 1170 5090 1220 5140; x_wconf 89' lang='lat' dir='ltr'><strong>in</strong></span> <span class='ocrx_word' id='word_1_751' title='bbox 1243 5100 1423 5143; x_wconf 86' lang='lat' dir='ltr'><strong>vestem</strong></span> <span class='ocrx_word' id='word_1_752' title='bbox 1466 5106 1626 5143; x_wconf 89' lang='lat' dir='ltr'><strong>meam</strong></span> <span class='ocrx_word' id='word_1_753' title='bbox 1672 5092 1914 5144; x_wconf 83' lang='lat' dir='ltr'><strong>miserunt</strong></span> <span class='ocrx_word' id='word_1_754' title='bbox 1944 5109 2052 5145; x_wconf 82' lang='lat' dir='ltr'><strong>sor-</strong></span> 
     </span>
    </p>
   </div>
   <div class='ocr_carea' id='block_1_99' title="bbox 472 5179 2048 5252">
    <p class='ocr_par' dir='ltr' id='par_1_99' title="bbox 472 5179 2048 5252">
     <span class='ocr_line' id='line_1_99' title="bbox 472 5179 2048 5252; baseline 0.008 -23"><span class='ocrx_word' id='word_1_755' title='bbox 472 5189 586 5234; x_wconf 79' lang='lat' dir='ltr'><strong>tem.</strong></span> <span class='ocrx_word' id='word_1_756' title='bbox 622 5179 734 5233; x_wconf 83' lang='lat' dir='ltr'><strong>Non</strong></span> <span class='ocrx_word' id='word_1_757' title='bbox 768 5182 907 5233; x_wconf 89' lang='lat' dir='ltr'><strong>enim</strong></span> <span class='ocrx_word' id='word_1_758' title='bbox 940 5183 1009 5233; x_wconf 86' lang='lat' dir='ltr'><strong>ait</strong></span> <span class='ocrx_word' id='word_1_759' title='bbox 1038 5184 1227 5247; x_wconf 87' lang='lat' dir='ltr'><strong>sortiti,</strong></span> <span class='ocrx_word' id='word_1_760' title='bbox 1262 5183 1352 5237; x_wconf 88' lang='lat' dir='ltr'><strong>sed</strong></span> <span class='ocrx_word' id='word_1_761' title='bbox 1405 5186 1595 5252; x_wconf 86' lang='lat' dir='ltr'><strong>partiti.</strong></span> <span class='ocrx_word' id='word_1_762' title='bbox 1639 5186 1745 5241; x_wconf 84' lang='lat' dir='ltr'><strong>Nec</strong></span> <span class='ocrx_word' id='word_1_763' title='bbox 1776 5187 1851 5240; x_wconf 89' lang='lat' dir='ltr'><strong>ait</strong></span> <span class='ocrx_word' id='word_1_764' title='bbox 1880 5204 1893 5239; x_wconf 88' lang='lat'><strong>:</strong></span> <span class='ocrx_word' id='word_1_765' title='bbox 1920 5187 2048 5243; x_wconf 88' lang='lat' dir='ltr'><strong>Sor-</strong></span> 
     </span>
    </p>
   </div>
   <div class='ocr_carea' id='block_1_100' title="bbox 485 5274 2045 5347">
    <p class='ocr_par' dir='ltr' id='par_1_100' title="bbox 485 5274 2045 5347">
     <span class='ocr_line' id='line_1_100' title="bbox 485 5274 2045 5347; baseline 0.006 -22"><span class='ocrx_word' id='word_1_766' title='bbox 485 5275 674 5327; x_wconf 84' lang='lat' dir='ltr'><strong>tientes</strong></span> <span class='ocrx_word' id='word_1_767' title='bbox 723 5274 896 5341; x_wconf 86' lang='lat' dir='ltr'><strong>partiti</strong></span> <span class='ocrx_word' id='word_1_768' title='bbox 931 5285 1047 5327; x_wconf 92' lang='lat' dir='ltr'><strong>sunt</strong></span> <span class='ocrx_word' id='word_1_769' title='bbox 1096 5275 1146 5327; x_wconf 93' lang='lat' dir='ltr'><strong>in</strong></span> <span class='ocrx_word' id='word_1_770' title='bbox 1188 5278 1395 5329; x_wconf 84' lang='lat' dir='ltr'><strong>caeteris</strong></span> <span class='ocrx_word' id='word_1_771' title='bbox 1447 5277 1774 5332; x_wconf 70' lang='lat' dir='ltr'><strong>vestimentis</strong></span> <span class='ocrx_word' id='word_1_772' title='bbox 1822 5290 2045 5347; x_wconf 88' lang='lat' dir='ltr'><strong>sortem,</strong></span> 
     </span>
    </p>
   </div>
   <div class='ocr_carea' id='block_1_101' title="bbox 481 5366 2045 5435">
    <p class='ocr_par' dir='ltr' id='par_1_101' title="bbox 481 5366 2045 5435">
     <span class='ocr_line' id='line_1_101' title="bbox 481 5366 2045 5435; baseline 0.005 -20"><span class='ocrx_word' id='word_1_773' title='bbox 481 5366 695 5417; x_wconf 84' lang='lat' dir='ltr'><strong>omnino</strong></span> <span class='ocrx_word' id='word_1_774' title='bbox 720 5379 821 5418; x_wconf 91' lang='lat' dir='ltr'><strong>non</strong></span> <span class='ocrx_word' id='word_1_775' title='bbox 842 5367 1137 5431; x_wconf 82' lang='lat' dir='ltr'><strong>nominans,</strong></span> <span class='ocrx_word' id='word_1_776' title='bbox 1158 5377 1338 5435; x_wconf 89' lang='lat' dir='ltr'><strong>postea</strong></span> <span class='ocrx_word' id='word_1_777' title='bbox 1362 5368 1493 5421; x_wconf 75' lang='lat' dir='ltr'><strong>dixit</strong></span> <span class='ocrx_word' id='word_1_778' title='bbox 1517 5388 1526 5420; x_wconf 91' lang='lat'>:</span> <span class='ocrx_word' id='word_1_779' title='bbox 1552 5378 1595 5421; x_wconf 88' lang='lat' dir='ltr'><strong>et</strong></span> <span class='ocrx_word' id='word_1_780' title='bbox 1619 5371 1861 5423; x_wconf 83' lang='lat' dir='ltr'><strong>investem</strong></span> <span class='ocrx_word' id='word_1_781' title='bbox 1888 5386 2045 5423; x_wconf 89' lang='lat' dir='ltr'><strong>meam</strong></span> 
     </span>
    </p>
   </div>
   <div class='ocr_carea' id='block_1_102' title="bbox 481 5457 2046 5529">
    <p class='ocr_par' dir='ltr' id='par_1_102' title="bbox 481 5457 2046 5529">
     <span class='ocr_line' id='line_1_102' title="bbox 481 5457 2046 5529; baseline 0.006 -23"><span class='ocrx_word' id='word_1_782' title='bbox 481 5457 721 5507; x_wconf 80' lang='lat' dir='ltr'><strong>miserunt</strong></span> <span class='ocrx_word' id='word_1_783' title='bbox 778 5469 979 5522; x_wconf 82' lang='lat' dir='ltr'><strong>sortem,</strong></span> <span class='ocrx_word' id='word_1_784' title='bbox 1036 5468 1246 5525; x_wconf 83' lang='lat' dir='ltr'><strong>propter</strong></span> <span class='ocrx_word' id='word_1_785' title='bbox 1297 5460 1437 5513; x_wconf 84' lang='lat' dir='ltr'><strong>illam</strong></span> <span class='ocrx_word' id='word_1_786' title='bbox 1494 5462 1746 5529; x_wconf 89' lang='lat' dir='ltr'><strong>reliquam</strong></span> <span class='ocrx_word' id='word_1_787' title='bbox 1792 5464 2046 5517; x_wconf 83' lang='lat' dir='ltr'><strong>tunicam.</strong></span> 
     </span>
    </p>
   </div>
   <div class='ocr_carea' id='block_1_103' title="bbox 482 5548 2051 5623">
    <p class='ocr_par' dir='ltr' id='par_1_103' title="bbox 482 5548 2051 5623">
     <span class='ocr_line' id='line_1_103' title="bbox 482 5548 2051 5623; baseline 0.006 -23"><span class='ocrx_word' id='word_1_788' title='bbox 482 5548 555 5600; x_wconf 80' lang='lat' dir='ltr'><strong>De</strong></span> <span class='ocrx_word' id='word_1_789' title='bbox 586 5562 681 5616; x_wconf 82' lang='lat' dir='ltr'><strong>qua</strong></span> <span class='ocrx_word' id='word_1_790' title='bbox 734 5564 789 5602; x_wconf 91' lang='lat' dir='ltr'><strong>re</strong></span> <span class='ocrx_word' id='word_1_791' title='bbox 818 5549 987 5603; x_wconf 81' lang='lat' dir='ltr'><strong>dicam</strong></span> <span class='ocrx_word' id='word_1_792' title='bbox 1036 5550 1176 5617; x_wconf 90' lang='lat' dir='ltr'><strong>quod</strong></span> <span class='ocrx_word' id='word_1_793' title='bbox 1234 5553 1345 5619; x_wconf 90' lang='lat' dir='ltr'><strong>ipse</strong></span> <span class='ocrx_word' id='word_1_794' title='bbox 1396 5552 1691 5620; x_wconf 79' lang='lat' dir='ltr'><strong>donaverit,</strong></span> <span class='ocrx_word' id='word_1_795' title='bbox 1735 5568 1852 5607; x_wconf 89' lang='lat' dir='ltr'><strong>cum</strong></span> <span class='ocrx_word' id='word_1_796' title='bbox 1904 5558 2051 5623; x_wconf 88' lang='lat' dir='ltr'><strong>prius</strong></span> 
     </span>
    </p>
   </div>
   <div class='ocr_carea' id='block_1_104' title="bbox 478 5642 2047 5715">
    <p class='ocr_par' dir='ltr' id='par_1_104' title="bbox 478 5642 2047 5715">
     <span class='ocr_line' id='line_1_104' title="bbox 478 5642 2047 5715; baseline 0.006 -24"><span class='ocrx_word' id='word_1_797' title='bbox 478 5657 593 5691; x_wconf 73' lang='lat' dir='ltr'><strong>eam</strong></span> <span class='ocrx_word' id='word_1_798' title='bbox 628 5657 741 5709; x_wconf 73' lang='lat' dir='ltr'><strong>qua:</strong></span> <span class='ocrx_word' id='word_1_799' title='bbox 788 5642 985 5695; x_wconf 76' lang='lat' dir='ltr'><strong>aboriri</strong></span> <span class='ocrx_word' id='word_1_800' title='bbox 1021 5652 1213 5709; x_wconf 85' lang='lat' dir='ltr'><strong>potest,</strong></span> <span class='ocrx_word' id='word_1_801' title='bbox 1248 5654 1499 5711; x_wconf 80' lang='lat' dir='ltr'><strong>tanquam</strong></span> <span class='ocrx_word' id='word_1_802' title='bbox 1536 5646 1876 5715; x_wconf 79' lang='lat' dir='ltr'><strong>evangelista:</strong></span> <span class='ocrx_word' id='word_1_803' title='bbox 1908 5647 2047 5701; x_wconf 92' lang='lat' dir='ltr'><strong>inter</strong></span> 
     </span>
    </p>
   </div>
   <div class='ocr_carea' id='block_1_105' title="bbox 481 5732 2045 5805">
    <p class='ocr_par' dir='ltr' id='par_1_105' title="bbox 481 5732 2045 5805">
     <span class='ocr_line' id='line_1_105' title="bbox 481 5732 2045 5805; baseline 0.01 -24"><span class='ocrx_word' id='word_1_804' title='bbox 481 5744 536 5784; x_wconf 84' lang='lat' dir='ltr'><strong>se</strong></span> <span class='ocrx_word' id='word_1_805' title='bbox 558 5732 873 5801; x_wconf 40' lang='lat' dir='ltr'><strong>dixczepem,</strong></span> <span class='ocrx_word' id='word_1_806' title='bbox 901 5735 1214 5787; x_wconf 79' lang='lat' dir='ltr'><strong>calumniam</strong></span> <span class='ocrx_word' id='word_1_807' title='bbox 1243 5736 1643 5805; x_wconf 87' lang='lat' dir='ltr'><strong>propulsavero,</strong></span> <span class='ocrx_word' id='word_1_808' title='bbox 1672 5739 2045 5796; x_wconf 84' lang='lat' dir='ltr'><strong>demonstrans</strong></span> 
     </span>
    </p>
   </div>
   <div class='ocr_carea' id='block_1_106' title="bbox 2158 4540 3715 4613">
    <p class='ocr_par' dir='ltr' id='par_1_106' title="bbox 2158 4540 3715 4613">
     <span class='ocr_line' id='line_1_106' title="bbox 2158 4540 3715 4613; baseline 0.005 -20"><span class='ocrx_word' id='word_1_809' title='bbox 2158 4540 2509 4605; x_wconf 90' lang='lat' dir='ltr'><strong>concorditer,</strong></span> <span class='ocrx_word' id='word_1_810' title='bbox 2555 4540 2918 4597; x_wconf 89' lang='lat' dir='ltr'><strong>distributam.</strong></span> <span class='ocrx_word' id='word_1_811' title='bbox 2974 4544 3193 4611; x_wconf 85' lang='lat' dir='ltr'><strong>PrOpter</strong></span> <span class='ocrx_word' id='word_1_812' title='bbox 3243 4548 3383 4613; x_wconf 89' lang='lat' dir='ltr'><strong>quod</strong></span> <span class='ocrx_word' id='word_1_813' title='bbox 3426 4547 3554 4601; x_wconf 86' lang='lat' dir='ltr'><strong>alibi</strong></span> <span class='ocrx_word' id='word_1_814' title='bbox 3599 4548 3715 4601; x_wconf 73' lang='lat' dir='ltr'><strong>dicit</strong></span> 
     </span>
    </p>
   </div>
   <div class='ocr_carea' id='block_1_107' title="bbox 2158 4633 3715 4709">
    <p class='ocr_par' dir='ltr' id='par_1_107' title="bbox 2158 4633 3715 4709">
     <span class='ocr_line' id='line_1_107' title="bbox 2158 4633 3715 4709; baseline 0.01 -29"><span class='ocrx_word' id='word_1_815' title='bbox 2158 4633 2439 4685; x_wconf 82' lang='lat' dir='ltr'><strong>missurum</strong></span> <span class='ocrx_word' id='word_1_816' title='bbox 2472 4646 2530 4686; x_wconf 90' lang='lat' dir='ltr'><strong>se</strong></span> <span class='ocrx_word' id='word_1_817' title='bbox 2561 4635 2776 4703; x_wconf 80' lang='lat' dir='ltr'><strong>angelos</strong></span> <span class='ocrx_word' id='word_1_818' title='bbox 2809 4649 2955 4699; x_wconf 87' lang='lat' dir='ltr'><strong>suos,</strong></span> <span class='ocrx_word' id='word_1_819' title='bbox 2991 4647 3046 4689; x_wconf 92' lang='lat' dir='ltr'><strong>ut</strong></span> <span class='ocrx_word' id='word_1_820' title='bbox 3079 4638 3329 4707; x_wconf 79' lang='lat' dir='ltr'><strong>colligant</strong></span> <span class='ocrx_word' id='word_1_821' title='bbox 3374 4642 3572 4694; x_wconf 90' lang='lat' dir='ltr'><strong>electos</strong></span> <span class='ocrx_word' id='word_1_822' title='bbox 3611 4642 3715 4709; x_wconf 67' lang='lat' dir='ltr'><strong>ejus</strong></span> 
     </span>
    </p>
   </div>
   <div class='ocr_carea' id='block_1_108' title="bbox 2157 4724 3714 4797">
    <p class='ocr_par' dir='ltr' id='par_1_108' title="bbox 2157 4724 3714 4797">
     <span class='ocr_line' id='line_1_108' title="bbox 2157 4724 3714 4797; baseline 0.008 -25"><span class='ocrx_word' id='word_1_823' title='bbox 2157 4735 2183 4772; x_wconf 90' lang='lat' dir='ltr'><strong>a</strong></span> <span class='ocrx_word' id='word_1_824' title='bbox 2217 4732 2439 4787; x_wconf 87' lang='lat' dir='ltr'><strong>quatuor</strong></span> <span class='ocrx_word' id='word_1_825' title='bbox 2472 4726 2641 4777; x_wconf 90' lang='lat' dir='ltr'><strong>ventis</strong></span> <span class='ocrx_word' id='word_1_826' title='bbox 2674 4732 2688 4794; x_wconf 95' lang='lat'><strong>(</strong></span> <span class='ocrx_word' id='word_1_827' title='bbox 2719 4724 2889 4779; x_wconf 81' lang='lat' dir='ltr'><strong>Marc.</strong></span> <span class='ocrx_word' id='word_1_828' title='bbox 2921 4742 3012 4780; x_wconf 71' lang='grc' dir='ltr'>χιιι</span> <span class='ocrx_word' id='word_1_829' title='bbox 3040 4730 3078 4797; x_wconf 94' lang='grc'><strong>).</strong></span> <span class='ocrx_word' id='word_1_830' title='bbox 3114 4730 3261 4794; x_wconf 69' lang='lat' dir='ltr'><strong>Quod</strong></span> <span class='ocrx_word' id='word_1_831' title='bbox 3286 4732 3408 4797; x_wconf 88' lang='lat' dir='ltr'><strong>quid</strong></span> <span class='ocrx_word' id='word_1_832' title='bbox 3432 4743 3531 4797; x_wconf 84' lang='lat' dir='ltr'><strong>est,</strong></span> <span class='ocrx_word' id='word_1_833' title='bbox 3566 4732 3661 4787; x_wconf 86' lang='lat' dir='ltr'><strong>nisi</strong></span> <span class='ocrx_word' id='word_1_834' title='bbox 3690 4750 3714 4785; x_wconf 93' lang='lat' dir='ltr'><strong>a</strong></span> 
     </span>
    </p>
   </div>
   <div class='ocr_carea' id='block_1_109' title="bbox 2158 4816 3716 4894">
    <p class='ocr_par' dir='ltr' id='par_1_109' title="bbox 2158 4816 3716 4894">
     <span class='ocr_line' id='line_1_109' title="bbox 2158 4816 3716 4894; baseline 0.008 -30"><span class='ocrx_word' id='word_1_835' title='bbox 2158 4823 2386 4881; x_wconf 85' lang='lat' dir='ltr'><strong>quatuor</strong></span> <span class='ocrx_word' id='word_1_836' title='bbox 2425 4816 2659 4883; x_wconf 85' lang='lat' dir='ltr'><strong>partibus</strong></span> <span class='ocrx_word' id='word_1_837' title='bbox 2704 4820 2913 4881; x_wconf 84' lang='lat' dir='ltr'><strong>mundi.</strong></span> <span class='ocrx_word' id='word_1_838' title='bbox 2959 4820 3194 4885; x_wconf 89' lang='lat' dir='ltr'><strong>Oriente,</strong></span> <span class='ocrx_word' id='word_1_839' title='bbox 3221 4824 3532 4889; x_wconf 83' lang='lat' dir='ltr'><strong>Occidente,</strong></span> <span class='ocrx_word' id='word_1_840' title='bbox 3566 4828 3716 4894; x_wconf 85' lang='lat' dir='ltr'><strong>Aqui-</strong></span> 
     </span>
    </p>
   </div>
   <div class='ocr_carea' id='block_1_110' title="bbox 2160 4910 3713 4983">
    <p class='ocr_par' dir='ltr' id='par_1_110' title="bbox 2160 4910 3713 4983">
     <span class='ocr_line' id='line_1_110' title="bbox 2160 4910 3713 4983; baseline 0.005 -22"><span class='ocrx_word' id='word_1_841' title='bbox 2160 4910 2296 4977; x_wconf 89' lang='lat' dir='ltr'><strong>lone,</strong></span> <span class='ocrx_word' id='word_1_842' title='bbox 2335 4922 2387 4965; x_wconf 90' lang='lat' dir='ltr'><strong>et</strong></span> <span class='ocrx_word' id='word_1_843' title='bbox 2418 4912 2678 4967; x_wconf 80' lang='lat' dir='ltr'><strong>Meridie?</strong></span> <span class='ocrx_word' id='word_1_844' title='bbox 2704 4912 2901 4967; x_wconf 86' lang='lat' dir='ltr'><strong>Tunica</strong></span> <span class='ocrx_word' id='word_1_845' title='bbox 2952 4931 3075 4969; x_wconf 89' lang='lat' dir='ltr'><strong>vero</strong></span> <span class='ocrx_word' id='word_1_846' title='bbox 3106 4918 3193 4969; x_wconf 89' lang='lat' dir='ltr'><strong>illa</strong></span> <span class='ocrx_word' id='word_1_847' title='bbox 3242 4920 3452 4983; x_wconf 86' lang='lat' dir='ltr'><strong>sortita,</strong></span> <span class='ocrx_word' id='word_1_848' title='bbox 3486 4922 3713 4972; x_wconf 85' lang='lat' dir='ltr'><strong>omnium</strong></span> 
     </span>
    </p>
   </div>
   <div class='ocr_carea' id='block_1_111' title="bbox 2164 5004 3717 5076">
    <p class='ocr_par' dir='ltr' id='par_1_111' title="bbox 2164 5004 3717 5076">
     <span class='ocr_line' id='line_1_111' title="bbox 2164 5004 3717 5076; baseline 0.005 -23"><span class='ocrx_word' id='word_1_849' title='bbox 2164 5007 2389 5065; x_wconf 80' lang='lat' dir='ltr'><strong>partium</strong></span> <span class='ocrx_word' id='word_1_850' title='bbox 2436 5004 2703 5073; x_wconf 80' lang='lat' dir='ltr'><strong>signiﬁcat</strong></span> <span class='ocrx_word' id='word_1_851' title='bbox 2735 5008 3009 5070; x_wconf 87' lang='lat' dir='ltr'><strong>unitatem,</strong></span> <span class='ocrx_word' id='word_1_852' title='bbox 3050 5024 3168 5076; x_wconf 74' lang='lat' dir='ltr'><strong>quae</strong></span> <span class='ocrx_word' id='word_1_853' title='bbox 3213 5009 3485 5065; x_wconf 83' lang='lat' dir='ltr'><strong>charitatis</strong></span> <span class='ocrx_word' id='word_1_854' title='bbox 3516 5012 3717 5064; x_wconf 80' lang='lat' dir='ltr'><strong>vinculo</strong></span> 
     </span>
    </p>
   </div>
   <div class='ocr_carea' id='block_1_112' title="bbox 2156 5098 3711 5169">
    <p class='ocr_par' dir='ltr' id='par_1_112' title="bbox 2156 5098 3711 5169">
     <span class='ocr_line' id='line_1_112' title="bbox 2156 5098 3711 5169; baseline 0.003 -22"><span class='ocrx_word' id='word_1_855' title='bbox 2156 5098 2471 5150; x_wconf 71' lang='lat' dir='ltr'><strong>(outiuetur.</strong></span> <span class='ocrx_word' id='word_1_856' title='bbox 2506 5099 2576 5152; x_wconf 77' lang='lat' dir='ltr'><strong>lie</strong></span> <span class='ocrx_word' id='word_1_857' title='bbox 2605 5098 2863 5152; x_wconf 89' lang='lat' dir='ltr'><strong>charitate</strong></span> <span class='ocrx_word' id='word_1_858' title='bbox 2888 5110 3062 5154; x_wconf 88' lang='lat' dir='ltr'><strong>autem</strong></span> <span class='ocrx_word' id='word_1_859' title='bbox 3096 5101 3367 5155; x_wconf 88' lang='lat' dir='ltr'><strong>locuturus</strong></span> <span class='ocrx_word' id='word_1_860' title='bbox 3397 5104 3711 5169; x_wconf 81' lang='lat' dir='ltr'><strong>Apostolus:</strong></span> 
     </span>
    </p>
   </div>
   <div class='ocr_carea' id='block_1_113' title="bbox 2156 5190 3718 5259">
    <p class='ocr_par' dir='ltr' id='par_1_113' title="bbox 2156 5190 3718 5259">
     <span class='ocr_line' id='line_1_113' title="bbox 2156 5190 3718 5259; baseline 0 -15"><span class='ocrx_word' id='word_1_861' title='bbox 2156 5190 2743 5259; x_wconf 81' lang='lat' dir='ltr'><strong>Supereminentiorem,</strong></span> <span class='ocrx_word' id='word_1_862' title='bbox 2796 5190 3001 5259; x_wconf 86' lang='lat' dir='ltr'><strong>inquit,</strong></span> <span class='ocrx_word' id='word_1_863' title='bbox 3048 5193 3198 5245; x_wconf 80' lang='lat' dir='ltr'><strong>vitam</strong></span> <span class='ocrx_word' id='word_1_864' title='bbox 3244 5196 3381 5247; x_wconf 78' lang='lat' dir='ltr'><strong>vobis</strong></span> <span class='ocrx_word' id='word_1_865' title='bbox 3433 5197 3718 5247; x_wconf 62' lang='lat' dir='ltr'><strong>demonstro</strong></span> 
     </span>
    </p>
   </div>
   <div class='ocr_carea' id='block_1_114' title="bbox 2154 5282 3715 5354">
    <p class='ocr_par' dir='ltr' id='par_1_114' title="bbox 2154 5282 3715 5354">
     <span class='ocr_line' id='line_1_114' title="bbox 2154 5282 3715 5354; baseline 0.002 -21"><span class='ocrx_word' id='word_1_866' title='bbox 2154 5282 2367 5352; x_wconf 78' lang='lat' dir='ltr'><strong>(Ep/tes.</strong></span> <span class='ocrx_word' id='word_1_867' title='bbox 2394 5287 2487 5353; x_wconf 86' lang='lat' dir='ltr'><strong>tv).</strong></span> <span class='ocrx_word' id='word_1_868' title='bbox 2522 5284 2587 5337; x_wconf 83' lang='lat' dir='ltr'><strong>Et</strong></span> <span class='ocrx_word' id='word_1_869' title='bbox 2612 5284 2713 5337; x_wconf 89' lang='lat' dir='ltr'><strong>alio</strong></span> <span class='ocrx_word' id='word_1_870' title='bbox 2744 5284 2859 5338; x_wconf 81' lang='lat' dir='ltr'><strong>loco</strong></span> <span class='ocrx_word' id='word_1_871' title='bbox 2890 5285 2961 5337; x_wconf 91' lang='lat' dir='ltr'><strong>ait</strong></span> <span class='ocrx_word' id='word_1_872' title='bbox 2992 5284 3329 5354; x_wconf 86' lang='lat' dir='ltr'><strong>:Cognoscere</strong></span> <span class='ocrx_word' id='word_1_873' title='bbox 3366 5288 3518 5339; x_wconf 84' lang='lat' dir='ltr'><strong>etiam</strong></span> <span class='ocrx_word' id='word_1_874' title='bbox 3547 5304 3715 5353; x_wconf 57' lang='lat' dir='ltr'><strong>super.</strong></span> 
     </span>
    </p>
   </div>
   <div class='ocr_carea' id='block_1_115' title="bbox 2152 5373 3715 5443">
    <p class='ocr_par' dir='ltr' id='par_1_115' title="bbox 2152 5373 3715 5443">
     <span class='ocr_line' id='line_1_115' title="bbox 2152 5373 3715 5443; baseline 0 -17"><span class='ocrx_word' id='word_1_875' title='bbox 2152 5377 2447 5429; x_wconf 86' lang='lat' dir='ltr'><strong>eminentem</strong></span> <span class='ocrx_word' id='word_1_876' title='bbox 2491 5376 2711 5429; x_wconf 73' lang='lat' dir='ltr'><strong>scientiw</strong></span> <span class='ocrx_word' id='word_1_877' title='bbox 2766 5374 3064 5428; x_wconf 74' lang='lat' dir='ltr'><strong>charitate&quot;:</strong></span> <span class='ocrx_word' id='word_1_878' title='bbox 3110 5373 3292 5427; x_wconf 80' lang='lat' dir='ltr'><strong>Christi</strong></span> <span class='ocrx_word' id='word_1_879' title='bbox 3326 5376 3554 5443; x_wconf 66' lang='lat' dir='ltr'><strong>(Epiros.</strong></span> <span class='ocrx_word' id='word_1_880' title='bbox 3600 5391 3652 5427; x_wconf 89' lang='grc' dir='ltr'><strong>ιιι</strong></span> <span class='ocrx_word' id='word_1_881' title='bbox 3684 5384 3715 5435; x_wconf 70' lang='lat' dir='ltr'><strong>i.</strong></span> 
     </span>
    </p>
   </div>
   <div class='ocr_carea' id='block_1_116' title="bbox 2154 5466 3716 5536">
    <p class='ocr_par' dir='ltr' id='par_1_116' title="bbox 2154 5466 3716 5536">
     <span class='ocr_line' id='line_1_116' title="bbox 2154 5466 3716 5536; baseline -0.002 -16"><span class='ocrx_word' id='word_1_882' title='bbox 2154 5466 2384 5535; x_wconf 59' lang='lat' dir='ltr'><strong>lietnque</strong></span> <span class='ocrx_word' id='word_1_883' title='bbox 2416 5469 2538 5522; x_wconf 89' lang='lat' dir='ltr'><strong>alibi</strong></span> <span class='ocrx_word' id='word_1_884' title='bbox 2570 5486 2579 5520; x_wconf 89' lang='lat'><strong><em>:</em></strong></span> <span class='ocrx_word' id='word_1_885' title='bbox 2614 5468 2784 5536; x_wconf 88' lang='lat' dir='ltr'><strong>Super</strong></span> <span class='ocrx_word' id='word_1_886' title='bbox 2829 5468 2996 5521; x_wconf 87' lang='lat' dir='ltr'><strong>omnia</strong></span> <span class='ocrx_word' id='word_1_887' title='bbox 3038 5479 3201 5522; x_wconf 76' lang='lat' dir='ltr'><strong>autem</strong></span> <span class='ocrx_word' id='word_1_888' title='bbox 3232 5470 3357 5533; x_wconf 79' lang='lat' dir='ltr'><strong>Ita&#39;c,</strong></span> <span class='ocrx_word' id='word_1_889' title='bbox 3394 5470 3716 5527; x_wconf 72' lang='lat' dir='ltr'><strong>clraritatcm,</strong></span> 
     </span>
    </p>
   </div>
   <div class='ocr_carea' id='block_1_117' title="bbox 2151 5558 3720 5630">
    <p class='ocr_par' dir='ltr' id='par_1_117' title="bbox 2151 5558 3720 5630">
     <span class='ocr_line' id='line_1_117' title="bbox 2151 5558 3720 5630; baseline 0.001 -21"><span class='ocrx_word' id='word_1_890' title='bbox 2151 5574 2262 5627; x_wconf 67' lang='lat' dir='ltr'><strong>quis:</strong></span> <span class='ocrx_word' id='word_1_891' title='bbox 2291 5571 2357 5613; x_wconf 89' lang='lat' dir='ltr'><strong>est</strong></span> <span class='ocrx_word' id='word_1_892' title='bbox 2407 5560 2663 5614; x_wconf 75' lang='lat' dir='ltr'><strong>vinculum</strong></span> <span class='ocrx_word' id='word_1_893' title='bbox 2707 5561 3031 5630; x_wconf 78' lang='lat' dir='ltr'><strong>perfectionis</strong></span> <span class='ocrx_word' id='word_1_894' title='bbox 3083 5558 3315 5627; x_wconf 88' lang='lat' dir='ltr'><strong>(Coloss.</strong></span> <span class='ocrx_word' id='word_1_895' title='bbox 3351 5566 3470 5629; x_wconf 80' lang='grc' dir='ltr'>ιιι).</span> <span class='ocrx_word' id='word_1_896' title='bbox 3509 5563 3564 5615; x_wconf 85' lang='lat' dir='ltr'><strong>Si</strong></span> <span class='ocrx_word' id='word_1_897' title='bbox 3601 5576 3720 5626; x_wconf 69' lang='lat' dir='ltr'><strong>ergo</strong></span> 
     </span>
    </p>
   </div>
   <div class='ocr_carea' id='block_1_118' title="bbox 2152 5652 3718 5720">
    <p class='ocr_par' dir='ltr' id='par_1_118' title="bbox 2152 5652 3718 5720">
     <span class='ocr_line' id='line_1_118' title="bbox 2152 5652 3718 5720; baseline 0 -17"><span class='ocrx_word' id='word_1_898' title='bbox 2152 5652 2381 5706; x_wconf 85' lang='lat' dir='ltr'><strong>charitas</strong></span> <span class='ocrx_word' id='word_1_899' title='bbox 2403 5660 2454 5706; x_wconf 92' lang='lat' dir='ltr'><strong>et</strong></span> <span class='ocrx_word' id='word_1_900' title='bbox 2477 5652 3040 5720; x_wconf 88' lang='lat' dir='ltr'><strong>supereminentiorem</strong></span> <span class='ocrx_word' id='word_1_901' title='bbox 3071 5653 3228 5709; x_wconf 87' lang='lat' dir='ltr'><strong>habet</strong></span> <span class='ocrx_word' id='word_1_902' title='bbox 3258 5654 3418 5719; x_wconf 78' lang='lat' dir='ltr'><strong>viam,</strong></span> <span class='ocrx_word' id='word_1_903' title='bbox 3451 5666 3500 5707; x_wconf 94' lang='lat' dir='ltr'><strong>et</strong></span> <span class='ocrx_word' id='word_1_904' title='bbox 3536 5668 3718 5717; x_wconf 66' lang='lat' dir='ltr'><strong>super-</strong></span> 
     </span>
    </p>
   </div>
   <div class='ocr_carea' id='block_1_119' title="bbox 2154 5742 3717 5815">
    <p class='ocr_par' dir='ltr' id='par_1_119' title="bbox 2154 5742 3717 5815">
     <span class='ocr_line' id='line_1_119' title="bbox 2154 5742 3717 5815; baseline -0.001 -18"><span class='ocrx_word' id='word_1_905' title='bbox 2154 5742 2347 5797; x_wconf 88' lang='lat' dir='ltr'><strong>cminet</strong></span> <span class='ocrx_word' id='word_1_906' title='bbox 2383 5743 2640 5811; x_wconf 69' lang='lat' dir='ltr'><strong>scicntim,</strong></span> <span class='ocrx_word' id='word_1_907' title='bbox 2675 5752 2724 5797; x_wconf 89' lang='lat' dir='ltr'><strong>et</strong></span> <span class='ocrx_word' id='word_1_908' title='bbox 2758 5758 2917 5812; x_wconf 81' lang='lat' dir='ltr'><strong>super</strong></span> <span class='ocrx_word' id='word_1_909' title='bbox 2943 5745 3115 5799; x_wconf 86' lang='lat' dir='ltr'><strong>omnia</strong></span> <span class='ocrx_word' id='word_1_910' title='bbox 3150 5756 3407 5815; x_wconf 68' lang='lat' dir='ltr'><strong>praecepta</strong></span> <span class='ocrx_word' id='word_1_911' title='bbox 3441 5756 3521 5799; x_wconf 83' lang='lat' dir='ltr'><strong>est</strong></span> <span class='ocrx_word' id='word_1_912' title='bbox 3552 5785 3565 5810; x_wconf 93' lang='lat'><strong>,</strong></span> <span class='ocrx_word' id='word_1_913' title='bbox 3619 5760 3717 5796; x_wconf 81' lang='lat' dir='ltr'><strong>me-</strong></span> 
     </span>
    </p>
   </div>
  </div>
