3884 6232
162 401 267 457 915

1121 396 1182 450 ΙΝ
1224 395 1280 451 S.
1322 392 1599 459 JQANNIS
1640 387 2078 444 EVANGELIUM
2122 390 2497 448 EXPUSITIO.

3304 392 3409 451 9M

163 531 273 584 rito
307 528 471 583 vestis
502 540 617 595 quae
647 516 993 595 signiﬁcatur,
1030 520 1248 588 desuper
1288 523 1527 574 contexta
1559 511 1735 581 perhi-
1765 513 1811 570 Α
1843 510 2035 578 lignum
2062 512 2186 565 illud
2217 512 2301 567 ubi
2331 520 2485 567 erant
2516 511 2614 566 ﬁxa
2647 512 2883 567 membra
2915 514 3213 585 morientis,
3242 519 3402 574 etiam

166 624 325 677 betur
361 640 374 674 :
422 618 739 672 incensutilis
787 624 987 681 autem,
1027 629 1092 666 ne
1137 610 1420 680 aliquando
1451 608 1739 664 dissuatur.

167 722 223 765 et
252 711 319 765 ad
354 724 514 762 unum
557 706 819 776 pervenit,
852 706 975 775 quia
1007 704 1059 759 in
1111 718 1276 757 unum
1308 714 1494 755 omnes
1521 696 1741 765 colligit,

165 804 313 857 sicut
356 801 409 854 in
464 798 741 867 apostolis,
785 810 903 851 cum
950 803 1095 849 esset
1148 794 1307 848 etiam
1352 792 1465 860 ipse
1496 800 1745 843 numerus

168 892 559 956 duodenarius,
608 891 657 943 id
690 897 788 950 est,
837 886 1249 957 quadripartitus
1280 886 1418 938 inter
1448 895 1657 944 omnes,
1693 887 1746 933 et

166 996 362 1037 omnes
392 992 571 1036 essent
621 978 954 1046 interrogati,
1007 977 1155 1030 solus
1205 976 1391 1029 Petrus
1424 970 1741 1039 respondit:

168 1072 250 1127 Tu
282 1090 335 1127 es
364 1070 594 1127 Christus
621 1067 795 1123 Filius
826 1067 919 1121 Dei
947 1067 1043 1120 vivi
1076 1064 1285 1135 (Matth.
1317 1063 1409 1133 vn).
1445 1063 1508 1117 Et
1535 1061 1583 1118 ei
1610 1059 1745 1116 dici-

164 1174 256 1219 tur
281 1182 295 1219 :
327 1163 438 1218 Tibi
466 1163 597 1216 dabo
625 1162 787 1215 claves
808 1161 952 1229 regni
981 1159 1220 1212 (telorum
1250 1155 1462 1227 (lbid.);
1496 1166 1744 1227 tanquam

165 1255 369 1327 ligandi
399 1265 451 1310 et
479 1255 718 1308 solvendi
758 1253 903 1307 solus
936 1252 1204 1320 acceperit
1252 1259 1592 1319 potestatem,
1625 1266 1744 1305 cum

161 1356 223 1403 et
247 1346 378 1401 illud
403 1360 537 1401 unus
568 1360 663 1415 pro
691 1343 939 1399 omnibus
963 1341 1175 1406 dixerit,
1210 1350 1263 1395 et
1293 1340 1392 1395 hoc
1422 1357 1541 1396 cum
1573 1342 1747 1396 omni-

163 1442 295 1505 bus,
322 1450 569 1509 tanquam
613 1451 892 1506 personam
920 1450 1114 1503 gerens
1154 1434 1316 1502 ipsius
1346 1434 1566 1489 unitatis
1597 1449 1749 1489 acce-

167 1534 331 1601 perit.
362 1532 484 1586 ldeo
516 1546 652 1585 unus
675 1544 769 1597 pro
794 1528 1062 1592 omnibus,
1094 1528 1211 1596 quia
1247 1528 1420 1581 unitas
1452 1537 1534 1582 est
1558 1528 1611 1581 in
1634 1544 1749 1582 om-

166 1624 350 1678 nibus.
379 1622 532 1678 Unde
580 1632 632 1677 et
672 1622 759 1675 hic
804 1635 924 1674 cum
967 1619 1189 1673 dixisset
1228 1620 1448 1687 desuper
1493 1630 1745 1683 contexta,

164 1720 377 1775 addidit
422 1734 509 1785 per
558 1727 736 1771 totum.
783 1714 917 1781 Quid
968 1713 1013 1768 si
1065 1713 1358 1769 referamus
1404 1713 1468 1767 ad
1511 1712 1560 1767 id
1611 1711 1749 1781 quod

160 1812 432 1881 signiﬁcat
479 1828 495 1867 ε
546 1825 706 1863 nemo
746 1809 862 1876 ejus
914 1817 997 1862 est
1054 1821 1286 1876 expers,
1340 1806 1430 1875 qui
1482 1806 1749 1875 pertinere

161 1903 439 1958 invenitur
463 1903 527 1956 ad
577 1909 744 1955 totum
774 1916 801 1953 a
832 1915 937 1970 quo
982 1910 1112 1962 toto,
1158 1899 1297 1952 sicut
1328 1897 1510 1952 Graeca
1552 1898 1747 1952 indicat

162 1995 346 2063 lingua
394 1994 653 2051 catholica
694 2003 908 2047 vocatur
955 1992 1235 2047 Ecclesia?
1266 1992 1321 2045 In
1371 1999 1518 2045 sorte
1569 1999 1745 2045 autem

160 2088 296 2158 quid
324 2087 427 2142 nisi
477 2087 571 2140 Dei
596 2085 766 2155 gratia
808 2083 1177 2138 commendata
1203 2082 1326 2137 est?
1354 2080 1443 2137 Sic
1474 2080 1667 2150 quippe
1696 2082 1745 2135 in

162 2193 277 2233 uno
303 2178 367 2232 ad
398 2192 587 2232 omnes
620 2176 881 2246 pervenit,
924 2190 1043 2229 cum
1090 2187 1208 2229 sors
1238 2172 1486 2227 omnibus
1530 2172 1745 2240 placuit,

161 2269 289 2338 quia
324 2276 379 2322 et
407 2267 501 2321 Dei
534 2266 697 2337 gratia
746 2267 796 2320 in
846 2265 1049 2320 unitate
1079 2264 1144 2317 ad
1172 2278 1357 2317 omnes
1388 2263 1663 2338 pervenit;
1696 2272 1748 2316 et

163 2375 289 2415 cum
324 2372 442 2413 sors
473 2358 721 2421 mittitur,
748 2373 851 2411 non
887 2369 1132 2424 personae
1156 2354 1489 2423 cujusquam,
1522 2355 1603 2407 vel
1636 2368 1748 2408 me-

168 2452 311 2517 ritis,
356 2452 451 2505 sed
482 2451 691 2505 occulto
723 2449 815 2503 Dei
846 2447 1050 2517 judicio
1083 2446 1309 2501 ceditur.
1340 2444 1446 2499 Nec
1476 2444 1592 2498 idco
1623 2448 1744 2510 ista,

168 2560 279 2599 non
323 2545 522 2613 aliquid
556 2543 677 2598 boni
709 2542 1041 2611 signiﬁcasse
1084 2541 1202 2610 quis
1244 2539 1457 2601 dixerit,
1503 2540 1622 2607 quia
1657 2554 1747 2606 per

167 2636 343 2690 malos
374 2635 512 2688 facta
543 2643 688 2699 sunt,
719 2648 824 2687 non
851 2631 1058 2686 scilicet
1098 2643 1193 2699 per
1219 2643 1331 2696 eos,
1356 2630 1441 2698 qui
1473 2627 1745 2681 Christum

162 2725 358 2789 secuti,
391 2724 487 2779 sed
535 2724 621 2792 qui
668 2732 791 2778 sunt
843 2721 1127 2791 persecuti.
1177 2719 1313 2783 Quid
1344 2719 1485 2773 enim
1517 2716 1582 2771 de
1634 2716 1747 2782 ipsa

160 2831 328 2871 cruce
357 2815 550 2869 dicturi
582 2828 785 2878 sumus,
818 2828 934 2881 qua:
965 2822 1109 2867 certe
1151 2810 1393 2866 similiter
1422 2811 1487 2864 ab
1517 2808 1744 2863 inimicis

163 2918 329 2977 atque
361 2908 543 2975 impiis
569 2904 783 2960 Christo
814 2904 950 2958 facta
981 2914 1034 2958 et
1062 2904 1287 2973 impacta
1312 2903 1437 2958 est?
1477 2902 1542 2956 Et
1570 2912 1742 2956 tamen

166 3014 231 3053 ea
263 2997 555 3068 signiﬁcari
586 3005 733 3052 recte
761 2994 1101 3064 intelligitur,
1140 2993 1280 3061 quod
1310 2994 1385 3047 ait
1415 2991 1701 3060 Apostolus
1729 3008 1739 3042 :

168 3091 298 3155 Qua:
328 3091 391 3143 sit
429 3089 669 3155 latitudo,
699 3098 743 3142 et
789 3087 1076 3158 longitudo,
1106 3095 1152 3139 et
1194 3086 1425 3148 altitudo,
1460 3096 1503 3137 et
1532 3084 1746 3154 profun-

1844 603 2091 655 cathedra
2128 602 2283 662 fuerit
2317 602 2552 672 Magistri
2599 602 2860 659 docentis.
2908 605 2983 660 Ex
3017 606 3114 661 hac
3160 606 3403 664 doctrina

1844 706 1936 747 sua
1959 692 2217 747 didicerat
2241 692 2435 748 Paulus
2458 695 2754 762 apostolus,
2784 696 2923 762 quod
2946 696 3168 752 docebat
3195 700 3411 768 quando

1844 782 2051 865 dicebat
2076 803 2087 837 :
2121 784 2180 839 Si
2207 786 2320 855 quis
2342 794 2509 839 autem
2535 786 2660 849 suis,
2684 796 2727 839 et
2752 787 2968 840 maxime
2992 789 3275 844 domesticis
3304 807 3407 845 non

1844 876 2092 945 providet,
2118 875 2269 941 ﬁdem
2291 886 2460 945 negat,
2493 886 2538 929 et
2568 886 2637 930 est
2659 876 2856 945 inﬁdeli
2876 879 3090 932 deterior
3111 878 3163 952 (I
3187 880 3316 935 Tim.
3336 885 3410 949 ν).

1845 967 1979 1031 Quid
2011 974 2186 1021 autem
2217 968 2408 1034 cuique
2454 977 2556 1021 tam
2589 969 2936 1025 domesticum
2978 985 3133 1040 quam
3165 987 3413 1041 parentes

1846 1055 1986 1121 ﬁliis,
2016 1066 2103 1110 aut
2136 1056 2444 1126 parentibus
2477 1057 2616 1111 ﬁlii?
2664 1058 2830 1127 llujus
2870 1061 3046 1129 itaque
3075 1060 3410 1117 saluberrimi

1848 1150 2117 1216 pru-cepti,
2142 1150 2255 1217 ipse
2284 1148 2533 1218 magister
2556 1158 2884 1217 sanctorum,
2911 1152 2977 1205 de
3003 1151 3182 1219 seipso
3212 1155 3412 1206 cnn~ti~

1848 1240 2026 1293 tuebat
2078 1240 2411 1308 exemplum,
2461 1241 2673 1310 quando
2726 1257 2830 1296 non
2886 1251 2941 1296 ut
2987 1243 3196 1300 fatnulte
3250 1246 3408 1311 Deus,

1846 1345 2001 1399 quam
2033 1340 2308 1387 creaverat
2355 1342 2404 1388 et
2439 1334 2679 1402 regebat,
2727 1336 2820 1389 sed
2860 1345 2917 1389 ut
2949 1339 3097 1392 matri
3146 1339 3305 1393 homo
3344 1321 3416 1394 de.

1847 1437 1948 1489 qua
1996 1434 2203 1477 creatus
2259 1424 2449 1491 fuerat,
2484 1437 2537 1479 et
2578 1442 2733 1496 quam
2788 1428 3139 1498 relinquebat,
3184 1430 3411 1485 alterum

1850 1526 1943 1579 pro
1966 1527 2023 1566 se
2052 1514 2444 1581 quodammodo
2474 1517 2640 1571 ﬁlium
2678 1518 3007 1585 providebat.
3039 1519 3169 1573 Nam
3193 1534 3290 1574 cur
3313 1520 3413 1575 hoc

1850 1602 2053 1665 fecerit,
2086 1605 2227 1671 quod
2252 1607 2490 1671 sequitur
2521 1608 2737 1662 indicat.
2766 1609 2854 1663 Ait
2880 1609 3020 1664 enim
3045 1611 3371 1679 evangelista
3398 1628 3412 1665 :

1850 1691 1933 1745 Ex
1953 1693 2043 1747 illa
2076 1694 2199 1747 hora
2224 1696 2412 1763 accepit
2445 1713 2555 1748 eam
2586 1700 2862 1765 discipulus
2907 1700 2958 1752 in
2998 1716 3111 1767 sua,
3143 1701 3208 1753 de
3236 1702 3416 1771 seipso

1851 1784 2072 1850 dicens;
2104 1787 2182 1840 sic
2224 1789 2417 1855 quippe
2447 1789 2513 1842 de
2540 1803 2597 1841 se
2639 1804 3061 1843 commemorare
3085 1791 3243 1853 solet,
3272 1791 3414 1861 quod

1783 1860 1821 1919 Β
1849 1889 1968 1929 eum
1999 1875 2250 1945 diligebat
2295 1876 2467 1938 lesus,
2502 1878 2589 1946 qui
2637 1881 2815 1948 utique
2862 1895 3072 1947 omnes,
3104 1883 3197 1937 sed
3244 1860 3415 1951 ipsum

1852 1980 1960 2035 pra:
1982 1966 2191 2033 caeteris
2221 1975 2276 2021 et
2303 1968 2612 2021 familiarius
2642 1969 2925 2039 diligebat,
2967 1972 3040 2026 ita
3068 1980 3125 2025 ut
3154 1973 3205 2025 in
3234 1973 3418 2026 convi-

1851 2057 1938 2111 vio
1966 2072 2126 2125 super
2152 2068 2333 2125 pectus
2365 2073 2518 2111 suum
2551 2059 2884 2113 discumbere
2913 2061 3127 2119 laceret.
3158 2060 3332 2115 Credo
3364 2073 3419 2116 ut

1852 2148 2001 2202 istius
2037 2149 2324 2217 Evangelii,
2355 2150 2495 2218 quod
2526 2164 2619 2219 per
2649 2165 2769 2205 eum
2806 2151 2975 2205 fuerat
3006 2152 3412 2221 prtedicaturus,

1849 2238 2079 2293 divinam
2126 2238 2493 2293 excellentiam
2542 2240 2641 2294 hoc
2688 2239 2845 2294 modo
2889 2240 3045 2297 altius
3078 2244 3412 2297 commenda-

1850 2341 1948 2384 ret.
1985 2330 2087 2385 Sed
2139 2330 2190 2384 in
2222 2345 2338 2399 quia
2367 2345 2459 2384 sua
2499 2330 2729 2386 Joannes
2760 2340 2981 2387 matrem
3025 2334 3231 2387 Domini
3261 2348 3418 2388 acce-

1848 2423 1967 2492 pit?
1992 2422 2173 2491 Neque
2221 2424 2360 2479 enim
2411 2439 2515 2479 non
2561 2439 2627 2479 ex
2668 2424 2746 2478 eis
2776 2436 2889 2479 erat
2935 2425 3023 2493 qui
3052 2425 3288 2480 dixerant
3319 2427 3365 2481 ei
3400 2444 3413 2479 ;

1852 2513 1981 2569 Ecce
2023 2531 2112 2568 nos
2152 2516 2431 2569 dimisimus
2471 2516 2671 2580 omnia,
2700 2524 2746 2569 et
2789 2518 2948 2569 secuti
2995 2534 3167 2571 sumus
3192 2526 3275 2583 te;
3320 2518 3414 2571 sed

1850 2607 1920 2661 ibi
1945 2622 2155 2676 quoque
2179 2608 2414 2662 audierat
2440 2623 2454 2661 :
2486 2606 2782 2677 Quicunque
2812 2610 2909 2661 ista
2940 2608 3184 2661 dimiserit
3207 2620 3413 2681 propter

1850 2713 1947 2762 me,
1974 2698 2185 2768 accipiet
2207 2699 2259 2751 in
2288 2699 2379 2751 hoc
2408 2700 2594 2752 sceculo
2615 2700 2802 2753 centies
2821 2708 3013 2752 tantum
3037 2698 3250 2769 (Matth.
3283 2701 3414 2769 xix).

1850 2788 2089 2843 Habebat
2111 2804 2237 2858 ergo
2260 2789 2347 2845 ille
2370 2788 2664 2858 discipulus
2692 2790 3062 2859 centupliciter
3084 2792 3231 2859 plura
3255 2807 3410 2859 quam

1848 2877 2142 2943 dimiserat,
2194 2881 2247 2933 in
2292 2896 2411 2949 qua:
2452 2882 2746 2949 susciperet
2787 2882 2901 2950 ejus
2944 2890 3165 2936 matrem
3206 2882 3295 2950 qui
3329 2883 3419 2936 illa

1848 2969 2160 3024 donaverat.
2188 2970 2292 3025 Sed
2324 2971 2375 3024 in
2400 2985 2460 3024 ea
2484 2971 2737 3025 societate
2768 2971 2952 3025 beatus
2979 2971 3211 3026 Joannes
3234 2988 3417 3041 perre-

1852 3074 2001 3136 perat
2030 3064 2355 3133 centuplum,
2390 3064 2476 3119 ubi
2501 3080 2646 3119 nemo
2679 3064 2871 3119 dicebat
2901 3064 3095 3135 aliquid
3124 3082 3292 3132 suum,
3326 3068 3416 3119 sed

165 3181 290 3233 dum
312 3178 537 3250 (Ephes.
572 3181 673 3247 ιιι).
706 3157 986 3234 Postremo
1016 3177 1141 3247 quid
1173 3185 1254 3231 est
1279 3174 1415 3243 quod
1443 3188 1628 3227 omnes
1657 3188 1745 3227 no-

1852 3168 1992 3211 erant
2021 3157 2123 3212 illis
2154 3159 2323 3211 omnia
2351 3158 2661 3223 communia,
2703 3157 2840 3211 sicut
2870 3158 2921 3211 in
2954 3157 3172 3214 Actibus
3199 3168 3416 3226 ap03to-

1858 3249 2021 3270 Ι......Δ
2056 3249 2305 3270 ---ἰ-.--μ
2342 3257 2414 3270 Α-.
2447 3250 2460 3270 Ι
2487 3247 2505 3270 Δ
2530 3256 2563 3270 ,ο
2611 3246 2669 3270 .-\
2726 3246 2812 3270 σε-
2846 3248 2979 3270 -..ἱέμε
3014 3248 3233 3270 --Α-ι,.1ῗ
3270 3258 3415 3270 Α----

170 3282 365 3327 verunt
412 3270 619 3341 signum
652 3271 871 3337 Christi,
919 3270 1018 3324 nisi
1047 3284 1175 3324 crux
1217 3268 1461 3323 Christi?
1492 3266 1643 3333 Quod
1672 3267 1747 3320 si-

168 3380 331 3433 gnum
388 3364 494 3418 nisi
549 3362 865 3417 adhibeatur
914 3363 1027 3417 sive
1082 3361 1349 3416 frontibus
1400 3360 1750 3423 credentium,

168 3457 282 3511 sive
326 3454 428 3523 ipsi
458 3468 608 3523 aqua;
637 3470 698 3508 ex
745 3469 847 3523 qua
900 3462 1301 3522 rcgenerantur,
1335 3452 1449 3505 sive
1501 3451 1618 3505 oleo
1649 3464 1751 3519 quo

166 3548 467 3605 chrismate
499 3554 790 3615 unguntur,
823 3545 937 3598 sive
966 3542 1234 3598 sacriﬁcio
1275 3557 1380 3611 quo
1407 3541 1639 3604 aluntur,
1673 3539 1751 3592 ni-

167 3638 243 3693 hil
274 3652 463 3693 eorum
495 3636 595 3691 ritc
626 3635 916 3703 perﬁcitur.
946 3634 1225 3701 Quomodo
1254 3647 1382 3702 ergo
1412 3647 1505 3701 per
1535 3632 1584 3685 id
1609 3630 1749 3700 quod

167 3731 294 3786 mali
324 3728 528 3783 faciunt
554 3728 687 3781 nihil
728 3727 854 3781 boni
886 3724 1227 3796 signiﬁcatur,
1274 3723 1484 3793 quando
1516 3736 1609 3789 per
1634 3735 1753 3774 cru-

164 3837 283 3877 cem
318 3820 516 3874 Christi
548 3832 705 3886 quam
756 3816 997 3871 iecerunt
1024 3814 1169 3879 mali,
1204 3814 1253 3866 in
1286 3812 1643 3867 celebratione
1670 3824 1754 3864 sa-

164 3920 573 3967 cramentorum
604 3907 743 3977 ejus,
782 3907 978 3961 bonum
1011 3905 1162 3959 nobis
1193 3919 1350 3975 omne
1380 3902 1662 3972 signatur?
1686 3901 1751 3954 Et

168 4004 353 4057 milites
378 4003 602 4071 quidem,
636 3998 825 4065 inquit,
855 3997 961 4051 hare
993 3996 1237 4063 fecerunt.

244 4094 460 4149 Stabant
488 4100 652 4143 autem
674 4093 829 4159 juxta
856 4103 1056 4140 crucem
1082 4085 1228 4148 Jesu,
1262 4095 1417 4139 mater
1441 4088 1571 4154 ejus,
1602 4094 1649 4136 et
1669 4099 1751 4137 so-

168 4203 257 4239 ror
286 4186 467 4238 matris
496 4185 606 4252 ejus
644 4182 689 4234 .li
701 4182 811 4233 aria
854 4178 1108 4247 CleOphw,
1151 4187 1196 4230 et
1229 4176 1398 4230 Maria
1423 4175 1744 4247 Magdalene.

171 4278 300 4331 Cum
330 4278 534 4331 vidisset
568 4272 854 4344 ergoJesus
878 4282 1114 4336 matrem,
1138 4280 1183 4322 et
1206 4271 1509 4341 discipulum
1538 4279 1752 4323 stantem

166 4388 315 4443 quem
358 4369 622 4436 diligebat,
666 4368 787 4419 dicit
838 4366 989 4418 matri
1036 4380 1140 4417 sua:
1169 4380 1188 4418 :
1217 4363 1426 4427 Mulier,
1459 4380 1570 4418 ecce
1615 4364 1751 4429 [ilius

168 4476 329 4527 tuus;
356 4461 536 4514 deinde
578 4460 700 4512 dicit
754 4459 1050 4527 discipulo:
1096 4456 1225 4509 Ecce
1254 4465 1411 4508 mater
1454 4464 1561 4507 tua.
1594 4452 1659 4506 Et
1690 4470 1751 4507 ea:

1855 3249 2025 3305 lorum
2056 3249 2308 3317 scriptum
2338 3257 2417 3302 est
2446 3247 2582 3316 (Act.
2609 3246 2692 3316 ιι).
2725 3246 2813 3301 Sic
2842 3248 2981 3301 enim
3013 3248 3235 3315 apostoli
3266 3258 3419 3302 erant

1853 3340 1998 3409 quasi
2022 3338 2150 3393 nihil
2177 3340 2432 3405 habentes,
2463 3347 2508 3391 et
2540 3341 2709 3391 omnia
2741 3334 3288 3407 possidentesUlCor.
3319 3340 3418 3404 γι),

1852 3439 1898 3485 et
1918 3430 2310 3485 distribuebatur
2333 3430 2601 3499 unicuique
2623 3438 2774 3499 prout
2792 3430 2970 3499 cuique
2984 3445 3110 3501 Opus
3131 3437 3236 3483 erat
3259 3430 3277 3498 (
3302 3430 3417 3483 Act.

1854 3525 1933 3593 tt);
1959 3524 2096 3578 unde
2118 3523 2514 3593 intelligendum
2539 3530 2621 3576 est
2642 3522 2719 3576 sic
2741 3522 3080 3575 distributum
3104 3520 3265 3576 fuisse
3292 3520 3416 3575 huic

1851 3615 2115 3684 discipulo
2147 3614 2288 3683 quod
2316 3628 2448 3679 Opus
2473 3620 2608 3678 erat,
2637 3622 2700 3665 ut
2724 3612 2832 3665 illic
2864 3610 3019 3665 etiam
3050 3612 3219 3665 beatae
3241 3610 3421 3665 Mariae

1856 3716 2103 3775 tanquam
2134 3706 2317 3759 matris
2348 3708 2461 3775 ejus
2504 3704 2674 3774 portio
2702 3714 3007 3773 poneretur.
3050 3704 3317 3774 Magisque
3342 3706 3419 3758 sic

1852 3798 2111 3853 debemus
2156 3798 2400 3866 accipere
2442 3797 2590 3866 quod
2625 3796 2825 3850 dictum
2877 3804 2999 3850 est:
3029 3794 3109 3848 Ea:
3147 3795 3241 3849 illa
3288 3794 3414 3848 liora

1852 3892 2066 3960 suscepit
2116 3906 2223 3942 eam
2274 3888 2553 3959 discipulus
2600 3888 2653 3941 in
2695 3903 2805 3955 sua,
2858 3894 2913 3939 ut
2961 3886 3023 3939 ad
3074 3884 3188 3955 ejus
3234 3900 3415 3941 curam

1852 3978 2105 4049 quidquid
2144 3980 2191 4034 ei
2223 3988 2363 4032 esset
2394 3976 2768 4041 necessarium,
2820 3975 3126 4045 pertineret.
3172 3974 3419 4044 Suscepit

1853 4084 1982 4139 ergo
2007 4085 2122 4125 eam
2150 4070 2202 4123 in
2231 4081 2468 4135 sua,non
2499 4067 2720 4136 praedia,
2748 4082 2864 4137 qua:
2890 4068 3027 4120 nulla
3058 4067 3266 4136 proprie
3295 4082 3418 4135 pus-

1852 4162 2082 4226 sidebat,
2111 4160 2203 4215 sed
2234 4157 2429 4227 ofﬁcia,
2454 4173 2573 4227 qua:
2603 4158 2809 4226 propria
2839 4156 3234 4225 dispensatione
3261 4171 3416 4212 exse-

1853 4256 2063 4331 quenda
2094 4254 2334 4309 curabat.
2368 4251 2568 4306 Deinde
2599 4249 2867 4320 subjungit
2894 4266 2907 4301 :

1926 4348 2113 4402 Postea
2140 4346 2300 4400 sciens
2333 4343 2484 4398 Iesus
2525 4344 2643 4410 quia
2683 4342 2854 4394 omnia
2899 4347 3244 4393 consummata
3279 4347 3418 4402 sunt,

1852 4453 1906 4498 ut
1946 4446 2377 4496 consummantur
2416 4435 2705 4505 Scriptura,
2755 4434 2922 4486 dicit:
2952 4433 3103 4487 Sitio.
3146 4431 3249 4485 Vas
3298 4448 3418 4503 ergo

166 4556 262 4609 illa
293 4523 422 4607 hora
450 4550 637 4619 accepit
670 4566 780 4602 eam
803 4523 1089 4618 discipulus
1118 4547 1169 4599 in
1195 4562 1308 4601 sua.
1346 4546 1468 4600 llaec
1497 4544 1746 4622 nimirum
1778 4549 1829 4609 ι)
1856 4534 2077 4603 Positum
2101 4538 2206 4585 erat
2244 4538 2384 4582 αεειο
2414 4527 2640 4595 Plenum.
2676 4523 2766 4577 Illi
2794 4534 2974 4576 autem
3018 4525 3281 4622 spongiam
3312 4524 3420 4593 ple-

167 4657 252 4702 est
278 4646 367 4699 illa
400 4646 524 4696 hora
556 4642 621 4696 de
648 4656 754 4710 qua
799 4640 956 4695 Jesus
986 4652 1174 4706 aquam
1204 4650 1560 4691 conversurus
1591 4637 1642 4689 in
1671 4636 1745 4690 vi-

168 4752 294 4791 num
319 4736 524 4789 dixerat
566 4733 761 4786 matri:
796 4730 933 4797 Quid
981 4728 1107 4781 mihi
1158 4737 1205 4780 et
1248 4726 1339 4780 tibi
1383 4735 1477 4792 est,
1523 4726 1749 4781 mulier?

171 4826 421 4880 Nondum
442 4824 569 4878 venit
592 4824 718 4876 hora
739 4838 849 4875 mea
876 4819 1054 4891 (Joan.
1083 4819 1160 4888 ιι).
1190 4818 1337 4873 lianc
1359 4819 1535 4888 itaque
1564 4818 1746 4873 horam

169 4922 517 4993 prmdixeral,
549 4934 668 4988 qua:
700 4929 822 4972 tunc
854 4917 1086 4971 nondum
1115 4923 1357 4975 venerat,
1384 4915 1437 4966 in
1460 4927 1560 4981 qua
1590 4911 1749 4965 debe—

167 5024 252 5068 ret
281 5026 575 5083 agnoscere
605 5008 897 5063 moriturus
928 5008 994 5061 de
1037 5020 1137 5074 qua
1179 5006 1349 5058 luerat
1378 5001 1614 5057 mortalis
1658 5017 1749 5055 na-

170 5114 274 5157 tus.
305 5103 456 5157 Tunc
488 5116 613 5170 ergo
643 5098 824 5153 divina
873 5097 1127 5161 facturus,
1167 5110 1271 5148 non
1301 5093 1623 5156 divinitatis,
1652 5090 1744 5145 sed

169 5194 543 5261 inﬁrmitatis,
587 5202 810 5247 matrem
859 5192 1006 5244 velut
1054 5189 1373 5258 incognitam
1416 5186 1744 5255 repellebat;

171 5302 311 5342 nunc
365 5296 539 5340 autem
598 5285 826 5339 humana
874 5284 980 5352 jam
1037 5280 1260 5351 patiens,
1310 5293 1375 5332 ex
1426 5293 1528 5347 qua
1579 5277 1747 5330 fuerat

172 5376 345 5431 iactus
381 5376 559 5440 homo,
610 5374 803 5430 aﬁ'ectu
850 5370 1259 5427 commendabat
1303 5371 1554 5422 humano.
1599 5368 1746 5421 Tunc

173 5468 313 5523 enim
370 5466 459 5535 qui
510 5463 733 5519 Mariam
780 5474 1054 5518 creaverat
1106 5460 1471 5516 innotescebat
1522 5460 1741 5522 virtute;

176 5576 313 5616 nunc
342 5574 469 5613 vero
498 5558 639 5627 quod
690 5558 846 5611 Maria
881 5565 1157 5626 pepererat
1188 5554 1449 5625 pendebat
1483 5554 1533 5607 in
1566 5568 1741 5608 cruce.

177 5650 392 5706 lict-alis
418 5650 575 5717 igitur
599 5649 895 5701 insinuatur
918 5648 1083 5702 locus.
1103 5646 1252 5701 Facit
1274 5645 1411 5714 quod
1446 5643 1743 5697 iaciendum

179 5742 453 5795 admonet.
489 5738 745 5806 Exemplo
773 5752 870 5791 suo
901 5738 1116 5792 instruit
1144 5738 1449 5804 Praeceptor
1473 5736 1664 5799 bonus,
1691 5744 1745 5787 ut

182 5850 210 5888 ι
250 5830 375 5889 ﬁliis
424 5831 523 5902 piis
564 5830 899 5899 impendatur
942 5845 1068 5884 cura
1116 5829 1444 5900 parentibus,
1495 5836 1743 5896 tanquam

1852 4642 1968 4679 nam
2018 4634 2182 4688 aceto,
2233 4621 2454 4690 Ityssopo
2508 4618 2963 4684 circumpouentes,
3016 4615 3299 4668 obtulerunt
3342 4617 3417 4667 ori

1850 4721 1983 4788 ejus.
2031 4712 2155 4769 Cum
2195 4728 2314 4782 ergo
2356 4710 2627 4779 accepisset
2657 4706 2804 4761 Jesus
2834 4717 3047 4772 acetum,
3082 4706 3211 4758 dixit
3238 4721 3255 4759 :
3284 4704 3419 4760 Con-

1850 4818 2156 4865 summatum
2184 4816 2278 4861 est.
2314 4803 2379 4856 Et
2410 4804 2651 4857 inclinato
2686 4802 2872 4870 capite,
2915 4800 3123 4853 tradidit
3159 4800 3412 4869 spiritum.

1850 4904 1977 4971 Quis
2008 4911 2181 4973 potest
2209 4915 2325 4971 quae
2354 4898 2499 4962 facit,
2524 4898 2596 4951 ita
2618 4896 2919 4963 disponere,
2946 4894 3208 4963 quomodo
3236 4892 3415 4962 dispo-

1849 4998 1952 5054 suit
1981 4999 2138 5052 homo
2170 4995 2267 5049 iste
2297 4991 2389 5062 qui
2421 5006 2603 5061 passus
2636 4989 2759 5044 est?
2804 4986 2909 5043 Sed
2953 4988 3111 5039 homo
3160 4983 3416 5062 Mediator

1852 5091 1945 5147 Dei
1975 5099 2028 5145 et
2058 5060 2352 5154 hominum,
2385 5060 2548 5138 homo
2579 5083 2645 5136 de
2675 5096 2777 5150 quo
2825 5079 3136 5149 praedictum
3181 5060 3411 5147 legitur:

1850 5180 1915 5234 Et
1949 5181 2094 5233 homo
2141 5188 2231 5241 est,
2277 5184 2323 5231 et
2366 5175 2476 5241 quis
2514 5173 2743 5245 agnoscit
2772 5172 2925 5226 eum?
2948 5170 3196 5238 quoniam
3224 5182 3410 5222 omnes

1850 5290 1941 5343 per
1970 5287 2099 5342 quos
2154 5271 2265 5324 hazc
2313 5267 2533 5331 ﬁebant,
2574 5281 2677 5319 non
2730 5263 3085 5333 agnoscebant
3140 5261 3405 5315 hominem

1850 5354 2036 5418 Deum.
2072 5362 2237 5415 Homo
2268 5373 2498 5427 namque
2544 5356 2851 5425 apparebat,
2884 5354 2972 5424 qui
3015 5353 3150 5406 Deus
3193 5351 3409 5404 latebat.

1849 5455 2152 5509 Patiebatur
2182 5452 2292 5505 hrec
2323 5451 2498 5504 omnia
2530 5450 2615 5518 qui
2661 5445 2967 5516 apparebat,
3012 5455 3063 5499 et
3110 5444 3249 5497 idem
3299 5444 3408 5511 ipse

1847 5547 2159 5617 disponebat
2189 5544 2302 5599 haec
2346 5542 2544 5607 omnia,
2577 5542 2663 5611 qui
2695 5540 2910 5595 latebat.
2942 5536 3084 5591 Vidit
3116 5551 3239 5604 ergo
3282 5552 3404 5604 quin

1846 5643 2208 5691 consummata
2231 5644 2356 5687 sunt
2380 5631 2554 5687 omnia
2578 5645 2694 5700 qua:
2712 5628 2985 5697 oportebat
3015 5634 3073 5682 ut
3097 5626 3285 5680 ﬁerent
3311 5641 3404 5677 an—

1849 5740 2056 5798 tequam
2088 5727 2354 5794 acciperet
2379 5730 2607 5789 acetum,
2641 5729 2696 5775 et
2739 5719 2967 5774 traderet
3010 5718 3272 5787 spiritum.
3311 5721 3400 5771 At‘

1846 5838 1945 5893 que
1998 5828 2053 5874 ut
2098 5818 2197 5873 hoc
2239 5818 2397 5873 etiam
2446 5822 2901 5871 consummaretur
2946 5811 3087 5881 quod
3134 5810 3399 5878 Scriptura
