3884 6232
496 338 601 397 915

498 453 819 525 praedixerat
845 473 855 506 :
895 452 958 507 Et
983 453 1035 505 in
1057 453 1140 507 siti
1170 462 1282 507 mea
1306 460 1603 526 potaverunt
1629 468 1705 505 me
1732 460 1875 505 aceto
1899 450 2071 519 (Psal.
2105 451 2151 509 Α

496 545 671 617 unt).
723 546 879 610 Sitio,
930 545 1120 615 inquit,
1174 554 1424 613 tanquam
1457 545 1703 599 diceret:
1743 542 1853 599 lloc
1902 544 2077 596 minus

496 642 719 708 fecistis,
749 642 873 698 date
904 643 1045 711 quod
1074 642 1226 697 estis.
1257 642 1425 696 .ludzei
1451 642 1645 711 quippe
1676 642 1773 711 ipsi
1808 649 1958 695 erant
1982 639 2079 693 de-

496 746 817 806 generantes
866 752 895 789 a
929 736 1054 789 vino
1102 735 1523 805 patriarcharum
1571 744 1623 788 et
1671 733 2075 803 prepltetarum,

494 838 551 882 et
580 837 833 897 tanquam
876 827 941 881 de
989 826 1147 897 pleno
1196 844 1323 881 vase
1368 828 1644 896 iniquitate
1693 824 1873 879 mundi
1924 822 2079 892 hujus

495 921 723 991 impleti,
784 936 879 975 cor
935 920 1196 975 habentes
1255 921 1397 973 velut
1452 919 1725 988 spongiam
1777 915 2080 970 cavernosis

496 1014 898 1080 quodammodo
927 1024 1086 1083 atque
1111 1014 1366 1067 tortuosis
1398 1011 1633 1066 latibulis
1661 1010 2077 1064 fraudulentum.

498 1112 743 1182 llysSOpo
807 1118 986 1162 autem
1053 1106 1553 1175 circumposuerunt
1602 1103 1876 1173 spongiam
1931 1108 2082 1154 aceto

496 1204 731 1272 plenam,
766 1200 1014 1270 quoniam
1049 1199 1209 1253 herba
1253 1207 1335 1253 est
1376 1197 1612 1261 humilis,
1659 1206 1711 1250 et
1743 1204 1925 1265 pectus
1957 1210 2080 1262 pur-

493 1302 603 1365 gat,
641 1293 808 1362 ipsius
851 1290 1047 1346 Christi
1091 1290 1445 1346 humilitatem
1492 1297 1850 1356 congruenter
1888 1286 2082 1352 accipi-

494 1401 638 1451 mus,
663 1400 819 1455 quam
850 1382 1344 1447 circumdederunt,
1373 1391 1425 1435 et
1455 1396 1514 1435 se
1541 1378 1957 1434 circumvenisse
1989 1392 2081 1445 pn—

496 1487 763 1532 taverunt.
797 1476 949 1532 L‘nde
980 1484 1064 1530 est
1106 1474 1235 1529 illud
1269 1474 1319 1527 in
1354 1475 1560 1541 psalmo
1598 1471 2079 1543 quinquagesimo:

492 1568 743 1638 Asperges
771 1583 870 1631 me,
902 1565 1139 1631 Domine,
1177 1564 1421 1633 hyssopo,
1452 1573 1500 1615 et
1537 1563 1841 1615 mundubor.
1888 1561 2080 1615 Christi

494 1676 722 1731 namque
753 1660 1050 1714 humilitate
1078 1659 1423 1722 mundamur,
1454 1659 1573 1725 quia
1608 1656 1708 1711 nisi
1742 1658 2081 1712 bumiliasset

490 1753 858 1820 semetipsum,
895 1752 1058 1821 factus
1085 1750 1323 1803 obedicns
1356 1766 1517 1815 usque
1557 1749 1625 1801 ad
1668 1760 1879 1802 mortem
1919 1751 2082 1802 crucis

926 333 1126 391 BEDE
1165 334 1617 394 VENERABILIS
1650 333 1799 391 OPP.
1845 332 2016 391 PARS
2056 332 2115 390 ll.
2147 332 2340 391 SECT.
2384 334 2424 389 l.
2473 364 2537 377 —
2567 334 2961 395 EXEGETICA
3002 337 3327 395 GENUINA.

3642 346 3721 401 916

2182 451 2448 515 crucibus,
2482 467 2731 521 magnum
2764 454 2906 509 dicm
2955 455 3146 511 festum
3181 455 3257 510 sui
3291 457 3527 511 diuturni
3558 462 3723 516 crucis-

2185 553 2268 595 tus
2301 542 2521 598 ltorrore
2563 546 2845 601 foedarent.

2262 635 2517 689 Venerunt
2565 654 2684 709 ergo
2735 640 2937 705 milites,
2968 650 3014 693 et
3064 642 3215 707 primi
3259 642 3465 712 quidem
3508 646 3725 716 fregerunt

2184 743 2358 793 crura,
2387 736 2435 781 et
2462 730 2674 784 alterius
2704 732 2792 800 qui
2829 734 3105 802 cruciﬁxus
3134 744 3205 788 est
3234 752 3346 788 cum
3370 753 3448 790 eo.
3480 739 3557 790 Ad
3580 739 3726 794 letum

2183 828 2349 873 autem
2395 838 2511 875 cum
2538 824 2810 889 uenissent,
2845 837 2900 878 ut
2948 827 3179 880 uiderunt
3209 844 3322 883 eum
3345 831 3459 899 jam
3484 840 3722 893 mortuum,

2184 928 2284 965 non
2333 913 2597 985 fregerunt
2640 919 2754 988 ejus
2800 934 2973 983 crura,
3000 921 3089 973 sed
3130 935 3263 973 unus
3320 921 3535 976 militum
3580 922 3726 977 lances

2185 1003 2318 1058 latus
2350 1009 2460 1074 ejus
2486 1008 2703 1076 aperuit,
2737 1019 2784 1061 et
2828 1010 3067 1071 continuo
3093 1012 3244 1066 exivit
3274 1014 3483 1084 sanguis
3529 1024 3572 1066 et
3600 1031 3723 1083 aqua.

2185 1094 2436 1163 Vigilanti
2464 1098 2625 1152 verbo
2657 1100 2983 1167 evangelista
3010 1116 3134 1153 usus
3160 1113 3261 1165 est,
3298 1113 3354 1156 ut
3382 1118 3483 1157 non
3515 1105 3721 1160 diceret:

2184 1182 2354 1239 Latus
2384 1186 2500 1255 ejus
2530 1189 2826 1256 percussit,
2860 1197 2952 1243 aut
2982 1191 3296 1258 vulneravit,
3326 1202 3415 1246 aut
3442 1193 3561 1261 quid
3592 1196 3723 1258 aliud,

2184 1278 2278 1332 sed
2322 1281 2543 1349 aperuit,
2575 1291 2634 1334 ut
2663 1281 2769 1335 illic
2810 1282 3203 1351 quodammodo
3234 1286 3355 1338 vitae
3399 1285 3587 1339 ostium
3617 1302 3724 1356 pan-

2185 1372 2422 1437 deretur,
2448 1371 2589 1425 unde
2612 1382 2943 1427 sacramenta
2973 1374 3222 1429 Ecclesia!
3254 1386 3615 1443 manaverunt,
3635 1377 3727 1431 sine

2184 1463 2377 1531 quibus
2407 1463 2472 1515 ad
2526 1465 2686 1518 vitam
2718 1480 2836 1534 qua:
2881 1481 3005 1521 vera
3061 1469 3167 1520 vita
3218 1477 3321 1532 est,
3371 1483 3475 1521 non
3509 1469 3722 1522 intratur.

2187 1554 2279 1608 Ille
2326 1555 2540 1623 sanguis
2590 1556 2640 1609 in
2691 1557 3063 1611 remissionem
3100 1558 3245 1613 fusus
3282 1569 3363 1613 est
3392 1570 3723 1627 peccatorum.

2185 1648 2335 1713 Aqua
2384 1646 2470 1700 illa
2503 1647 2735 1702 salutare
2764 1656 3025 1717 temperat
3054 1650 3321 1717 poculum.
3362 1649 3487 1704 Hzec
3520 1663 3573 1705 et
3598 1653 3725 1705 lava-

2185 1752 2331 1791 crum
2382 1748 2617 1808 przestat,
2670 1749 2724 1793 et
2766 1748 2971 1809 putum.
3024 1741 3135 1793 lloc
3185 1743 3573 1810 praenuntiabat
3608 1746 3721 1812 quotl

492 1816 751 1912 (Philipp.
779 1844 863 1913 tt),
891 1816 996 1897 non
1028 1843 1214 1912 utique
1247 1842 1463 1911 sanguis
1496 1842 1611 1910 ejus
1650 1842 1703 1896 in
1736 1852 2076 1911 peccatorum
2118 1816 2157 1871 Β
2184 1832 2294 1886 Nec
2340 1833 2390 1886 in
2444 1833 2612 1887 latere
2660 1847 2798 1886 arca:
2829 1832 3022 1887 ostium
3074 1830 3250 1887 facere
3295 1833 3474 1902 jussus
3502 1844 3600 1899 est,
3629 1838 3727 1903 quia

491 1938 901 2004 remissionem,
961 1938 1060 1991 hoc
1100 1946 1222 2002 est,
1283 1936 1333 1990 in
1392 1945 1627 1989 nostram
1681 1936 2077 1989 mundutionem

490 2028 683 2083 fuisset
710 2030 929 2083 ell'usns.
964 2028 1075 2083 Nec
1122 2036 1336 2083 moveat
1382 2027 1652 2097 quomodo
1692 2029 1967 2097 spongiam
1995 2030 2077 2081 ori

490 2119 611 2188 ejus
640 2121 913 2189 potuerint
939 2119 1249 2183 admovere,
1284 2119 1377 2188 qui
1411 2120 1461 2173 in
1487 2133 1648 2172 cruce
1676 2118 1849 2173 fuerat
1878 2120 2079 2173 exalta-

491 2220 578 2264 tus
601 2226 627 2262 a
659 2220 822 2263 terra.
853 2210 1001 2265 Sicut
1033 2209 1175 2265 enim
1209 2209 1347 2277 apud
1383 2209 1515 2263 alios
1553 2210 1908 2279 evangelistas
1938 2210 2081 2279 legi—

492 2308 581 2355 tur
610 2299 773 2371 (quod
822 2299 905 2354 hic
959 2299 1331 2369 prmtermisit)
1363 2299 1414 2352 in
1465 2302 1723 2354 arundine
1753 2310 1834 2355 est
1884 2301 2075 2355 factum

493 2394 711 2463 (Matth.
745 2410 926 2459 xxvn;
973 2392 1142 2449 Marc.
1172 2392 1289 2462 xv),
1324 2402 1382 2447 ut
1427 2394 1479 2447 in
1511 2394 1731 2463 spongia
1774 2393 1895 2447 talis
1925 2403 2079 2462 potus

492 2488 559 2542 ad
592 2489 770 2543 crucis
819 2487 1068 2543 sublimia
1114 2487 1401 2541 levaretur.
1451 2484 1554 2542 Per
1591 2487 1904 2540 arundinem
1950 2500 2078 2539 vero

489 2579 766 2649 Scriptura
800 2580 1223 2650 signiﬁcabatur,
1268 2594 1386 2645 qua:
1429 2577 1753 2647 implebatur
1783 2578 1884 2632 hoc
1913 2577 2071 2632 facta.

492 2672 645 2729 Sicut
685 2672 826 2727 enim
880 2672 1057 2740 lingua
1097 2671 1317 2736 dicitur,
1351 2668 1431 2723 vel
1477 2668 1686 2735 Graeca,
1733 2668 1817 2723 vel
1866 2667 2074 2732 Latina,

489 2766 575 2821 vel
606 2765 707 2819 alia
736 2766 1009 2836 qualibet,
1051 2779 1217 2819 sonus
1263 2762 1569 2835 significans
1608 2764 1697 2833 qui
1730 2763 1905 2833 lingua
1951 2777 2075 2831 pro-

493 2860 677 2927 mitur,
711 2860 790 2914 sic
828 2860 1035 2915 arundo
1070 2860 1174 2915 dici
1224 2870 1399 2930 potest
1440 2859 1611 2915 littera
1652 2875 1773 2930 qua:
1816 2860 2076 2915 arundine

491 2953 765 3006 scribitur.
798 2950 905 3007 Sed
935 2966 1097 3006 sonos
1127 2950 1477 3020 significantis
1522 2952 1669 3005 vocis
1697 2951 1943 3005 humanae
1967 2953 2073 3006 usi-

494 3043 758 3098 tatissime
786 3042 1015 3098 dicimus
1047 3042 1290 3112 linguas;
1335 3042 1730 3111 Scripturarum
1761 3057 1887 3097 vero
1916 3044 2074 3096 arun-

490 3134 672 3191 dinem
716 3136 839 3197 dici,
886 3150 989 3204 quo
1034 3137 1208 3189 minus
1252 3146 1335 3190 est
1383 3136 1653 3200 usitatum,
1701 3149 1767 3189 eo
1799 3135 1967 3204 magis
1992 3144 2148 3227 estC

493 3229 720 3301 mystice
762 3228 1066 3298 ﬁguratum.
1118 3226 1372 3282 Faciebat
1421 3228 1520 3281 ista
1564 3227 1789 3295 populus
1842 3226 2070 3294 impius,

491 3321 790 3390 patiebatur
840 3322 938 3375 ista
1007 3318 1312 3373 misericors
1364 3318 1633 3372 Christus.
1691 3317 1791 3384 Qui
1847 3316 2071 3371 faciebat

491 3411 617 3479 quid
673 3412 845 3464 facere
883 3410 1179 3464 nesciebat.
1211 3408 1308 3474 Qui
1360 3409 1661 3477 patiebatur
1713 3419 1913 3473 autem,
1964 3422 2069 3461 non

493 3501 668 3555 solum
700 3501 822 3570 quid
858 3501 1029 3566 (ieret,
1059 3510 1112 3555 et.
1134 3516 1227 3555 cur
1250 3500 1423 3567 fieret,
1450 3500 1670 3565 sciebat,
1698 3514 1882 3551 verum
1913 3498 2067 3552 etiam

490 3596 559 3649 de
587 3595 728 3649 male
758 3593 1075 3648 facientibus
1108 3593 1241 3647 bene
1271 3594 1382 3660 ipse
1409 3591 1655 3646 faciebat.
1688 3590 1811 3646 Cum
1840 3608 1959 3661 ergo
1980 3607 2069 3643 ac-

489 3687 701 3755 cepisset
730 3683 879 3739 Jesus
910 3695 1125 3751 acetum,
1152 3685 1301 3747 dixit,
1335 3682 1754 3736 Consummatum
1786 3690 1858 3735 est
1889 3681 2065 3750 (Joan.

488 3776 569 3847 κ).
602 3776 761 3843 Quid,
788 3776 887 3830 nisi
922 3776 1059 3845 quod
1092 3775 1365 3845 protibetia
1394 3783 1535 3828 tanto
1558 3783 1682 3828 ante
1708 3770 2069 3842 prmdixerat?

496 3868 719 3931 Deinde,
763 3867 885 3936 quia
935 3866 1062 3920 nihil
1100 3874 1428 3919 remanserat
1457 3864 1598 3935 quod
1629 3877 1914 3933 antequam
1948 3877 2065 3917 mo-

496 3966 704 4012 reretur
752 3958 863 4011 ﬁeri
910 3956 1083 4011 adhuc
1129 3966 1421 4025 oporteret,
1456 3966 1705 4024 tanquam
1739 3954 1823 4007 ille
1854 3952 1943 4021 qui
1975 3968 2068 4021 po.

492 4062 737 4106 testatem
772 4052 993 4105 haberet
1015 4050 1234 4121 ponendi
1264 4051 1491 4102 animant
1515 4064 1678 4112 suam,
1704 4058 1748 4101 et
1778 4037 1960 4099 iteruni
1985 4063 2069 4098 su-

498 4143 669 4197 tnendi
700 4159 834 4206 eam,
888 4142 1126 4210 peractis
1170 4140 1419 4194 omnibus
1448 4154 1567 4208 qua
1598 4148 1653 4192 ut
1692 4145 2069 4207 peragerentur

492 4236 856 4303 exspecmbat,
889 4234 1139 4287 inclinato
1169 4234 1355 4299 capite,
1401 4231 1613 4284 tradidit
1643 4228 1897 4297 spiritum.
1941 4227 2068 4294 Quis

497 4329 571 4383 ita
603 4328 802 4382 dormit
831 4326 1044 4395 quando
1076 4325 1324 4387 voluerit,
1357 4325 1494 4387 sicut
1541 4322 1782 4375 Christus
1831 4329 2069 4373 mortuus

494 4431 579 4475 est
609 4420 821 4490 quando
851 4418 1053 4470 Vultlil?
1082 4417 1209 4482 Quis
1244 4418 1312 4469 ita
1344 4430 1463 4469 eum
1498 4413 1724 4467 voluerit
1764 4412 1893 4479 abit,
1926 4425 2069 4478 quo-

492 4514 654 4566 modo
676 4526 794 4563 cum
827 4507 993 4560 voluit
1015 4506 1186 4559 abiit?
1212 4507 1416 4571 Quanta
1443 4504 1705 4574 speranda
1731 4502 1816 4555 vel
1838 4502 2065 4555 timenda
2100 4516 2149 4575 ι)

497 4612 730 4671 potestas
762 4610 843 4655 est
873 4599 1201 4669 jndicantis,
1234 4598 1275 4650 si
1309 4597 1551 4665 apparuit
1581 4602 1724 4647 tanta
1756 4592 2069 4646 morientis?

494 4697 660 4751 Tacet
690 4705 867 4748 autem
899 4693 1133 4747 Joannes
1165 4690 1324 4744 verba
1352 4705 1469 4757 qum
1508 4686 1639 4740 dixit
1672 4684 1928 4739 tradendo
1958 4683 2066 4751 spi-

493 4794 649 4845 ritum
697 4811 706 4843 :
750 4791 943 4851 Pater,
994 4790 1045 4839 in
1097 4802 1279 4838 manus
1327 4793 1439 4836 tuas
1489 4780 1781 4834 commendo
1833 4779 2069 4845 spiritum

493 4901 679 4937 meum.
715 4884 780 4937 Et
826 4881 953 4935 dicit
990 4880 1265 4949 spiritum,
1312 4876 1433 4944 quia
1482 4873 1699 4939 spiritus
1753 4884 1948 4924 nomen
1989 4876 2067 4922 est

493 4976 568 5030 rei
604 4976 671 5028 ita
728 4975 1076 5041 incorporeas,
1109 4968 1248 5039 quod
1290 4965 1449 5020 etiam
1492 4964 1859 5031 independens
1908 4968 1989 5014 est
2037 4973 2063 5010 a

490 5082 737 5137 corpore,
773 5066 918 5133 iuxta
954 5063 1002 5117 id
1045 5054 1183 5131 quod
1224 5057 1473 5128 superius
1504 5056 1701 5110 dictum
1735 5061 1816 5107 cst
1846 5070 1857 5104 :
1892 5051 2063 5119 Spiri-

492 5170 573 5213 tus
599 5168 670 5210 est
696 5155 853 5209 Deus.

562 5258 733 5328 Judaei
764 5289 902 5341 ergo,
935 5272 1125 5339 inquit,
1158 5271 1393 5335 quoniam
1420 5265 1695 5318 Parasceve
1721 5267 1849 5322 erat,
1880 5265 1933 5310 ut
1962 5271 2065 5308 non

493 5379 807 5423 remanerent
853 5370 903 5419 in
935 5381 1081 5419 cruce
1110 5380 1321 5426 corpora
1350 5361 1570 5417 Sabbato
1599 5358 1729 5429 (erat
1771 5354 1903 5407 enim
1953 5369 2063 5403 ma—

494 5477 624 5531 gnus
653 5460 758 5511 dies
800 5459 888 5511 ille
920 5454 1153 5525 Sabbati)
1182 5460 1484 5525 rogaverunt
1516 5449 1741 5503 Pilatum
1770 5454 1823 5497 ut
1864 5445 2065 5514 frange—

495 5564 672 5605 rentur
717 5567 897 5605 eorum
923 5565 1093 5613 crura,
1144 5555 1191 5599 et
1222 5546 1537 5598 tollerentur.
1578 5540 1691 5594 Non
1722 5551 1875 5591 crura
1906 5535 2067 5587 tolle—

501 5652 705 5704 rentur,
737 5642 827 5695 sed
887 5642 937 5694 hi
972 5639 1160 5708 quibus
1191 5638 1311 5691 ideo
1359 5632 1756 5704 frangebantur,
1785 5637 1840 5682 ut
1888 5640 2065 5680 more—

496 5745 680 5789 rentur
730 5742 783 5789 et
836 5731 1167 5786 aufcrreutur
1198 5746 1259 5789 ex
1304 5728 1475 5796 ligno,
1510 5738 1576 5779 ne
1622 5717 1969 5793 pendentibus
2014 5716 2063 5769 in

2184 1927 2448 1981 intrarent
2496 1927 2745 1981 animalia
2780 1941 2897 1995 qua:
2949 1941 3051 1979 non
3084 1936 3234 1980 erant
3257 1926 3454 1981 diluvio
3499 1928 3724 1996 peritura,

2182 2023 2373 2090 quibus
2425 2022 2866 2090 prmﬁgurabatur
2899 2022 3153 2076 Ecclesia.
3186 2022 3411 2089 Propter
3437 2022 3554 2082 hoc.
3585 2024 3726 2086 prima

2184 2116 2372 2169 mulier
2403 2114 2539 2169 facta
2572 2122 2655 2169 est
2682 2114 2749 2168 de
2777 2114 2871 2167 viri
2923 2114 3087 2167 latere
3118 2115 3455 2178 dormientis,
3482 2126 3535 2166 et
3564 2114 3725 2181 appel-

2185 2207 2285 2258 lata
2317 2217 2395 2260 est
2450 2205 2579 2271 vita,
2621 2213 2897 2271 materque
2950 2206 3215 2257 vivorum.
3268 2203 3509 2272 Magnum
3561 2205 3727 2272 quippe

2179 2298 2505 2367 signiﬁcavit
2561 2298 2759 2350 bonum
2819 2304 2941 2349 ante
3001 2310 3249 2365 magnum
3302 2296 3724 2362 praevaricationis

2180 2390 2401 2444 malum.
2432 2389 2497 2443 Et
2544 2388 2631 2441 hic
2671 2386 2936 2441 secundus
2975 2386 3142 2440 Adam
3190 2386 3441 2439 inclinato
3469 2387 3655 2453 capite,
3682 2386 3723 2438 in

2179 2495 2337 2534 cruce
2370 2479 2645 2543 dormivit,
2677 2489 2732 2532 ut
2780 2478 2903 2531 inde
2933 2477 3256 2531 formaretur
3298 2478 3346 2531 ei
3384 2476 3593 2545 conjux,
3624 2492 3721 2543 qua

2179 2573 2245 2626 de
2266 2572 2445 2635 ,latere
2493 2570 2808 2625 dormientis
2847 2568 3073 2623 effluxit.
3102 2568 3145 2623 Ο
3191 2583 3359 2635 mors,
3391 2568 3527 2623 unde
3555 2570 3723 2621 mortui

2179 2651 2524 2719 reviviscunt.
2553 2662 2687 2729 Quid
2722 2663 2821 2715 isto
2849 2662 3109 2731 sanguine
3142 2661 3391 2715 mundius
3428 2659 3604 2727 ‘lQuid
3629 2661 3726 2714 vul-

2179 2768 2304 2808 nere
2332 2756 2434 2807 isto
2462 2752 2764 2807 salubrius?

2246 2843 2317 2899 Et
2335 2845 2423 2915 qui
2445 2844 2588 2909 vidit,
2614 2843 2805 2913 inquit,
2831 2843 3163 2897 testimonium
3194 2842 3478 2912 perhibuit;
3499 2851 3549 2896 et
3574 2859 3724 2896 rerum

2177 2948 2249 2995 est
2278 2942 2387 3012 ejus
2416 2939 2789 3003 testimonium;
2818 2948 2866 2989 et
2897 2938 2986 2991 ille
3012 2940 3107 2990 scit
3133 2940 3255 3005 quia
3284 2952 3400 2989 vero
3433 2936 3575 2999 dicit,
3612 2947 3661 2989 ut
3689 2944 3728 2987 et

2176 3050 2261 3088 vos
2289 3033 2526 3087 credatis.
2558 3031 2671 3085 Non
2703 3030 2834 3084 dixit
2870 3047 2882 3083 :
2919 3029 2986 3084 Ut
3015 3039 3067 3083 et
3098 3044 3193 3082 vos
3222 3029 3421 3092 sciatis,
3445 3028 3535 3082 sed
3565 3036 3615 3079 ut
3637 3043 3728 3078 cre-

2178 3125 2331 3177 datis.
2366 3124 2480 3179 Scit
2534 3123 2674 3177 enim
2708 3122 2794 3190 qui
2829 3120 2977 3183 vidit,
3029 3118 3179 3188 enjus
3225 3121 3407 3174 credat
3452 3120 3731 3173 testimonio

2179 3216 2265 3285 qui
2298 3230 2400 3269 non
2427 3212 2577 3267 vidit.
2608 3212 2767 3282 Magis
2790 3219 2965 3265 autem
2988 3211 3051 3264 ad
3076 3210 3233 3265 ﬁdem
3259 3211 3473 3265 credere
3497 3212 3726 3276 pertinet.

2174 3323 2330 3377 quam
2363 3306 2564 3361 videre.
2598 3304 2727 3358 Nam
2756 3304 2879 3372 quid
2909 3310 2992 3359 est
3020 3303 3162 3357 aliud
3195 3303 3436 3370 credere,
3484 3317 3637 3371 quam
3678 3300 3728 3351 ﬁ-

2174 3400 2293 3453 dem
2325 3396 2768 3453 accommodare?

2246 3488 2409 3542 Facta
2441 3496 2556 3540 sunt
2596 3488 2729 3541 enim
2765 3486 2893 3551 lucc,
2936 3485 3126 3555 inquit.
3161 3494 3213 3538 ut
3244 3485 3511 3553 Scriptura
3568 3483 3729 3553 imple.

2171 3588 2311 3632 retur
2340 3594 2356 3630 :
2384 3578 2452 3630 0s
2497 3594 2597 3629 non
2647 3578 2995 3630 comminuetis
3050 3592 3111 3629 ex
3156 3592 3233 3631 eo.
3292 3576 3357 3628 Et
3409 3576 3589 3627 iterum
3635 3576 3726 3624 alia

2175 3670 2447 3737 Scriptura
2497 3669 2662 3720 dicit:
2710 3667 2956 3721 Videbunt
2978 3667 3029 3719 in
3051 3683 3197 3735 quem
3249 3668 3579 3733 conﬁxerurtt.
3629 3666 3727 3719 Duo

2176 3759 2474 3812 testimonia
2506 3758 2571 3813 de
2595 3759 2885 3825 Scripturis
2918 3758 3145 3811 reddidit
3175 3758 3396 3828 singulis
3432 3758 3585 3811 rebus
3616 3771 3727 3825 quas

2174 3853 2335 3905 factas
2368 3852 2528 3903 fuisse
2560 3851 2815 3903 narravit.
2849 3850 2977 3903 Nam
3011 3852 3131 3919 quia
3173 3850 3381 3904 dixerat
3411 3868 3423 3901 :
3458 3850 3531 3902 Ad
3564 3847 3726 3901 Iesum

2173 3953 2340 3997 autem
2369 3960 2482 3995 cum
2518 3947 2785 4005 uenissent,
2822 3955 2875 3994 ut
2906 3943 3134 3995 viderunt
3173 3957 3288 3993 eum
3316 3942 3427 4009 jam
3464 3950 3721 3998 mortuum,

2172 4052 2271 4088 non
2318 4040 2577 4104 fregerunt
2618 4036 2730 4104 ejus
2774 4048 2944 4101 crura,
2984 4032 3048 4085 ad
3087 4033 3185 4086 ltoc
3226 4033 3457 4098 pertinet
3512 4028 3726 4085 testimo.

2175 4125 2315 4176 nium
2351 4141 2362 4175 :
2399 4122 2469 4176 Os
2507 4138 2609 4177 non
2653 4122 2996 4173 comminuetis
3026 4137 3087 4173 ea:
3116 4119 3391 4188 eo(E.1:od.
3430 4121 3546 4187 ιιι),
3596 4116 3719 4185 quod

2174 4222 2495 4283 praeceptum
2527 4223 2609 4267 est
2637 4214 2713 4266 eis
2741 4212 2827 4278 qui
2878 4212 3148 4265 celebrare
3200 4212 3396 4279 pascha
3444 4210 3573 4277 jussi
3619 4217 3725 4260 sunt

2172 4308 2286 4359 ovis
2315 4304 2679 4359 immolatione
2711 4303 2760 4357 in
2793 4303 2955 4355 veteri
2990 4302 3123 4370 lege,
3157 4316 3277 4369 quae
3304 4299 3582 4352 dominicae
3615 4314 3722 4366 pas-

2172 4398 2338 4450 sionis
2393 4396 2578 4449 umbra
2629 4403 3008 4461 pr‘azcesserat;
3062 4391 3199 4444 unde
3252 4390 3458 4442 Pascha
3513 4397 3725 4441 nostrum

2174 4490 2460 4542 immolatus
2490 4498 2560 4539 est
2604 4484 2835 4539 Christus
2877 4484 2926 4555 (Ι
2961 4484 3079 4537 Cor.
3116 4484 3197 4545 v);
3241 4482 3305 4536 de
3350 4497 3453 4549 quo
3492 4493 3541 4534 et
3584 4479 3727 4533 Isaias

2177 4584 2429 4650 propheta
2485 4579 2850 4648 praedixerat:
2886 4576 3034 4631 Sicut
3085 4579 3187 4629 ovis
3248 4576 3317 4626 ad
3374 4574 3725 4626 immolandum

2172 4678 2353 4727 ductus
2380 4681 2451 4725 est
2482 4670 2632 4740 (Isai.
2667 4670 2807 4738 Llll).
2846 4669 2970 4722 Item
3006 4668 3122 4736 quia
3167 4666 3517 4733 subjunxerat
3551 4683 3561 4715 2
3598 4662 3727 4716 Unus

2171 4765 2391 4817 militum
2421 4765 2595 4816 lancea
2627 4761 2758 4814 latus
2782 4763 2891 4830 ejus
2922 4760 3141 4827 aperuit,
3172 4760 3232 4809 ad
3270 4758 3367 4809 hoc
3396 4757 3616 4823 pertinet
3656 4755 3723 4805 al-

2171 4869 2342 4912 terum
2404 4856 2759 4909 testiinonium
2795 4870 2807 4905 :
2850 4851 3105 4903 Videbunt
3136 4851 3185 4901 in
3223 4866 3369 4915 quem
3426 4848 3726 4909 conﬁxerant

2170 4948 2352 5020 (Zaclt.
2387 4947 2506 5016 xu),
2561 4947 2645 4999 ubi
2680 4945 2970 5013 promissus
3012 4952 3093 4995 est
3140 4942 3384 4995 Cltri-Jus
3431 4940 3481 4992 in
3528 4953 3589 4992 ea
3633 4951 3721 5005 qua

2168 5043 2451 5095 cruciﬁxus
2480 5049 2559 5093 est
2593 5053 2751 5090 carne
2783 5046 3056 5088 venturus.

2241 5134 2366 5189 Post
2397 5134 2501 5187 haec
2528 5144 2695 5186 autem
2726 5130 2917 5199 rcgavit
2971 5127 3197 5179 Pilatum
3234 5122 3425 5189 Joseplt
3456 5123 3517 5175 ab
3544 5123 3730 5175 Arima-

2169 5230 2297 5291 tltia,
2330 5244 2387 5279 eo
2425 5226 2560 5295 quod
2589 5232 2714 5276 esset
2749 5218 3029 5289 discipulus
3062 5216 3210 5280 Jesu,
3244 5226 3297 5268 ut
3328 5216 3518 5266 tolleret
3562 5227 3730 5279 corpus

2168 5319 2311 5372 Jesu.
2358 5316 2499 5370 Venit
2526 5325 2693 5368 autem
2722 5322 2765 5366 et
2798 5310 3131 5371 Nicodamus,
3154 5308 3238 5375 qui
3258 5315 3459 5357 venerat
3480 5305 3548 5357 ad
3570 5303 3733 5357 Jesum

2169 5424 2314 5466 nocte
2341 5413 2581 5481 primunt,
2616 5408 2778 5475 ferens
2807 5405 3071 5456 misturam
3113 5399 3334 5467 mgrrltcc
3361 5412 3406 5449 et
3441 5400 3576 5450 aloes
3601 5399 3731 5462 quasi

2171 5504 2327 5557 libras
2358 5511 2573 5554 centum.
2601 5496 2711 5550 Non
2738 5494 2807 5547 ita
2830 5490 3256 5561 distinguendum
3284 5501 3364 5543 est
3388 5500 3443 5542 ut
3463 5491 3693 5541 diesmus
3718 5504 3728 5537 :

2171 5592 2404 5648 Primum
2464 5588 2639 5642 ferens
2690 5587 2964 5638 ntisturam
3021 5581 3287 5649 myrrhae,
3346 5596 3438 5632 seu
3494 5589 3550 5632 ut
3604 5574 3731 5644 quod

2170 5685 2367 5739 dictum
2393 5690 2491 5741 est,
2517 5680 2756 5748 primum,
2776 5676 2837 5728 ad
2858 5672 3187 5741 superiorem
3213 5685 3432 5722 sensum
3458 5670 3729 5736 pertineat.

2178 5776 2389 5829 Venerat
2438 5772 2577 5827 cnim
2611 5769 2679 5821 ad
2706 5766 2882 5821 Jesum
2940 5762 3251 5818 Nicodemus
3307 5770 3455 5815 nocte
3502 5760 3728 5826 primum,
