3884 6232
144 294 252 355 917

1103 300 1170 384 ⁴1ὶέ
1213 300 1269 356 8.
1312 297 1589 378 JOANNIS
1632 295 2074 355 EVANGELIUM
2119 302 2492 360 EXPOSITIO.

3289 310 3386 366 9l3

144 418 289 485 quod
325 418 470 472 idem
504 419 732 474 .lo'nncs
761 417 993 474 narravit
1023 415 1136 485 ipse
1166 415 1218 469 in
1251 414 1513 486 priorihus
1549 412 1713 463 Evau-
1755 412 1798 466 Α
1833 412 2100 467 immorari
2135 418 2438 482 qumstionis
2467 418 2544 471 vel
2578 419 2911 475 obscuritatis
2944 421 3164 492 alicujus
3195 440 3380 478 neres-

145 511 266 577 gelii
299 514 385 565 sui
427 513 663 579 partibus
691 510 864 576 (Joan.
897 511 1000 582 ιιι).
1035 511 1128 566 llic.
1154 525 1281 580 ergo
1328 507 1723 575 intelligendum

144 603 324 656 estad
362 603 552 659 Jesum
611 620 712 657 non
763 614 886 658 tunc
932 603 1125 666 solum,
1176 605 1267 656 sed
1323 611 1446 654 tunc
1497 599 1720 663 primum

146 696 363 750 venisse
425 696 801 761 Nicridemnm;
855 697 1139 751 ventitasse
1187 706 1360 748 autem
1416 703 1616 760 postea.
1669 701 1723 744 ut

145 787 298 840 fleret
329 787 602 842 audiendo
628 787 941 855 discipulus,
966 789 1101 856 quod
1132 795 1275 841 certe
1303 784 1459 838 modo
1491 786 1539 836 in
1571 797 1720 837 reve-

147 879 347 936 latione
388 886 635 946 corporis
685 881 971 937 beatissimi
1017 881 1268 952 Stephani
1319 876 1430 933 fere
1477 876 1721 931 omnibus

144 973 402 1038 gentibus
427 973 743 1027 declaratur.

217 1063 541 1131 Acceperunt
571 1081 688 1130 ergo
717 1081 899 1134 corpus
918 1063 1060 1131 Iesu,
1090 1075 1136 1117 et
1162 1064 1443 1133 ligaverunt
1472 1060 1602 1113 illud
1629 1059 1723 1135 lin-

143 1157 235 1208 teis
272 1172 398 1208 cum
434 1142 768 1226 aromatibus,
815 1158 943 1211 sicut
984 1175 1091 1211 mos
1137 1155 1336 1209 luditis
1377 1165 1450 1209 est
1487 1153 1717 1220 sepelire.

143 1245 256 1300 Non
288 1247 428 1300 mihi
457 1249 665 1302 videtur
692 1249 1010 1316 evangelista
1048 1247 1234 1300 frustra
1262 1246 1440 1299 dicere
1467 1245 1714 1306 voluisse,

142 1338 269 1391 sicut
303 1355 416 1392 mos
445 1337 642 1404 luditis
671 1349 744 1392 est
771 1339 1002 1407 sepelire.
1050 1340 1118 1392 Ita
1150 1337 1364 1406 quippe,
1398 1335 1495 1389 nisi
1544 1333 1716 1397 fallor,

141 1429 424 1484 admonuit
456 1432 508 1484 in
549 1431 848 1501 hujusmodi
880 1430 1100 1496 ciliciis,
1142 1446 1260 1496 qua:
1307 1429 1526 1482 mortuis
1566 1426 1718 1483 exhi-

143 1520 362 1584 bentur,
395 1530 620 1576 mortem
651 1522 903 1592 cujusque
930 1525 1098 1592 gentis
1125 1536 1241 1576 esse
1265 1520 1594 1576 servandam.

210 1614 348 1668 Erat
395 1626 563 1669 autem
601 1617 652 1670 in
697 1615 809 1670 loco
839 1616 924 1670 ubi
952 1616 1220 1683 cruciﬁxus
1252 1623 1344 1678 est,
1376 1612 1567 1679 ltortus,
1593 1619 1638 1668 et
1665 1609 1714 1662 in

140 1712 288 1760 harto
324 1719 706 1762 monumentum
740 1723 940 1772 novum,
973 1708 1024 1760 in
1051 1722 1149 1775 quo
1186 1705 1409 1759 nondum
1449 1705 1714 1773 quisquam

140 1799 333 1867 positus
366 1809 498 1852 erat.
533 1799 679 1853 Sicut
708 1799 759 1852 in
784 1798 957 1852 Maria:
987 1797 1201 1867 virginis
1232 1805 1379 1849 utero
1409 1809 1562 1848 nemo
1591 1804 1712 1846 ante

143 1890 316 1956 illum,
352 1904 514 1944 nemo
545 1899 661 1958 post
688 1891 833 1943 illum
865 1898 1152 1956 conceptus
1179 1896 1280 1952 est,
1310 1887 1381 1940 ita
1406 1888 1455 1940 in
1482 1886 1580 1939 hoc
1603 1900 1713 1937 mo-

141 1989 402 2035 numento
430 1996 588 2034 nemo
616 1988 741 2034 ante
770 1979 938 2048 illum,
972 1993 1127 2034 nemo
1158 1986 1278 2047 post
1303 1977 1449 2031 illum
1477 1978 1714 2046 sepultus

138 2080 237 2127 est.

208 2164 291 2217 lbi
321 2181 447 2234 ergo
473 2175 676 2234 propter
712 2165 996 2218 Paraceven
1040 2163 1358 2229 Judteorum,
1411 2161 1526 2230 quia
1563 2161 1715 2228 juxta

138 2268 241 2310 erat
295 2268 712 2321 monumentum,
771 2265 1046 2323 posuerunt
1096 2253 1294 2308 Jesum.
1351 2252 1710 2306 Acceleratam

141 2348 248 2400 vult
275 2347 501 2417 intelligi
525 2348 873 2416 sepulturam,
900 2361 966 2401 ne
987 2345 1471 2414 advesperasceret,
1501 2343 1710 2408 quando

136 2441 236 2507 jam
267 2450 488 2509 prOpter
519 2440 866 2505 Parasceven,
898 2453 1054 2509 quam
1087 2453 1291 2492 caenam
1321 2450 1505 2505 puram
1536 2432 1708 2489 Judaei

139 2531 324 2586 Latine
375 2531 618 2586 usitatius
645 2533 780 2603 apud
813 2547 907 2586 nos
936 2537 1149 2596 vocant,
1182 2529 1354 2584 lacere
1384 2527 1486 2582 tale
1519 2526 1710 2595 aliquis

140 2638 240 2678 nan
270 2624 489 2678 licebat.

741 2715 963 2770 CAPUT
993 2714 1106 2768 XX.

207 2804 318 2858 Una
349 2814 521 2859 autem
554 2806 762 2860 Sabbati
802 2805 972 2860 Maria
1021 2805 1328 2875 Magtlalene
1364 2806 1495 2858 venit
1540 2819 1704 2868 mane,

138 2912 243 2948 cum
281 2897 453 2950 adhuc
500 2898 712 2951 tenebrae
761 2908 943 2962 essent,
982 2897 1045 2948 ad
1087 2905 1483 2960 monumentum,
1515 2904 1559 2947 et
1585 2895 1707 2947 vidit

137 2987 349 3050 lapidem
399 2989 655 3041 sublatum
701 3003 731 3040 a
779 2997 1123 3041 monumento.
1175 2973 1286 3042 Una
1335 2987 1551 3042 Sabbati
1599 2995 1700 3051 est,

136 3093 283 3144 quam
309 3077 422 3146 jam
454 3079 593 3132 diem
648 3080 968 3133 Dominicam
1011 3090 1228 3148 propter
1271 3079 1476 3133 Domini
1517 3093 1693 3132 resur-

137 3169 418 3224 rectionem
454 3185 567 3224 mos
593 3170 923 3224 Christianus
951 3171 1177 3238 appellat
1202 3187 1214 3226 :
1240 3185 1393 3239 quam
1420 3170 1697 3224 Matthaeus

137 3260 269 3315 solus
300 3262 352 3316 in
382 3263 718 3332 evangelistis
751 3265 971 3330 primam
1004 3262 1217 3317 Sabbati
1249 3263 1561 3316 nominavit.

201 3353 433 3406 Cucurrit
480 3372 616 3422 ergo,
660 3365 704 3408 et
743 3356 872 3408 venit
902 3357 968 3408 ad
1004 3355 1261 3409 Simonem
1294 3353 1522 3416 Petrum,
1553 3363 1599 3406 et
1628 3354 1697 3406 ad

135 3444 284 3496 alium
315 3446 621 3512 discipulum
641 3463 784 3515 quem
815 3446 1013 3498 amabat
1038 3443 1209 3509 Jcsns,
1233 3454 1279 3497 et
1302 3446 1419 3496 dicit
1451 3446 1520 3497 cis
1547 3460 1564 3497 :
1590 3443 1697 3496 Tu-

137 3539 294 3589 lerunt
350 3537 627 3590 Dominum
656 3540 718 3588 de
749 3546 1092 3600 monumento,
1127 3548 1172 3589 et
1205 3538 1449 3589 nescimus
1481 3536 1566 3588 ubi
1604 3551 1694 3603 po-

136 3639 331 3680 suerunt
356 3645 490 3681 eum.
527 3629 773 3682 Nonnulli
814 3627 1036 3682 Codices
1064 3630 1220 3683 etiam
1253 3629 1419 3682 Grrcci
1452 3631 1648 3682 habent
1680 3645 1691 3679 :

137 3717 371 3770 Tulerunt
405 3718 678 3771 Dominum
709 3736 893 3784 meum,
922 3720 1060 3788 quod
1093 3719 1254 3772 videri
1285 3719 1482 3772 dictum
1525 3727 1695 3787 potest

139 3810 475 3875 propensiore
520 3811 792 3863 charitatis
853 3812 936 3864 vel
991 3810 1270 3864 famulatus
1321 3809 1534 3863 affectu.
1589 3809 1695 3863 Sed

142 3897 309 3950 hocin
337 3898 570 3965 pluribus
617 3898 924 3964 Codicibus,
974 3915 1103 3969 quos
1133 3901 1182 3953 in
1216 3908 1454 3968 promptu
1501 3899 1688 3952 habui-

139 4003 268 4050 mus,
300 4005 401 4041 non
427 3990 742 4047 invenimus.

205 4077 341 4132 Exiit
386 4095 500 4148 ergo
542 4078 745 4145 Petrus,
787 4091 831 4133 et
865 4082 950 4133 ille
978 4080 1110 4135 alius
1137 4081 1432 4152 discipulus,
1469 4090 1513 4136 et
1551 4097 1695 4134 vene-

140 4183 245 4224 runt
271 4173 338 4224 ad
363 4183 759 4225 monumentum.
791 4172 1071 4227 Currebant
1100 4185 1265 4226 autem
1298 4175 1398 4226 duo
1432 4175 1602 4237 simul,
1649 4182 1693 4226 et

141 4260 216 4312 ille
261 4260 392 4312 alius
443 4261 725 4329 discipulus
755 4265 1080 4330 prtecucurrit
1111 4265 1254 4317 citius
1282 4263 1455 4330 Petro,
1490 4274 1535 4317 et
1565 4266 1694 4317 venit

141 4351 320 4414 primus
346 4352 414 4402 ad
441 4363 844 4405 monumentum.
877 4352 1210 4407 Advertcnda
1245 4354 1328 4406 hic
1349 4364 1395 4407 et
1422 4370 1693 4407 commen-

1828 505 1982 561 sitate
2008 509 2390 574 compellimur.
2421 509 2548 563 Nam
2583 511 2677 564 ista
2705 529 2820 579 qua:
2851 529 2941 576 per
2988 517 3161 582 seipsa
3206 517 3373 570 mani-

1827 601 1957 652 festa
1987 608 2130 668 sunt,
2159 603 2282 670 quid
2334 604 2534 672 singula
2585 604 2738 658 etiam
2791 605 3085 674 significent
3121 625 3382 678 quaerere,

1823 701 2016 745 sanctte
2063 694 2272 760 quidem
2322 694 2522 748 delicia:
2568 704 2707 762 sunt,
2751 696 2840 751 sed
2882 697 3191 762 otiosorum,
3238 705 3375 767 quod

1824 798 1925 835 11011
1947 797 2129 836 sumus
2154 799 2269 839 nos.

1895 873 2034 928 Tunc
2061 892 2182 946 ergo
2207 877 2399 930 introiit
2429 888 2472 930 et
2502 878 2586 931 ille
2609 878 2889 947 discipulus
2921 880 3002 948 qui
3043 895 3240 935 venerat
3280 885 3382 948 pri-

1823 984 1934 1020 mus
1963 973 2030 1022 ad
2060 980 2454 1024 monumentum.
2492 971 2643 1026 Prior
2672 973 2831 1036 venit,
2861 976 3120 1040 posterior
3148 977 3378 1029 intrarit.

1821 1058 1928 1114 Nec
1957 1059 2055 1113 hoc
2084 1061 2259 1130 utique
2293 1073 2456 1127 vacat,
2493 1064 2582 1118 sed
2617 1065 2741 1119 mihi
2774 1065 2837 1118 ad
2870 1067 2965 1120 ista
2997 1081 3096 1120 nun
3136 1078 3302 1121 vacat.

1894 1150 1957 1204 Et
2000 1153 2144 1216 vidit,
2195 1155 2380 1223 inquit,
2414 1166 2458 1210 et
2485 1159 2715 1212 credidit.
2763 1159 2856 1214 llic
2896 1161 3131 1214 nonnulli
3187 1177 3368 1228 parum

1821 1245 2176 1310 attendentes,
2230 1257 2413 1314 putant
2465 1249 2563 1303 hoc
2589 1250 2843 1305 Joannem
2898 1252 3182 1308 credidisse
3233 1254 3371 1320 quod

1819 1334 1970 1389 Jesns
1997 1339 2354 1392 resnrrcxerit.
2390 1338 2492 1394 Sed
2524 1341 2662 1414 quod
2695 1343 2947 1411 sequitur.
2983 1359 3085 1397 non
3119 1343 3216 1397 hoc
3240 1343 3370 1397 indi-

1817 1434 1920 1479 cat.
1952 1426 2082 1491 Quid
2114 1427 2212 1481 sibi
2241 1430 2378 1481 enim
2412 1431 2519 1484 vult
2548 1431 2682 1497 quod
2714 1436 2890 1486 statim
2921 1433 3158 1501 adjuuxit
3191 1451 3203 1487 :

1891 1516 2132 1569 Nondum
2172 1520 2300 1570 enim
2338 1521 2556 1573 sciebant
2594 1521 2934 1591 Scriptor-am,
2969 1523 3084 1590 quia
3114 1524 3372 1587 oportebat

1818 1625 1930 1661 eum
1958 1626 1987 1660 a
2019 1611 2229 1665 mn'tnis
2257 1629 2534 1682 resurgere.
2569 1614 2679 1668 Non
2712 1631 2838 1684 ergo
2881 1631 2997 1669 cum
3038 1616 3257 1671 credidit
3289 1631 3372 1670 re.

1821 1701 2135 1762 surrexisse.
2163 1719 2314 1770 quem
2349 1706 2612 1758 nesciebat
2643 1717 2888 1774 oportere
2915 1723 3204 1778 resurgere.
3239 1709 3374 1776 Quid

1820 1806 1945 1860 ergo
1973 1791 2138 1846 vidit?
2161 1794 2281 1862 quid
2313 1795 2571 1849 credidit?
2606 1797 2743 1851 Vidit
2771 1784 2974 1853 scilicet
3000 1801 3152 1854 inane
3186 1816 3373 1866 manu-

1819 1890 2076 1946 mentum,
2110 1891 2162 1936 et
2187 1885 2407 1938 credidit
2453 1886 2591 1951 quod
2637 1887 2848 1941 dixerat
2892 1890 3100 1951 mulier,
3148 1906 3264 1943 eum
3308 1889 3377 1944 de

1819 1988 2160 2029 monumento
2188 1992 2304 2031 esse
2329 1979 2613 2034 sublatum.
2663 1979 2903 2034 Nondum
2953 1981 3091 2034 enim
3139 1982 3376 2035 sciebant

1820 2065 2165 2133 Scripturam,
2191 2070 2306 2136 quia
2338 2078 2604 2134 ouorteret
2635 2085 2753 2123 enm
2778 2086 2803 2122 a
2831 2071 3049 2123 mortuis
3077 2085 3372 2138 resurgere.

1822 2159 1885 2212 Et
1915 2159 2030 2212 ideo
2056 2161 2264 2229 quando
2293 2161 2340 2214 id
2371 2161 2435 2215 ab
2468 2161 2580 2230 ipso
2609 2160 2827 2215 Domino
2852 2163 3151 2226 audiebant,
3186 2178 3215 2230 q
3244 2179 3370 2215 sam-

1817 2253 1895 2305 vis
1919 2254 2249 2319 apertissime
2279 2253 2561 2319 diceretur,
2594 2256 2972 2309 consuetudine
3010 2254 3255 2309 audiendi
3303 2258 3367 2308 ab

1815 2341 1902 2394 illo
1925 2341 2217 2408 parabolas,
2243 2358 2343 2394 non
2375 2344 2752 2412 intclligeh'xnt,
2779 2355 2830 2398 et
2853 2344 3046 2413 aliquid
3079 2344 3213 2398 aliud
3245 2361 3363 2397 cum

1814 2431 2116 2501 significare
2159 2433 2460 2486 credebant.
2513 2435 2783 2488 Sublatum
2825 2450 2941 2489 esse
2983 2436 3258 2489 Dominum
3305 2436 3372 2487 de

1817 2529 2154 2574 monumento
2198 2523 2464 2590 discipulis
2507 2524 2620 2593 ejus
2652 2522 2808 2578 Petro
2837 2534 2888 2579 et
2918 2525 3105 2580 Juanni
3157 2526 3369 2579 nuntia-

1812 2624 1960 2666 verat
2006 2614 2162 2668 Maria
2216 2614 2549 2682 Magdalene;
2582 2631 2685 2685 quo
2717 2617 2788 2670 illi
2821 2618 3092 2671 venientes
3139 2618 3366 2670 iuvenc-

1813 2712 1934 2758 runt
1962 2705 2071 2758 sola
2105 2705 2402 2758 linteamina
2436 2706 2624 2774 quibus
2652 2723 2842 2778 corpus
2867 2710 3032 2762 fuerat
3055 2708 3361 2764 involutum.

1811 2795 1877 2848 Et
1906 2795 2029 2864 quid
2060 2795 2199 2849 aliud
2227 2797 2440 2852 credere
2472 2804 2774 2865 potuerunt,
2808 2799 2906 2855 nisi
2939 2800 3077 2871 quod
3108 2802 3190 2854 illa
3217 2801 3364 2855 dixe-

1810 2895 1911 2949 rat,
1943 2887 2081 2955 quod
2110 2889 2265 2940 etiam
2299 2890 2406 2957 ipsa
2437 2890 2774 2944 crediderat?

1880 2978 2122 3032 Abierant
2144 2997 2258 3050 ergo
2287 2982 2466 3034 iterum
2495 2983 2562 3035 ad
2591 2984 2878 3053 semetipsos
2907 2976 3144 3054 discipuli
3167 2985 3238 3055 (id
3265 3002 3292 3039 e
3329 2995 3362 3046 t,

1811 3071 1896 3125 ubi
1943 3071 2274 3135 habitabant,
2327 3081 2379 3127 et
2421 3074 2554 3127 unde
2589 3075 2650 3128 ad
2697 3086 3091 3130 monumentum
3131 3091 3370 3129 cucurre-

1802 3164 1960 3232 rant)
1987 3180 2001 3229 ;
2037 3163 2199 3216 Maria
2225 3174 2389 3218 autem
2418 3166 2578 3218 stabat
2607 3167 2672 3218 ad
2699 3175 3066 3220 monumentum
3097 3169 3219 3232 [oris
3259 3171 3373 3235 plo-

1801 3270 1940 3308 rans.
1989 3255 2121 3308 Virls
2163 3256 2299 3308 enim
2329 3256 2685 3322 redeuntibus,
2720 3257 3054 3312 infirmiorem
3086 3273 3268 3312 sexum
3311 3259 3360 3309 in

1798 3345 1984 3401 eodem
2041 3345 2154 3399 loco
2217 3347 2399 3401 fortior
2451 3347 2641 3416 figebat
2697 3347 2946 3413 allectus;
3006 3358 3058 3402 et
3096 3349 3230 3403 cruli
3279 3351 3364 3415 qui

1801 3435 2076 3488 Dominum
2116 3438 2451 3504 quinsierant,
2500 3447 2550 3492 et
2598 3454 2698 3491 non
2743 3439 3065 3505 invenerant,
3122 3441 3368 3509 laerymis

1793 3524 1901 3593 jam
1935 3527 2204 3591 vacabant,
2238 3529 2461 3592 amplius
2490 3529 2725 3583 dolentes
2753 3531 2888 3597 quod
2929 3530 3096 3584 fuerat
3131 3532 3366 3585 sublatus

1798 3615 1861 3668 de
1890 3626 2250 3682 monumento,
2290 3632 2442 3686 quam
2482 3619 2619 3687 quod
2666 3621 2834 3674 fuerat
2882 3622 3085 3675 occisus
3119 3625 3165 3674 in
3199 3623 3358 3690 ligno,

1799 3706 2043 3774 quoniam
2077 3710 2304 3778 magistri
2337 3711 2484 3775 tanti,
2517 3712 2662 3780 cujus
2688 3713 2765 3767 eis
2797 3715 2897 3767 rita
2939 3716 3201 3768 subtracta
3251 3714 3362 3768 fne-

1800 3810 1900 3864 rat,
1935 3815 2030 3853 nec
2061 3803 2311 3856 memoria
2336 3805 2656 3857 remanebat.
2690 3807 2921 3859 Tenebat
2955 3807 3128 3877 itaque
3156 3809 3218 3861 ad
3248 3824 3356 3860 uio.

1797 3903 2106 3947 nttn'ientum
2159 3895 2263 3960 jam
2293 3895 2438 3949 dolor
2471 3898 2567 3951 iste
2591 3898 2883 3953 mulierem.

1867 3984 1999 4038 Dum
2024 4003 2140 4057 ergo
2164 3991 2328 4057 ﬂeret,
2358 3991 2614 4043 inclinavit
2645 4007 2715 4058 se,
2749 4001 2792 4043 et
2816 3994 3071 4058 prosperit
3101 3992 3148 4044 in
3174 4010 3350 4045 monu-

1797 4086 2036 4133 mentum.
2069 4079 2175 4131 Cur
2201 4080 2297 4132 hoc
2329 4080 2530 4146 l'eccrit,
2567 4083 2774 4145 nescio;
2819 4100 2918 4136 non
2957 4085 3096 4138 enim
3144 4085 3348 4138 nescie-

1797 4169 1882 4220 bat
1905 4184 2006 4220 non
2034 4170 2102 4222 ibi
2131 4170 2372 4239 essejam
2400 4188 2554 4237 que:n
2583 4178 2867 4244 qttatrehat,
2901 4179 3108 4245 quando
3140 4179 3347 4248 quidem

1798 4258 1918 4313 inde
1963 4259 2225 4313 sublatura
2263 4273 2310 4314 et
2349 4263 2616 4331 discipulis
2663 4268 2771 4332 ipsa
2816 4267 3164 4328 nuntiaverat,
3198 4279 3250 4322 ct
3282 4271 3353 4323 illi

1795 4351 1859 4401 ad
1906 4364 2304 4405 monumentum
2346 4366 2614 4419 venerant,
2647 4366 2699 4410 ct
2729 4375 2829 4410 non
2870 4363 3039 4412 solum
3075 4361 3349 4424 intuendo,

139 4443 297 4496 danda
326 4445 712 4511 recapitulalio,
741 4446 1006 4514 quomodo
1035 4446 1260 4499 reditum
1284 4455 1364 4499 est
1386 4445 1452 4499 ad
1477 4447 1524 4500 id
1549 4448 1686 4516 quod
1722 4465 1770 4524 ο
1795 4442 1887 4493 sed
1917 4443 2074 4495 etiam
2110 4442 2351 4497 intrandi)
2390 4461 2579 4509 corpus
2620 4448 2820 4501 Domini
2865 4453 3205 4518 quaesierunt,
3253 4469 3351 4508 Ite.

140 4534 297 4588 fuerat
327 4537 762 4603 praetermissum,
788 4548 836 4590 et
860 4544 1034 4591 tamen
1065 4539 1211 4604 quasi
1238 4541 1333 4591 hoc
1358 4551 1689 4607 sequeretur,

139 4625 427 4693 adiunctum
473 4636 574 4680 est.
618 4627 750 4681 Cum
797 4630 938 4681 enim
977 4629 1082 4696 jam
1125 4628 1390 4682 dixisset:
1427 4628 1693 4683 Venerunt

141 4720 196 4772 ad
227 4732 644 4787 monumentum,
697 4737 970 4792 regressus
997 4733 1053 4776 ut
1081 4731 1260 4776 narret
1300 4722 1562 4788 quomodo
1595 4738 1688 4774 ve-

144 4811 324 4875 nerint,
354 4822 506 4880 atque
550 4813 662 4868 ait:
695 4812 973 4866 Currebant
1014 4821 1184 4865 autent
1215 4813 1316 4865 duo
1360 4813 1534 4876 simul,
1583 4822 1686 4864 etc.

146 4903 230 4954 Ubi
253 4906 476 4958 ostendit
496 4905 634 4972 quod
662 4920 994 4972 praecurrens
1017 4904 1078 4958 ad
1105 4914 1504 4959 monumentum
1538 4903 1686 4971 prior

141 4997 325 5048 venerit
355 4999 482 5051 alius
504 4998 592 5051 ille
615 4997 908 5065 discipulus
939 5012 1094 5066 quem
1127 4997 1359 5065 seipsum
1401 4996 1684 5066 significat,

143 5083 223 5136 sed
255 5095 489 5152 tanquam
522 5088 589 5141 de
619 5088 724 5140 alio
750 5096 940 5142 cuncta
971 5097 1172 5140 narrat.

205 5171 265 5226 Et
285 5190 394 5228 cum
416 5194 463 5230 se
483 5179 794 5245 inclinasset,
823 5178 1011 5246 inquit,
1032 5179 1155 5231 vidit
1179 5179 1344 5248 posita
1367 5179 1681 5243 linteamina,

145 5279 232 5314 non
262 5275 417 5318 tamen
443 5268 682 5323 introivit.
726 5266 875 5320 Venit
907 5283 1022 5338 ergo
1057 5269 1231 5321 Simon
1264 5267 1448 5322 Petrus
1479 5285 1683 5332 sequens

146 5369 267 5417 eum,
294 5365 334 5406 et
363 5357 582 5410 introivit
617 5358 671 5410 in
700 5367 1099 5420 monumentum,
1139 5367 1185 5411 et
1224 5359 1343 5410 vidit
1391 5360 1684 5412 linteantma

154 5448 310 5515 posita,
341 5460 385 5500 et
408 5452 666 5503 sudarium
693 5452 830 5518 quod
861 5453 1026 5522 fuerat
1048 5468 1198 5521 super
1236 5462 1384 5518 caput
1411 5455 1541 5516 eius,
1584 5447 1682 5505 non

150 5551 245 5586 cum
274 5539 637 5594 linteaminibus
652 5544 888 5612 positum,
917 5544 1004 5597 sed
1024 5544 1298 5611 separatio:
1331 5545 1605 5598 involutum
1631 5547 1682 5597 in

154 5645 290 5681 unum
310 5632 485 5686 locum.
511 5632 829 5688 Putamusne
851 5635 978 5688 nihil
1002 5635 1099 5689 ista
1120 5633 1449 5705 significant?
1474 5636 1678 5703 Nequa,

153 5732 290 5780 suam
313 5723 359 5778 id
385 5727 692 5793 putarerim,
724 5727 814 5781 sed
846 5727 1030 5798 adalia
1059 5728 1382 5795 festinatum,
1410 5730 1459 5784 in
1485 5731 1678 5799 quibus

1797 4530 2126 4586 invenerant.
2155 4533 2287 4599 Quid
2315 4551 2440 4603 ergo
2468 4538 2563 4589 sibi
2595 4539 2701 4590 vult
2732 4541 2867 4606 quod
2901 4543 2997 4595 ista
3027 4557 3145 4596 cum
3178 4544 3348 4609 ﬂeret,

1797 4638 1976 4675 I'Ul'lilh
2005 4623 2054 4675 in
2090 4635 2481 4679 monumentum
2525 4629 2768 4683 inclinata
2816 4624 3118 4699 prospexit?
3170 4634 3349 4688 Utrum

1795 4713 1933 4780 quod
1984 4712 2201 4766 nimium
2258 4715 2488 4779 dolebat,
2524 4733 2618 4770 nec
2648 4721 2756 4772 siris
2790 4736 2884 4773 nec
2917 4723 3125 4775 illorum
3181 4726 3346 4776 OCUiIS

1797 4803 1945 4855 facile
1972 4805 2182 4871 putabat
2208 4819 2326 4858 esse
2353 4807 2711 4859 credendum?
2740 4812 2816 4862 An
2849 4812 3022 4876 potius
3050 4813 3227 4866 divino
3273 4814 3344 4866 in-

1791 4897 1983 4948 stinctu
2025 4896 2077 4949 in
2122 4898 2296 4950 animo
2333 4899 2447 4966 ejus
2492 4899 2732 4954 cllectum
2775 4911 2856 4956 est
2897 4911 2952 4955 ut
2990 4906 3348 4973 prospiceret?

1791 4986 2062 5054 Prospexit
2091 4987 2229 5040 enim
2268 5006 2279 5040 :

1861 5091 1924 5144 Et
1953 5093 2072 5145 vidit
2104 5094 2224 5145 duos
2253 5096 2456 5160 angelos
2484 5095 2532 5146 in
2559 5095 2684 5146 albis
2714 5096 2962 5160 sedentes,
2991 5114 3142 5150 unum
3169 5100 3232 5148 od
3258 5116 3342 5149 ca.

1789 5196 1897 5249 put,
1920 5194 1961 5234 et
1989 5201 2141 5236 unum
2163 5186 2229 5235 ad
2252 5187 2414 5251 pedes,
2447 5187 2526 5236 ubi
2554 5188 2769 5253 positum
2800 5188 2960 5255 fuerat
2987 5205 3170 5254 corpus
3197 5188 3340 5242 chu.

1787 5278 1919 5340 Quid
1945 5277 2182 5343 estquod
2213 5293 2343 5328 unus
2374 5277 2434 5328 ad
2461 5287 2635 5345 caput,
2661 5277 2724 5330 ad
2750 5278 2908 5345 pedes
2932 5281 3063 5332 alter
3090 5282 3344 5334 Sedebat?

1787 5374 1863 5421 An
1897 5371 2138 5435 quaniam
2171 5369 2255 5435 qui
2292 5367 2470 5421 Graece
2501 5369 2666 5436 angeli
2699 5370 2964 5432 dit‘tlttlttr,
3001 5371 3182 5423 Latine
3221 5382 3344 5426 snot

1786 5459 1970 5520 nuntii,
2005 5459 2102 5509 isto
2133 5459 2288 5511 modo
2336 5459 2527 5510 Christi
2575 5459 2900 5524 evangelium
2946 5460 3087 5511 velut
3115 5476 3144 5512 a
3170 5465 3340 5527 capite

1786 5565 1946 5618 usque
1973 5553 2034 5602 ad
2061 5552 2241 5619 pedes,
2278 5551 2343 5603 ab
2383 5550 2532 5605 initio
2575 5568 2736 5620 usque
2771 5553 2835 5606 ad
2880 5553 3037 5604 finem
3077 5553 3335 5618 significa-

1785 5643 1907 5695 bztnl.
1934 5657 2051 5695 tisse
2083 5643 2461 5694 nuntiandum?

1858 5732 2034 5786 Dicunt
2064 5735 2104 5784 ei
2133 5733 2206 5785 illi
2239 5749 2254 5785 .'
2287 5730 2488 5796 Mulier,
2521 5732 2640 5802 quid
2671 5733 2874 5800 ploras?
2909 5731 3039 5784 Dicit
3067 5736 3136 5784 eis
3165 5749 3179 5784 :
3209 5735 3333 5796 Quid
