  <div class='ocr_page' id='page_1' title='image "/cluster/home/n/w/nwhite01/storage/ocr_20150623/92-93/uva.x000827076/467.png"; bbox 0 0 3884 6232; ppageno 0'>
   <div class='ocr_carea' id='block_1_1' title="bbox 523 335 631 392">
    <p class='ocr_par' dir='ltr' id='par_1_1' title="bbox 523 335 631 392">
     <span class='ocr_line' id='line_1_1' title="bbox 523 335 631 392; baseline 0.028 -4"><span class='ocrx_word' id='word_1_1' title='bbox 523 335 631 392; x_wconf 80' lang='grc'><strong>919</strong></span> 
     </span>
    </p>
   </div>
   <div class='ocr_carea' id='block_1_2' title="bbox 967 340 3382 431">
    <p class='ocr_par' dir='ltr' id='par_1_2' title="bbox 967 340 3382 431">
     <span class='ocr_line' id='line_1_2' title="bbox 967 340 3382 431; baseline 0.014 -36"><span class='ocrx_word' id='word_1_2' title='bbox 967 340 1171 397; x_wconf 72' lang='grc' dir='ltr'><strong>ΒΕΜΞ</strong></span> <span class='ocrx_word' id='word_1_3' title='bbox 1214 341 1665 406; x_wconf 73' lang='lat' dir='ltr'><strong>VENERABILIS</strong></span> <span class='ocrx_word' id='word_1_4' title='bbox 1702 349 1852 406; x_wconf 88' lang='lat' dir='ltr'><strong>OPP.</strong></span> <span class='ocrx_word' id='word_1_5' title='bbox 1896 350 2072 411; x_wconf 80' lang='lat' dir='ltr'><strong>PARS</strong></span> <span class='ocrx_word' id='word_1_6' title='bbox 2112 355 2177 414; x_wconf 85' lang='lat' dir='ltr'><strong>ll.</strong></span> <span class='ocrx_word' id='word_1_7' title='bbox 2217 356 2400 415; x_wconf 74' lang='lat' dir='ltr'><strong>SECT.</strong></span> <span class='ocrx_word' id='word_1_8' title='bbox 2454 368 2495 422; x_wconf 85' lang='grc' dir='ltr'><strong>Ι.</strong></span> <span class='ocrx_word' id='word_1_9' title='bbox 2534 396 2603 407; x_wconf 90' lang='grc'><strong><em>-</em></strong></span> <span class='ocrx_word' id='word_1_10' title='bbox 2634 363 3023 423; x_wconf 78' lang='lat' dir='ltr'><strong>EXEGETICA</strong></span> <span class='ocrx_word' id='word_1_11' title='bbox 3065 371 3382 431; x_wconf 65' lang='lat' dir='ltr'><strong>GE‘NUIVA.</strong></span> 
     </span>
    </p>
   </div>
   <div class='ocr_carea' id='block_1_3' title="bbox 3675 385 3768 440">
    <p class='ocr_par' dir='ltr' id='par_1_3' title="bbox 3675 385 3768 440">
     <span class='ocr_line' id='line_1_3' title="bbox 3675 385 3768 440; baseline 0 -1"><span class='ocrx_word' id='word_1_12' title='bbox 3675 385 3768 440; x_wconf 69' lang='lat'><strong>92‘)</strong></span> 
     </span>
    </p>
   </div>
   <div class='ocr_carea' id='block_1_4' title="bbox 520 451 3772 565">
    <p class='ocr_par' dir='ltr' id='par_1_4' title="bbox 520 451 3772 565">
     <span class='ocr_line' id='line_1_4' title="bbox 520 451 3772 565; baseline 0.014 -61"><span class='ocrx_word' id='word_1_13' title='bbox 520 452 746 506; x_wconf 82' lang='lat' dir='ltr'><strong>tulerunt</strong></span> <span class='ocrx_word' id='word_1_14' title='bbox 778 451 1051 509; x_wconf 84' lang='lat' dir='ltr'><strong>Dominum</strong></span> <span class='ocrx_word' id='word_1_15' title='bbox 1078 473 1261 525; x_wconf 87' lang='lat' dir='ltr'><strong>meum,</strong></span> <span class='ocrx_word' id='word_1_16' title='bbox 1287 470 1336 513; x_wconf 90' lang='lat' dir='ltr'><strong>et</strong></span> <span class='ocrx_word' id='word_1_17' title='bbox 1359 463 1524 516; x_wconf 89' lang='lat' dir='ltr'><strong>nescio</strong></span> <span class='ocrx_word' id='word_1_18' title='bbox 1553 465 1637 515; x_wconf 88' lang='lat' dir='ltr'><strong>ubi</strong></span> <span class='ocrx_word' id='word_1_19' title='bbox 1663 478 1938 532; x_wconf 86' lang='lat' dir='ltr'><strong>posuerunt</strong></span> <span class='ocrx_word' id='word_1_20' title='bbox 1959 484 2093 521; x_wconf 86' lang='lat' dir='ltr'><strong>eum.</strong></span> <span class='ocrx_word' id='word_1_21' title='bbox 2131 478 2171 530; x_wconf 73' lang='grc' dir='ltr'><strong>Λ</strong></span> <span class='ocrx_word' id='word_1_22' title='bbox 2204 484 2252 525; x_wconf 86' lang='lat' dir='ltr'><strong>et</strong></span> <span class='ocrx_word' id='word_1_23' title='bbox 2297 475 2427 543; x_wconf 52' lang='lat' dir='ltr'><strong>afer</strong></span> <span class='ocrx_word' id='word_1_24' title='bbox 2456 493 2665 531; x_wconf 82' lang='lat' dir='ltr'><strong>ntanum</strong></span> <span class='ocrx_word' id='word_1_25' title='bbox 2716 457 2876 546; x_wconf 88' lang='lat' dir='ltr'><strong>tuam,</strong></span> <span class='ocrx_word' id='word_1_26' title='bbox 2911 493 2957 537; x_wconf 91' lang='lat' dir='ltr'><strong>et</strong></span> <span class='ocrx_word' id='word_1_27' title='bbox 2987 484 3124 540; x_wconf 84' lang='lat' dir='ltr'><strong>mitte</strong></span> <span class='ocrx_word' id='word_1_28' title='bbox 3171 488 3224 541; x_wconf 89' lang='lat' dir='ltr'><strong>in</strong></span> <span class='ocrx_word' id='word_1_29' title='bbox 3252 491 3388 546; x_wconf 88' lang='lat' dir='ltr'><strong>latus</strong></span> <span class='ocrx_word' id='word_1_30' title='bbox 3434 510 3616 550; x_wconf 84' lang='lat' dir='ltr'><strong>meum.</strong></span> <span class='ocrx_word' id='word_1_31' title='bbox 3655 485 3772 565; x_wconf 79' lang='lat' dir='ltr'><strong>Quis</strong></span> 
     </span>
     <span class='ocr_line' id='line_1_5' title="bbox 531 544 1886 565; baseline 0.011 -8"><span class='ocrx_word' id='word_1_32' title='bbox 531 544 708 565; x_wconf 44' lang='grc' dir='ltr'><strong>,μω</strong></span> <span class='ocrx_word' id='word_1_33' title='bbox 742 544 995 565; x_wconf 39' lang='grc' dir='ltr'><strong>,η-ηηῌ,</strong></span> <span class='ocrx_word' id='word_1_34' title='bbox 1279 551 1290 565; x_wconf 94' lang='grc'><em>.</em></span> <span class='ocrx_word' id='word_1_35' title='bbox 1391 564 1397 565; x_wconf 60' lang='lat'><strong><em>,</em></strong></span> <span class='ocrx_word' id='word_1_36' title='bbox 1498 554 1509 565; x_wconf 90' lang='lat'><strong>.</strong></span> <span class='ocrx_word' id='word_1_37' title='bbox 1535 554 1546 565; x_wconf 92' lang='lat'><strong>.</strong></span> <span class='ocrx_word' id='word_1_38' title='bbox 1651 555 1698 565; x_wconf 92' lang='lat'><strong>..</strong></span> <span class='ocrx_word' id='word_1_39' title='bbox 1783 557 1813 565; x_wconf 88' lang='lat'><strong>..</strong></span> <span class='ocrx_word' id='word_1_40' title='bbox 1879 558 1886 565; x_wconf 88' lang='lat'><strong>.</strong></span> 
     </span>
    </p>
   </div>
   <div class='ocr_carea' id='block_1_5' title="bbox 520 544 2095 628">
    <p class='ocr_par' dir='ltr' id='par_1_5' title="bbox 520 544 2095 628">
     <span class='ocr_line' id='line_1_6' title="bbox 520 544 2095 628; baseline 0.01 -31"><span class='ocrx_word' id='word_1_41' title='bbox 520 544 709 613; x_wconf 79' lang='lat' dir='ltr'><strong>Angeli</strong></span> <span class='ocrx_word' id='word_1_42' title='bbox 741 544 1001 617; x_wconf 86' lang='lat' dir='ltr'><strong>Iacrytnas</strong></span> <span class='ocrx_word' id='word_1_43' title='bbox 1052 549 1425 617; x_wconf 81' lang='lat' dir='ltr'><strong>prohibebant,</strong></span> <span class='ocrx_word' id='word_1_44' title='bbox 1461 554 1548 608; x_wconf 90' lang='lat' dir='ltr'><strong>ubi</strong></span> <span class='ocrx_word' id='word_1_45' title='bbox 1580 555 1699 623; x_wconf 83' lang='lat' dir='ltr'><strong>quid</strong></span> <span class='ocrx_word' id='word_1_46' title='bbox 1746 557 1888 611; x_wconf 84' lang='lat' dir='ltr'><strong>aliud</strong></span> <span class='ocrx_word' id='word_1_47' title='bbox 1940 574 2095 628; x_wconf 91' lang='lat' dir='ltr'><strong>quam</strong></span> 
     </span>
    </p>
   </div>
   <div class='ocr_carea' id='block_1_6' title="bbox 519 627 2095 711">
    <p class='ocr_par' dir='ltr' id='par_1_6' title="bbox 519 627 2095 711">
     <span class='ocr_line' id='line_1_7' title="bbox 519 627 2095 711; baseline 0.011 -25"><span class='ocrx_word' id='word_1_48' title='bbox 519 627 757 711; x_wconf 74' lang='lat' dir='ltr'><strong>futurum</strong></span> <span class='ocrx_word' id='word_1_49' title='bbox 785 636 1177 706; x_wconf 84' lang='lat' dir='ltr'><strong>quodammodo</strong></span> <span class='ocrx_word' id='word_1_50' title='bbox 1204 642 1454 711; x_wconf 75' lang='lat' dir='ltr'><strong>gaudium</strong></span> <span class='ocrx_word' id='word_1_51' title='bbox 1486 646 1835 702; x_wconf 89' lang='lat' dir='ltr'><strong>nuntiabant?</strong></span> <span class='ocrx_word' id='word_1_52' title='bbox 1858 649 1933 703; x_wconf 89' lang='lat' dir='ltr'><strong>lta</strong></span> <span class='ocrx_word' id='word_1_53' title='bbox 1955 627 2095 705; x_wconf 87' lang='lat' dir='ltr'><strong>enim</strong></span> 
     </span>
    </p>
   </div>
   <div class='ocr_carea' id='block_1_7' title="bbox 524 727 2096 800">
    <p class='ocr_par' dir='ltr' id='par_1_7' title="bbox 524 727 2096 800">
     <span class='ocr_line' id='line_1_8' title="bbox 524 727 2096 800; baseline 0.013 -21"><span class='ocrx_word' id='word_1_54' title='bbox 524 727 776 783; x_wconf 74' lang='lat' dir='ltr'><strong>dixerunt</strong></span> <span class='ocrx_word' id='word_1_55' title='bbox 808 730 946 795; x_wconf 84' lang='lat' dir='ltr'><strong>Quid</strong></span> <span class='ocrx_word' id='word_1_56' title='bbox 973 732 1192 800; x_wconf 82' lang='lat' dir='ltr'><strong>ploras?</strong></span> <span class='ocrx_word' id='word_1_57' title='bbox 1217 749 1279 789; x_wconf 90' lang='lat' dir='ltr'><strong>ac</strong></span> <span class='ocrx_word' id='word_1_58' title='bbox 1306 736 1352 790; x_wconf 90' lang='lat' dir='ltr'><strong>si</strong></span> <span class='ocrx_word' id='word_1_59' title='bbox 1383 737 1621 793; x_wconf 88' lang='lat' dir='ltr'><strong>dicerent</strong></span> <span class='ocrx_word' id='word_1_60' title='bbox 1655 756 1668 792; x_wconf 88' lang='lat'><strong>:</strong></span> <span class='ocrx_word' id='word_1_61' title='bbox 1705 740 1921 799; x_wconf 88' lang='lat' dir='ltr'><strong>Plorare</strong></span> <span class='ocrx_word' id='word_1_62' title='bbox 1967 744 2096 799; x_wconf 92' lang='lat' dir='ltr'><strong>noli.</strong></span> 
     </span>
    </p>
   </div>
   <div class='ocr_carea' id='block_1_8' title="bbox 522 818 2098 902">
    <p class='ocr_par' dir='ltr' id='par_1_8' title="bbox 522 818 2098 902">
     <span class='ocr_line' id='line_1_9' title="bbox 522 818 2098 902; baseline 0.011 -29"><span class='ocrx_word' id='word_1_63' title='bbox 522 823 591 873; x_wconf 77' lang='lat' dir='ltr'><strong>At</strong></span> <span class='ocrx_word' id='word_1_64' title='bbox 628 818 719 874; x_wconf 90' lang='lat' dir='ltr'><strong>illa</strong></span> <span class='ocrx_word' id='word_1_65' title='bbox 754 836 848 875; x_wconf 91' lang='lat' dir='ltr'><strong>eos</strong></span> <span class='ocrx_word' id='word_1_66' title='bbox 885 832 1075 891; x_wconf 89' lang='lat' dir='ltr'><strong>putans</strong></span> <span class='ocrx_word' id='word_1_67' title='bbox 1122 825 1480 898; x_wconf 74' lang='lat' dir='ltr'><strong>interrogasse</strong></span> <span class='ocrx_word' id='word_1_68' title='bbox 1537 832 1858 902; x_wconf 81' lang='lat' dir='ltr'><strong>nescientes,</strong></span> <span class='ocrx_word' id='word_1_69' title='bbox 1910 849 2098 892; x_wconf 80' lang='lat' dir='ltr'><strong>causas</strong></span> 
     </span>
    </p>
   </div>
   <div class='ocr_carea' id='block_1_9' title="bbox 521 911 2096 993">
    <p class='ocr_par' dir='ltr' id='par_1_9' title="bbox 521 911 2096 993">
     <span class='ocr_line' id='line_1_10' title="bbox 521 911 2096 993; baseline 0.011 -30"><span class='ocrx_word' id='word_1_70' title='bbox 521 911 754 980; x_wconf 73' lang='lat' dir='ltr'><strong>prodidit</strong></span> <span class='ocrx_word' id='word_1_71' title='bbox 782 913 1133 984; x_wconf 82' lang='lat' dir='ltr'><strong>lacrymarum</strong></span> <span class='ocrx_word' id='word_1_72' title='bbox 1168 936 1181 971; x_wconf 89' lang='lat'>:</span> <span class='ocrx_word' id='word_1_73' title='bbox 1218 917 1350 984; x_wconf 87' lang='lat' dir='ltr'><strong>Quia</strong></span> <span class='ocrx_word' id='word_1_74' title='bbox 1397 918 1644 989; x_wconf 88' lang='lat' dir='ltr'><strong>tulerunt,</strong></span> <span class='ocrx_word' id='word_1_75' title='bbox 1698 924 1887 993; x_wconf 89' lang='lat' dir='ltr'><strong>inquit,</strong></span> <span class='ocrx_word' id='word_1_76' title='bbox 1920 925 2096 980; x_wconf 85' lang='lat' dir='ltr'><strong>Domi-</strong></span> 
     </span>
    </p>
   </div>
   <div class='ocr_carea' id='block_1_10' title="bbox 521 1007 2100 1080">
    <p class='ocr_par' dir='ltr' id='par_1_10' title="bbox 521 1007 2100 1080">
     <span class='ocr_line' id='line_1_11' title="bbox 521 1007 2100 1080; baseline 0.011 -23"><span class='ocrx_word' id='word_1_77' title='bbox 521 1021 644 1058; x_wconf 85' lang='lat' dir='ltr'><strong>num</strong></span> <span class='ocrx_word' id='word_1_78' title='bbox 673 1022 858 1062; x_wconf 86' lang='lat' dir='ltr'><strong>meum.</strong></span> <span class='ocrx_word' id='word_1_79' title='bbox 894 1007 1177 1064; x_wconf 90' lang='lat' dir='ltr'><strong>Dominum</strong></span> <span class='ocrx_word' id='word_1_80' title='bbox 1207 1027 1362 1066; x_wconf 90' lang='lat' dir='ltr'><strong>suum</strong></span> <span class='ocrx_word' id='word_1_81' title='bbox 1392 1028 1611 1080; x_wconf 89' lang='lat' dir='ltr'><strong>vocans,</strong></span> <span class='ocrx_word' id='word_1_82' title='bbox 1643 1015 1849 1075; x_wconf 88' lang='lat' dir='ltr'><strong>Domini</strong></span> <span class='ocrx_word' id='word_1_83' title='bbox 1877 1020 1959 1073; x_wconf 91' lang='lat' dir='ltr'><strong>sui</strong></span> <span class='ocrx_word' id='word_1_84' title='bbox 1981 1035 2100 1075; x_wconf 91' lang='lat' dir='ltr'><strong>cor-</strong></span> 
     </span>
    </p>
   </div>
   <div class='ocr_carea' id='block_1_11' title="bbox 517 1098 2100 1178">
    <p class='ocr_par' dir='ltr' id='par_1_11' title="bbox 517 1098 2100 1178">
     <span class='ocr_line' id='line_1_12' title="bbox 517 1098 2100 1178; baseline 0.015 -31"><span class='ocrx_word' id='word_1_85' title='bbox 517 1110 617 1165; x_wconf 84' lang='lat' dir='ltr'><strong>pus</strong></span> <span class='ocrx_word' id='word_1_86' title='bbox 642 1098 905 1165; x_wconf 80' lang='lat' dir='ltr'><strong>exanime,</strong></span> <span class='ocrx_word' id='word_1_87' title='bbox 935 1117 965 1155; x_wconf 90' lang='lat' dir='ltr'><strong>a</strong></span> <span class='ocrx_word' id='word_1_88' title='bbox 993 1111 1105 1157; x_wconf 92' lang='lat' dir='ltr'><strong>toto</strong></span> <span class='ocrx_word' id='word_1_89' title='bbox 1134 1116 1331 1172; x_wconf 86' lang='lat' dir='ltr'><strong>partem</strong></span> <span class='ocrx_word' id='word_1_90' title='bbox 1365 1107 1669 1178; x_wconf 79' lang='lat' dir='ltr'><strong>signiﬁcans</strong></span> <span class='ocrx_word' id='word_1_91' title='bbox 1703 1128 1715 1164; x_wconf 91' lang='lat'><strong>:</strong></span> <span class='ocrx_word' id='word_1_92' title='bbox 1749 1111 1884 1166; x_wconf 86' lang='lat' dir='ltr'><strong>sicut</strong></span> <span class='ocrx_word' id='word_1_93' title='bbox 1911 1128 2100 1170; x_wconf 86' lang='lat' dir='ltr'><strong>omnes</strong></span> 
     </span>
    </p>
   </div>
   <div class='ocr_carea' id='block_1_12' title="bbox 480 1187 2100 1258">
    <p class='ocr_par' dir='ltr' id='par_1_12' title="bbox 480 1187 2100 1258">
     <span class='ocr_line' id='line_1_13' title="bbox 480 1187 2100 1258; baseline 0.014 -21"><span class='ocrx_word' id='word_1_94' title='bbox 480 1198 483 1199; x_wconf 71' lang='lat'><strong><em>&#39;</em></strong></span> <span class='ocrx_word' id='word_1_95' title='bbox 520 1187 842 1243; x_wconf 73' lang='lat' dir='ltr'><strong>conﬁtentur</strong></span> <span class='ocrx_word' id='word_1_96' title='bbox 887 1189 1070 1246; x_wconf 78' lang='lat' dir='ltr'><strong>Iesum</strong></span> <span class='ocrx_word' id='word_1_97' title='bbox 1110 1192 1377 1249; x_wconf 84' lang='lat' dir='ltr'><strong>Christum</strong></span> <span class='ocrx_word' id='word_1_98' title='bbox 1411 1197 1601 1252; x_wconf 89' lang='lat' dir='ltr'><strong>Filium</strong></span> <span class='ocrx_word' id='word_1_99' title='bbox 1634 1200 1725 1254; x_wconf 89' lang='lat' dir='ltr'><strong>Dei</strong></span> <span class='ocrx_word' id='word_1_100' title='bbox 1756 1204 1965 1257; x_wconf 89' lang='lat' dir='ltr'><strong>unicum</strong></span> <span class='ocrx_word' id='word_1_101' title='bbox 1997 1204 2100 1258; x_wconf 92' lang='lat' dir='ltr'><strong>Do-</strong></span> 
     </span>
    </p>
   </div>
   <div class='ocr_carea' id='block_1_13' title="bbox 517 1277 2099 1360">
    <p class='ocr_par' dir='ltr' id='par_1_13' title="bbox 517 1277 2099 1360">
     <span class='ocr_line' id='line_1_14' title="bbox 517 1277 2099 1360; baseline 0.013 -27"><span class='ocrx_word' id='word_1_102' title='bbox 517 1279 721 1336; x_wconf 91' lang='lat' dir='ltr'><strong>minum</strong></span> <span class='ocrx_word' id='word_1_103' title='bbox 780 1292 1040 1351; x_wconf 86' lang='lat' dir='ltr'><strong>nostrum,</strong></span> <span class='ocrx_word' id='word_1_104' title='bbox 1095 1277 1231 1357; x_wconf 89' lang='lat' dir='ltr'><strong>quod</strong></span> <span class='ocrx_word' id='word_1_105' title='bbox 1281 1290 1462 1360; x_wconf 84' lang='lat' dir='ltr'><strong>utique</strong></span> <span class='ocrx_word' id='word_1_106' title='bbox 1491 1304 1571 1347; x_wconf 91' lang='lat' dir='ltr'><strong>est</strong></span> <span class='ocrx_word' id='word_1_107' title='bbox 1597 1294 1755 1349; x_wconf 91' lang='lat' dir='ltr'><strong>simul</strong></span> <span class='ocrx_word' id='word_1_108' title='bbox 1786 1306 1840 1351; x_wconf 91' lang='lat' dir='ltr'><strong>et</strong></span> <span class='ocrx_word' id='word_1_109' title='bbox 1866 1297 2099 1353; x_wconf 82' lang='lat' dir='ltr'><strong>Verbum</strong></span> 
     </span>
    </p>
   </div>
   <div class='ocr_carea' id='block_1_14' title="bbox 516 1374 2096 1456">
    <p class='ocr_par' dir='ltr' id='par_1_14' title="bbox 516 1374 2096 1456">
     <span class='ocr_line' id='line_1_15' title="bbox 516 1374 2096 1456; baseline 0.013 -31"><span class='ocrx_word' id='word_1_110' title='bbox 516 1380 571 1426; x_wconf 89' lang='lat' dir='ltr'><strong>et</strong></span> <span class='ocrx_word' id='word_1_111' title='bbox 596 1374 775 1427; x_wconf 89' lang='lat' dir='ltr'><strong>anima</strong></span> <span class='ocrx_word' id='word_1_112' title='bbox 799 1384 851 1430; x_wconf 91' lang='lat' dir='ltr'><strong>et</strong></span> <span class='ocrx_word' id='word_1_113' title='bbox 872 1391 1019 1443; x_wconf 91' lang='lat' dir='ltr'><strong>caro,</strong></span> <span class='ocrx_word' id='word_1_114' title='bbox 1048 1380 1360 1434; x_wconf 78' lang='lat' dir='ltr'><strong>cruciﬁxum</strong></span> <span class='ocrx_word' id='word_1_115' title='bbox 1391 1392 1566 1437; x_wconf 83' lang='lat' dir='ltr'><strong>tamen</strong></span> <span class='ocrx_word' id='word_1_116' title='bbox 1588 1393 1643 1438; x_wconf 93' lang='lat' dir='ltr'><strong>et</strong></span> <span class='ocrx_word' id='word_1_117' title='bbox 1664 1388 1951 1456; x_wconf 90' lang='lat' dir='ltr'><strong>sepultum,</strong></span> <span class='ocrx_word' id='word_1_118' title='bbox 1978 1404 2096 1445; x_wconf 91' lang='lat' dir='ltr'><strong>cum</strong></span> 
     </span>
    </p>
   </div>
   <div class='ocr_carea' id='block_1_15' title="bbox 515 1465 2106 1551">
    <p class='ocr_par' dir='ltr' id='par_1_15' title="bbox 515 1465 2106 1551">
     <span class='ocr_line' id='line_1_16' title="bbox 515 1465 2106 1551; baseline 0.012 -32"><span class='ocrx_word' id='word_1_119' title='bbox 515 1466 625 1520; x_wconf 85' lang='lat' dir='ltr'><strong>sola</strong></span> <span class='ocrx_word' id='word_1_120' title='bbox 653 1465 770 1536; x_wconf 84' lang='lat' dir='ltr'><strong>ejus</strong></span> <span class='ocrx_word' id='word_1_121' title='bbox 799 1468 1004 1533; x_wconf 85' lang='lat' dir='ltr'><strong>sepulta</strong></span> <span class='ocrx_word' id='word_1_122' title='bbox 1029 1472 1100 1525; x_wconf 84' lang='lat' dir='ltr'><strong>sit</strong></span> <span class='ocrx_word' id='word_1_123' title='bbox 1122 1487 1267 1527; x_wconf 90' lang='lat' dir='ltr'><strong>caro.</strong></span> <span class='ocrx_word' id='word_1_124' title='bbox 1296 1472 1364 1528; x_wconf 88' lang='lat' dir='ltr'><strong>Et</strong></span> <span class='ocrx_word' id='word_1_125' title='bbox 1388 1476 1573 1541; x_wconf 90' lang='lat' dir='ltr'><strong>nescio,</strong></span> <span class='ocrx_word' id='word_1_126' title='bbox 1606 1477 1795 1548; x_wconf 89' lang='lat' dir='ltr'><strong>inquit,</strong></span> <span class='ocrx_word' id='word_1_127' title='bbox 1822 1482 1905 1534; x_wconf 84' lang='lat' dir='ltr'><strong>ubi</strong></span> <span class='ocrx_word' id='word_1_128' title='bbox 1927 1499 2106 1551; x_wconf 88' lang='lat' dir='ltr'><strong>posue-</strong></span> 
     </span>
    </p>
   </div>
   <div class='ocr_carea' id='block_1_16' title="bbox 515 1557 2100 1639">
    <p class='ocr_par' dir='ltr' id='par_1_16' title="bbox 515 1557 2100 1639">
     <span class='ocr_line' id='line_1_17' title="bbox 515 1557 2100 1639; baseline 0.015 -34"><span class='ocrx_word' id='word_1_129' title='bbox 515 1564 634 1609; x_wconf 87' lang='lat' dir='ltr'><strong>runt</strong></span> <span class='ocrx_word' id='word_1_130' title='bbox 665 1572 802 1612; x_wconf 85' lang='lat' dir='ltr'><strong>eum.</strong></span> <span class='ocrx_word' id='word_1_131' title='bbox 832 1557 957 1613; x_wconf 56' lang='grc' dir='ltr'>ιιι-ο</span> <span class='ocrx_word' id='word_1_132' title='bbox 978 1569 1095 1614; x_wconf 89' lang='lat' dir='ltr'><strong>erat</strong></span> <span class='ocrx_word' id='word_1_133' title='bbox 1116 1577 1273 1616; x_wconf 89' lang='lat' dir='ltr'><strong>causa</strong></span> <span class='ocrx_word' id='word_1_134' title='bbox 1298 1565 1468 1634; x_wconf 84' lang='lat' dir='ltr'><strong>major</strong></span> <span class='ocrx_word' id='word_1_135' title='bbox 1493 1567 1715 1634; x_wconf 90' lang='lat' dir='ltr'><strong>doloris,</strong></span> <span class='ocrx_word' id='word_1_136' title='bbox 1742 1572 1863 1639; x_wconf 86' lang='lat' dir='ltr'><strong>quia</strong></span> <span class='ocrx_word' id='word_1_137' title='bbox 1887 1574 2100 1628; x_wconf 87' lang='lat' dir='ltr'><strong>nescie-</strong></span> 
     </span>
    </p>
   </div>
   <div class='ocr_carea' id='block_1_17' title="bbox 519 1648 2099 1734">
    <p class='ocr_par' dir='ltr' id='par_1_17' title="bbox 519 1648 2099 1734">
     <span class='ocr_line' id='line_1_18' title="bbox 519 1648 2099 1734; baseline 0.012 -35"><span class='ocrx_word' id='word_1_138' title='bbox 519 1648 607 1700; x_wconf 82' lang='lat' dir='ltr'><strong>bat</strong></span> <span class='ocrx_word' id='word_1_139' title='bbox 638 1663 743 1717; x_wconf 90' lang='lat' dir='ltr'><strong>quo</strong></span> <span class='ocrx_word' id='word_1_140' title='bbox 773 1649 876 1704; x_wconf 88' lang='lat' dir='ltr'><strong>iret</strong></span> <span class='ocrx_word' id='word_1_141' title='bbox 898 1650 962 1704; x_wconf 83' lang='lat' dir='ltr'><strong>ad</strong></span> <span class='ocrx_word' id='word_1_142' title='bbox 996 1653 1381 1709; x_wconf 88' lang='lat' dir='ltr'><strong>consolandum</strong></span> <span class='ocrx_word' id='word_1_143' title='bbox 1409 1656 1671 1715; x_wconf 86' lang='lat' dir='ltr'><strong>dolorem.</strong></span> <span class='ocrx_word' id='word_1_144' title='bbox 1702 1662 1805 1716; x_wconf 88' lang='lat' dir='ltr'><strong>Sed</strong></span> <span class='ocrx_word' id='word_1_145' title='bbox 1836 1663 1967 1717; x_wconf 90' lang='lat' dir='ltr'><strong>hora</strong></span> <span class='ocrx_word' id='word_1_146' title='bbox 1986 1665 2099 1734; x_wconf 87' lang='lat' dir='ltr'><strong>jam</strong></span> 
     </span>
    </p>
   </div>
   <div class='ocr_carea' id='block_1_18' title="bbox 517 1740 2102 1819">
    <p class='ocr_par' dir='ltr' id='par_1_18' title="bbox 517 1740 2102 1819">
     <span class='ocr_line' id='line_1_19' title="bbox 517 1740 2102 1819; baseline 0.013 -30"><span class='ocrx_word' id='word_1_147' title='bbox 517 1748 735 1793; x_wconf 81' lang='lat' dir='ltr'><strong>venerat</strong></span> <span class='ocrx_word' id='word_1_148' title='bbox 760 1757 861 1809; x_wconf 92' lang='lat' dir='ltr'><strong>qua</strong></span> <span class='ocrx_word' id='word_1_149' title='bbox 894 1740 944 1795; x_wconf 88' lang='lat' dir='ltr'><strong>id</strong></span> <span class='ocrx_word' id='word_1_150' title='bbox 970 1742 1109 1813; x_wconf 90' lang='lat' dir='ltr'><strong>quod</strong></span> <span class='ocrx_word' id='word_1_151' title='bbox 1142 1748 1439 1801; x_wconf 88' lang='lat' dir='ltr'><strong>nuntiatum</strong></span> <span class='ocrx_word' id='word_1_152' title='bbox 1477 1751 1873 1819; x_wconf 89' lang='lat' dir='ltr'><strong>quodammodo</strong></span> <span class='ocrx_word' id='word_1_153' title='bbox 1928 1756 2102 1809; x_wconf 76' lang='lat' dir='ltr'><strong>fuerat</strong></span> 
     </span>
    </p>
   </div>
   <div class='ocr_carea' id='block_1_19' title="bbox 516 1829 2985 1920">
    <p class='ocr_par' dir='ltr' id='par_1_19' title="bbox 516 1829 2985 1920">
     <span class='ocr_line' id='line_1_20' title="bbox 516 1829 2985 1920; baseline 0.015 -42"><span class='ocrx_word' id='word_1_154' title='bbox 516 1829 584 1879; x_wconf 78' lang='lat' dir='ltr'><strong>ab</strong></span> <span class='ocrx_word' id='word_1_155' title='bbox 614 1832 816 1900; x_wconf 85' lang='lat' dir='ltr'><strong>angelis</strong></span> <span class='ocrx_word' id='word_1_156' title='bbox 846 1833 976 1889; x_wconf 81' lang='lat' dir='ltr'><strong>nere</strong></span> <span class='ocrx_word' id='word_1_157' title='bbox 1021 1835 1443 1907; x_wconf 88' lang='lat' dir='ltr'><strong>prohibentibus,</strong></span> <span class='ocrx_word' id='word_1_158' title='bbox 1493 1841 1747 1912; x_wconf 75' lang='lat' dir='ltr'><strong>gaudium</strong></span> <span class='ocrx_word' id='word_1_159' title='bbox 1792 1846 2103 1902; x_wconf 88' lang='lat' dir='ltr'><strong>succederet</strong></span> <span class='ocrx_word' id='word_1_160' title='bbox 2135 1829 2180 1889; x_wconf 82' lang='grc' dir='ltr'><strong><em>Β</em></strong></span> <span class='ocrx_word' id='word_1_161' title='bbox 2206 1858 2365 1911; x_wconf 84' lang='lat' dir='ltr'><strong>modo</strong></span> <span class='ocrx_word' id='word_1_162' title='bbox 2412 1860 2655 1916; x_wconf 69' lang='lat' dir='ltr'><strong>dubitare</strong></span> <span class='ocrx_word' id='word_1_163' title='bbox 2704 1862 2985 1920; x_wconf 78' lang='lat' dir='ltr'><strong>debemus.</strong></span> 
     </span>
    </p>
   </div>
   <div class='ocr_carea' id='block_1_20' title="bbox 517 1919 750 1976">
    <p class='ocr_par' dir='ltr' id='par_1_20' title="bbox 517 1919 750 1976">
     <span class='ocr_line' id='line_1_21' title="bbox 517 1919 750 1976; baseline 0.017 -3"><span class='ocrx_word' id='word_1_164' title='bbox 517 1919 750 1976; x_wconf 79' lang='lat' dir='ltr'><strong>ﬂetibus.</strong></span> 
     </span>
    </p>
   </div>
   <div class='ocr_carea' id='block_1_21' title="bbox 590 2011 2101 2095">
    <p class='ocr_par' dir='ltr' id='par_1_21' title="bbox 590 2011 2101 2095">
     <span class='ocr_line' id='line_1_22' title="bbox 590 2011 2101 2095; baseline 0.012 -30"><span class='ocrx_word' id='word_1_165' title='bbox 590 2011 820 2085; x_wconf 80' lang='lat' dir='ltr'><strong>Denique</strong></span> <span class='ocrx_word' id='word_1_166' title='bbox 867 2033 984 2071; x_wconf 88' lang='lat' dir='ltr'><strong>cum</strong></span> <span class='ocrx_word' id='word_1_167' title='bbox 1012 2020 1120 2074; x_wconf 72' lang='lat' dir='ltr'><strong>[nec</strong></span> <span class='ocrx_word' id='word_1_168' title='bbox 1158 2021 1395 2089; x_wconf 75' lang='lat' dir='ltr'><strong>dixisset,</strong></span> <span class='ocrx_word' id='word_1_169' title='bbox 1427 2039 1670 2080; x_wconf 82' lang='lat' dir='ltr'><strong>conversa</strong></span> <span class='ocrx_word' id='word_1_170' title='bbox 1700 2037 1772 2081; x_wconf 81' lang='lat' dir='ltr'><strong>est</strong></span> <span class='ocrx_word' id='word_1_171' title='bbox 1798 2037 2101 2095; x_wconf 70' lang='lat' dir='ltr'><strong>retrorsum,</strong></span> 
     </span>
    </p>
   </div>
   <div class='ocr_carea' id='block_1_22' title="bbox 518 2106 2097 2187">
    <p class='ocr_par' dir='ltr' id='par_1_22' title="bbox 518 2106 2097 2187">
     <span class='ocr_line' id='line_1_23' title="bbox 518 2106 2097 2187; baseline 0.011 -30"><span class='ocrx_word' id='word_1_172' title='bbox 518 2114 566 2158; x_wconf 88' lang='lat' dir='ltr'><strong>et</strong></span> <span class='ocrx_word' id='word_1_173' title='bbox 612 2106 736 2160; x_wconf 82' lang='lat' dir='ltr'><strong>vidit</strong></span> <span class='ocrx_word' id='word_1_174' title='bbox 780 2108 959 2163; x_wconf 84' lang='lat' dir='ltr'><strong>Iesum</strong></span> <span class='ocrx_word' id='word_1_175' title='bbox 1008 2120 1245 2180; x_wconf 86' lang='lat' dir='ltr'><strong>stantem,</strong></span> <span class='ocrx_word' id='word_1_176' title='bbox 1296 2123 1343 2167; x_wconf 84' lang='lat' dir='ltr'><strong>et</strong></span> <span class='ocrx_word' id='word_1_177' title='bbox 1384 2117 1633 2170; x_wconf 79' lang='lat' dir='ltr'><strong>nesciebat</strong></span> <span class='ocrx_word' id='word_1_178' title='bbox 1663 2119 1783 2187; x_wconf 84' lang='lat' dir='ltr'><strong>quia</strong></span> <span class='ocrx_word' id='word_1_179' title='bbox 1825 2118 1978 2174; x_wconf 88' lang='lat' dir='ltr'><strong>Iesus</strong></span> <span class='ocrx_word' id='word_1_180' title='bbox 2005 2132 2097 2175; x_wconf 86' lang='lat' dir='ltr'><strong>cst.</strong></span> 
     </span>
    </p>
   </div>
   <div class='ocr_carea' id='block_1_23' title="bbox 523 2196 2105 2279">
    <p class='ocr_par' dir='ltr' id='par_1_23' title="bbox 523 2196 2105 2279">
     <span class='ocr_line' id='line_1_24' title="bbox 523 2196 2105 2279; baseline 0.009 -28"><span class='ocrx_word' id='word_1_181' title='bbox 523 2196 659 2253; x_wconf 87' lang='lat' dir='ltr'><strong>Dicit</strong></span> <span class='ocrx_word' id='word_1_182' title='bbox 704 2201 753 2255; x_wconf 91' lang='lat' dir='ltr'><strong>ei</strong></span> <span class='ocrx_word' id='word_1_183' title='bbox 795 2199 946 2256; x_wconf 89' lang='lat' dir='ltr'><strong>Iesus</strong></span> <span class='ocrx_word' id='word_1_184' title='bbox 975 2219 995 2258; x_wconf 85' lang='lat'><strong>.&#39;</strong></span> <span class='ocrx_word' id='word_1_185' title='bbox 1026 2203 1237 2274; x_wconf 77' lang='lat' dir='ltr'><strong>Mulier,</strong></span> <span class='ocrx_word' id='word_1_186' title='bbox 1263 2208 1385 2276; x_wconf 88' lang='lat' dir='ltr'><strong>quid</strong></span> <span class='ocrx_word' id='word_1_187' title='bbox 1431 2209 1647 2279; x_wconf 79' lang='lat' dir='ltr'><strong>ploras?</strong></span> <span class='ocrx_word' id='word_1_188' title='bbox 1688 2228 1837 2278; x_wconf 89' lang='lat' dir='ltr'><strong>quem</strong></span> <span class='ocrx_word' id='word_1_189' title='bbox 1880 2215 2105 2279; x_wconf 70' lang='lat' dir='ltr'><strong>quieris?</strong></span> 
     </span>
    </p>
   </div>
   <div class='ocr_carea' id='block_1_24' title="bbox 522 2288 2101 2366">
    <p class='ocr_par' dir='ltr' id='par_1_24' title="bbox 522 2288 2101 2366">
     <span class='ocr_line' id='line_1_25' title="bbox 522 2288 2101 2366; baseline 0.009 -22"><span class='ocrx_word' id='word_1_190' title='bbox 522 2288 631 2347; x_wconf 86' lang='lat' dir='ltr'><strong>Illa</strong></span> <span class='ocrx_word' id='word_1_191' title='bbox 678 2295 976 2349; x_wconf 69' lang='lat' dir='ltr'><strong>existimans</strong></span> <span class='ocrx_word' id='word_1_192' title='bbox 1016 2297 1139 2366; x_wconf 88' lang='lat' dir='ltr'><strong>quia</strong></span> <span class='ocrx_word' id='word_1_193' title='bbox 1186 2298 1488 2355; x_wconf 79' lang='lat' dir='ltr'><strong>hortulanus</strong></span> <span class='ocrx_word' id='word_1_194' title='bbox 1533 2312 1681 2366; x_wconf 84' lang='lat' dir='ltr'><strong>esset,</strong></span> <span class='ocrx_word' id='word_1_195' title='bbox 1714 2305 1838 2359; x_wconf 83' lang='lat' dir='ltr'><strong>dicit</strong></span> <span class='ocrx_word' id='word_1_196' title='bbox 1864 2308 1911 2359; x_wconf 85' lang='lat' dir='ltr'><strong>ei</strong></span> <span class='ocrx_word' id='word_1_197' title='bbox 1942 2321 1963 2360; x_wconf 88' lang='lat'><strong><em>:</em></strong></span> <span class='ocrx_word' id='word_1_198' title='bbox 1992 2303 2101 2358; x_wconf 85' lang='lat' dir='ltr'><strong>Do-</strong></span> 
     </span>
    </p>
   </div>
   <div class='ocr_carea' id='block_1_25' title="bbox 521 2388 2104 2467">
    <p class='ocr_par' dir='ltr' id='par_1_25' title="bbox 521 2388 2104 2467">
     <span class='ocr_line' id='line_1_26' title="bbox 521 2388 2104 2467; baseline 0.008 -27"><span class='ocrx_word' id='word_1_199' title='bbox 521 2392 674 2452; x_wconf 85' lang='lat' dir='ltr'><strong>mine,</strong></span> <span class='ocrx_word' id='word_1_200' title='bbox 730 2388 774 2442; x_wconf 90' lang='lat' dir='ltr'><strong>si</strong></span> <span class='ocrx_word' id='word_1_201' title='bbox 821 2398 878 2442; x_wconf 87' lang='lat' dir='ltr'><strong>tu</strong></span> <span class='ocrx_word' id='word_1_202' title='bbox 925 2391 1177 2446; x_wconf 83' lang='lat' dir='ltr'><strong>sustulisti</strong></span> <span class='ocrx_word' id='word_1_203' title='bbox 1225 2408 1360 2459; x_wconf 88' lang='lat' dir='ltr'><strong>eum,</strong></span> <span class='ocrx_word' id='word_1_204' title='bbox 1403 2396 1555 2449; x_wconf 88' lang='lat' dir='ltr'><strong>dicito</strong></span> <span class='ocrx_word' id='word_1_205' title='bbox 1598 2398 1723 2451; x_wconf 75' lang='lat' dir='ltr'><strong>milii</strong></span> <span class='ocrx_word' id='word_1_206' title='bbox 1757 2398 1844 2451; x_wconf 89' lang='lat' dir='ltr'><strong>ubi</strong></span> <span class='ocrx_word' id='word_1_207' title='bbox 1889 2400 2104 2467; x_wconf 83' lang='lat' dir='ltr'><strong>posuisti</strong></span> 
     </span>
    </p>
   </div>
   <div class='ocr_carea' id='block_1_26' title="bbox 519 2485 2103 2556">
    <p class='ocr_par' dir='ltr' id='par_1_26' title="bbox 519 2485 2103 2556">
     <span class='ocr_line' id='line_1_27' title="bbox 519 2485 2103 2556; baseline 0.01 -25"><span class='ocrx_word' id='word_1_208' title='bbox 519 2496 669 2535; x_wconf 72' lang='lat' dir='ltr'><strong>eum:</strong></span> <span class='ocrx_word' id='word_1_209' title='bbox 700 2491 746 2535; x_wconf 89' lang='lat' dir='ltr'><strong>et</strong></span> <span class='ocrx_word' id='word_1_210' title='bbox 773 2499 863 2552; x_wconf 85' lang='lat' dir='ltr'><strong>ego</strong></span> <span class='ocrx_word' id='word_1_211' title='bbox 892 2499 1003 2537; x_wconf 90' lang='lat' dir='ltr'><strong>eum</strong></span> <span class='ocrx_word' id='word_1_212' title='bbox 1050 2486 1248 2539; x_wconf 88' lang='lat' dir='ltr'><strong>tollam.</strong></span> <span class='ocrx_word' id='word_1_213' title='bbox 1294 2485 1431 2541; x_wconf 84' lang='lat' dir='ltr'><strong>Dicit</strong></span> <span class='ocrx_word' id='word_1_214' title='bbox 1476 2490 1521 2541; x_wconf 90' lang='lat' dir='ltr'><strong>ei</strong></span> <span class='ocrx_word' id='word_1_215' title='bbox 1541 2488 1714 2556; x_wconf 82' lang='lat' dir='ltr'><strong>Iesus,</strong></span> <span class='ocrx_word' id='word_1_216' title='bbox 1749 2490 1940 2546; x_wconf 83' lang='lat' dir='ltr'><strong>Maria.</strong></span> <span class='ocrx_word' id='word_1_217' title='bbox 1970 2492 2103 2547; x_wconf 87' lang='lat' dir='ltr'><strong>Con-</strong></span> 
     </span>
    </p>
   </div>
   <div class='ocr_carea' id='block_1_27' title="bbox 520 2570 2099 2652">
    <p class='ocr_par' dir='ltr' id='par_1_27' title="bbox 520 2570 2099 2652">
     <span class='ocr_line' id='line_1_28' title="bbox 520 2570 2099 2652; baseline 0.009 -31"><span class='ocrx_word' id='word_1_218' title='bbox 520 2586 667 2624; x_wconf 87' lang='lat' dir='ltr'><strong>versa</strong></span> <span class='ocrx_word' id='word_1_219' title='bbox 714 2570 806 2625; x_wconf 84' lang='lat' dir='ltr'><strong>illa</strong></span> <span class='ocrx_word' id='word_1_220' title='bbox 854 2572 979 2626; x_wconf 85' lang='lat' dir='ltr'><strong>dicit</strong></span> <span class='ocrx_word' id='word_1_221' title='bbox 1022 2574 1114 2628; x_wconf 87' lang='lat' dir='ltr'><strong>ei:</strong></span> <span class='ocrx_word' id='word_1_222' title='bbox 1146 2575 1396 2644; x_wconf 84' lang='lat' dir='ltr'><strong>Rabbcni,</strong></span> <span class='ocrx_word' id='word_1_223' title='bbox 1442 2584 1577 2646; x_wconf 89' lang='lat' dir='ltr'><strong>quod</strong></span> <span class='ocrx_word' id='word_1_224' title='bbox 1627 2581 1813 2635; x_wconf 86' lang='lat' dir='ltr'><strong>dicitur</strong></span> <span class='ocrx_word' id='word_1_225' title='bbox 1839 2585 2099 2652; x_wconf 85' lang='lat' dir='ltr'><strong>magister.</strong></span> 
     </span>
    </p>
   </div>
   <div class='ocr_carea' id='block_1_28' title="bbox 524 2662 2103 2741">
    <p class='ocr_par' dir='ltr' id='par_1_28' title="bbox 524 2662 2103 2741">
     <span class='ocr_line' id='line_1_29' title="bbox 524 2662 2103 2741; baseline 0.009 -25"><span class='ocrx_word' id='word_1_226' title='bbox 524 2662 689 2718; x_wconf 77' lang='lat' dir='ltr'><strong>Nemo</strong></span> <span class='ocrx_word' id='word_1_227' title='bbox 741 2664 1098 2721; x_wconf 89' lang='lat' dir='ltr'><strong>calumnietur</strong></span> <span class='ocrx_word' id='word_1_228' title='bbox 1142 2669 1441 2734; x_wconf 89' lang='lat' dir='ltr'><strong>mulierem,</strong></span> <span class='ocrx_word' id='word_1_229' title='bbox 1473 2673 1611 2741; x_wconf 90' lang='lat' dir='ltr'><strong>quod</strong></span> <span class='ocrx_word' id='word_1_230' title='bbox 1646 2672 1993 2729; x_wconf 83' lang='lat' dir='ltr'><strong>hortulanum</strong></span> <span class='ocrx_word' id='word_1_231' title='bbox 2022 2676 2103 2730; x_wconf 89' lang='lat' dir='ltr'><strong>di-</strong></span> 
     </span>
    </p>
   </div>
   <div class='ocr_carea' id='block_1_29' title="bbox 527 2755 2102 2838">
    <p class='ocr_par' dir='ltr' id='par_1_29' title="bbox 527 2755 2102 2838">
     <span class='ocr_line' id='line_1_30' title="bbox 527 2755 2102 2838; baseline 0.008 -31"><span class='ocrx_word' id='word_1_232' title='bbox 527 2756 663 2810; x_wconf 78' lang='lat' dir='ltr'><strong>xerit</strong></span> <span class='ocrx_word' id='word_1_233' title='bbox 690 2755 997 2822; x_wconf 89' lang='lat' dir='ltr'><strong>Dominum,</strong></span> <span class='ocrx_word' id='word_1_234' title='bbox 1028 2769 1081 2813; x_wconf 89' lang='lat' dir='ltr'><strong>ct</strong></span> <span class='ocrx_word' id='word_1_235' title='bbox 1106 2759 1287 2815; x_wconf 83' lang='lat' dir='ltr'><strong>Jesum</strong></span> <span class='ocrx_word' id='word_1_236' title='bbox 1317 2764 1651 2833; x_wconf 85' lang='lat' dir='ltr'><strong>magistrum.</strong></span> <span class='ocrx_word' id='word_1_237' title='bbox 1678 2765 1754 2820; x_wconf 90' lang='lat' dir='ltr'><strong>lbi</strong></span> <span class='ocrx_word' id='word_1_238' title='bbox 1782 2768 1923 2822; x_wconf 91' lang='lat' dir='ltr'><strong>enim</strong></span> <span class='ocrx_word' id='word_1_239' title='bbox 1952 2784 2102 2838; x_wconf 67' lang='lat' dir='ltr'><strong>roga-</strong></span> 
     </span>
    </p>
   </div>
   <div class='ocr_carea' id='block_1_30' title="bbox 521 2846 2102 2929">
    <p class='ocr_par' dir='ltr' id='par_1_30' title="bbox 521 2846 2102 2929">
     <span class='ocr_line' id='line_1_31' title="bbox 521 2846 2102 2929; baseline 0.009 -29"><span class='ocrx_word' id='word_1_240' title='bbox 521 2847 633 2913; x_wconf 85' lang='lat' dir='ltr'><strong>bat,</strong></span> <span class='ocrx_word' id='word_1_241' title='bbox 668 2846 757 2901; x_wconf 90' lang='lat' dir='ltr'><strong>hic</strong></span> <span class='ocrx_word' id='word_1_242' title='bbox 797 2850 1138 2918; x_wconf 70' lang='lat' dir='ltr'><strong>agnoscebat.</strong></span> <span class='ocrx_word' id='word_1_243' title='bbox 1178 2852 1251 2907; x_wconf 91' lang='lat' dir='ltr'><strong>lbi</strong></span> <span class='ocrx_word' id='word_1_244' title='bbox 1284 2853 1577 2909; x_wconf 89' lang='lat' dir='ltr'><strong>honorabat</strong></span> <span class='ocrx_word' id='word_1_245' title='bbox 1610 2856 1905 2924; x_wconf 89' lang='lat' dir='ltr'><strong>hominem,</strong></span> <span class='ocrx_word' id='word_1_246' title='bbox 1937 2875 1965 2913; x_wconf 93' lang='lat' dir='ltr'><strong>a</strong></span> <span class='ocrx_word' id='word_1_247' title='bbox 1996 2876 2102 2929; x_wconf 93' lang='lat' dir='ltr'><strong>quo</strong></span> 
     </span>
    </p>
   </div>
   <div class='ocr_carea' id='block_1_31' title="bbox 527 2939 2102 3021">
    <p class='ocr_par' dir='ltr' id='par_1_31' title="bbox 527 2939 2102 3021">
     <span class='ocr_line' id='line_1_32' title="bbox 527 2939 2102 3021; baseline 0.009 -28"><span class='ocrx_word' id='word_1_248' title='bbox 527 2939 849 2996; x_wconf 76' lang='lat' dir='ltr'><strong>beneficium</strong></span> <span class='ocrx_word' id='word_1_249' title='bbox 898 2944 1202 3010; x_wconf 83' lang='lat' dir='ltr'><strong>postulabat</strong></span> <span class='ocrx_word' id='word_1_250' title='bbox 1235 2963 1246 2996; x_wconf 89' lang='lat'><strong>:</strong></span> <span class='ocrx_word' id='word_1_251' title='bbox 1278 2947 1579 3015; x_wconf 88' lang='lat' dir='ltr'><strong>appellabat</strong></span> <span class='ocrx_word' id='word_1_252' title='bbox 1625 2949 1921 3015; x_wconf 86' lang='lat' dir='ltr'><strong>dominum.</strong></span> <span class='ocrx_word' id='word_1_253' title='bbox 1951 2952 2102 3021; x_wconf 84' lang='lat' dir='ltr'><strong>cujus</strong></span> 
     </span>
    </p>
   </div>
   <div class='ocr_carea' id='block_1_32' title="bbox 524 3033 2099 3107">
    <p class='ocr_par' dir='ltr' id='par_1_32' title="bbox 524 3033 2099 3107">
     <span class='ocr_line' id='line_1_33' title="bbox 524 3033 2099 3107; baseline 0.009 -23"><span class='ocrx_word' id='word_1_254' title='bbox 524 3033 713 3088; x_wconf 80' lang='lat' dir='ltr'><strong>ancilla</strong></span> <span class='ocrx_word' id='word_1_255' title='bbox 739 3049 842 3088; x_wconf 92' lang='lat' dir='ltr'><strong>non</strong></span> <span class='ocrx_word' id='word_1_256' title='bbox 868 3044 1003 3102; x_wconf 89' lang='lat' dir='ltr'><strong>erat,</strong></span> <span class='ocrx_word' id='word_1_257' title='bbox 1029 3045 1084 3090; x_wconf 92' lang='lat' dir='ltr'><strong>ut</strong></span> <span class='ocrx_word' id='word_1_258' title='bbox 1111 3052 1206 3107; x_wconf 90' lang='lat' dir='ltr'><strong>per</strong></span> <span class='ocrx_word' id='word_1_259' title='bbox 1228 3053 1349 3093; x_wconf 91' lang='lat' dir='ltr'><strong>eum</strong></span> <span class='ocrx_word' id='word_1_260' title='bbox 1384 3041 1690 3107; x_wconf 88' lang='lat' dir='ltr'><strong>perveniret</strong></span> <span class='ocrx_word' id='word_1_261' title='bbox 1717 3044 1783 3097; x_wconf 91' lang='lat' dir='ltr'><strong>ad</strong></span> <span class='ocrx_word' id='word_1_262' title='bbox 1816 3044 2099 3099; x_wconf 88' lang='lat' dir='ltr'><strong>Dominum</strong></span> 
     </span>
    </p>
   </div>
   <div class='ocr_carea' id='block_1_33' title="bbox 525 3124 2102 3196">
    <p class='ocr_par' dir='ltr' id='par_1_33' title="bbox 525 3124 2102 3196">
     <span class='ocr_line' id='line_1_34' title="bbox 525 3124 2102 3196; baseline 0.008 -19"><span class='ocrx_word' id='word_1_263' title='bbox 525 3124 676 3195; x_wconf 88' lang='lat' dir='ltr'><strong>cujus</strong></span> <span class='ocrx_word' id='word_1_264' title='bbox 706 3135 838 3180; x_wconf 90' lang='lat' dir='ltr'><strong>erat.</strong></span> <span class='ocrx_word' id='word_1_265' title='bbox 872 3126 1039 3180; x_wconf 82' lang='lat' dir='ltr'><strong>Aliter</strong></span> <span class='ocrx_word' id='word_1_266' title='bbox 1066 3142 1193 3196; x_wconf 86' lang='lat' dir='ltr'><strong>ergo</strong></span> <span class='ocrx_word' id='word_1_267' title='bbox 1225 3128 1503 3184; x_wconf 88' lang='lat' dir='ltr'><strong>Dominum</strong></span> <span class='ocrx_word' id='word_1_268' title='bbox 1545 3130 1683 3185; x_wconf 83' lang='lat' dir='ltr'><strong>dixit</strong></span> <span class='ocrx_word' id='word_1_269' title='bbox 1721 3151 1732 3184; x_wconf 91' lang='lat'><strong>:</strong></span> <span class='ocrx_word' id='word_1_270' title='bbox 1770 3132 2102 3190; x_wconf 87' lang='lat' dir='ltr'><strong>Sustulerunt</strong></span> 
     </span>
    </p>
   </div>
   <div class='ocr_carea' id='block_1_34' title="bbox 530 3215 2097 3293">
    <p class='ocr_par' dir='ltr' id='par_1_34' title="bbox 530 3215 2097 3293">
     <span class='ocr_line' id='line_1_35' title="bbox 530 3215 2097 3293; baseline 0.009 -28"><span class='ocrx_word' id='word_1_271' title='bbox 530 3215 804 3270; x_wconf 87' lang='lat' dir='ltr'><strong>Dominum</strong></span> <span class='ocrx_word' id='word_1_272' title='bbox 821 3234 1009 3283; x_wconf 87' lang='lat' dir='ltr'><strong>nteum,</strong></span> <span class='ocrx_word' id='word_1_273' title='bbox 1039 3218 1194 3274; x_wconf 85' lang='lat' dir='ltr'><strong>aliter</strong></span> <span class='ocrx_word' id='word_1_274' title='bbox 1219 3231 1398 3275; x_wconf 87' lang='lat' dir='ltr'><strong>autem</strong></span> <span class='ocrx_word' id='word_1_275' title='bbox 1429 3240 1441 3274; x_wconf 91' lang='lat'>:</span> <span class='ocrx_word' id='word_1_276' title='bbox 1480 3221 1718 3293; x_wconf 80' lang='lat' dir='ltr'><strong>Domine,</strong></span> <span class='ocrx_word' id='word_1_277' title='bbox 1746 3226 1790 3278; x_wconf 92' lang='lat' dir='ltr'><strong>si</strong></span> <span class='ocrx_word' id='word_1_278' title='bbox 1812 3235 1865 3279; x_wconf 88' lang='lat' dir='ltr'><strong>tu</strong></span> <span class='ocrx_word' id='word_1_279' title='bbox 1892 3227 2097 3279; x_wconf 84' lang='lat' dir='ltr'><strong>sustuli-</strong></span> 
     </span>
    </p>
   </div>
   <div class='ocr_carea' id='block_1_35' title="bbox 521 3306 2101 3383">
    <p class='ocr_par' dir='ltr' id='par_1_35' title="bbox 521 3306 2101 3383">
     <span class='ocr_line' id='line_1_36' title="bbox 521 3306 2101 3383; baseline 0.008 -23"><span class='ocrx_word' id='word_1_280' title='bbox 521 3306 590 3360; x_wconf 87' lang='lat' dir='ltr'><strong>sti</strong></span> <span class='ocrx_word' id='word_1_281' title='bbox 632 3325 772 3361; x_wconf 89' lang='lat' dir='ltr'><strong>eum.</strong></span> <span class='ocrx_word' id='word_1_282' title='bbox 814 3308 946 3363; x_wconf 84' lang='lat' dir='ltr'><strong>Nam</strong></span> <span class='ocrx_word' id='word_1_283' title='bbox 975 3321 1027 3364; x_wconf 90' lang='lat' dir='ltr'><strong>et</strong></span> <span class='ocrx_word' id='word_1_284' title='bbox 1076 3310 1354 3381; x_wconf 69' lang='lat' dir='ltr'><strong>prophetae</strong></span> <span class='ocrx_word' id='word_1_285' title='bbox 1404 3314 1808 3383; x_wconf 88' lang='lat' dir='ltr'><strong>appellaverunt</strong></span> <span class='ocrx_word' id='word_1_286' title='bbox 1854 3317 2101 3372; x_wconf 89' lang='lat' dir='ltr'><strong>dominos</strong></span> 
     </span>
    </p>
   </div>
   <div class='ocr_carea' id='block_1_36' title="bbox 526 3402 2098 3478">
    <p class='ocr_par' dir='ltr' id='par_1_36' title="bbox 526 3402 2098 3478">
     <span class='ocr_line' id='line_1_37' title="bbox 526 3402 2098 3478; baseline 0.008 -25"><span class='ocrx_word' id='word_1_287' title='bbox 526 3414 621 3455; x_wconf 91' lang='lat' dir='ltr'><strong>eos</strong></span> <span class='ocrx_word' id='word_1_288' title='bbox 650 3402 739 3470; x_wconf 91' lang='lat' dir='ltr'><strong>qui</strong></span> <span class='ocrx_word' id='word_1_289' title='bbox 785 3402 1029 3459; x_wconf 86' lang='lat' dir='ltr'><strong>homines</strong></span> <span class='ocrx_word' id='word_1_290' title='bbox 1056 3414 1225 3470; x_wconf 85' lang='lat' dir='ltr'><strong>erant,</strong></span> <span class='ocrx_word' id='word_1_291' title='bbox 1262 3407 1355 3461; x_wconf 85' lang='lat' dir='ltr'><strong>sed</strong></span> <span class='ocrx_word' id='word_1_292' title='bbox 1386 3406 1542 3461; x_wconf 91' lang='lat' dir='ltr'><strong>aliter</strong></span> <span class='ocrx_word' id='word_1_293' title='bbox 1572 3409 1718 3464; x_wconf 90' lang='lat' dir='ltr'><strong>illum</strong></span> <span class='ocrx_word' id='word_1_294' title='bbox 1748 3410 1815 3465; x_wconf 91' lang='lat' dir='ltr'><strong>de</strong></span> <span class='ocrx_word' id='word_1_295' title='bbox 1841 3426 1944 3478; x_wconf 91' lang='lat' dir='ltr'><strong>quo</strong></span> <span class='ocrx_word' id='word_1_296' title='bbox 1970 3411 2098 3465; x_wconf 87' lang='lat' dir='ltr'><strong>scri-</strong></span> 
     </span>
    </p>
   </div>
   <div class='ocr_carea' id='block_1_37' title="bbox 525 3496 2095 3571">
    <p class='ocr_par' dir='ltr' id='par_1_37' title="bbox 525 3496 2095 3571">
     <span class='ocr_line' id='line_1_38' title="bbox 525 3496 2095 3571; baseline 0.006 -23"><span class='ocrx_word' id='word_1_297' title='bbox 525 3502 670 3560; x_wconf 81' lang='lat' dir='ltr'><strong>ptum</strong></span> <span class='ocrx_word' id='word_1_298' title='bbox 718 3504 842 3551; x_wconf 87' lang='lat' dir='ltr'><strong>est:</strong></span> <span class='ocrx_word' id='word_1_299' title='bbox 898 3496 1152 3553; x_wconf 85' lang='lat' dir='ltr'><strong>Dominus</strong></span> <span class='ocrx_word' id='word_1_300' title='bbox 1197 3516 1377 3553; x_wconf 86' lang='lat' dir='ltr'><strong>nomen</strong></span> <span class='ocrx_word' id='word_1_301' title='bbox 1421 3501 1468 3555; x_wconf 91' lang='lat' dir='ltr'><strong>ei</strong></span> <span class='ocrx_word' id='word_1_302' title='bbox 1498 3502 1676 3570; x_wconf 81' lang='lat' dir='ltr'><strong>(Amos</strong></span> <span class='ocrx_word' id='word_1_303' title='bbox 1706 3502 1814 3571; x_wconf 81' lang='lat' dir='ltr'><strong>Ix).</strong></span> <span class='ocrx_word' id='word_1_304' title='bbox 1843 3503 1948 3558; x_wconf 91' lang='lat' dir='ltr'><strong>Sed</strong></span> <span class='ocrx_word' id='word_1_305' title='bbox 1998 3505 2095 3559; x_wconf 85' lang='lat' dir='ltr'><strong>ista</strong></span> 
     </span>
    </p>
   </div>
   <div class='ocr_carea' id='block_1_38' title="bbox 524 3585 2098 3660">
    <p class='ocr_par' dir='ltr' id='par_1_38' title="bbox 524 3585 2098 3660">
     <span class='ocr_line' id='line_1_39' title="bbox 524 3585 2098 3660; baseline 0.01 -26"><span class='ocrx_word' id='word_1_306' title='bbox 524 3585 714 3640; x_wconf 86' lang='lat' dir='ltr'><strong>mulier</strong></span> <span class='ocrx_word' id='word_1_307' title='bbox 758 3602 876 3657; x_wconf 71' lang='lat' dir='ltr'><strong>qua:</strong></span> <span class='ocrx_word' id='word_1_308' title='bbox 919 3588 1025 3657; x_wconf 90' lang='lat' dir='ltr'><strong>jam</strong></span> <span class='ocrx_word' id='word_1_309' title='bbox 1060 3589 1232 3644; x_wconf 79' lang='lat' dir='ltr'><strong>fuerat</strong></span> <span class='ocrx_word' id='word_1_310' title='bbox 1277 3606 1538 3647; x_wconf 88' lang='lat' dir='ltr'><strong>conversa</strong></span> <span class='ocrx_word' id='word_1_311' title='bbox 1584 3603 1897 3660; x_wconf 77' lang='lat' dir='ltr'><strong>retrorsum,</strong></span> <span class='ocrx_word' id='word_1_312' title='bbox 1930 3604 1985 3648; x_wconf 90' lang='lat' dir='ltr'><strong>ut</strong></span> <span class='ocrx_word' id='word_1_313' title='bbox 2012 3596 2098 3649; x_wconf 86' lang='lat' dir='ltr'><strong>vi-</strong></span> 
     </span>
    </p>
   </div>
   <div class='ocr_carea' id='block_1_39' title="bbox 521 3674 2093 3749">
    <p class='ocr_par' dir='ltr' id='par_1_39' title="bbox 521 3674 2093 3749">
     <span class='ocr_line' id='line_1_40' title="bbox 521 3674 2093 3749; baseline 0.006 -20"><span class='ocrx_word' id='word_1_314' title='bbox 521 3674 674 3731; x_wconf 86' lang='lat' dir='ltr'><strong>deret</strong></span> <span class='ocrx_word' id='word_1_315' title='bbox 709 3678 912 3743; x_wconf 87' lang='lat' dir='ltr'><strong>Jesum,</strong></span> <span class='ocrx_word' id='word_1_316' title='bbox 942 3679 1155 3749; x_wconf 89' lang='lat' dir='ltr'><strong>quando</strong></span> <span class='ocrx_word' id='word_1_317' title='bbox 1184 3696 1307 3735; x_wconf 91' lang='lat' dir='ltr'><strong>eum</strong></span> <span class='ocrx_word' id='word_1_318' title='bbox 1348 3682 1547 3749; x_wconf 84' lang='lat' dir='ltr'><strong>putavit</strong></span> <span class='ocrx_word' id='word_1_319' title='bbox 1576 3697 1696 3736; x_wconf 86' lang='lat' dir='ltr'><strong>esse</strong></span> <span class='ocrx_word' id='word_1_320' title='bbox 1726 3682 2093 3749; x_wconf 88' lang='lat' dir='ltr'><strong>hortulanum,</strong></span> 
     </span>
    </p>
   </div>
   <div class='ocr_carea' id='block_1_40' title="bbox 522 3768 2096 3850">
    <p class='ocr_par' dir='ltr' id='par_1_40' title="bbox 522 3768 2096 3850">
     <span class='ocr_line' id='line_1_41' title="bbox 522 3768 2096 3850; baseline 0.007 -31"><span class='ocrx_word' id='word_1_321' title='bbox 522 3776 575 3821; x_wconf 87' lang='lat' dir='ltr'><strong>et</strong></span> <span class='ocrx_word' id='word_1_322' title='bbox 626 3782 745 3823; x_wconf 92' lang='lat' dir='ltr'><strong>cum</strong></span> <span class='ocrx_word' id='word_1_323' title='bbox 801 3769 895 3825; x_wconf 92' lang='lat' dir='ltr'><strong>illo</strong></span> <span class='ocrx_word' id='word_1_324' title='bbox 952 3768 1133 3839; x_wconf 78' lang='lat' dir='ltr'><strong>utique</strong></span> <span class='ocrx_word' id='word_1_325' title='bbox 1187 3771 1860 3850; x_wconf 31' lang='lat' dir='ltr'><strong>loquebatur,‘quomodo</strong></span> <span class='ocrx_word' id='word_1_326' title='bbox 1912 3790 2096 3830; x_wconf 89' lang='lat' dir='ltr'><strong>rursus</strong></span> 
     </span>
    </p>
   </div>
   <div class='ocr_carea' id='block_1_41' title="bbox 523 3859 2094 3934">
    <p class='ocr_par' dir='ltr' id='par_1_41' title="bbox 523 3859 2094 3934">
     <span class='ocr_line' id='line_1_42' title="bbox 523 3859 2094 3934; baseline 0.006 -25"><span class='ocrx_word' id='word_1_327' title='bbox 523 3872 783 3912; x_wconf 90' lang='lat' dir='ltr'><strong>conversa</strong></span> <span class='ocrx_word' id='word_1_328' title='bbox 830 3859 1043 3926; x_wconf 88' lang='lat' dir='ltr'><strong>dicitur,</strong></span> <span class='ocrx_word' id='word_1_329' title='bbox 1075 3870 1133 3914; x_wconf 90' lang='lat' dir='ltr'><strong>ut</strong></span> <span class='ocrx_word' id='word_1_330' title='bbox 1180 3859 1227 3916; x_wconf 88' lang='lat' dir='ltr'><strong>ei</strong></span> <span class='ocrx_word' id='word_1_331' title='bbox 1273 3862 1475 3917; x_wconf 91' lang='lat' dir='ltr'><strong>diceret</strong></span> <span class='ocrx_word' id='word_1_332' title='bbox 1530 3863 1795 3930; x_wconf 80' lang='lat' dir='ltr'><strong>Rabboni,</strong></span> <span class='ocrx_word' id='word_1_333' title='bbox 1830 3865 1930 3919; x_wconf 91' lang='lat' dir='ltr'><strong>nisi</strong></span> <span class='ocrx_word' id='word_1_334' title='bbox 1973 3867 2094 3934; x_wconf 87' lang='lat' dir='ltr'><strong>quia</strong></span> 
     </span>
    </p>
   </div>
   <div class='ocr_carea' id='block_1_42' title="bbox 529 3952 2094 4023">
    <p class='ocr_par' dir='ltr' id='par_1_42' title="bbox 529 3952 2094 4023">
     <span class='ocr_line' id='line_1_43' title="bbox 529 3952 2094 4023; baseline 0.008 -26"><span class='ocrx_word' id='word_1_335' title='bbox 529 3958 653 4001; x_wconf 82' lang='lat' dir='ltr'><strong>tunc.</strong></span> <span class='ocrx_word' id='word_1_336' title='bbox 680 3962 937 4003; x_wconf 82' lang='lat' dir='ltr'><strong>conversa</strong></span> <span class='ocrx_word' id='word_1_337' title='bbox 966 3964 1211 4018; x_wconf 87' lang='lat' dir='ltr'><strong>corpore,</strong></span> <span class='ocrx_word' id='word_1_338' title='bbox 1241 3952 1381 4018; x_wconf 87' lang='lat' dir='ltr'><strong>quod</strong></span> <span class='ocrx_word' id='word_1_339' title='bbox 1412 3967 1516 4005; x_wconf 91' lang='lat' dir='ltr'><strong>non</strong></span> <span class='ocrx_word' id='word_1_340' title='bbox 1545 3961 1660 4007; x_wconf 88' lang='lat' dir='ltr'><strong>erat</strong></span> <span class='ocrx_word' id='word_1_341' title='bbox 1688 3954 1889 4023; x_wconf 86' lang='lat' dir='ltr'><strong>putavit</strong></span> <span class='ocrx_word' id='word_1_342' title='bbox 1914 3972 1925 4007; x_wconf 94' lang='lat'><strong>:</strong></span> <span class='ocrx_word' id='word_1_343' title='bbox 1952 3971 2094 4010; x_wconf 89' lang='lat' dir='ltr'><strong>nunc</strong></span> 
     </span>
    </p>
   </div>
   <div class='ocr_carea' id='block_1_43' title="bbox 518 4037 1602 4112">
    <p class='ocr_par' dir='ltr' id='par_1_43' title="bbox 518 4037 1602 4112">
     <span class='ocr_line' id='line_1_44' title="bbox 518 4037 1602 4112; baseline 0.006 -21"><span class='ocrx_word' id='word_1_344' title='bbox 518 4037 689 4093; x_wconf 83' lang='lat' dir='ltr'><strong>corde</strong></span> <span class='ocrx_word' id='word_1_345' title='bbox 718 4054 996 4105; x_wconf 89' lang='lat' dir='ltr'><strong>conversa,</strong></span> <span class='ocrx_word' id='word_1_346' title='bbox 1027 4040 1170 4108; x_wconf 87' lang='lat' dir='ltr'><strong>quod</strong></span> <span class='ocrx_word' id='word_1_347' title='bbox 1202 4050 1317 4096; x_wconf 89' lang='lat' dir='ltr'><strong>erat</strong></span> <span class='ocrx_word' id='word_1_348' title='bbox 1343 4043 1602 4112; x_wconf 80' lang='lat' dir='ltr'><strong>agnovit?</strong></span> 
     </span>
    </p>
   </div>
   <div class='ocr_carea' id='block_1_44' title="bbox 597 4129 2095 4204">
    <p class='ocr_par' dir='ltr' id='par_1_44' title="bbox 597 4129 2095 4204">
     <span class='ocr_line' id='line_1_45' title="bbox 597 4129 2095 4204; baseline 0.007 -23"><span class='ocrx_word' id='word_1_349' title='bbox 597 4130 734 4182; x_wconf 81' lang='lat' dir='ltr'><strong>Dicit</strong></span> <span class='ocrx_word' id='word_1_350' title='bbox 755 4131 799 4183; x_wconf 90' lang='lat' dir='ltr'><strong>ei</strong></span> <span class='ocrx_word' id='word_1_351' title='bbox 813 4129 963 4184; x_wconf 87' lang='lat' dir='ltr'><strong>Iesus</strong></span> <span class='ocrx_word' id='word_1_352' title='bbox 981 4147 997 4182; x_wconf 89' lang='lat'><strong><em>:</em></strong></span> <span class='ocrx_word' id='word_1_353' title='bbox 1014 4132 1140 4185; x_wconf 86' lang='lat' dir='ltr'><strong>Noli</strong></span> <span class='ocrx_word' id='word_1_354' title='bbox 1156 4148 1234 4186; x_wconf 90' lang='lat' dir='ltr'><strong>me</strong></span> <span class='ocrx_word' id='word_1_355' title='bbox 1250 4141 1478 4204; x_wconf 82' lang='lat' dir='ltr'><strong>tangere;</strong></span> <span class='ocrx_word' id='word_1_356' title='bbox 1497 4136 1720 4188; x_wconf 89' lang='lat' dir='ltr'><strong>nondum</strong></span> <span class='ocrx_word' id='word_1_357' title='bbox 1741 4137 1870 4191; x_wconf 87' lang='lat' dir='ltr'><strong>enim</strong></span> <span class='ocrx_word' id='word_1_358' title='bbox 1890 4138 2095 4191; x_wconf 79' lang='lat' dir='ltr'><strong>ascendi</strong></span> 
     </span>
    </p>
   </div>
   <div class='ocr_carea' id='block_1_45' title="bbox 523 4218 2096 4295">
    <p class='ocr_par' dir='ltr' id='par_1_45' title="bbox 523 4218 2096 4295">
     <span class='ocr_line' id='line_1_46' title="bbox 523 4218 2096 4295; baseline 0.007 -22"><span class='ocrx_word' id='word_1_359' title='bbox 523 4222 589 4273; x_wconf 82' lang='lat' dir='ltr'><strong>ad</strong></span> <span class='ocrx_word' id='word_1_360' title='bbox 638 4218 849 4275; x_wconf 88' lang='lat' dir='ltr'><strong>Patrem</strong></span> <span class='ocrx_word' id='word_1_361' title='bbox 899 4238 1083 4276; x_wconf 87' lang='lat' dir='ltr'><strong>meum.</strong></span> <span class='ocrx_word' id='word_1_362' title='bbox 1138 4222 1281 4278; x_wconf 86' lang='lat' dir='ltr'><strong>Vade</strong></span> <span class='ocrx_word' id='word_1_363' title='bbox 1322 4233 1488 4278; x_wconf 87' lang='lat' dir='ltr'><strong>autem</strong></span> <span class='ocrx_word' id='word_1_364' title='bbox 1531 4230 1598 4278; x_wconf 88' lang='lat' dir='ltr'><strong>ad</strong></span> <span class='ocrx_word' id='word_1_365' title='bbox 1619 4232 1806 4295; x_wconf 80' lang='lat' dir='ltr'><strong>fratres</strong></span> <span class='ocrx_word' id='word_1_366' title='bbox 1852 4246 2014 4294; x_wconf 90' lang='lat' dir='ltr'><strong>meos,</strong></span> <span class='ocrx_word' id='word_1_367' title='bbox 2048 4238 2096 4283; x_wconf 87' lang='lat' dir='ltr'><strong>et</strong></span> 
     </span>
    </p>
   </div>
   <div class='ocr_carea' id='block_1_46' title="bbox 525 4312 2096 4385">
    <p class='ocr_par' dir='ltr' id='par_1_46' title="bbox 525 4312 2096 4385">
     <span class='ocr_line' id='line_1_47' title="bbox 525 4312 2096 4385; baseline 0.007 -22"><span class='ocrx_word' id='word_1_368' title='bbox 525 4312 680 4366; x_wconf 85' lang='lat' dir='ltr'><strong>dicito</strong></span> <span class='ocrx_word' id='word_1_369' title='bbox 726 4314 797 4366; x_wconf 85' lang='lat' dir='ltr'><strong>eis</strong></span> <span class='ocrx_word' id='word_1_370' title='bbox 827 4330 844 4366; x_wconf 91' lang='lat'><strong><em>:</em></strong></span> <span class='ocrx_word' id='word_1_371' title='bbox 878 4313 1105 4367; x_wconf 75' lang='lat' dir='ltr'><strong>Ascendo</strong></span> <span class='ocrx_word' id='word_1_372' title='bbox 1153 4315 1221 4367; x_wconf 74' lang='lat' dir='ltr'><strong>ad</strong></span> <span class='ocrx_word' id='word_1_373' title='bbox 1266 4314 1470 4370; x_wconf 82' lang='lat' dir='ltr'><strong>Patrem</strong></span> <span class='ocrx_word' id='word_1_374' title='bbox 1491 4334 1677 4385; x_wconf 87' lang='lat' dir='ltr'><strong>meum,</strong></span> <span class='ocrx_word' id='word_1_375' title='bbox 1708 4329 1756 4373; x_wconf 93' lang='lat' dir='ltr'><strong>et</strong></span> <span class='ocrx_word' id='word_1_376' title='bbox 1794 4321 1860 4373; x_wconf 90' lang='lat' dir='ltr'><strong>ad</strong></span> <span class='ocrx_word' id='word_1_377' title='bbox 1891 4319 2096 4374; x_wconf 83' lang='lat' dir='ltr'><strong>Patrem</strong></span> 
     </span>
    </p>
   </div>
   <div class='ocr_carea' id='block_1_47' title="bbox 529 4404 2095 4473">
    <p class='ocr_par' dir='ltr' id='par_1_47' title="bbox 529 4404 2095 4473">
     <span class='ocr_line' id='line_1_48' title="bbox 529 4404 2095 4473; baseline 0.006 -16"><span class='ocrx_word' id='word_1_378' title='bbox 529 4413 768 4468; x_wconf 89' lang='lat' dir='ltr'><strong>vestrum,</strong></span> <span class='ocrx_word' id='word_1_379' title='bbox 799 4415 843 4457; x_wconf 86' lang='lat' dir='ltr'><strong>et</strong></span> <span class='ocrx_word' id='word_1_380' title='bbox 874 4404 1031 4457; x_wconf 83' lang='lat' dir='ltr'><strong>Deum</strong></span> <span class='ocrx_word' id='word_1_381' title='bbox 1060 4420 1246 4473; x_wconf 82' lang='lat' dir='ltr'><strong>meum,</strong></span> <span class='ocrx_word' id='word_1_382' title='bbox 1270 4416 1316 4460; x_wconf 91' lang='lat' dir='ltr'><strong>et</strong></span> <span class='ocrx_word' id='word_1_383' title='bbox 1342 4404 1503 4461; x_wconf 87' lang='lat' dir='ltr'><strong>Deum</strong></span> <span class='ocrx_word' id='word_1_384' title='bbox 1531 4421 1768 4463; x_wconf 87' lang='lat' dir='ltr'><strong>vestrum.</strong></span> <span class='ocrx_word' id='word_1_385' title='bbox 1803 4411 1897 4465; x_wconf 86' lang='lat' dir='ltr'><strong>Est</strong></span> <span class='ocrx_word' id='word_1_386' title='bbox 1928 4412 1980 4465; x_wconf 89' lang='lat' dir='ltr'><strong>in</strong></span> <span class='ocrx_word' id='word_1_387' title='bbox 2013 4412 2095 4466; x_wconf 83' lang='lat' dir='ltr'><strong>his</strong></span> 
     </span>
    </p>
   </div>
   <div class='ocr_carea' id='block_1_48' title="bbox 2202 565 3773 655">
    <p class='ocr_par' dir='ltr' id='par_1_48' title="bbox 2202 565 3773 655">
     <span class='ocr_line' id='line_1_49' title="bbox 2202 565 3773 655; baseline 0.018 -39"><span class='ocrx_word' id='word_1_388' title='bbox 2202 574 2378 619; x_wconf 85' lang='lat' dir='ltr'><strong>autem</strong></span> <span class='ocrx_word' id='word_1_389' title='bbox 2430 565 2500 619; x_wconf 89' lang='lat' dir='ltr'><strong>sit</strong></span> <span class='ocrx_word' id='word_1_390' title='bbox 2547 577 2653 621; x_wconf 89' lang='lat' dir='ltr'><strong>tam</strong></span> <span class='ocrx_word' id='word_1_391' title='bbox 2698 570 2985 641; x_wconf 82' lang='lat' dir='ltr'><strong>absurdus,</strong></span> <span class='ocrx_word' id='word_1_392' title='bbox 3029 585 3086 630; x_wconf 92' lang='lat' dir='ltr'><strong>ut</strong></span> <span class='ocrx_word' id='word_1_393' title='bbox 3126 577 3266 634; x_wconf 86' lang='lat' dir='ltr'><strong>dicat</strong></span> <span class='ocrx_word' id='word_1_394' title='bbox 3294 598 3415 635; x_wconf 86' lang='lat' dir='ltr'><strong>eum</strong></span> <span class='ocrx_word' id='word_1_395' title='bbox 3448 598 3478 636; x_wconf 87' lang='lat' dir='ltr'><strong>a</strong></span> <span class='ocrx_word' id='word_1_396' title='bbox 3506 583 3773 655; x_wconf 77' lang='lat' dir='ltr'><strong>discipulis</strong></span> 
     </span>
    </p>
   </div>
   <div class='ocr_carea' id='block_1_49' title="bbox 2196 656 3772 738">
    <p class='ocr_par' dir='ltr' id='par_1_49' title="bbox 2196 656 3772 738">
     <span class='ocr_line' id='line_1_50' title="bbox 2196 656 3772 738; baseline 0.015 -28"><span class='ocrx_word' id='word_1_397' title='bbox 2196 656 2411 725; x_wconf 87' lang='lat' dir='ltr'><strong>quidem</strong></span> <span class='ocrx_word' id='word_1_398' title='bbox 2457 670 2740 729; x_wconf 87' lang='lat' dir='ltr'><strong>antequam</strong></span> <span class='ocrx_word' id='word_1_399' title='bbox 2780 666 2845 718; x_wconf 91' lang='lat' dir='ltr'><strong>ad</strong></span> <span class='ocrx_word' id='word_1_400' title='bbox 2894 665 3107 724; x_wconf 88' lang='lat' dir='ltr'><strong>Patrem</strong></span> <span class='ocrx_word' id='word_1_401' title='bbox 3156 672 3515 738; x_wconf 83' lang='lat' dir='ltr'><strong>ascendisset,</strong></span> <span class='ocrx_word' id='word_1_402' title='bbox 3546 678 3772 734; x_wconf 87' lang='lat' dir='ltr'><strong>voluisse</strong></span> 
     </span>
    </p>
   </div>
   <div class='ocr_carea' id='block_1_50' title="bbox 2198 752 3769 829">
    <p class='ocr_par' dir='ltr' id='par_1_50' title="bbox 2198 752 3769 829">
     <span class='ocr_line' id='line_1_51' title="bbox 2198 752 3769 829; baseline 0.014 -26"><span class='ocrx_word' id='word_1_403' title='bbox 2198 765 2256 804; x_wconf 81' lang='lat' dir='ltr'><strong>se</strong></span> <span class='ocrx_word' id='word_1_404' title='bbox 2285 752 2445 821; x_wconf 83' lang='lat' dir='ltr'><strong>tangi,</strong></span> <span class='ocrx_word' id='word_1_405' title='bbox 2490 768 2521 807; x_wconf 90' lang='lat' dir='ltr'><strong>a</strong></span> <span class='ocrx_word' id='word_1_406' title='bbox 2550 754 2860 810; x_wconf 88' lang='lat' dir='ltr'><strong>mulieribus</strong></span> <span class='ocrx_word' id='word_1_407' title='bbox 2889 768 3068 813; x_wconf 90' lang='lat' dir='ltr'><strong>autem</strong></span> <span class='ocrx_word' id='word_1_408' title='bbox 3119 761 3373 829; x_wconf 92' lang='lat' dir='ltr'><strong>noluisse,</strong></span> <span class='ocrx_word' id='word_1_409' title='bbox 3410 766 3509 821; x_wconf 90' lang='lat' dir='ltr'><strong>nisi</strong></span> <span class='ocrx_word' id='word_1_410' title='bbox 3540 782 3663 823; x_wconf 91' lang='lat' dir='ltr'><strong>cum</strong></span> <span class='ocrx_word' id='word_1_411' title='bbox 3693 785 3769 825; x_wconf 80' lang='lat' dir='ltr'><strong>as-</strong></span> 
     </span>
    </p>
   </div>
   <div class='ocr_carea' id='block_1_51' title="bbox 2197 841 3772 932">
    <p class='ocr_par' dir='ltr' id='par_1_51' title="bbox 2197 841 3772 932">
     <span class='ocr_line' id='line_1_52' title="bbox 2197 841 3772 932; baseline 0.016 -38"><span class='ocrx_word' id='word_1_412' title='bbox 2197 841 2467 897; x_wconf 89' lang='lat' dir='ltr'><strong>cendisset</strong></span> <span class='ocrx_word' id='word_1_413' title='bbox 2504 844 2567 899; x_wconf 89' lang='lat' dir='ltr'><strong>ad</strong></span> <span class='ocrx_word' id='word_1_414' title='bbox 2600 845 2849 902; x_wconf 81' lang='lat' dir='ltr'><strong>Patrem?</strong></span> <span class='ocrx_word' id='word_1_415' title='bbox 2880 849 2987 905; x_wconf 90' lang='lat' dir='ltr'><strong>Sed</strong></span> <span class='ocrx_word' id='word_1_416' title='bbox 3018 867 3087 906; x_wconf 92' lang='lat' dir='ltr'><strong>ne</strong></span> <span class='ocrx_word' id='word_1_417' title='bbox 3114 853 3204 922; x_wconf 87' lang='lat' dir='ltr'><strong>qui</strong></span> <span class='ocrx_word' id='word_1_418' title='bbox 3235 855 3316 911; x_wconf 91' lang='lat' dir='ltr'><strong>sic</strong></span> <span class='ocrx_word' id='word_1_419' title='bbox 3344 858 3505 913; x_wconf 81' lang='lat' dir='ltr'><strong>vellet</strong></span> <span class='ocrx_word' id='word_1_420' title='bbox 3531 861 3772 932; x_wconf 84' lang='lat' dir='ltr'><strong>desipere</strong></span> 
     </span>
    </p>
   </div>
   <div class='ocr_carea' id='block_1_52' title="bbox 2199 932 3769 1019">
    <p class='ocr_par' dir='ltr' id='par_1_52' title="bbox 2199 932 3769 1019">
     <span class='ocr_line' id='line_1_53' title="bbox 2199 932 3769 1019; baseline 0.017 -33"><span class='ocrx_word' id='word_1_421' title='bbox 2199 932 2482 1001; x_wconf 87' lang='lat' dir='ltr'><strong>sineretur,</strong></span> <span class='ocrx_word' id='word_1_422' title='bbox 2533 937 2777 1007; x_wconf 86' lang='lat' dir='ltr'><strong>leguntur</strong></span> <span class='ocrx_word' id='word_1_423' title='bbox 2806 942 2968 997; x_wconf 90' lang='lat' dir='ltr'><strong>etiam</strong></span> <span class='ocrx_word' id='word_1_424' title='bbox 3024 943 3241 1002; x_wconf 76' lang='lat' dir='ltr'><strong>femina:</strong></span> <span class='ocrx_word' id='word_1_425' title='bbox 3271 959 3395 1019; x_wconf 90' lang='lat' dir='ltr'><strong>post</strong></span> <span class='ocrx_word' id='word_1_426' title='bbox 3422 956 3769 1011; x_wconf 85' lang='lat' dir='ltr'><strong>resurrectio-</strong></span> 
     </span>
    </p>
   </div>
   <div class='ocr_carea' id='block_1_53' title="bbox 2200 1033 3773 1120">
    <p class='ocr_par' dir='ltr' id='par_1_53' title="bbox 2200 1033 3773 1120">
     <span class='ocr_line' id='line_1_54' title="bbox 2200 1033 3773 1120; baseline 0.02 -42"><span class='ocrx_word' id='word_1_427' title='bbox 2200 1040 2366 1094; x_wconf 86' lang='lat' dir='ltr'><strong>nem,</strong></span> <span class='ocrx_word' id='word_1_428' title='bbox 2412 1038 2696 1099; x_wconf 90' lang='lat' dir='ltr'><strong>antequam</strong></span> <span class='ocrx_word' id='word_1_429' title='bbox 2752 1033 2819 1088; x_wconf 88' lang='lat' dir='ltr'><strong>ad</strong></span> <span class='ocrx_word' id='word_1_430' title='bbox 2875 1035 3085 1092; x_wconf 85' lang='lat' dir='ltr'><strong>Patrem</strong></span> <span class='ocrx_word' id='word_1_431' title='bbox 3138 1044 3490 1114; x_wconf 81' lang='lat' dir='ltr'><strong>ascenderet,</strong></span> <span class='ocrx_word' id='word_1_432' title='bbox 3540 1052 3773 1120; x_wconf 70' lang='lat' dir='ltr'><strong>tetigisse</strong></span> 
     </span>
    </p>
   </div>
   <div class='ocr_carea' id='block_1_54' title="bbox 2197 1116 3771 1211">
    <p class='ocr_par' dir='ltr' id='par_1_54' title="bbox 2197 1116 3771 1211">
     <span class='ocr_line' id='line_1_55' title="bbox 2197 1116 3771 1211; baseline 0.019 -42"><span class='ocrx_word' id='word_1_433' title='bbox 2197 1116 2494 1185; x_wconf 88' lang='lat' dir='ltr'><strong>Christum,</strong></span> <span class='ocrx_word' id='word_1_434' title='bbox 2528 1121 2581 1175; x_wconf 91' lang='lat' dir='ltr'><strong>in</strong></span> <span class='ocrx_word' id='word_1_435' title='bbox 2629 1123 2826 1192; x_wconf 88' lang='lat' dir='ltr'><strong>quibus</strong></span> <span class='ocrx_word' id='word_1_436' title='bbox 2868 1138 2989 1183; x_wconf 87' lang='lat' dir='ltr'><strong>erat</strong></span> <span class='ocrx_word' id='word_1_437' title='bbox 3035 1129 3193 1187; x_wconf 89' lang='lat' dir='ltr'><strong>etiam</strong></span> <span class='ocrx_word' id='word_1_438' title='bbox 3221 1133 3335 1205; x_wconf 89' lang='lat' dir='ltr'><strong>ipsa</strong></span> <span class='ocrx_word' id='word_1_439' title='bbox 3372 1137 3531 1194; x_wconf 77' lang='lat' dir='ltr'><strong>Maria</strong></span> <span class='ocrx_word' id='word_1_440' title='bbox 3564 1116 3771 1211; x_wconf 62' lang='lat' dir='ltr'><strong>Magda-</strong></span> 
     </span>
    </p>
   </div>
   <div class='ocr_carea' id='block_1_55' title="bbox 2206 1210 3770 1293">
    <p class='ocr_par' dir='ltr' id='par_1_55' title="bbox 2206 1210 3770 1293">
     <span class='ocr_line' id='line_1_56' title="bbox 2206 1210 3770 1293; baseline 0.018 -28"><span class='ocrx_word' id='word_1_441' title='bbox 2206 1210 2348 1278; x_wconf 86' lang='lat' dir='ltr'><strong>lene,</strong></span> <span class='ocrx_word' id='word_1_442' title='bbox 2383 1225 2634 1271; x_wconf 85' lang='lat' dir='ltr'><strong>narrante</strong></span> <span class='ocrx_word' id='word_1_443' title='bbox 2663 1217 2912 1275; x_wconf 26' lang='lat' dir='ltr'><strong>Mattha&#39;o</strong></span> <span class='ocrx_word' id='word_1_444' title='bbox 2942 1225 3081 1292; x_wconf 87' lang='lat' dir='ltr'><strong>quod</strong></span> <span class='ocrx_word' id='word_1_445' title='bbox 3112 1231 3346 1285; x_wconf 90' lang='lat' dir='ltr'><strong>occurrit</strong></span> <span class='ocrx_word' id='word_1_446' title='bbox 3375 1232 3477 1288; x_wconf 89' lang='lat' dir='ltr'><strong>illis</strong></span> <span class='ocrx_word' id='word_1_447' title='bbox 3506 1210 3673 1292; x_wconf 77' lang='lat' dir='ltr'><strong>Iesus</strong></span> <span class='ocrx_word' id='word_1_448' title='bbox 3699 1238 3770 1293; x_wconf 88' lang='lat' dir='ltr'><strong>di-</strong></span> 
     </span>
    </p>
   </div>
   <div class='ocr_carea' id='block_1_56' title="bbox 2199 1308 3772 1394">
    <p class='ocr_par' dir='ltr' id='par_1_56' title="bbox 2199 1308 3772 1394">
     <span class='ocr_line' id='line_1_57' title="bbox 2199 1308 3772 1394; baseline 0.018 -36"><span class='ocrx_word' id='word_1_449' title='bbox 2199 1318 2325 1359; x_wconf 88' lang='lat' dir='ltr'><strong>cens</strong></span> <span class='ocrx_word' id='word_1_450' title='bbox 2355 1324 2365 1358; x_wconf 95' lang='lat'><strong>:</strong></span> <span class='ocrx_word' id='word_1_451' title='bbox 2397 1308 2565 1363; x_wconf 82' lang='lat' dir='ltr'><strong>Avete.</strong></span> <span class='ocrx_word' id='word_1_452' title='bbox 2592 1308 2711 1365; x_wconf 73' lang='lat' dir='ltr'><strong>[the</strong></span> <span class='ocrx_word' id='word_1_453' title='bbox 2737 1322 2907 1368; x_wconf 88' lang='lat' dir='ltr'><strong>autem</strong></span> <span class='ocrx_word' id='word_1_454' title='bbox 2936 1333 3277 1389; x_wconf 89' lang='lat' dir='ltr'><strong>accesserunt,</strong></span> <span class='ocrx_word' id='word_1_455' title='bbox 3307 1324 3491 1394; x_wconf 85' lang='lat' dir='ltr'><strong>inquit,</strong></span> <span class='ocrx_word' id='word_1_456' title='bbox 3526 1339 3576 1383; x_wconf 87' lang='lat' dir='ltr'><strong>et</strong></span> <span class='ocrx_word' id='word_1_457' title='bbox 3606 1340 3772 1386; x_wconf 80' lang='lat' dir='ltr'><strong>tenu-</strong></span> 
     </span>
    </p>
   </div>
   <div class='ocr_carea' id='block_1_57' title="bbox 2201 1400 3769 1494">
    <p class='ocr_par' dir='ltr' id='par_1_57' title="bbox 2201 1400 3769 1494">
     <span class='ocr_line' id='line_1_58' title="bbox 2201 1400 3769 1494; baseline 0.02 -47"><span class='ocrx_word' id='word_1_458' title='bbox 2201 1407 2320 1452; x_wconf 89' lang='lat' dir='ltr'><strong>runt</strong></span> <span class='ocrx_word' id='word_1_459' title='bbox 2362 1400 2510 1469; x_wconf 84' lang='lat' dir='ltr'><strong>pedes</strong></span> <span class='ocrx_word' id='word_1_460' title='bbox 2541 1402 2671 1470; x_wconf 87' lang='lat' dir='ltr'><strong>ejus,</strong></span> <span class='ocrx_word' id='word_1_461' title='bbox 2701 1413 2748 1456; x_wconf 90' lang='lat' dir='ltr'><strong>et</strong></span> <span class='ocrx_word' id='word_1_462' title='bbox 2790 1406 3131 1466; x_wconf 83' lang='lat' dir='ltr'><strong>adoraverunt</strong></span> <span class='ocrx_word' id='word_1_463' title='bbox 3175 1430 3289 1468; x_wconf 86' lang='lat' dir='ltr'><strong>eum</strong></span> <span class='ocrx_word' id='word_1_464' title='bbox 3314 1415 3527 1488; x_wconf 75' lang='lat' dir='ltr'><strong>(Matth.</strong></span> <span class='ocrx_word' id='word_1_465' title='bbox 3559 1428 3769 1494; x_wconf 81' lang='lat' dir='ltr'><strong>xxvnt).</strong></span> 
     </span>
    </p>
   </div>
   <div class='ocr_carea' id='block_1_58' title="bbox 2201 1488 3771 1571">
    <p class='ocr_par' dir='ltr' id='par_1_58' title="bbox 2201 1488 3771 1571">
     <span class='ocr_line' id='line_1_59' title="bbox 2201 1488 3771 1571; baseline 0.018 -28"><span class='ocrx_word' id='word_1_466' title='bbox 2201 1488 2316 1544; x_wconf 90' lang='lat' dir='ltr'><strong>lloc</strong></span> <span class='ocrx_word' id='word_1_467' title='bbox 2345 1507 2372 1543; x_wconf 88' lang='lat' dir='ltr'><strong>a</strong></span> <span class='ocrx_word' id='word_1_468' title='bbox 2397 1492 2605 1548; x_wconf 79' lang='lat' dir='ltr'><strong>Joanne</strong></span> <span class='ocrx_word' id='word_1_469' title='bbox 2639 1499 3053 1562; x_wconf 67' lang='lat' dir='ltr'><strong>prmtermissum</strong></span> <span class='ocrx_word' id='word_1_470' title='bbox 3084 1513 3188 1569; x_wconf 90' lang='lat' dir='ltr'><strong>est,</strong></span> <span class='ocrx_word' id='word_1_471' title='bbox 3219 1508 3312 1561; x_wconf 91' lang='lat' dir='ltr'><strong>sed</strong></span> <span class='ocrx_word' id='word_1_472' title='bbox 3343 1522 3372 1561; x_wconf 90' lang='lat' dir='ltr'><strong>a</strong></span> <span class='ocrx_word' id='word_1_473' title='bbox 3400 1510 3659 1569; x_wconf 64' lang='lat' dir='ltr'><strong>Matthaeo</strong></span> <span class='ocrx_word' id='word_1_474' title='bbox 3686 1488 3771 1571; x_wconf 76' lang='lat' dir='ltr'><strong>ve-</strong></span> 
     </span>
    </p>
   </div>
   <div class='ocr_carea' id='block_1_59' title="bbox 2202 1582 3771 1666">
    <p class='ocr_par' dir='ltr' id='par_1_59' title="bbox 2202 1582 3771 1666">
     <span class='ocr_line' id='line_1_60' title="bbox 2202 1582 3771 1666; baseline 0.018 -34"><span class='ocrx_word' id='word_1_475' title='bbox 2202 1596 2320 1633; x_wconf 90' lang='lat' dir='ltr'><strong>rum</strong></span> <span class='ocrx_word' id='word_1_476' title='bbox 2369 1582 2593 1638; x_wconf 88' lang='lat' dir='ltr'><strong>dictum.</strong></span> <span class='ocrx_word' id='word_1_477' title='bbox 2643 1584 2827 1642; x_wconf 79' lang='lat' dir='ltr'><strong>Restat</strong></span> <span class='ocrx_word' id='word_1_478' title='bbox 2857 1603 2984 1660; x_wconf 83' lang='lat' dir='ltr'><strong>ergo</strong></span> <span class='ocrx_word' id='word_1_479' title='bbox 3034 1601 3089 1646; x_wconf 90' lang='lat' dir='ltr'><strong>ut</strong></span> <span class='ocrx_word' id='word_1_480' title='bbox 3131 1594 3344 1666; x_wconf 84' lang='lat' dir='ltr'><strong>aliquod</strong></span> <span class='ocrx_word' id='word_1_481' title='bbox 3391 1600 3442 1654; x_wconf 90' lang='lat' dir='ltr'><strong>in</strong></span> <span class='ocrx_word' id='word_1_482' title='bbox 3482 1601 3567 1655; x_wconf 89' lang='lat' dir='ltr'><strong>his</strong></span> <span class='ocrx_word' id='word_1_483' title='bbox 3598 1604 3771 1661; x_wconf 75' lang='lat' dir='ltr'><strong>verbis</strong></span> 
     </span>
    </p>
   </div>
   <div class='ocr_carea' id='block_1_60' title="bbox 2202 1672 3772 1763">
    <p class='ocr_par' dir='ltr' id='par_1_60' title="bbox 2202 1672 3772 1763">
     <span class='ocr_line' id='line_1_61' title="bbox 2202 1672 3772 1763; baseline 0.017 -39"><span class='ocrx_word' id='word_1_484' title='bbox 2202 1672 2360 1727; x_wconf 89' lang='lat' dir='ltr'><strong>lateat</strong></span> <span class='ocrx_word' id='word_1_485' title='bbox 2406 1688 2798 1734; x_wconf 86' lang='lat' dir='ltr'><strong>sacramentum</strong></span> <span class='ocrx_word' id='word_1_486' title='bbox 2848 1699 2861 1735; x_wconf 91' lang='lat'><em>:</em></span> <span class='ocrx_word' id='word_1_487' title='bbox 2908 1684 3049 1752; x_wconf 87' lang='lat' dir='ltr'><strong>quod</strong></span> <span class='ocrx_word' id='word_1_488' title='bbox 3100 1687 3211 1742; x_wconf 83' lang='lat' dir='ltr'><strong>sive</strong></span> <span class='ocrx_word' id='word_1_489' title='bbox 3265 1691 3619 1763; x_wconf 85' lang='lat' dir='ltr'><strong>inveniamus,</strong></span> <span class='ocrx_word' id='word_1_490' title='bbox 3671 1699 3772 1751; x_wconf 82' lang='lat' dir='ltr'><strong>sive</strong></span> 
     </span>
    </p>
   </div>
   <div class='ocr_carea' id='block_1_61' title="bbox 2205 1764 3772 1842">
    <p class='ocr_par' dir='ltr' id='par_1_61' title="bbox 2205 1764 3772 1842">
     <span class='ocr_line' id='line_1_62' title="bbox 2205 1764 3772 1842; baseline 0.013 -26"><span class='ocrx_word' id='word_1_491' title='bbox 2205 1764 2441 1821; x_wconf 86' lang='lat' dir='ltr'><strong>invenire</strong></span> <span class='ocrx_word' id='word_1_492' title='bbox 2499 1770 2717 1826; x_wconf 88' lang='lat' dir='ltr'><strong>minime</strong></span> <span class='ocrx_word' id='word_1_493' title='bbox 2776 1772 3092 1842; x_wconf 85' lang='lat' dir='ltr'><strong>valeamus,</strong></span> <span class='ocrx_word' id='word_1_494' title='bbox 3160 1778 3335 1834; x_wconf 87' lang='lat' dir='ltr'><strong>inesse</strong></span> <span class='ocrx_word' id='word_1_495' title='bbox 3405 1793 3581 1839; x_wconf 86' lang='lat' dir='ltr'><strong>tamen</strong></span> <span class='ocrx_word' id='word_1_496' title='bbox 3639 1788 3772 1840; x_wconf 62' lang='lat' dir='ltr'><strong>null.»</strong></span> 
     </span>
    </p>
   </div>
   <div class='ocr_carea' id='block_1_62' title="bbox 3013 1867 3767 1938">
    <p class='ocr_par' dir='ltr' id='par_1_62' title="bbox 3013 1867 3767 1938">
     <span class='ocr_line' id='line_1_63' title="bbox 3013 1867 3767 1938; baseline 0.011 -18"><span class='ocrx_word' id='word_1_497' title='bbox 3013 1867 3119 1922; x_wconf 86' lang='lat' dir='ltr'><strong>Aut</strong></span> <span class='ocrx_word' id='word_1_498' title='bbox 3143 1884 3271 1938; x_wconf 89' lang='lat' dir='ltr'><strong>ergo</strong></span> <span class='ocrx_word' id='word_1_499' title='bbox 3310 1870 3388 1926; x_wconf 89' lang='lat' dir='ltr'><strong>sic</strong></span> <span class='ocrx_word' id='word_1_500' title='bbox 3417 1875 3617 1928; x_wconf 90' lang='lat' dir='ltr'><strong>dictum</strong></span> <span class='ocrx_word' id='word_1_501' title='bbox 3652 1888 3727 1930; x_wconf 82' lang='lat' dir='ltr'><strong>est</strong></span> <span class='ocrx_word' id='word_1_502' title='bbox 3758 1897 3767 1928; x_wconf 87' lang='lat'>:</span> 
     </span>
    </p>
   </div>
   <div class='ocr_carea' id='block_1_63' title="bbox 2206 1946 3770 2022">
    <p class='ocr_par' dir='ltr' id='par_1_63' title="bbox 2206 1946 3770 2022">
     <span class='ocr_line' id='line_1_64' title="bbox 2206 1946 3770 2022; baseline 0.013 -21"><span class='ocrx_word' id='word_1_503' title='bbox 2206 1946 2334 2004; x_wconf 91' lang='lat' dir='ltr'><strong>Noli</strong></span> <span class='ocrx_word' id='word_1_504' title='bbox 2378 1967 2455 2004; x_wconf 89' lang='lat' dir='ltr'><strong>me</strong></span> <span class='ocrx_word' id='word_1_505' title='bbox 2497 1962 2719 2022; x_wconf 84' lang='lat' dir='ltr'><strong>tangere,</strong></span> <span class='ocrx_word' id='word_1_506' title='bbox 2752 1957 2978 2010; x_wconf 80' lang='lat' dir='ltr'><strong>nondum</strong></span> <span class='ocrx_word' id='word_1_507' title='bbox 3024 1960 3156 2012; x_wconf 88' lang='lat' dir='ltr'><strong>enim</strong></span> <span class='ocrx_word' id='word_1_508' title='bbox 3204 1964 3408 2016; x_wconf 89' lang='lat' dir='ltr'><strong>ascendi</strong></span> <span class='ocrx_word' id='word_1_509' title='bbox 3455 1966 3524 2018; x_wconf 85' lang='lat' dir='ltr'><strong>ad</strong></span> <span class='ocrx_word' id='word_1_510' title='bbox 3566 1964 3770 2021; x_wconf 84' lang='lat' dir='ltr'><strong>Patrem</strong></span> 
     </span>
    </p>
   </div>
   <div class='ocr_carea' id='block_1_64' title="bbox 2204 2043 3770 2128">
    <p class='ocr_par' dir='ltr' id='par_1_64' title="bbox 2204 2043 3770 2128">
     <span class='ocr_line' id='line_1_65' title="bbox 2204 2043 3770 2128; baseline 0.014 -37"><span class='ocrx_word' id='word_1_511' title='bbox 2204 2057 2389 2109; x_wconf 85' lang='lat' dir='ltr'><strong>meum,</strong></span> <span class='ocrx_word' id='word_1_512' title='bbox 2426 2051 2482 2096; x_wconf 92' lang='lat' dir='ltr'><strong>ut</strong></span> <span class='ocrx_word' id='word_1_513' title='bbox 2512 2043 2564 2097; x_wconf 91' lang='lat' dir='ltr'><strong>in</strong></span> <span class='ocrx_word' id='word_1_514' title='bbox 2596 2043 2687 2098; x_wconf 93' lang='lat' dir='ltr'><strong>illa</strong></span> <span class='ocrx_word' id='word_1_515' title='bbox 2718 2044 2915 2101; x_wconf 81' lang='lat' dir='ltr'><strong>femina</strong></span> <span class='ocrx_word' id='word_1_516' title='bbox 2944 2048 3258 2119; x_wconf 86' lang='lat' dir='ltr'><strong>llguraretur</strong></span> <span class='ocrx_word' id='word_1_517' title='bbox 3287 2054 3523 2111; x_wconf 84' lang='lat' dir='ltr'><strong>Ecclesia</strong></span> <span class='ocrx_word' id='word_1_518' title='bbox 3554 2057 3627 2113; x_wconf 92' lang='lat' dir='ltr'><strong>de</strong></span> <span class='ocrx_word' id='word_1_519' title='bbox 3652 2076 3770 2128; x_wconf 83' lang='lat' dir='ltr'><strong>geu-</strong></span> 
     </span>
    </p>
   </div>
   <div class='ocr_carea' id='block_1_65' title="bbox 2207 2131 3771 2207">
    <p class='ocr_par' dir='ltr' id='par_1_65' title="bbox 2207 2131 3771 2207">
     <span class='ocr_line' id='line_1_66' title="bbox 2207 2131 3771 2207; baseline 0.013 -25"><span class='ocrx_word' id='word_1_520' title='bbox 2207 2131 2369 2199; x_wconf 89' lang='lat' dir='ltr'><strong>tibus,</strong></span> <span class='ocrx_word' id='word_1_521' title='bbox 2401 2149 2519 2203; x_wconf 70' lang='lat' dir='ltr'><strong>qua:</strong></span> <span class='ocrx_word' id='word_1_522' title='bbox 2541 2134 2593 2188; x_wconf 91' lang='lat' dir='ltr'><strong>in</strong></span> <span class='ocrx_word' id='word_1_523' title='bbox 2616 2134 2887 2192; x_wconf 83' lang='lat' dir='ltr'><strong>Christum</strong></span> <span class='ocrx_word' id='word_1_524' title='bbox 2911 2154 3015 2193; x_wconf 92' lang='lat' dir='ltr'><strong>non</strong></span> <span class='ocrx_word' id='word_1_525' title='bbox 3046 2141 3290 2207; x_wconf 87' lang='lat' dir='ltr'><strong>credidit,</strong></span> <span class='ocrx_word' id='word_1_526' title='bbox 3320 2144 3419 2197; x_wconf 84' lang='lat' dir='ltr'><strong>nisi</strong></span> <span class='ocrx_word' id='word_1_527' title='bbox 3447 2160 3566 2200; x_wconf 91' lang='lat' dir='ltr'><strong>cum</strong></span> <span class='ocrx_word' id='word_1_528' title='bbox 3592 2162 3771 2203; x_wconf 52' lang='lat' dir='ltr'><strong>ascen-</strong></span> 
     </span>
    </p>
   </div>
   <div class='ocr_carea' id='block_1_66' title="bbox 2204 2222 3767 2305">
    <p class='ocr_par' dir='ltr' id='par_1_66' title="bbox 2204 2222 3767 2305">
     <span class='ocr_line' id='line_1_67' title="bbox 2204 2222 3767 2305; baseline 0.012 -31"><span class='ocrx_word' id='word_1_529' title='bbox 2204 2222 2369 2277; x_wconf 90' lang='lat' dir='ltr'><strong>disset</strong></span> <span class='ocrx_word' id='word_1_530' title='bbox 2395 2225 2459 2279; x_wconf 90' lang='lat' dir='ltr'><strong>ad</strong></span> <span class='ocrx_word' id='word_1_531' title='bbox 2504 2224 2738 2295; x_wconf 88' lang='lat' dir='ltr'><strong>Patrem,</strong></span> <span class='ocrx_word' id='word_1_532' title='bbox 2766 2238 2858 2284; x_wconf 89' lang='lat' dir='ltr'><strong>aut</strong></span> <span class='ocrx_word' id='word_1_533' title='bbox 2895 2231 2975 2285; x_wconf 89' lang='lat' dir='ltr'><strong>sic</strong></span> <span class='ocrx_word' id='word_1_534' title='bbox 3004 2232 3055 2286; x_wconf 94' lang='lat' dir='ltr'><strong>in</strong></span> <span class='ocrx_word' id='word_1_535' title='bbox 3086 2247 3144 2287; x_wconf 84' lang='lat' dir='ltr'><strong>se</strong></span> <span class='ocrx_word' id='word_1_536' title='bbox 3169 2236 3315 2290; x_wconf 87' lang='lat' dir='ltr'><strong>credi</strong></span> <span class='ocrx_word' id='word_1_537' title='bbox 3346 2240 3574 2299; x_wconf 83' lang='lat' dir='ltr'><strong>voluisse</strong></span> <span class='ocrx_word' id='word_1_538' title='bbox 3598 2238 3767 2305; x_wconf 79' lang='lat' dir='ltr'><strong>Iesus,</strong></span> 
     </span>
    </p>
   </div>
   <div class='ocr_carea' id='block_1_67' title="bbox 2206 2313 3767 2397">
    <p class='ocr_par' dir='ltr' id='par_1_67' title="bbox 2206 2313 3767 2397">
     <span class='ocr_line' id='line_1_68' title="bbox 2206 2313 3767 2397; baseline 0.013 -30"><span class='ocrx_word' id='word_1_539' title='bbox 2206 2313 2307 2369; x_wconf 92' lang='lat' dir='ltr'><strong>hoc</strong></span> <span class='ocrx_word' id='word_1_540' title='bbox 2334 2326 2415 2371; x_wconf 90' lang='lat' dir='ltr'><strong>est</strong></span> <span class='ocrx_word' id='word_1_541' title='bbox 2440 2318 2517 2371; x_wconf 91' lang='lat' dir='ltr'><strong>sic</strong></span> <span class='ocrx_word' id='word_1_542' title='bbox 2544 2332 2601 2372; x_wconf 86' lang='lat' dir='ltr'><strong>se</strong></span> <span class='ocrx_word' id='word_1_543' title='bbox 2641 2321 2990 2388; x_wconf 89' lang='lat' dir='ltr'><strong>spiritualiter</strong></span> <span class='ocrx_word' id='word_1_544' title='bbox 3019 2326 3184 2395; x_wconf 85' lang='lat' dir='ltr'><strong>tangi,</strong></span> <span class='ocrx_word' id='word_1_545' title='bbox 3216 2329 3351 2397; x_wconf 85' lang='lat' dir='ltr'><strong>quod</strong></span> <span class='ocrx_word' id='word_1_546' title='bbox 3383 2330 3495 2397; x_wconf 91' lang='lat' dir='ltr'><strong>ipse</strong></span> <span class='ocrx_word' id='word_1_547' title='bbox 3538 2342 3592 2386; x_wconf 93' lang='lat' dir='ltr'><strong>ct</strong></span> <span class='ocrx_word' id='word_1_548' title='bbox 3620 2332 3767 2388; x_wconf 86' lang='lat' dir='ltr'><strong>Pater</strong></span> 
     </span>
    </p>
   </div>
   <div class='ocr_carea' id='block_1_68' title="bbox 2207 2407 3763 2490">
    <p class='ocr_par' dir='ltr' id='par_1_68' title="bbox 2207 2407 3763 2490">
     <span class='ocr_line' id='line_1_69' title="bbox 2207 2407 3763 2490; baseline 0.013 -33"><span class='ocrx_word' id='word_1_549' title='bbox 2207 2422 2367 2460; x_wconf 89' lang='lat' dir='ltr'><strong>unum</strong></span> <span class='ocrx_word' id='word_1_550' title='bbox 2418 2407 2544 2462; x_wconf 87' lang='lat' dir='ltr'><strong>sint.</strong></span> <span class='ocrx_word' id='word_1_551' title='bbox 2579 2408 2707 2479; x_wconf 85' lang='lat' dir='ltr'><strong>Ejus</strong></span> <span class='ocrx_word' id='word_1_552' title='bbox 2753 2412 2951 2489; x_wconf 91' lang='lat' dir='ltr'><strong>quippe</strong></span> <span class='ocrx_word' id='word_1_553' title='bbox 2996 2414 3195 2471; x_wconf 87' lang='lat' dir='ltr'><strong>intimis</strong></span> <span class='ocrx_word' id='word_1_554' title='bbox 3242 2421 3488 2474; x_wconf 90' lang='lat' dir='ltr'><strong>sensibus</strong></span> <span class='ocrx_word' id='word_1_555' title='bbox 3514 2423 3763 2490; x_wconf 82' lang='lat' dir='ltr'><strong>quodam-</strong></span> 
     </span>
    </p>
   </div>
   <div class='ocr_carea' id='block_1_69' title="bbox 2204 2500 3765 2582">
    <p class='ocr_par' dir='ltr' id='par_1_69' title="bbox 2204 2500 3765 2582">
     <span class='ocr_line' id='line_1_70' title="bbox 2204 2500 3765 2582; baseline 0.013 -31"><span class='ocrx_word' id='word_1_556' title='bbox 2204 2500 2361 2553; x_wconf 90' lang='lat' dir='ltr'><strong>modo</strong></span> <span class='ocrx_word' id='word_1_557' title='bbox 2393 2502 2637 2557; x_wconf 90' lang='lat' dir='ltr'><strong>ascendit</strong></span> <span class='ocrx_word' id='word_1_558' title='bbox 2660 2503 2731 2581; x_wconf 80' lang='lat' dir='ltr'><strong>ad</strong></span> <span class='ocrx_word' id='word_1_559' title='bbox 2784 2506 3021 2574; x_wconf 82' lang='lat' dir='ltr'><strong>Patrem,</strong></span> <span class='ocrx_word' id='word_1_560' title='bbox 3049 2508 3139 2578; x_wconf 91' lang='lat' dir='ltr'><strong>qui</strong></span> <span class='ocrx_word' id='word_1_561' title='bbox 3183 2510 3262 2565; x_wconf 82' lang='lat' dir='ltr'><strong>sic</strong></span> <span class='ocrx_word' id='word_1_562' title='bbox 3291 2511 3344 2565; x_wconf 91' lang='lat' dir='ltr'><strong>in</strong></span> <span class='ocrx_word' id='word_1_563' title='bbox 3373 2526 3437 2568; x_wconf 89' lang='lat' dir='ltr'><strong>eo</strong></span> <span class='ocrx_word' id='word_1_564' title='bbox 3465 2514 3765 2582; x_wconf 81' lang='lat' dir='ltr'><strong>proiecerit,</strong></span> 
     </span>
    </p>
   </div>
   <div class='ocr_carea' id='block_1_70' title="bbox 2206 2589 3763 2676">
    <p class='ocr_par' dir='ltr' id='par_1_70' title="bbox 2206 2589 3763 2676">
     <span class='ocr_line' id='line_1_71' title="bbox 2206 2589 3763 2676; baseline 0.012 -35"><span class='ocrx_word' id='word_1_565' title='bbox 2206 2596 2262 2642; x_wconf 92' lang='lat' dir='ltr'><strong>ut</strong></span> <span class='ocrx_word' id='word_1_566' title='bbox 2293 2589 2434 2645; x_wconf 86' lang='lat' dir='ltr'><strong>Patri</strong></span> <span class='ocrx_word' id='word_1_567' title='bbox 2476 2602 2731 2661; x_wconf 88' lang='lat' dir='ltr'><strong>agnoscat</strong></span> <span class='ocrx_word' id='word_1_568' title='bbox 2772 2596 3052 2666; x_wconf 69' lang='lat' dir='ltr'><strong>aequalem.</strong></span> <span class='ocrx_word' id='word_1_569' title='bbox 3082 2598 3249 2654; x_wconf 79' lang='lat' dir='ltr'><strong>Aliter</strong></span> <span class='ocrx_word' id='word_1_570' title='bbox 3279 2616 3383 2656; x_wconf 91' lang='lat' dir='ltr'><strong>non</strong></span> <span class='ocrx_word' id='word_1_571' title='bbox 3426 2616 3572 2659; x_wconf 89' lang='lat' dir='ltr'><strong>recte</strong></span> <span class='ocrx_word' id='word_1_572' title='bbox 3600 2608 3763 2676; x_wconf 80' lang='lat' dir='ltr'><strong>tangi-</strong></span> 
     </span>
    </p>
   </div>
   <div class='ocr_carea' id='block_1_71' title="bbox 2144 2679 3764 2751">
    <p class='ocr_par' dir='ltr' id='par_1_71' title="bbox 2144 2679 3764 2751">
     <span class='ocr_line' id='line_1_72' title="bbox 2144 2679 3764 2751; baseline 0.011 -18"><span class='ocrx_word' id='word_1_573' title='bbox 2144 2723 2155 2733; x_wconf 83' lang='lat'><strong>.</strong></span> <span class='ocrx_word' id='word_1_574' title='bbox 2206 2688 2313 2746; x_wconf 88' lang='lat' dir='ltr'><strong>tur,</strong></span> <span class='ocrx_word' id='word_1_575' title='bbox 2342 2679 2395 2735; x_wconf 90' lang='lat' dir='ltr'><strong>id</strong></span> <span class='ocrx_word' id='word_1_576' title='bbox 2423 2692 2525 2751; x_wconf 85' lang='lat' dir='ltr'><strong>est,</strong></span> <span class='ocrx_word' id='word_1_577' title='bbox 2558 2684 2713 2739; x_wconf 88' lang='lat' dir='ltr'><strong>aliter</strong></span> <span class='ocrx_word' id='word_1_578' title='bbox 2735 2684 2786 2738; x_wconf 91' lang='lat' dir='ltr'><strong>iu</strong></span> <span class='ocrx_word' id='word_1_579' title='bbox 2815 2701 2937 2741; x_wconf 86' lang='lat' dir='ltr'><strong>eum</strong></span> <span class='ocrx_word' id='word_1_580' title='bbox 2971 2704 3076 2743; x_wconf 91' lang='lat' dir='ltr'><strong>non</strong></span> <span class='ocrx_word' id='word_1_581' title='bbox 3108 2704 3251 2745; x_wconf 88' lang='lat' dir='ltr'><strong>recte</strong></span> <span class='ocrx_word' id='word_1_582' title='bbox 3281 2692 3536 2748; x_wconf 87' lang='lat' dir='ltr'><strong>creditur.</strong></span> <span class='ocrx_word' id='word_1_583' title='bbox 3566 2696 3764 2751; x_wconf 84' lang='lat' dir='ltr'><strong>Poterat</strong></span> 
     </span>
    </p>
   </div>
   <div class='ocr_carea' id='block_1_72' title="bbox 2204 2771 3763 2852">
    <p class='ocr_par' dir='ltr' id='par_1_72' title="bbox 2204 2771 3763 2852">
     <span class='ocr_line' id='line_1_73' title="bbox 2204 2771 3763 2852; baseline 0.01 -30"><span class='ocrx_word' id='word_1_584' title='bbox 2204 2778 2380 2824; x_wconf 90' lang='lat' dir='ltr'><strong>autem</strong></span> <span class='ocrx_word' id='word_1_585' title='bbox 2423 2771 2501 2826; x_wconf 89' lang='lat' dir='ltr'><strong>sic</strong></span> <span class='ocrx_word' id='word_1_586' title='bbox 2544 2773 2765 2829; x_wconf 89' lang='lat' dir='ltr'><strong>credere</strong></span> <span class='ocrx_word' id='word_1_587' title='bbox 2794 2775 2979 2843; x_wconf 83' lang='lat' dir='ltr'><strong>Maria,</strong></span> <span class='ocrx_word' id='word_1_588' title='bbox 3009 2787 3065 2830; x_wconf 93' lang='lat' dir='ltr'><strong>ut</strong></span> <span class='ocrx_word' id='word_1_589' title='bbox 3108 2793 3228 2833; x_wconf 89' lang='lat' dir='ltr'><strong>eum</strong></span> <span class='ocrx_word' id='word_1_590' title='bbox 3276 2793 3482 2848; x_wconf 84' lang='lat' dir='ltr'><strong>putaret</strong></span> <span class='ocrx_word' id='word_1_591' title='bbox 3523 2784 3763 2852; x_wconf 85' lang='lat' dir='ltr'><strong>imparem</strong></span> 
     </span>
    </p>
   </div>
   <div class='ocr_carea' id='block_1_73' title="bbox 2204 2862 3763 2935">
    <p class='ocr_par' dir='ltr' id='par_1_73' title="bbox 2204 2862 3763 2935">
     <span class='ocr_line' id='line_1_74' title="bbox 2204 2862 3763 2935; baseline 0.011 -19"><span class='ocrx_word' id='word_1_592' title='bbox 2204 2862 2366 2916; x_wconf 67' lang='lat' dir='ltr'><strong>Patri.</strong></span> <span class='ocrx_word' id='word_1_593' title='bbox 2414 2862 2564 2928; x_wconf 87' lang='lat' dir='ltr'><strong>Quod</strong></span> <span class='ocrx_word' id='word_1_594' title='bbox 2595 2867 2775 2935; x_wconf 88' lang='lat' dir='ltr'><strong>utique</strong></span> <span class='ocrx_word' id='word_1_595' title='bbox 2820 2868 3135 2935; x_wconf 68' lang='lat' dir='ltr'><strong>prohibetur</strong></span> <span class='ocrx_word' id='word_1_596' title='bbox 3160 2886 3283 2927; x_wconf 89' lang='lat' dir='ltr'><strong>cum</strong></span> <span class='ocrx_word' id='word_1_597' title='bbox 3308 2873 3502 2927; x_wconf 89' lang='lat' dir='ltr'><strong>dicitur</strong></span> <span class='ocrx_word' id='word_1_598' title='bbox 3523 2878 3573 2931; x_wconf 92' lang='lat' dir='ltr'><strong>ei</strong></span> <span class='ocrx_word' id='word_1_599' title='bbox 3608 2894 3621 2929; x_wconf 93' lang='lat'><strong>:</strong></span> <span class='ocrx_word' id='word_1_600' title='bbox 3651 2876 3763 2933; x_wconf 75' lang='lat' dir='ltr'><strong>Noli</strong></span> 
     </span>
    </p>
   </div>
   <div class='ocr_carea' id='block_1_74' title="bbox 2205 2956 3760 3036">
    <p class='ocr_par' dir='ltr' id='par_1_74' title="bbox 2205 2956 3760 3036">
     <span class='ocr_line' id='line_1_75' title="bbox 2205 2956 3760 3036; baseline 0.011 -31"><span class='ocrx_word' id='word_1_601' title='bbox 2205 2971 2281 3005; x_wconf 88' lang='lat' dir='ltr'><strong>me</strong></span> <span class='ocrx_word' id='word_1_602' title='bbox 2325 2962 2553 3025; x_wconf 85' lang='lat' dir='ltr'><strong>tangere.</strong></span> <span class='ocrx_word' id='word_1_603' title='bbox 2585 2956 2635 3010; x_wconf 94' lang='lat' dir='ltr'><strong>id</strong></span> <span class='ocrx_word' id='word_1_604' title='bbox 2666 2968 2769 3022; x_wconf 91' lang='lat' dir='ltr'><strong>est,</strong></span> <span class='ocrx_word' id='word_1_605' title='bbox 2801 2958 2909 3012; x_wconf 92' lang='lat' dir='ltr'><strong>noli</strong></span> <span class='ocrx_word' id='word_1_606' title='bbox 2940 2959 2993 3014; x_wconf 92' lang='lat' dir='ltr'><strong>in</strong></span> <span class='ocrx_word' id='word_1_607' title='bbox 3033 2976 3118 3016; x_wconf 92' lang='lat' dir='ltr'><strong>me</strong></span> <span class='ocrx_word' id='word_1_608' title='bbox 3144 2963 3222 3017; x_wconf 90' lang='lat' dir='ltr'><strong>sic</strong></span> <span class='ocrx_word' id='word_1_609' title='bbox 3249 2966 3487 3031; x_wconf 85' lang='lat' dir='ltr'><strong>credere,</strong></span> <span class='ocrx_word' id='word_1_610' title='bbox 3522 2970 3760 3036; x_wconf 81' lang='lat' dir='ltr'><strong>quemad-</strong></span> 
     </span>
    </p>
   </div>
   <div class='ocr_carea' id='block_1_75' title="bbox 2204 3045 3762 3130">
    <p class='ocr_par' dir='ltr' id='par_1_75' title="bbox 2204 3045 3762 3130">
     <span class='ocr_line' id='line_1_76' title="bbox 2204 3045 3762 3130; baseline 0.011 -32"><span class='ocrx_word' id='word_1_611' title='bbox 2204 3045 2418 3101; x_wconf 88' lang='lat' dir='ltr'><strong>modum</strong></span> <span class='ocrx_word' id='word_1_612' title='bbox 2469 3048 2643 3103; x_wconf 91' lang='lat' dir='ltr'><strong>adhuc</strong></span> <span class='ocrx_word' id='word_1_613' title='bbox 2689 3050 2853 3119; x_wconf 82' lang='lat' dir='ltr'><strong>sapis.</strong></span> <span class='ocrx_word' id='word_1_614' title='bbox 2900 3050 3020 3106; x_wconf 86' lang='lat' dir='ltr'><strong>Noli</strong></span> <span class='ocrx_word' id='word_1_615' title='bbox 3052 3066 3194 3107; x_wconf 90' lang='lat' dir='ltr'><strong>tuum</strong></span> <span class='ocrx_word' id='word_1_616' title='bbox 3243 3070 3458 3111; x_wconf 90' lang='lat' dir='ltr'><strong>sensum</strong></span> <span class='ocrx_word' id='word_1_617' title='bbox 3503 3060 3762 3130; x_wconf 86' lang='lat' dir='ltr'><strong>hucusque</strong></span> 
     </span>
    </p>
   </div>
   <div class='ocr_carea' id='block_1_76' title="bbox 2128 3141 3762 3225">
    <p class='ocr_par' dir='ltr' id='par_1_76' title="bbox 2128 3141 3762 3225">
     <span class='ocr_line' id='line_1_77' title="bbox 2128 3141 3762 3225; baseline 0.009 -33"><span class='ocrx_word' id='word_1_618' title='bbox 2128 3167 2171 3225; x_wconf 68' lang='grc' dir='ltr'>Ο</span> <span class='ocrx_word' id='word_1_619' title='bbox 2208 3141 2543 3207; x_wconf 88' lang='lat' dir='ltr'><strong>pertendere,</strong></span> <span class='ocrx_word' id='word_1_620' title='bbox 2573 3144 2711 3211; x_wconf 90' lang='lat' dir='ltr'><strong>quod</strong></span> <span class='ocrx_word' id='word_1_621' title='bbox 2754 3158 2849 3212; x_wconf 91' lang='lat' dir='ltr'><strong>pro</strong></span> <span class='ocrx_word' id='word_1_622' title='bbox 2878 3152 2929 3199; x_wconf 88' lang='lat' dir='ltr'><strong>te</strong></span> <span class='ocrx_word' id='word_1_623' title='bbox 2959 3142 3129 3201; x_wconf 80' lang='lat' dir='ltr'><strong>factus</strong></span> <span class='ocrx_word' id='word_1_624' title='bbox 3154 3160 3293 3213; x_wconf 89' lang='lat' dir='ltr'><strong>sum,</strong></span> <span class='ocrx_word' id='word_1_625' title='bbox 3330 3165 3426 3204; x_wconf 88' lang='lat' dir='ltr'><strong>nec</strong></span> <span class='ocrx_word' id='word_1_626' title='bbox 3456 3153 3679 3207; x_wconf 81' lang='lat' dir='ltr'><strong>transire</strong></span> <span class='ocrx_word' id='word_1_627' title='bbox 3706 3156 3762 3207; x_wconf 83' lang='lat' dir='ltr'><strong>ad</strong></span> 
     </span>
    </p>
   </div>
   <div class='ocr_carea' id='block_1_77' title="bbox 2210 3229 3761 3302">
    <p class='ocr_par' dir='ltr' id='par_1_77' title="bbox 2210 3229 3761 3302">
     <span class='ocr_line' id='line_1_78' title="bbox 2210 3229 3761 3302; baseline 0.01 -21"><span class='ocrx_word' id='word_1_628' title='bbox 2210 3229 2338 3285; x_wconf 89' lang='lat' dir='ltr'><strong>illud</strong></span> <span class='ocrx_word' id='word_1_629' title='bbox 2371 3246 2465 3299; x_wconf 86' lang='lat' dir='ltr'><strong>per</strong></span> <span class='ocrx_word' id='word_1_630' title='bbox 2493 3232 2634 3300; x_wconf 91' lang='lat' dir='ltr'><strong>quod</strong></span> <span class='ocrx_word' id='word_1_631' title='bbox 2665 3233 2802 3289; x_wconf 80' lang='lat' dir='ltr'><strong>facta</strong></span> <span class='ocrx_word' id='word_1_632' title='bbox 2834 3250 2912 3289; x_wconf 89' lang='lat' dir='ltr'><strong>es.</strong></span> <span class='ocrx_word' id='word_1_633' title='bbox 2943 3234 3220 3302; x_wconf 86' lang='lat' dir='ltr'><strong>Quomodo</strong></span> <span class='ocrx_word' id='word_1_634' title='bbox 3250 3241 3390 3294; x_wconf 89' lang='lat' dir='ltr'><strong>enim</strong></span> <span class='ocrx_word' id='word_1_635' title='bbox 3419 3257 3523 3294; x_wconf 87' lang='lat' dir='ltr'><strong>non</strong></span> <span class='ocrx_word' id='word_1_636' title='bbox 3550 3247 3761 3297; x_wconf 81' lang='lat' dir='ltr'><strong>carnali-</strong></span> 
     </span>
    </p>
   </div>
   <div class='ocr_carea' id='block_1_78' title="bbox 2207 3320 3761 3395">
    <p class='ocr_par' dir='ltr' id='par_1_78' title="bbox 2207 3320 3761 3395">
     <span class='ocr_line' id='line_1_79' title="bbox 2207 3320 3761 3395; baseline 0.011 -23"><span class='ocrx_word' id='word_1_637' title='bbox 2207 3331 2286 3374; x_wconf 89' lang='lat' dir='ltr'><strong>ter</strong></span> <span class='ocrx_word' id='word_1_638' title='bbox 2334 3320 2511 3376; x_wconf 87' lang='lat' dir='ltr'><strong>adhuc</strong></span> <span class='ocrx_word' id='word_1_639' title='bbox 2561 3323 2612 3377; x_wconf 93' lang='lat' dir='ltr'><strong>in</strong></span> <span class='ocrx_word' id='word_1_640' title='bbox 2644 3338 2763 3378; x_wconf 89' lang='lat' dir='ltr'><strong>eum</strong></span> <span class='ocrx_word' id='word_1_641' title='bbox 2816 3325 3087 3391; x_wconf 89' lang='lat' dir='ltr'><strong>credebat,</strong></span> <span class='ocrx_word' id='word_1_642' title='bbox 3142 3344 3297 3395; x_wconf 89' lang='lat' dir='ltr'><strong>quem</strong></span> <span class='ocrx_word' id='word_1_643' title='bbox 3345 3333 3481 3385; x_wconf 90' lang='lat' dir='ltr'><strong>sicut</strong></span> <span class='ocrx_word' id='word_1_644' title='bbox 3508 3334 3761 3389; x_wconf 71' lang='lat' dir='ltr'><strong>hominem</strong></span> 
     </span>
    </p>
   </div>
   <div class='ocr_carea' id='block_1_79' title="bbox 2204 3412 3759 3487">
    <p class='ocr_par' dir='ltr' id='par_1_79' title="bbox 2204 3412 3759 3487">
     <span class='ocr_line' id='line_1_80' title="bbox 2204 3412 3759 3487; baseline 0.008 -23"><span class='ocrx_word' id='word_1_645' title='bbox 2204 3412 2398 3468; x_wconf 77' lang='lat' dir='ltr'><strong>ﬂebat?</strong></span> <span class='ocrx_word' id='word_1_646' title='bbox 2448 3413 2693 3469; x_wconf 88' lang='lat' dir='ltr'><strong>Nondum</strong></span> <span class='ocrx_word' id='word_1_647' title='bbox 2744 3416 2897 3481; x_wconf 87' lang='lat' dir='ltr'><strong>enim,</strong></span> <span class='ocrx_word' id='word_1_648' title='bbox 2948 3417 3135 3487; x_wconf 90' lang='lat' dir='ltr'><strong>inquit,</strong></span> <span class='ocrx_word' id='word_1_649' title='bbox 3190 3424 3396 3476; x_wconf 87' lang='lat' dir='ltr'><strong>ascendi</strong></span> <span class='ocrx_word' id='word_1_650' title='bbox 3446 3426 3511 3477; x_wconf 87' lang='lat' dir='ltr'><strong>ad</strong></span> <span class='ocrx_word' id='word_1_651' title='bbox 3566 3425 3759 3479; x_wconf 77' lang='lat' dir='ltr'><strong>Patrem</strong></span> 
     </span>
    </p>
   </div>
   <div class='ocr_carea' id='block_1_80' title="bbox 2200 3506 3759 3575">
    <p class='ocr_par' dir='ltr' id='par_1_80' title="bbox 2200 3506 3759 3575">
     <span class='ocr_line' id='line_1_81' title="bbox 2200 3506 3759 3575; baseline 0.011 -20"><span class='ocrx_word' id='word_1_652' title='bbox 2200 3520 2385 3558; x_wconf 89' lang='lat' dir='ltr'><strong>meum.</strong></span> <span class='ocrx_word' id='word_1_653' title='bbox 2420 3506 2491 3561; x_wconf 89' lang='lat' dir='ltr'><strong>lbi</strong></span> <span class='ocrx_word' id='word_1_654' title='bbox 2542 3522 2627 3561; x_wconf 88' lang='lat' dir='ltr'><strong>me</strong></span> <span class='ocrx_word' id='word_1_655' title='bbox 2655 3516 2858 3575; x_wconf 83' lang='lat' dir='ltr'><strong>tanges,</strong></span> <span class='ocrx_word' id='word_1_656' title='bbox 2893 3510 3101 3575; x_wconf 91' lang='lat' dir='ltr'><strong>quando</strong></span> <span class='ocrx_word' id='word_1_657' title='bbox 3147 3527 3233 3566; x_wconf 90' lang='lat' dir='ltr'><strong>me</strong></span> <span class='ocrx_word' id='word_1_658' title='bbox 3285 3514 3579 3571; x_wconf 78' lang='lat' dir='ltr'><strong>credideris</strong></span> <span class='ocrx_word' id='word_1_659' title='bbox 3630 3518 3759 3572; x_wconf 76' lang='lat' dir='ltr'><strong>Patri</strong></span> 
     </span>
    </p>
   </div>
   <div class='ocr_carea' id='block_1_81' title="bbox 2201 3594 3759 3669">
    <p class='ocr_par' dir='ltr' id='par_1_81' title="bbox 2201 3594 3759 3669">
     <span class='ocr_line' id='line_1_82' title="bbox 2201 3594 3759 3669; baseline 0.008 -24"><span class='ocrx_word' id='word_1_660' title='bbox 2201 3608 2306 3646; x_wconf 93' lang='lat' dir='ltr'><strong>non</strong></span> <span class='ocrx_word' id='word_1_661' title='bbox 2333 3594 2589 3663; x_wconf 89' lang='lat' dir='ltr'><strong>imparem</strong></span> <span class='ocrx_word' id='word_1_662' title='bbox 2628 3595 2817 3650; x_wconf 90' lang='lat' dir='ltr'><strong>Deum.</strong></span> <span class='ocrx_word' id='word_1_663' title='bbox 2857 3596 2995 3651; x_wconf 83' lang='lat' dir='ltr'><strong>Vade</strong></span> <span class='ocrx_word' id='word_1_664' title='bbox 3022 3608 3188 3651; x_wconf 88' lang='lat' dir='ltr'><strong>autem</strong></span> <span class='ocrx_word' id='word_1_665' title='bbox 3215 3602 3281 3652; x_wconf 90' lang='lat' dir='ltr'><strong>ad</strong></span> <span class='ocrx_word' id='word_1_666' title='bbox 3322 3603 3507 3669; x_wconf 79' lang='lat' dir='ltr'><strong>fratres</strong></span> <span class='ocrx_word' id='word_1_667' title='bbox 3532 3622 3690 3669; x_wconf 87' lang='lat' dir='ltr'><strong>meos,</strong></span> <span class='ocrx_word' id='word_1_668' title='bbox 3717 3619 3759 3659; x_wconf 88' lang='lat' dir='ltr'><strong>et</strong></span> 
     </span>
    </p>
   </div>
   <div class='ocr_carea' id='block_1_82' title="bbox 2200 3684 3755 3753">
    <p class='ocr_par' dir='ltr' id='par_1_82' title="bbox 2200 3684 3755 3753">
     <span class='ocr_line' id='line_1_83' title="bbox 2200 3684 3755 3753; baseline 0.008 -17"><span class='ocrx_word' id='word_1_669' title='bbox 2200 3684 2282 3737; x_wconf 80' lang='lat' dir='ltr'><strong>die</strong></span> <span class='ocrx_word' id='word_1_670' title='bbox 2314 3685 2381 3738; x_wconf 85' lang='lat' dir='ltr'><strong>eis</strong></span> <span class='ocrx_word' id='word_1_671' title='bbox 2404 3702 2422 3739; x_wconf 86' lang='lat'><em>:</em></span> <span class='ocrx_word' id='word_1_672' title='bbox 2451 3687 2678 3739; x_wconf 80' lang='lat' dir='ltr'><strong>Ascendo</strong></span> <span class='ocrx_word' id='word_1_673' title='bbox 2720 3687 2787 3738; x_wconf 88' lang='lat' dir='ltr'><strong>ad</strong></span> <span class='ocrx_word' id='word_1_674' title='bbox 2821 3685 3026 3741; x_wconf 87' lang='lat' dir='ltr'><strong>Patrem</strong></span> <span class='ocrx_word' id='word_1_675' title='bbox 3065 3706 3251 3753; x_wconf 88' lang='lat' dir='ltr'><strong>meum,</strong></span> <span class='ocrx_word' id='word_1_676' title='bbox 3280 3702 3325 3743; x_wconf 91' lang='lat' dir='ltr'><strong>et</strong></span> <span class='ocrx_word' id='word_1_677' title='bbox 3348 3694 3415 3744; x_wconf 90' lang='lat' dir='ltr'><strong>ad</strong></span> <span class='ocrx_word' id='word_1_678' title='bbox 3459 3691 3658 3747; x_wconf 86' lang='lat' dir='ltr'><strong>Patrem</strong></span> <span class='ocrx_word' id='word_1_679' title='bbox 3682 3713 3755 3749; x_wconf 82' lang='lat' dir='ltr'><strong>re-</strong></span> 
     </span>
    </p>
   </div>
   <div class='ocr_carea' id='block_1_83' title="bbox 2200 3774 3753 3854">
    <p class='ocr_par' dir='ltr' id='par_1_83' title="bbox 2200 3774 3753 3854">
     <span class='ocr_line' id='line_1_84' title="bbox 2200 3774 3753 3854; baseline 0.006 -26"><span class='ocrx_word' id='word_1_680' title='bbox 2200 3785 2381 3829; x_wconf 78' lang='lat' dir='ltr'><strong>strum.</strong></span> <span class='ocrx_word' id='word_1_681' title='bbox 2415 3774 2529 3829; x_wconf 85' lang='lat' dir='ltr'><strong>Non</strong></span> <span class='ocrx_word' id='word_1_682' title='bbox 2554 3774 2627 3829; x_wconf 87' lang='lat' dir='ltr'><strong>ait</strong></span> <span class='ocrx_word' id='word_1_683' title='bbox 2657 3774 2870 3831; x_wconf 85' lang='lat' dir='ltr'><strong>Patrem</strong></span> <span class='ocrx_word' id='word_1_684' title='bbox 2922 3786 3187 3832; x_wconf 89' lang='lat' dir='ltr'><strong>nostrum.</strong></span> <span class='ocrx_word' id='word_1_685' title='bbox 3220 3781 3389 3835; x_wconf 85' lang='lat' dir='ltr'><strong>Aliter</strong></span> <span class='ocrx_word' id='word_1_686' title='bbox 3430 3799 3553 3854; x_wconf 78' lang='lat' dir='ltr'><strong>ergo</strong></span> <span class='ocrx_word' id='word_1_687' title='bbox 3581 3803 3753 3852; x_wconf 68' lang='lat' dir='ltr'><strong>mutu,</strong></span> 
     </span>
    </p>
   </div>
   <div class='ocr_carea' id='block_1_84' title="bbox 2199 3865 3755 3939">
    <p class='ocr_par' dir='ltr' id='par_1_84' title="bbox 2199 3865 3755 3939">
     <span class='ocr_line' id='line_1_85' title="bbox 2199 3865 3755 3939; baseline 0.005 -21"><span class='ocrx_word' id='word_1_688' title='bbox 2199 3866 2352 3919; x_wconf 88' lang='lat' dir='ltr'><strong>aliter</strong></span> <span class='ocrx_word' id='word_1_689' title='bbox 2400 3876 2638 3919; x_wconf 89' lang='lat' dir='ltr'><strong>vestrum.</strong></span> <span class='ocrx_word' id='word_1_690' title='bbox 2686 3865 2883 3921; x_wconf 86' lang='lat' dir='ltr'><strong>Natura</strong></span> <span class='ocrx_word' id='word_1_691' title='bbox 2942 3882 3150 3933; x_wconf 89' lang='lat' dir='ltr'><strong>meum,</strong></span> <span class='ocrx_word' id='word_1_692' title='bbox 3195 3872 3362 3939; x_wconf 83' lang='lat' dir='ltr'><strong>gratia</strong></span> <span class='ocrx_word' id='word_1_693' title='bbox 3421 3883 3671 3928; x_wconf 73' lang='lat' dir='ltr'><strong>vestrum.</strong></span> <span class='ocrx_word' id='word_1_694' title='bbox 3700 3874 3755 3927; x_wconf 83' lang='lat' dir='ltr'><strong>Et</strong></span> 
     </span>
    </p>
   </div>
   <div class='ocr_carea' id='block_1_85' title="bbox 2201 3954 3753 4030">
    <p class='ocr_par' dir='ltr' id='par_1_85' title="bbox 2201 3954 3753 4030">
     <span class='ocr_line' id='line_1_86' title="bbox 2201 3954 3753 4030; baseline 0.006 -21"><span class='ocrx_word' id='word_1_695' title='bbox 2201 3955 2366 4012; x_wconf 89' lang='lat' dir='ltr'><strong>Deum</strong></span> <span class='ocrx_word' id='word_1_696' title='bbox 2392 3973 2579 4022; x_wconf 88' lang='lat' dir='ltr'><strong>meum,</strong></span> <span class='ocrx_word' id='word_1_697' title='bbox 2608 3966 2652 4011; x_wconf 91' lang='lat' dir='ltr'><strong>et</strong></span> <span class='ocrx_word' id='word_1_698' title='bbox 2678 3954 2842 4011; x_wconf 86' lang='lat' dir='ltr'><strong>Deum</strong></span> <span class='ocrx_word' id='word_1_699' title='bbox 2863 3961 3101 4012; x_wconf 83' lang='lat' dir='ltr'><strong>vestrum.</strong></span> <span class='ocrx_word' id='word_1_700' title='bbox 3126 3958 3307 4030; x_wconf 80' lang='lat' dir='ltr'><strong>Neque</strong></span> <span class='ocrx_word' id='word_1_701' title='bbox 3338 3962 3422 4017; x_wconf 89' lang='lat' dir='ltr'><strong>hic</strong></span> <span class='ocrx_word' id='word_1_702' title='bbox 3449 3964 3579 4017; x_wconf 73' lang='lat' dir='ltr'><strong>dixit</strong></span> <span class='ocrx_word' id='word_1_703' title='bbox 3602 3964 3753 4019; x_wconf 87' lang='lat' dir='ltr'><strong>Deum</strong></span> 
     </span>
    </p>
   </div>
   <div class='ocr_carea' id='block_1_86' title="bbox 2199 4048 3752 4118">
    <p class='ocr_par' dir='ltr' id='par_1_86' title="bbox 2199 4048 3752 4118">
     <span class='ocr_line' id='line_1_87' title="bbox 2199 4048 3752 4118; baseline 0.005 -16"><span class='ocrx_word' id='word_1_704' title='bbox 2199 4055 2462 4102; x_wconf 89' lang='lat' dir='ltr'><strong>nostrum.</strong></span> <span class='ocrx_word' id='word_1_705' title='bbox 2514 4049 2653 4118; x_wconf 88' lang='lat' dir='ltr'><strong>Ergo</strong></span> <span class='ocrx_word' id='word_1_706' title='bbox 2680 4060 2734 4102; x_wconf 93' lang='lat' dir='ltr'><strong>et</strong></span> <span class='ocrx_word' id='word_1_707' title='bbox 2783 4048 2868 4104; x_wconf 88' lang='lat' dir='ltr'><strong>hic</strong></span> <span class='ocrx_word' id='word_1_708' title='bbox 2912 4050 3064 4104; x_wconf 89' lang='lat' dir='ltr'><strong>aliter</strong></span> <span class='ocrx_word' id='word_1_709' title='bbox 3107 4068 3297 4117; x_wconf 85' lang='lat' dir='ltr'><strong>meum,</strong></span> <span class='ocrx_word' id='word_1_710' title='bbox 3330 4054 3484 4109; x_wconf 90' lang='lat' dir='ltr'><strong>aliter</strong></span> <span class='ocrx_word' id='word_1_711' title='bbox 3526 4069 3752 4110; x_wconf 79' lang='lat' dir='ltr'><strong>vestrum.</strong></span> 
     </span>
    </p>
   </div>
   <div class='ocr_carea' id='block_1_87' title="bbox 2202 4140 3751 4217">
    <p class='ocr_par' dir='ltr' id='par_1_87' title="bbox 2202 4140 3751 4217">
     <span class='ocr_line' id='line_1_88' title="bbox 2202 4140 3751 4217; baseline 0.005 -23"><span class='ocrx_word' id='word_1_712' title='bbox 2202 4140 2369 4196; x_wconf 89' lang='lat' dir='ltr'><strong>Deum</strong></span> <span class='ocrx_word' id='word_1_713' title='bbox 2402 4156 2602 4205; x_wconf 90' lang='lat' dir='ltr'><strong>meum,</strong></span> <span class='ocrx_word' id='word_1_714' title='bbox 2631 4142 2729 4195; x_wconf 88' lang='lat' dir='ltr'><strong>sub</strong></span> <span class='ocrx_word' id='word_1_715' title='bbox 2752 4156 2856 4211; x_wconf 89' lang='lat' dir='ltr'><strong>quo</strong></span> <span class='ocrx_word' id='word_1_716' title='bbox 2882 4150 2935 4197; x_wconf 89' lang='lat' dir='ltr'><strong>et</strong></span> <span class='ocrx_word' id='word_1_717' title='bbox 2962 4142 3120 4198; x_wconf 87' lang='lat' dir='ltr'><strong>homo</strong></span> <span class='ocrx_word' id='word_1_718' title='bbox 3145 4158 3283 4199; x_wconf 88' lang='lat' dir='ltr'><strong>sum.</strong></span> <span class='ocrx_word' id='word_1_719' title='bbox 3316 4145 3480 4201; x_wconf 88' lang='lat' dir='ltr'><strong>Deum</strong></span> <span class='ocrx_word' id='word_1_720' title='bbox 3513 4160 3751 4217; x_wconf 87' lang='lat' dir='ltr'><strong>vestrum,</strong></span> 
     </span>
    </p>
   </div>
   <div class='ocr_carea' id='block_1_88' title="bbox 2201 4231 3236 4301">
    <p class='ocr_par' dir='ltr' id='par_1_88' title="bbox 2201 4231 3236 4301">
     <span class='ocr_line' id='line_1_89' title="bbox 2201 4231 3236 4301; baseline 0.006 -17"><span class='ocrx_word' id='word_1_721' title='bbox 2201 4231 2341 4286; x_wconf 90' lang='lat' dir='ltr'><strong>inter</strong></span> <span class='ocrx_word' id='word_1_722' title='bbox 2369 4247 2501 4301; x_wconf 85' lang='lat' dir='ltr'><strong>quos</strong></span> <span class='ocrx_word' id='word_1_723' title='bbox 2527 4243 2579 4286; x_wconf 91' lang='lat' dir='ltr'><strong>et</strong></span> <span class='ocrx_word' id='word_1_724' title='bbox 2611 4232 2781 4300; x_wconf 90' lang='lat' dir='ltr'><strong>ipsum</strong></span> <span class='ocrx_word' id='word_1_725' title='bbox 2814 4232 3074 4288; x_wconf 89' lang='lat' dir='ltr'><strong>mediator</strong></span> <span class='ocrx_word' id='word_1_726' title='bbox 3097 4250 3236 4290; x_wconf 91' lang='lat' dir='ltr'><strong>sum.</strong></span> 
     </span>
    </p>
   </div>
   <div class='ocr_carea' id='block_1_89' title="bbox 2283 4321 3751 4400">
    <p class='ocr_par' dir='ltr' id='par_1_89' title="bbox 2283 4321 3751 4400">
     <span class='ocr_line' id='line_1_90' title="bbox 2283 4321 3751 4400; baseline 0.006 -26"><span class='ocrx_word' id='word_1_727' title='bbox 2283 4321 2433 4375; x_wconf 86' lang='lat' dir='ltr'><strong>Venit</strong></span> <span class='ocrx_word' id='word_1_728' title='bbox 2478 4321 2649 4375; x_wconf 76' lang='lat' dir='ltr'><strong>Maria</strong></span> <span class='ocrx_word' id='word_1_729' title='bbox 2684 4322 2994 4392; x_wconf 79' lang='lat' dir='ltr'><strong>Magdalene</strong></span> <span class='ocrx_word' id='word_1_730' title='bbox 3035 4327 3272 4380; x_wconf 86' lang='lat' dir='ltr'><strong>nuntians</strong></span> <span class='ocrx_word' id='word_1_731' title='bbox 3300 4329 3563 4400; x_wconf 83' lang='lat' dir='ltr'><strong>discipulis</strong></span> <span class='ocrx_word' id='word_1_732' title='bbox 3587 4372 3602 4395; x_wconf 94' lang='lat'><strong>,</strong></span> <span class='ocrx_word' id='word_1_733' title='bbox 3644 4334 3751 4397; x_wconf 78' lang='lat' dir='ltr'><strong>quia</strong></span> 
     </span>
    </p>
   </div>
   <div class='ocr_carea' id='block_1_90' title="bbox 2201 4411 3753 4491">
    <p class='ocr_par' dir='ltr' id='par_1_90' title="bbox 2201 4411 3753 4491">
     <span class='ocr_line' id='line_1_91' title="bbox 2201 4411 3753 4491; baseline 0.005 -26"><span class='ocrx_word' id='word_1_734' title='bbox 2201 4412 2305 4465; x_wconf 89' lang='lat' dir='ltr'><strong>vidi</strong></span> <span class='ocrx_word' id='word_1_735' title='bbox 2337 4411 2647 4477; x_wconf 79' lang='lat' dir='ltr'><strong>Dominum,</strong></span> <span class='ocrx_word' id='word_1_736' title='bbox 2681 4422 2727 4466; x_wconf 90' lang='lat' dir='ltr'><strong>et</strong></span> <span class='ocrx_word' id='word_1_737' title='bbox 2755 4412 2861 4467; x_wconf 65' lang='lat' dir='ltr'><strong>haec</strong></span> <span class='ocrx_word' id='word_1_738' title='bbox 2893 4414 3019 4467; x_wconf 80' lang='lat' dir='ltr'><strong>dixit</strong></span> <span class='ocrx_word' id='word_1_739' title='bbox 3045 4415 3189 4469; x_wconf 83' lang='lat' dir='ltr'><strong>mihi.</strong></span> <span class='ocrx_word' id='word_1_740' title='bbox 3223 4414 3352 4469; x_wconf 86' lang='lat' dir='ltr'><strong>Cum</strong></span> <span class='ocrx_word' id='word_1_741' title='bbox 3375 4428 3498 4471; x_wconf 80' lang='lat' dir='ltr'><strong>esset</strong></span> <span class='ocrx_word' id='word_1_742' title='bbox 3527 4436 3640 4491; x_wconf 79' lang='lat' dir='ltr'><strong>ergo</strong></span> <span class='ocrx_word' id='word_1_743' title='bbox 3656 4438 3753 4473; x_wconf 78' lang='lat' dir='ltr'><strong>sero</strong></span> 
     </span>
    </p>
   </div>
   <div class='ocr_carea' id='block_1_91' title="bbox 527 4477 3752 4583">
    <p class='ocr_par' dir='ltr' id='par_1_91' title="bbox 527 4477 3752 4583">
     <span class='ocr_line' id='line_1_92' title="bbox 527 4477 3752 4583; baseline 0.004 -36"><span class='ocrx_word' id='word_1_744' title='bbox 527 4495 707 4550; x_wconf 88' lang='lat' dir='ltr'><strong>verbis</strong></span> <span class='ocrx_word' id='word_1_745' title='bbox 756 4496 896 4564; x_wconf 80' lang='lat' dir='ltr'><strong>quod</strong></span> <span class='ocrx_word' id='word_1_746' title='bbox 939 4496 1171 4550; x_wconf 89' lang='lat' dir='ltr'><strong>breviter</strong></span> <span class='ocrx_word' id='word_1_747' title='bbox 1198 4477 1433 4567; x_wconf 75' lang='lat' dir='ltr'><strong>quidem.</strong></span> <span class='ocrx_word' id='word_1_748' title='bbox 1480 4501 1573 4555; x_wconf 91' lang='lat' dir='ltr'><strong>sed</strong></span> <span class='ocrx_word' id='word_1_749' title='bbox 1622 4512 1794 4557; x_wconf 84' lang='lat' dir='ltr'><strong>tamen</strong></span> <span class='ocrx_word' id='word_1_750' title='bbox 1838 4506 2091 4560; x_wconf 87' lang='lat' dir='ltr'><strong>attentius</strong></span> <span class='ocrx_word' id='word_1_751' title='bbox 2127 4522 2178 4583; x_wconf 78' lang='grc' dir='ltr'><strong>ι)</strong></span> <span class='ocrx_word' id='word_1_752' title='bbox 2202 4506 2283 4559; x_wconf 90' lang='lat' dir='ltr'><strong>die</strong></span> <span class='ocrx_word' id='word_1_753' title='bbox 2328 4505 2417 4559; x_wconf 85' lang='lat' dir='ltr'><strong>illa</strong></span> <span class='ocrx_word' id='word_1_754' title='bbox 2464 4521 2569 4558; x_wconf 88' lang='lat' dir='ltr'><strong>una</strong></span> <span class='ocrx_word' id='word_1_755' title='bbox 2622 4504 2961 4559; x_wconf 83' lang='lat' dir='ltr'><strong>Sabbatorum</strong></span> <span class='ocrx_word' id='word_1_756' title='bbox 2995 4548 3010 4570; x_wconf 94' lang='lat'><strong>,</strong></span> <span class='ocrx_word' id='word_1_757' title='bbox 3041 4515 3086 4559; x_wconf 91' lang='lat' dir='ltr'><strong>et</strong></span> <span class='ocrx_word' id='word_1_758' title='bbox 3114 4506 3248 4575; x_wconf 78' lang='lat' dir='ltr'><strong>fores</strong></span> <span class='ocrx_word' id='word_1_759' title='bbox 3275 4519 3440 4561; x_wconf 89' lang='lat' dir='ltr'><strong>essent</strong></span> <span class='ocrx_word' id='word_1_760' title='bbox 3467 4511 3647 4563; x_wconf 68' lang='lat' dir='ltr'><strong>clausa</strong></span> <span class='ocrx_word' id='word_1_761' title='bbox 3682 4511 3752 4561; x_wconf 80' lang='lat' dir='ltr'><strong>ubi</strong></span> 
     </span>
    </p>
   </div>
   <div class='ocr_carea' id='block_1_92' title="bbox 531 4588 2097 4666">
    <p class='ocr_par' dir='ltr' id='par_1_92' title="bbox 531 4588 2097 4666">
     <span class='ocr_line' id='line_1_93' title="bbox 531 4588 2097 4666; baseline 0.007 -25"><span class='ocrx_word' id='word_1_762' title='bbox 531 4596 855 4655; x_wconf 87' lang='lat' dir='ltr'><strong>pertractare</strong></span> <span class='ocrx_word' id='word_1_763' title='bbox 896 4588 1206 4643; x_wconf 85' lang='lat' dir='ltr'><strong>debeamus.</strong></span> <span class='ocrx_word' id='word_1_764' title='bbox 1240 4590 1397 4645; x_wconf 80' lang='lat' dir='ltr'><strong>Iesus</strong></span> <span class='ocrx_word' id='word_1_765' title='bbox 1445 4592 1640 4661; x_wconf 91' lang='lat' dir='ltr'><strong>quippe</strong></span> <span class='ocrx_word' id='word_1_766' title='bbox 1671 4594 1947 4650; x_wconf 91' lang='lat' dir='ltr'><strong>mulierem</strong></span> <span class='ocrx_word' id='word_1_767' title='bbox 1979 4613 2097 4666; x_wconf 73' lang='lat' dir='ltr'><strong>quae</strong></span> 
     </span>
    </p>
   </div>
   <div class='ocr_carea' id='block_1_93' title="bbox 530 4678 2096 4751">
    <p class='ocr_par' dir='ltr' id='par_1_93' title="bbox 530 4678 2096 4751">
     <span class='ocr_line' id='line_1_94' title="bbox 530 4678 2096 4751; baseline 0.005 -20"><span class='ocrx_word' id='word_1_768' title='bbox 530 4678 675 4731; x_wconf 82' lang='lat' dir='ltr'><strong>illum</strong></span> <span class='ocrx_word' id='word_1_769' title='bbox 703 4680 1010 4746; x_wconf 85' lang='lat' dir='ltr'><strong>magistrqu</strong></span> <span class='ocrx_word' id='word_1_770' title='bbox 1057 4681 1272 4749; x_wconf 81' lang='lat' dir='ltr'><strong>agnovit</strong></span> <span class='ocrx_word' id='word_1_771' title='bbox 1308 4687 1365 4734; x_wconf 91' lang='lat' dir='ltr'><strong>et</strong></span> <span class='ocrx_word' id='word_1_772' title='bbox 1409 4682 1719 4751; x_wconf 89' lang='lat' dir='ltr'><strong>appellavit,</strong></span> <span class='ocrx_word' id='word_1_773' title='bbox 1751 4703 1871 4740; x_wconf 92' lang='lat' dir='ltr'><strong>cum</strong></span> <span class='ocrx_word' id='word_1_774' title='bbox 1906 4687 2019 4741; x_wconf 64' lang='lat' dir='ltr'><strong>haec</strong></span> <span class='ocrx_word' id='word_1_775' title='bbox 2050 4687 2096 4743; x_wconf 88' lang='lat' dir='ltr'><strong>ei</strong></span> 
     </span>
    </p>
   </div>
   <div class='ocr_carea' id='block_1_94' title="bbox 530 4769 2096 4840">
    <p class='ocr_par' dir='ltr' id='par_1_94' title="bbox 530 4769 2096 4840">
     <span class='ocr_line' id='line_1_95' title="bbox 530 4769 2096 4840; baseline 0.007 -17"><span class='ocrx_word' id='word_1_776' title='bbox 530 4770 899 4840; x_wconf 84' lang='lat' dir='ltr'><strong>responderet,</strong></span> <span class='ocrx_word' id='word_1_777' title='bbox 935 4769 1089 4824; x_wconf 82' lang='lat' dir='ltr'><strong>ﬁdem</strong></span> <span class='ocrx_word' id='word_1_778' title='bbox 1142 4770 1365 4827; x_wconf 82' lang='lat' dir='ltr'><strong>docebat</strong></span> <span class='ocrx_word' id='word_1_779' title='bbox 1398 4791 1412 4838; x_wconf 85' lang='lat'>;</span> <span class='ocrx_word' id='word_1_780' title='bbox 1443 4783 1497 4828; x_wconf 92' lang='lat' dir='ltr'><strong>et</strong></span> <span class='ocrx_word' id='word_1_781' title='bbox 1542 4775 1853 4832; x_wconf 89' lang='lat' dir='ltr'><strong>hortulanus</strong></span> <span class='ocrx_word' id='word_1_782' title='bbox 1907 4779 1995 4835; x_wconf 91' lang='lat' dir='ltr'><strong>ille</strong></span> <span class='ocrx_word' id='word_1_783' title='bbox 2046 4782 2096 4834; x_wconf 89' lang='lat' dir='ltr'><strong>in</strong></span> 
     </span>
    </p>
   </div>
   <div class='ocr_carea' id='block_1_95' title="bbox 529 4861 2099 4940">
    <p class='ocr_par' dir='ltr' id='par_1_95' title="bbox 529 4861 2099 4940">
     <span class='ocr_line' id='line_1_96' title="bbox 529 4861 2099 4940; baseline 0.009 -28"><span class='ocrx_word' id='word_1_784' title='bbox 529 4861 643 4927; x_wconf 77' lang='lat' dir='ltr'><strong>ejus</strong></span> <span class='ocrx_word' id='word_1_785' title='bbox 675 4862 837 4915; x_wconf 88' lang='lat' dir='ltr'><strong>corde</strong></span> <span class='ocrx_word' id='word_1_786' title='bbox 870 4872 1119 4929; x_wconf 88' lang='lat' dir='ltr'><strong>tanquam</strong></span> <span class='ocrx_word' id='word_1_787' title='bbox 1153 4864 1202 4915; x_wconf 90' lang='lat' dir='ltr'><strong>in</strong></span> <span class='ocrx_word' id='word_1_788' title='bbox 1230 4863 1385 4918; x_wconf 91' lang='lat' dir='ltr'><strong>horto</strong></span> <span class='ocrx_word' id='word_1_789' title='bbox 1407 4880 1502 4919; x_wconf 88' lang='lat' dir='ltr'><strong>suo</strong></span> <span class='ocrx_word' id='word_1_790' title='bbox 1524 4882 1746 4937; x_wconf 81' lang='lat' dir='ltr'><strong>granum</strong></span> <span class='ocrx_word' id='word_1_791' title='bbox 1776 4868 1976 4940; x_wconf 87' lang='lat' dir='ltr'><strong>sinapis</strong></span> <span class='ocrx_word' id='word_1_792' title='bbox 2001 4888 2099 4928; x_wconf 84' lang='lat' dir='ltr'><strong>se-</strong></span> 
     </span>
    </p>
   </div>
   <div class='ocr_carea' id='block_1_96' title="bbox 534 4951 2096 5029">
    <p class='ocr_par' dir='ltr' id='par_1_96' title="bbox 534 4951 2096 5029">
     <span class='ocr_line' id='line_1_97' title="bbox 534 4951 2096 5029; baseline 0.009 -26"><span class='ocrx_word' id='word_1_793' title='bbox 534 4951 781 5005; x_wconf 85' lang='lat' dir='ltr'><strong>minabat.</strong></span> <span class='ocrx_word' id='word_1_794' title='bbox 808 4952 937 5018; x_wconf 90' lang='lat' dir='ltr'><strong>Quid</strong></span> <span class='ocrx_word' id='word_1_795' title='bbox 962 4963 1041 5007; x_wconf 87' lang='lat' dir='ltr'><strong>est</strong></span> <span class='ocrx_word' id='word_1_796' title='bbox 1062 4968 1187 5022; x_wconf 83' lang='lat' dir='ltr'><strong>ergo</strong></span> <span class='ocrx_word' id='word_1_797' title='bbox 1212 4970 1225 5008; x_wconf 91' lang='lat'>:</span> <span class='ocrx_word' id='word_1_798' title='bbox 1258 4955 1382 5009; x_wconf 83' lang='lat' dir='ltr'><strong>Noli</strong></span> <span class='ocrx_word' id='word_1_799' title='bbox 1403 4974 1479 5010; x_wconf 88' lang='lat' dir='ltr'><strong>me</strong></span> <span class='ocrx_word' id='word_1_800' title='bbox 1501 4967 1704 5028; x_wconf 85' lang='lat' dir='ltr'><strong>tangere</strong></span> <span class='ocrx_word' id='word_1_801' title='bbox 1721 4960 1746 5012; x_wconf 83' lang='lat'><strong><em>?</em></strong></span> <span class='ocrx_word' id='word_1_802' title='bbox 1771 4972 1823 5014; x_wconf 91' lang='lat' dir='ltr'><strong>et</strong></span> <span class='ocrx_word' id='word_1_803' title='bbox 1845 4972 2096 5029; x_wconf 87' lang='lat' dir='ltr'><strong>tanquam</strong></span> 
     </span>
    </p>
   </div>
   <div class='ocr_carea' id='block_1_97' title="bbox 531 5042 2092 5123">
    <p class='ocr_par' dir='ltr' id='par_1_97' title="bbox 531 5042 2092 5123">
     <span class='ocr_line' id='line_1_98' title="bbox 531 5042 2092 5123; baseline 0.009 -28"><span class='ocrx_word' id='word_1_804' title='bbox 531 5042 684 5112; x_wconf 88' lang='lat' dir='ltr'><strong>hujus</strong></span> <span class='ocrx_word' id='word_1_805' title='bbox 737 5045 1106 5113; x_wconf 89' lang='lat' dir='ltr'><strong>prohibitiouis</strong></span> <span class='ocrx_word' id='word_1_806' title='bbox 1160 5061 1316 5101; x_wconf 87' lang='lat' dir='ltr'><strong>causa</strong></span> <span class='ocrx_word' id='word_1_807' title='bbox 1363 5062 1733 5118; x_wconf 57' lang='lat' dir='ltr'><strong>quereretur,</strong></span> <span class='ocrx_word' id='word_1_808' title='bbox 1791 5054 2034 5123; x_wconf 81' lang='lat' dir='ltr'><strong>adjunsit</strong></span> <span class='ocrx_word' id='word_1_809' title='bbox 2082 5077 2092 5109; x_wconf 91' lang='lat'><strong>:</strong></span> 
     </span>
    </p>
   </div>
   <div class='ocr_carea' id='block_1_98' title="bbox 534 5135 2096 5213">
    <p class='ocr_par' dir='ltr' id='par_1_98' title="bbox 534 5135 2096 5213">
     <span class='ocr_line' id='line_1_99' title="bbox 534 5135 2096 5213; baseline 0.009 -24"><span class='ocrx_word' id='word_1_810' title='bbox 534 5135 774 5189; x_wconf 83' lang='lat' dir='ltr'><strong>Nondum</strong></span> <span class='ocrx_word' id='word_1_811' title='bbox 821 5137 950 5189; x_wconf 88' lang='lat' dir='ltr'><strong>enim</strong></span> <span class='ocrx_word' id='word_1_812' title='bbox 992 5138 1196 5192; x_wconf 74' lang='lat' dir='ltr'><strong>accendi</strong></span> <span class='ocrx_word' id='word_1_813' title='bbox 1239 5140 1308 5192; x_wconf 84' lang='lat' dir='ltr'><strong>ad</strong></span> <span class='ocrx_word' id='word_1_814' title='bbox 1349 5139 1557 5195; x_wconf 85' lang='lat' dir='ltr'><strong>Patrem</strong></span> <span class='ocrx_word' id='word_1_815' title='bbox 1610 5160 1799 5199; x_wconf 89' lang='lat' dir='ltr'><strong>meum.</strong></span> <span class='ocrx_word' id='word_1_816' title='bbox 1833 5149 1966 5213; x_wconf 89' lang='lat' dir='ltr'><strong>Quid</strong></span> <span class='ocrx_word' id='word_1_817' title='bbox 2016 5159 2096 5203; x_wconf 91' lang='lat' dir='ltr'><strong>est</strong></span> 
     </span>
    </p>
   </div>
   <div class='ocr_carea' id='block_1_99' title="bbox 532 5229 2097 5305">
    <p class='ocr_par' dir='ltr' id='par_1_99' title="bbox 532 5229 2097 5305">
     <span class='ocr_line' id='line_1_100' title="bbox 532 5229 2097 5305; baseline 0.008 -23"><span class='ocrx_word' id='word_1_818' title='bbox 532 5231 668 5285; x_wconf 88' lang='lat' dir='ltr'><strong>hoc?</strong></span> <span class='ocrx_word' id='word_1_819' title='bbox 697 5229 751 5285; x_wconf 91' lang='lat' dir='ltr'><strong>Si</strong></span> <span class='ocrx_word' id='word_1_820' title='bbox 796 5240 939 5283; x_wconf 85' lang='lat' dir='ltr'><strong>stans</strong></span> <span class='ocrx_word' id='word_1_821' title='bbox 971 5231 1023 5284; x_wconf 93' lang='lat' dir='ltr'><strong>in</strong></span> <span class='ocrx_word' id='word_1_822' title='bbox 1055 5239 1195 5287; x_wconf 88' lang='lat' dir='ltr'><strong>terra</strong></span> <span class='ocrx_word' id='word_1_823' title='bbox 1227 5249 1332 5287; x_wconf 88' lang='lat' dir='ltr'><strong>non</strong></span> <span class='ocrx_word' id='word_1_824' title='bbox 1364 5238 1613 5305; x_wconf 80' lang='lat' dir='ltr'><strong>tangitur,</strong></span> <span class='ocrx_word' id='word_1_825' title='bbox 1644 5240 1837 5294; x_wconf 90' lang='lat' dir='ltr'><strong>sedens</strong></span> <span class='ocrx_word' id='word_1_826' title='bbox 1865 5242 1917 5295; x_wconf 91' lang='lat' dir='ltr'><strong>in</strong></span> <span class='ocrx_word' id='word_1_827' title='bbox 1958 5244 2097 5297; x_wconf 69' lang='lat' dir='ltr'><strong>caelo</strong></span> 
     </span>
    </p>
   </div>
   <div class='ocr_carea' id='block_1_100' title="bbox 526 5321 2093 5403">
    <p class='ocr_par' dir='ltr' id='par_1_100' title="bbox 526 5321 2093 5403">
     <span class='ocr_line' id='line_1_101' title="bbox 526 5321 2093 5403; baseline 0.008 -29"><span class='ocrx_word' id='word_1_828' title='bbox 526 5321 795 5391; x_wconf 87' lang='lat' dir='ltr'><strong>quomodo</strong></span> <span class='ocrx_word' id='word_1_829' title='bbox 821 5322 887 5375; x_wconf 88' lang='lat' dir='ltr'><strong>ab</strong></span> <span class='ocrx_word' id='word_1_830' title='bbox 917 5322 1130 5377; x_wconf 91' lang='lat' dir='ltr'><strong>homine</strong></span> <span class='ocrx_word' id='word_1_831' title='bbox 1157 5329 1494 5396; x_wconf 84' lang='lat' dir='ltr'><strong>tangeretur?</strong></span> <span class='ocrx_word' id='word_1_832' title='bbox 1524 5331 1611 5399; x_wconf 89' lang='lat' dir='ltr'><strong>qui</strong></span> <span class='ocrx_word' id='word_1_833' title='bbox 1644 5343 1789 5385; x_wconf 90' lang='lat' dir='ltr'><strong>certe</strong></span> <span class='ocrx_word' id='word_1_834' title='bbox 1814 5342 2093 5403; x_wconf 88' lang='lat' dir='ltr'><strong>antequam</strong></span> 
     </span>
    </p>
   </div>
   <div class='ocr_carea' id='block_1_101' title="bbox 528 5414 2090 5491">
    <p class='ocr_par' dir='ltr' id='par_1_101' title="bbox 528 5414 2090 5491">
     <span class='ocr_line' id='line_1_102' title="bbox 528 5414 2090 5491; baseline 0.008 -23"><span class='ocrx_word' id='word_1_835' title='bbox 528 5415 857 5480; x_wconf 88' lang='lat' dir='ltr'><strong>ascenderet,</strong></span> <span class='ocrx_word' id='word_1_836' title='bbox 889 5414 1161 5483; x_wconf 90' lang='lat' dir='ltr'><strong>discipulis</strong></span> <span class='ocrx_word' id='word_1_837' title='bbox 1186 5432 1244 5471; x_wconf 91' lang='lat' dir='ltr'><strong>se</strong></span> <span class='ocrx_word' id='word_1_838' title='bbox 1285 5422 1605 5489; x_wconf 86' lang='lat' dir='ltr'><strong>tangendum</strong></span> <span class='ocrx_word' id='word_1_839' title='bbox 1636 5424 1853 5491; x_wconf 83' lang='lat' dir='ltr'><strong>obtulit,</strong></span> <span class='ocrx_word' id='word_1_840' title='bbox 1886 5426 2090 5491; x_wconf 89' lang='lat' dir='ltr'><strong>dicens,</strong></span> 
     </span>
    </p>
   </div>
   <div class='ocr_carea' id='block_1_102' title="bbox 530 5508 2093 5585">
    <p class='ocr_par' dir='ltr' id='par_1_102' title="bbox 530 5508 2093 5585">
     <span class='ocr_line' id='line_1_103' title="bbox 530 5508 2093 5585; baseline 0.007 -25"><span class='ocrx_word' id='word_1_841' title='bbox 530 5511 668 5564; x_wconf 79' lang='lat' dir='ltr'><strong>sicut</strong></span> <span class='ocrx_word' id='word_1_842' title='bbox 714 5508 884 5563; x_wconf 86' lang='lat' dir='ltr'><strong>Lucas</strong></span> <span class='ocrx_word' id='word_1_843' title='bbox 923 5509 1239 5579; x_wconf 73' lang='lat' dir='ltr'><strong>evangelista</strong></span> <span class='ocrx_word' id='word_1_844' title='bbox 1288 5522 1509 5568; x_wconf 81' lang='lat' dir='ltr'><strong>testatur</strong></span> <span class='ocrx_word' id='word_1_845' title='bbox 1544 5533 1553 5566; x_wconf 95' lang='lat'>:</span> <span class='ocrx_word' id='word_1_846' title='bbox 1589 5515 1807 5585; x_wconf 85' lang='lat' dir='ltr'><strong>Palpate</strong></span> <span class='ocrx_word' id='word_1_847' title='bbox 1838 5530 1883 5571; x_wconf 88' lang='lat' dir='ltr'><strong>et</strong></span> <span class='ocrx_word' id='word_1_848' title='bbox 1913 5521 2093 5582; x_wconf 82' lang='lat' dir='ltr'><strong>videte,</strong></span> 
     </span>
    </p>
   </div>
   <div class='ocr_carea' id='block_1_103' title="bbox 529 5606 2096 5677">
    <p class='ocr_par' dir='ltr' id='par_1_103' title="bbox 529 5606 2096 5677">
     <span class='ocr_line' id='line_1_104' title="bbox 529 5606 2096 5677; baseline 0.005 -20"><span class='ocrx_word' id='word_1_849' title='bbox 529 5606 648 5671; x_wconf 88' lang='lat' dir='ltr'><strong>quia</strong></span> <span class='ocrx_word' id='word_1_850' title='bbox 675 5606 883 5673; x_wconf 84' lang='lat' dir='ltr'><strong>spiritus</strong></span> <span class='ocrx_word' id='word_1_851' title='bbox 913 5620 1027 5657; x_wconf 85' lang='lat' dir='ltr'><strong>ossa</strong></span> <span class='ocrx_word' id='word_1_852' title='bbox 1049 5613 1092 5657; x_wconf 89' lang='lat' dir='ltr'><strong>et</strong></span> <span class='ocrx_word' id='word_1_853' title='bbox 1119 5621 1320 5659; x_wconf 86' lang='lat' dir='ltr'><strong>carnem</strong></span> <span class='ocrx_word' id='word_1_854' title='bbox 1341 5623 1439 5659; x_wconf 85' lang='lat' dir='ltr'><strong>non</strong></span> <span class='ocrx_word' id='word_1_855' title='bbox 1464 5606 1633 5677; x_wconf 76' lang='lat' dir='ltr'><strong>habet,</strong></span> <span class='ocrx_word' id='word_1_856' title='bbox 1660 5610 1786 5662; x_wconf 87' lang='lat' dir='ltr'><strong>sicut</strong></span> <span class='ocrx_word' id='word_1_857' title='bbox 1816 5628 1893 5664; x_wconf 90' lang='lat' dir='ltr'><strong>me</strong></span> <span class='ocrx_word' id='word_1_858' title='bbox 1920 5613 2096 5665; x_wconf 87' lang='lat' dir='ltr'><strong>videtis</strong></span> 
     </span>
    </p>
   </div>
   <div class='ocr_carea' id='block_1_104' title="bbox 528 5694 2094 5773">
    <p class='ocr_par' dir='ltr' id='par_1_104' title="bbox 528 5694 2094 5773">
     <span class='ocr_line' id='line_1_105' title="bbox 528 5694 2094 5773; baseline 0.008 -28"><span class='ocrx_word' id='word_1_859' title='bbox 528 5695 709 5749; x_wconf 82' lang='lat' dir='ltr'><strong>habere</strong></span> <span class='ocrx_word' id='word_1_860' title='bbox 763 5694 928 5765; x_wconf 88' lang='lat' dir='ltr'><strong>(Luc.</strong></span> <span class='ocrx_word' id='word_1_861' title='bbox 969 5697 1149 5765; x_wconf 74' lang='grc' dir='ltr'><strong>ιχιν).</strong></span> <span class='ocrx_word' id='word_1_862' title='bbox 1191 5694 1289 5753; x_wconf 85' lang='lat' dir='ltr'><strong>Vel</strong></span> <span class='ocrx_word' id='word_1_863' title='bbox 1354 5698 1567 5766; x_wconf 85' lang='lat' dir='ltr'><strong>quando</strong></span> <span class='ocrx_word' id='word_1_864' title='bbox 1630 5701 1763 5755; x_wconf 84' lang='lat' dir='ltr'><strong>dixit</strong></span> <span class='ocrx_word' id='word_1_865' title='bbox 1832 5703 2094 5773; x_wconf 88' lang='lat' dir='ltr'><strong>discipulo</strong></span> 
     </span>
    </p>
   </div>
   <div class='ocr_carea' id='block_1_105' title="bbox 532 5785 2091 5862">
    <p class='ocr_par' dir='ltr' id='par_1_105' title="bbox 532 5785 2091 5862">
     <span class='ocr_line' id='line_1_106' title="bbox 532 5785 2091 5862; baseline 0.006 -22"><span class='ocrx_word' id='word_1_866' title='bbox 532 5786 745 5845; x_wconf 62' lang='lat' dir='ltr'><strong>Thomas</strong></span> <span class='ocrx_word' id='word_1_867' title='bbox 774 5804 783 5838; x_wconf 87' lang='lat'><strong>:</strong></span> <span class='ocrx_word' id='word_1_868' title='bbox 818 5785 961 5855; x_wconf 80' lang='lat' dir='ltr'><strong>lnfer</strong></span> <span class='ocrx_word' id='word_1_869' title='bbox 985 5789 1195 5858; x_wconf 85' lang='lat' dir='ltr'><strong>digitum</strong></span> <span class='ocrx_word' id='word_1_870' title='bbox 1230 5800 1366 5844; x_wconf 89' lang='lat' dir='ltr'><strong>tuum</strong></span> <span class='ocrx_word' id='word_1_871' title='bbox 1393 5793 1491 5859; x_wconf 72' lang='lat' dir='ltr'><strong>hic,</strong></span> <span class='ocrx_word' id='word_1_872' title='bbox 1518 5801 1565 5847; x_wconf 90' lang='lat' dir='ltr'><strong>et</strong></span> <span class='ocrx_word' id='word_1_873' title='bbox 1594 5794 1701 5848; x_wconf 80' lang='lat' dir='ltr'><strong>ride</strong></span> <span class='ocrx_word' id='word_1_874' title='bbox 1724 5810 1900 5849; x_wconf 81' lang='lat' dir='ltr'><strong>manus</strong></span> <span class='ocrx_word' id='word_1_875' title='bbox 1927 5812 2091 5862; x_wconf 77' lang='lat' dir='ltr'><strong>meas;</strong></span> 
     </span>
    </p>
   </div>
   <div class='ocr_carea' id='block_1_106' title="bbox 2200 4596 3749 4669">
    <p class='ocr_par' dir='ltr' id='par_1_106' title="bbox 2200 4596 3749 4669">
     <span class='ocr_line' id='line_1_107' title="bbox 2200 4596 3749 4669; baseline 0.002 -19"><span class='ocrx_word' id='word_1_876' title='bbox 2200 4607 2347 4650; x_wconf 88' lang='lat' dir='ltr'><strong>erant</strong></span> <span class='ocrx_word' id='word_1_877' title='bbox 2390 4596 2626 4666; x_wconf 87' lang='lat' dir='ltr'><strong>discipuli</strong></span> <span class='ocrx_word' id='word_1_878' title='bbox 2656 4597 2945 4669; x_wconf 80' lang='lat' dir='ltr'><strong>congregati</strong></span> <span class='ocrx_word' id='word_1_879' title='bbox 2973 4607 3176 4667; x_wconf 86' lang='lat' dir='ltr'><strong>prapter</strong></span> <span class='ocrx_word' id='word_1_880' title='bbox 3204 4610 3393 4654; x_wconf 87' lang='lat' dir='ltr'><strong>metum</strong></span> <span class='ocrx_word' id='word_1_881' title='bbox 3422 4600 3709 4654; x_wconf 79' lang='lat' dir='ltr'><strong>Judeearum</strong></span> <span class='ocrx_word' id='word_1_882' title='bbox 3737 4643 3749 4661; x_wconf 83' lang='lat'><strong>.</strong></span> 
     </span>
    </p>
   </div>
   <div class='ocr_carea' id='block_1_107' title="bbox 2202 4685 3751 4761">
    <p class='ocr_par' dir='ltr' id='par_1_107' title="bbox 2202 4685 3751 4761">
     <span class='ocr_line' id='line_1_108' title="bbox 2202 4685 3751 4761; baseline 0.002 -23"><span class='ocrx_word' id='word_1_883' title='bbox 2202 4686 2332 4740; x_wconf 86' lang='lat' dir='ltr'><strong>venit</strong></span> <span class='ocrx_word' id='word_1_884' title='bbox 2362 4685 2515 4741; x_wconf 85' lang='lat' dir='ltr'><strong>Iesus</strong></span> <span class='ocrx_word' id='word_1_885' title='bbox 2541 4727 2557 4751; x_wconf 92' lang='lat'><strong>,</strong></span> <span class='ocrx_word' id='word_1_886' title='bbox 2595 4695 2642 4740; x_wconf 89' lang='lat' dir='ltr'><strong>et</strong></span> <span class='ocrx_word' id='word_1_887' title='bbox 2686 4689 2819 4741; x_wconf 87' lang='lat' dir='ltr'><strong>stetit</strong></span> <span class='ocrx_word' id='word_1_888' title='bbox 2864 4689 2917 4741; x_wconf 88' lang='lat' dir='ltr'><strong>in</strong></span> <span class='ocrx_word' id='word_1_889' title='bbox 2961 4689 3126 4741; x_wconf 89' lang='lat' dir='ltr'><strong>medio</strong></span> <span class='ocrx_word' id='word_1_890' title='bbox 3153 4690 3544 4761; x_wconf 79' lang='lat' dir='ltr'><strong>discipulorum,</strong></span> <span class='ocrx_word' id='word_1_891' title='bbox 3574 4704 3621 4745; x_wconf 89' lang='lat' dir='ltr'><strong>et</strong></span> <span class='ocrx_word' id='word_1_892' title='bbox 3642 4694 3751 4745; x_wconf 77' lang='lat' dir='ltr'><strong>dicit</strong></span> 
     </span>
    </p>
   </div>
   <div class='ocr_carea' id='block_1_108' title="bbox 2200 4775 3751 4845">
    <p class='ocr_par' dir='ltr' id='par_1_108' title="bbox 2200 4775 3751 4845">
     <span class='ocr_line' id='line_1_109' title="bbox 2200 4775 3751 4845; baseline 0.004 -16"><span class='ocrx_word' id='word_1_893' title='bbox 2200 4778 2307 4831; x_wconf 87' lang='lat' dir='ltr'><strong>eis:</strong></span> <span class='ocrx_word' id='word_1_894' title='bbox 2331 4775 2448 4831; x_wconf 73' lang='lat' dir='ltr'><strong>Pax</strong></span> <span class='ocrx_word' id='word_1_895' title='bbox 2472 4779 2638 4844; x_wconf 81' lang='lat' dir='ltr'><strong>vobis;</strong></span> <span class='ocrx_word' id='word_1_896' title='bbox 2665 4788 2711 4831; x_wconf 90' lang='lat' dir='ltr'><strong>et</strong></span> <span class='ocrx_word' id='word_1_897' title='bbox 2738 4794 2856 4830; x_wconf 89' lang='lat' dir='ltr'><strong>cum</strong></span> <span class='ocrx_word' id='word_1_898' title='bbox 2876 4776 2972 4830; x_wconf 87' lang='lat' dir='ltr'><strong>hoc</strong></span> <span class='ocrx_word' id='word_1_899' title='bbox 2993 4780 3223 4845; x_wconf 74' lang='lat' dir='ltr'><strong>dixisset,</strong></span> <span class='ocrx_word' id='word_1_900' title='bbox 3253 4785 3475 4835; x_wconf 85' lang='lat' dir='ltr'><strong>ostendit</strong></span> <span class='ocrx_word' id='word_1_901' title='bbox 3497 4785 3564 4836; x_wconf 86' lang='lat' dir='ltr'><strong>eis</strong></span> <span class='ocrx_word' id='word_1_902' title='bbox 3584 4801 3751 4837; x_wconf 73' lang='lat' dir='ltr'><strong>manus</strong></span> 
     </span>
    </p>
   </div>
   <div class='ocr_carea' id='block_1_109' title="bbox 2200 4870 3750 4935">
    <p class='ocr_par' dir='ltr' id='par_1_109' title="bbox 2200 4870 3750 4935">
     <span class='ocr_line' id='line_1_110' title="bbox 2200 4870 3750 4935; baseline 0.003 -14"><span class='ocrx_word' id='word_1_903' title='bbox 2200 4882 2245 4921; x_wconf 91' lang='lat' dir='ltr'><strong>et</strong></span> <span class='ocrx_word' id='word_1_904' title='bbox 2278 4871 2434 4926; x_wconf 87' lang='lat' dir='ltr'><strong>latus.</strong></span> <span class='ocrx_word' id='word_1_905' title='bbox 2466 4871 2613 4925; x_wconf 88' lang='lat' dir='ltr'><strong>Clavi</strong></span> <span class='ocrx_word' id='word_1_906' title='bbox 2665 4870 2808 4926; x_wconf 86' lang='lat' dir='ltr'><strong>enim</strong></span> <span class='ocrx_word' id='word_1_907' title='bbox 2847 4885 3037 4924; x_wconf 86' lang='lat' dir='ltr'><strong>manus</strong></span> <span class='ocrx_word' id='word_1_908' title='bbox 3086 4875 3347 4935; x_wconf 83' lang='lat' dir='ltr'><strong>llseraut,</strong></span> <span class='ocrx_word' id='word_1_909' title='bbox 3405 4876 3582 4928; x_wconf 82' lang='lat' dir='ltr'><strong>lancea</strong></span> <span class='ocrx_word' id='word_1_910' title='bbox 3630 4877 3750 4928; x_wconf 85' lang='lat' dir='ltr'><strong>latus</strong></span> 
     </span>
    </p>
   </div>
   <div class='ocr_carea' id='block_1_110' title="bbox 2199 4960 3750 5031">
    <p class='ocr_par' dir='ltr' id='par_1_110' title="bbox 2199 4960 3750 5031">
     <span class='ocr_line' id='line_1_111' title="bbox 2199 4960 3750 5031; baseline 0.004 -20"><span class='ocrx_word' id='word_1_911' title='bbox 2199 4970 2504 5027; x_wconf 83' lang='lat' dir='ltr'><strong>aperuerat.</strong></span> <span class='ocrx_word' id='word_1_912' title='bbox 2536 4960 2636 5016; x_wconf 91' lang='lat' dir='ltr'><strong>Ubi</strong></span> <span class='ocrx_word' id='word_1_913' title='bbox 2667 4960 2733 5014; x_wconf 88' lang='lat' dir='ltr'><strong>ad</strong></span> <span class='ocrx_word' id='word_1_914' title='bbox 2763 4960 3118 5015; x_wconf 89' lang='lat' dir='ltr'><strong>dubitantium</strong></span> <span class='ocrx_word' id='word_1_915' title='bbox 3161 4964 3323 5016; x_wconf 89' lang='lat' dir='ltr'><strong>corda</strong></span> <span class='ocrx_word' id='word_1_916' title='bbox 3358 4965 3612 5031; x_wconf 79' lang='lat' dir='ltr'><strong>sunanda,</strong></span> <span class='ocrx_word' id='word_1_917' title='bbox 3650 4967 3750 5017; x_wconf 84' lang='lat' dir='ltr'><strong>vul-</strong></span> 
     </span>
    </p>
   </div>
   <div class='ocr_carea' id='block_1_111' title="bbox 2202 5052 3745 5123">
    <p class='ocr_par' dir='ltr' id='par_1_111' title="bbox 2202 5052 3745 5123">
     <span class='ocr_line' id='line_1_112' title="bbox 2202 5052 3745 5123; baseline 0.002 -19"><span class='ocrx_word' id='word_1_918' title='bbox 2202 5066 2387 5105; x_wconf 88' lang='lat' dir='ltr'><strong>nerum</strong></span> <span class='ocrx_word' id='word_1_919' title='bbox 2429 5061 2556 5106; x_wconf 90' lang='lat' dir='ltr'><strong>sunt</strong></span> <span class='ocrx_word' id='word_1_920' title='bbox 2585 5063 2791 5107; x_wconf 88' lang='lat' dir='ltr'><strong>servata</strong></span> <span class='ocrx_word' id='word_1_921' title='bbox 2839 5053 3082 5121; x_wconf 74' lang='lat' dir='ltr'><strong>vestigia.</strong></span> <span class='ocrx_word' id='word_1_922' title='bbox 3110 5052 3232 5108; x_wconf 76' lang='lat' dir='ltr'><strong>Moli</strong></span> <span class='ocrx_word' id='word_1_923' title='bbox 3276 5062 3457 5109; x_wconf 89' lang='lat' dir='ltr'><strong>autem</strong></span> <span class='ocrx_word' id='word_1_924' title='bbox 3503 5058 3745 5123; x_wconf 65' lang='lat' dir='ltr'><strong>corporis,</strong></span> 
     </span>
    </p>
   </div>
   <div class='ocr_carea' id='block_1_112' title="bbox 2201 5144 3749 5209">
    <p class='ocr_par' dir='ltr' id='par_1_112' title="bbox 2201 5144 3749 5209">
     <span class='ocr_line' id='line_1_113' title="bbox 2201 5144 3749 5209; baseline 0 -12"><span class='ocrx_word' id='word_1_925' title='bbox 2201 5145 2285 5197; x_wconf 90' lang='lat' dir='ltr'><strong>ubi</strong></span> <span class='ocrx_word' id='word_1_926' title='bbox 2309 5144 2558 5198; x_wconf 84' lang='lat' dir='ltr'><strong>divinitas</strong></span> <span class='ocrx_word' id='word_1_927' title='bbox 2588 5156 2702 5200; x_wconf 91' lang='lat' dir='ltr'><strong>erat</strong></span> <span class='ocrx_word' id='word_1_928' title='bbox 2728 5186 2742 5209; x_wconf 88' lang='lat'><strong>,</strong></span> <span class='ocrx_word' id='word_1_929' title='bbox 2774 5145 2908 5199; x_wconf 76' lang='lat' dir='ltr'><strong>ostia</strong></span> <span class='ocrx_word' id='word_1_930' title='bbox 2942 5144 3121 5199; x_wconf 89' lang='lat' dir='ltr'><strong>clausa</strong></span> <span class='ocrx_word' id='word_1_931' title='bbox 3156 5160 3259 5199; x_wconf 93' lang='lat' dir='ltr'><strong>non</strong></span> <span class='ocrx_word' id='word_1_932' title='bbox 3302 5147 3642 5201; x_wconf 86' lang='lat' dir='ltr'><strong>obstiterunt.</strong></span> <span class='ocrx_word' id='word_1_933' title='bbox 3673 5148 3749 5200; x_wconf 77' lang='lat' dir='ltr'><strong>Ille</strong></span> 
     </span>
    </p>
   </div>
   <div class='ocr_carea' id='block_1_113' title="bbox 2199 5235 3748 5308">
    <p class='ocr_par' dir='ltr' id='par_1_113' title="bbox 2199 5235 3748 5308">
     <span class='ocr_line' id='line_1_114' title="bbox 2199 5235 3748 5308; baseline 0.003 -21"><span class='ocrx_word' id='word_1_934' title='bbox 2199 5237 2394 5305; x_wconf 84' lang='lat' dir='ltr'><strong>quippe</strong></span> <span class='ocrx_word' id='word_1_935' title='bbox 2434 5236 2513 5290; x_wconf 87' lang='lat' dir='ltr'><strong>eis</strong></span> <span class='ocrx_word' id='word_1_936' title='bbox 2543 5252 2647 5289; x_wconf 89' lang='lat' dir='ltr'><strong>non</strong></span> <span class='ocrx_word' id='word_1_937' title='bbox 2677 5236 2875 5306; x_wconf 87' lang='lat' dir='ltr'><strong>apertis</strong></span> <span class='ocrx_word' id='word_1_938' title='bbox 2905 5235 3105 5291; x_wconf 75' lang='lat' dir='ltr'><strong>intrare</strong></span> <span class='ocrx_word' id='word_1_939' title='bbox 3128 5239 3334 5306; x_wconf 90' lang='lat' dir='ltr'><strong>potuit,</strong></span> <span class='ocrx_word' id='word_1_940' title='bbox 3374 5255 3479 5308; x_wconf 88' lang='lat' dir='ltr'><strong>quo</strong></span> <span class='ocrx_word' id='word_1_941' title='bbox 3520 5251 3748 5295; x_wconf 80' lang='lat' dir='ltr'><strong>nascente</strong></span> 
     </span>
    </p>
   </div>
   <div class='ocr_carea' id='block_1_114' title="bbox 2202 5330 3099 5397">
    <p class='ocr_par' dir='ltr' id='par_1_114' title="bbox 2202 5330 3099 5397">
     <span class='ocr_line' id='line_1_115' title="bbox 2202 5330 3099 5397; baseline 0.003 -15"><span class='ocrx_word' id='word_1_942' title='bbox 2202 5330 2471 5397; x_wconf 80' lang='lat' dir='ltr'><strong>virginitas</strong></span> <span class='ocrx_word' id='word_1_943' title='bbox 2503 5330 2753 5384; x_wconf 87' lang='lat' dir='ltr'><strong>inviolata</strong></span> <span class='ocrx_word' id='word_1_944' title='bbox 2786 5334 3099 5397; x_wconf 82' lang='lat' dir='ltr'><strong>permansit.</strong></span> 
     </span>
    </p>
   </div>
   <div class='ocr_carea' id='block_1_115' title="bbox 2268 5421 3747 5496">
    <p class='ocr_par' dir='ltr' id='par_1_115' title="bbox 2268 5421 3747 5496">
     <span class='ocr_line' id='line_1_116' title="bbox 2268 5421 3747 5496; baseline -0.001 -18"><span class='ocrx_word' id='word_1_945' title='bbox 2268 5421 2445 5478; x_wconf 86' lang='lat' dir='ltr'><strong>Gavisi</strong></span> <span class='ocrx_word' id='word_1_946' title='bbox 2475 5433 2593 5477; x_wconf 87' lang='lat' dir='ltr'><strong>sunt</strong></span> <span class='ocrx_word' id='word_1_947' title='bbox 2622 5441 2742 5495; x_wconf 88' lang='lat' dir='ltr'><strong>ergo</strong></span> <span class='ocrx_word' id='word_1_948' title='bbox 2767 5424 3004 5494; x_wconf 84' lang='lat' dir='ltr'><strong>discipuli</strong></span> <span class='ocrx_word' id='word_1_949' title='bbox 3040 5426 3145 5479; x_wconf 88' lang='lat' dir='ltr'><strong>viso</strong></span> <span class='ocrx_word' id='word_1_950' title='bbox 3174 5424 3419 5481; x_wconf 87' lang='lat' dir='ltr'><strong>Domino.</strong></span> <span class='ocrx_word' id='word_1_951' title='bbox 3469 5427 3605 5481; x_wconf 68' lang='lat' dir='ltr'><strong>Dixit</strong></span> <span class='ocrx_word' id='word_1_952' title='bbox 3643 5441 3747 5496; x_wconf 80' lang='lat' dir='ltr'><strong>ergo</strong></span> 
     </span>
    </p>
   </div>
   <div class='ocr_carea' id='block_1_116' title="bbox 2198 5517 3746 5585">
    <p class='ocr_par' dir='ltr' id='par_1_116' title="bbox 2198 5517 3746 5585">
     <span class='ocr_line' id='line_1_117' title="bbox 2198 5517 3746 5585; baseline 0.005 -18"><span class='ocrx_word' id='word_1_953' title='bbox 2198 5517 2267 5569; x_wconf 85' lang='lat' dir='ltr'><strong>eis</strong></span> <span class='ocrx_word' id='word_1_954' title='bbox 2297 5518 2478 5571; x_wconf 88' lang='lat' dir='ltr'><strong>iterum</strong></span> <span class='ocrx_word' id='word_1_955' title='bbox 2504 5533 2523 5571; x_wconf 89' lang='lat'><strong><em>:</em></strong></span> <span class='ocrx_word' id='word_1_956' title='bbox 2552 5517 2667 5579; x_wconf 73' lang='lat' dir='ltr'><strong>Pax</strong></span> <span class='ocrx_word' id='word_1_957' title='bbox 2693 5518 2849 5574; x_wconf 87' lang='lat' dir='ltr'><strong>vobis.</strong></span> <span class='ocrx_word' id='word_1_958' title='bbox 2880 5520 3119 5585; x_wconf 87' lang='lat' dir='ltr'><strong>lteratio,</strong></span> <span class='ocrx_word' id='word_1_959' title='bbox 3159 5519 3497 5576; x_wconf 79' lang='lat' dir='ltr'><strong>conﬁrmatio</strong></span> <span class='ocrx_word' id='word_1_960' title='bbox 3522 5530 3620 5577; x_wconf 85' lang='lat' dir='ltr'><strong>est.</strong></span> <span class='ocrx_word' id='word_1_961' title='bbox 3645 5520 3746 5585; x_wconf 78' lang='lat' dir='ltr'><strong>Ipse</strong></span> 
     </span>
    </p>
   </div>
   <div class='ocr_carea' id='block_1_117' title="bbox 2196 5610 3742 5683">
    <p class='ocr_par' dir='ltr' id='par_1_117' title="bbox 2196 5610 3742 5683">
     <span class='ocr_line' id='line_1_118' title="bbox 2196 5610 3742 5683; baseline -0.002 -20"><span class='ocrx_word' id='word_1_962' title='bbox 2196 5611 2389 5678; x_wconf 87' lang='lat' dir='ltr'><strong>quippe</strong></span> <span class='ocrx_word' id='word_1_963' title='bbox 2421 5624 2514 5679; x_wconf 91' lang='lat' dir='ltr'><strong>per</strong></span> <span class='ocrx_word' id='word_1_964' title='bbox 2539 5610 2857 5681; x_wconf 84' lang='lat' dir='ltr'><strong>Prophetam</strong></span> <span class='ocrx_word' id='word_1_965' title='bbox 2889 5612 3131 5681; x_wconf 82' lang='lat' dir='ltr'><strong>promisit</strong></span> <span class='ocrx_word' id='word_1_966' title='bbox 3157 5628 3339 5679; x_wconf 86' lang='lat' dir='ltr'><strong>pacem</strong></span> <span class='ocrx_word' id='word_1_967' title='bbox 3366 5629 3527 5683; x_wconf 82' lang='lat' dir='ltr'><strong>super</strong></span> <span class='ocrx_word' id='word_1_968' title='bbox 3554 5626 3742 5681; x_wconf 81' lang='lat' dir='ltr'><strong>pacem.</strong></span> 
     </span>
    </p>
   </div>
   <div class='ocr_carea' id='block_1_118' title="bbox 2268 5700 3741 5775">
    <p class='ocr_par' dir='ltr' id='par_1_118' title="bbox 2268 5700 3741 5775">
     <span class='ocr_line' id='line_1_119' title="bbox 2268 5700 3741 5775; baseline -0.003 -19"><span class='ocrx_word' id='word_1_969' title='bbox 2268 5700 2412 5756; x_wconf 86' lang='lat' dir='ltr'><strong>Sicut</strong></span> <span class='ocrx_word' id='word_1_970' title='bbox 2459 5702 2596 5755; x_wconf 85' lang='lat' dir='ltr'><strong>misit</strong></span> <span class='ocrx_word' id='word_1_971' title='bbox 2654 5718 2732 5756; x_wconf 86' lang='lat' dir='ltr'><strong>me</strong></span> <span class='ocrx_word' id='word_1_972' title='bbox 2785 5701 2959 5767; x_wconf 82' lang='lat' dir='ltr'><strong>Pater,</strong></span> <span class='ocrx_word' id='word_1_973' title='bbox 3014 5702 3204 5774; x_wconf 88' lang='lat' dir='ltr'><strong>inquit,</strong></span> <span class='ocrx_word' id='word_1_974' title='bbox 3245 5714 3292 5757; x_wconf 90' lang='lat' dir='ltr'><strong>et</strong></span> <span class='ocrx_word' id='word_1_975' title='bbox 3342 5722 3438 5775; x_wconf 79' lang='lat' dir='ltr'><strong>ego</strong></span> <span class='ocrx_word' id='word_1_976' title='bbox 3470 5707 3609 5756; x_wconf 82' lang='lat' dir='ltr'><strong>mitto</strong></span> <span class='ocrx_word' id='word_1_977' title='bbox 3649 5718 3741 5754; x_wconf 81' lang='lat' dir='ltr'><strong>vos.</strong></span> 
     </span>
    </p>
   </div>
   <div class='ocr_carea' id='block_1_119' title="bbox 2200 5790 3741 5864">
    <p class='ocr_par' dir='ltr' id='par_1_119' title="bbox 2200 5790 3741 5864">
     <span class='ocr_line' id='line_1_120' title="bbox 2200 5790 3741 5864; baseline -0.001 -15"><span class='ocrx_word' id='word_1_978' title='bbox 2200 5790 2477 5863; x_wconf 56' lang='lat' dir='ltr'><strong>Equidem</strong></span> <span class='ocrx_word' id='word_1_979' title='bbox 2506 5795 2649 5851; x_wconf 83' lang='lat' dir='ltr'><strong>Patri</strong></span> <span class='ocrx_word' id='word_1_980' title='bbox 2682 5796 2843 5851; x_wconf 87' lang='lat' dir='ltr'><strong>lilium</strong></span> <span class='ocrx_word' id='word_1_981' title='bbox 2902 5797 3167 5864; x_wconf 79' lang='lat' dir='ltr'><strong>novimus,</strong></span> <span class='ocrx_word' id='word_1_982' title='bbox 3202 5798 3295 5853; x_wconf 86' lang='lat' dir='ltr'><strong>sed</strong></span> <span class='ocrx_word' id='word_1_983' title='bbox 3348 5799 3433 5852; x_wconf 87' lang='lat' dir='ltr'><strong>hic</strong></span> <span class='ocrx_word' id='word_1_984' title='bbox 3463 5796 3615 5852; x_wconf 84' lang='lat' dir='ltr'><strong>verba</strong></span> <span class='ocrx_word' id='word_1_985' title='bbox 3643 5795 3741 5848; x_wconf 75' lang='grc' dir='ltr'><strong>Μο-</strong></span> 
     </span>
    </p>
   </div>
  </div>
