  <div class='ocr_page' id='page_1' title='image "/cluster/home/n/w/nwhite01/storage/ocr_20150623/92-93/uva.x000827076/468.png"; bbox 0 0 3884 6232; ppageno 0'>
   <div class='ocr_carea' id='block_1_1' title="bbox 114 403 202 459">
    <p class='ocr_par' dir='ltr' id='par_1_1' title="bbox 114 403 202 459">
     <span class='ocr_line' id='line_1_1' title="bbox 114 403 202 459; baseline -0.023 0"><span class='ocrx_word' id='word_1_1' title='bbox 114 403 202 459; x_wconf 63' lang='grc' dir='ltr'><strong>ρει</strong></span> 
     </span>
    </p>
   </div>
   <div class='ocr_carea' id='block_1_2' title="bbox 1060 362 2443 453">
    <p class='ocr_par' dir='ltr' id='par_1_2' title="bbox 1060 362 2443 453">
     <span class='ocr_line' id='line_1_2' title="bbox 1060 362 2443 453; baseline -0.002 -5"><span class='ocrx_word' id='word_1_2' title='bbox 1060 396 1121 449; x_wconf 82' lang='grc' dir='ltr'><strong>ΙΝ</strong></span> <span class='ocrx_word' id='word_1_3' title='bbox 1164 362 1219 453; x_wconf 72' lang='grc' dir='ltr'><strong>δῖ</strong></span> <span class='ocrx_word' id='word_1_4' title='bbox 1262 392 1541 453; x_wconf 75' lang='lat' dir='ltr'><strong>JOANNIS</strong></span> <span class='ocrx_word' id='word_1_5' title='bbox 1582 389 2025 446; x_wconf 70' lang='lat' dir='ltr'><strong>EVANGELIUM</strong></span> <span class='ocrx_word' id='word_1_6' title='bbox 2068 390 2443 445; x_wconf 77' lang='lat' dir='ltr'><strong>EXPOSITIU.</strong></span> 
     </span>
    </p>
   </div>
   <div class='ocr_carea' id='block_1_3' title="bbox 3250 392 3356 448">
    <p class='ocr_par' dir='ltr' id='par_1_3' title="bbox 3250 392 3356 448">
     <span class='ocr_line' id='line_1_3' title="bbox 3250 392 3356 448; baseline -0.009 -1"><span class='ocrx_word' id='word_1_7' title='bbox 3250 392 3356 448; x_wconf 66' lang='lat'><strong>923</strong></span> 
     </span>
    </p>
   </div>
   <div class='ocr_carea' id='block_1_4' title="bbox 113 503 3353 587">
    <p class='ocr_par' dir='ltr' id='par_1_4' title="bbox 113 503 3353 587">
     <span class='ocr_line' id='line_1_4' title="bbox 113 503 3353 587; baseline -0.005 -12"><span class='ocrx_word' id='word_1_8' title='bbox 113 520 328 575; x_wconf 64' lang='lat' dir='ltr'><strong>diatoris</strong></span> <span class='ocrx_word' id='word_1_9' title='bbox 356 516 723 587; x_wconf 79' lang='lat' dir='ltr'><strong>agnoscimus,</strong></span> <span class='ocrx_word' id='word_1_10' title='bbox 754 513 986 568; x_wconf 85' lang='lat' dir='ltr'><strong>medium</strong></span> <span class='ocrx_word' id='word_1_11' title='bbox 1018 510 1212 581; x_wconf 80' lang='lat' dir='ltr'><strong>quippe</strong></span> <span class='ocrx_word' id='word_1_12' title='bbox 1235 524 1292 564; x_wconf 87' lang='lat' dir='ltr'><strong>se</strong></span> <span class='ocrx_word' id='word_1_13' title='bbox 1316 509 1551 565; x_wconf 97' lang='lat' dir='ltr'><strong>ostendit</strong></span> <span class='ocrx_word' id='word_1_14' title='bbox 1593 507 1667 561; x_wconf 91' lang='lat' dir='ltr'><strong>di-</strong></span> <span class='ocrx_word' id='word_1_15' title='bbox 1708 508 1756 563; x_wconf 75' lang='grc' dir='ltr'>Α</span> <span class='ocrx_word' id='word_1_16' title='bbox 1786 516 1913 571; x_wconf 89' lang='lat' dir='ltr'><strong>tum,</strong></span> <span class='ocrx_word' id='word_1_17' title='bbox 1945 504 2114 572; x_wconf 83' lang='lat' dir='ltr'><strong>qualis</strong></span> <span class='ocrx_word' id='word_1_18' title='bbox 2148 504 2318 558; x_wconf 79' lang='lat' dir='ltr'><strong>futura</strong></span> <span class='ocrx_word' id='word_1_19' title='bbox 2366 514 2448 558; x_wconf 89' lang='lat' dir='ltr'><strong>est</strong></span> <span class='ocrx_word' id='word_1_20' title='bbox 2492 506 2541 561; x_wconf 88' lang='lat' dir='ltr'><strong>in</strong></span> <span class='ocrx_word' id='word_1_21' title='bbox 2576 503 2757 557; x_wconf 89' lang='lat' dir='ltr'><strong>ultima</strong></span> <span class='ocrx_word' id='word_1_22' title='bbox 2790 508 3182 561; x_wconf 75' lang='lat' dir='ltr'><strong>resurrectione</strong></span> <span class='ocrx_word' id='word_1_23' title='bbox 3210 524 3353 559; x_wconf 84' lang='lat' dir='ltr'><strong>mor-</strong></span> 
     </span>
    </p>
   </div>
   <div class='ocr_carea' id='block_1_5' title="bbox 115 610 908 678">
    <p class='ocr_par' dir='ltr' id='par_1_5' title="bbox 115 610 908 678">
     <span class='ocr_line' id='line_1_5' title="bbox 115 610 908 678; baseline -0.011 -8"><span class='ocrx_word' id='word_1_24' title='bbox 115 614 299 670; x_wconf 86' lang='lat' dir='ltr'><strong>cendo.</strong></span> <span class='ocrx_word' id='word_1_25' title='bbox 330 610 427 666; x_wconf 87' lang='lat' dir='ltr'><strong>Ille</strong></span> <span class='ocrx_word' id='word_1_26' title='bbox 456 626 561 675; x_wconf 85' lang='lat' dir='ltr'><strong>me,</strong></span> <span class='ocrx_word' id='word_1_27' title='bbox 593 619 646 665; x_wconf 89' lang='lat' dir='ltr'><strong>et</strong></span> <span class='ocrx_word' id='word_1_28' title='bbox 671 622 769 678; x_wconf 88' lang='lat' dir='ltr'><strong>ego</strong></span> <span class='ocrx_word' id='word_1_29' title='bbox 791 620 908 661; x_wconf 86' lang='lat' dir='ltr'><strong>vos.</strong></span> 
     </span>
    </p>
   </div>
   <div class='ocr_carea' id='block_1_6' title="bbox 180 692 1683 767">
    <p class='ocr_par' dir='ltr' id='par_1_6' title="bbox 180 692 1683 767">
     <span class='ocr_line' id='line_1_6' title="bbox 180 692 1683 767; baseline -0.01 -8"><span class='ocrx_word' id='word_1_30' title='bbox 180 704 310 759; x_wconf 69' lang='lat' dir='ltr'><strong>lla’c</strong></span> <span class='ocrx_word' id='word_1_31' title='bbox 352 718 469 758; x_wconf 87' lang='lat' dir='ltr'><strong>cum</strong></span> <span class='ocrx_word' id='word_1_32' title='bbox 500 702 727 766; x_wconf 72' lang='lat' dir='ltr'><strong>dixisset,</strong></span> <span class='ocrx_word' id='word_1_33' title='bbox 776 697 1071 767; x_wconf 67' lang='lat' dir='ltr'><strong>insufflauit,</strong></span> <span class='ocrx_word' id='word_1_34' title='bbox 1096 703 1146 750; x_wconf 90' lang='lat' dir='ltr'><strong>et</strong></span> <span class='ocrx_word' id='word_1_35' title='bbox 1168 696 1295 748; x_wconf 74' lang='lat' dir='ltr'><strong>dixit</strong></span> <span class='ocrx_word' id='word_1_36' title='bbox 1314 696 1385 748; x_wconf 86' lang='lat' dir='ltr'><strong>eis</strong></span> <span class='ocrx_word' id='word_1_37' title='bbox 1417 692 1683 761; x_wconf 74' lang='lat' dir='ltr'><strong>:Accipite</strong></span> 
     </span>
    </p>
   </div>
   <div class='ocr_carea' id='block_1_7' title="bbox 115 786 1680 859">
    <p class='ocr_par' dir='ltr' id='par_1_7' title="bbox 115 786 1680 859">
     <span class='ocr_line' id='line_1_7' title="bbox 115 786 1680 859; baseline -0.009 -8"><span class='ocrx_word' id='word_1_38' title='bbox 115 797 369 859; x_wconf 86' lang='lat' dir='ltr'><strong>Spiritum</strong></span> <span class='ocrx_word' id='word_1_39' title='bbox 397 805 652 848; x_wconf 87' lang='lat' dir='ltr'><strong>sanctum.</strong></span> <span class='ocrx_word' id='word_1_40' title='bbox 706 788 1028 845; x_wconf 80' lang='lat' dir='ltr'><strong>lnsulﬂando</strong></span> <span class='ocrx_word' id='word_1_41' title='bbox 1082 788 1399 859; x_wconf 76' lang='lat' dir='ltr'><strong>signiﬁcavit</strong></span> <span class='ocrx_word' id='word_1_42' title='bbox 1426 786 1680 855; x_wconf 78' lang='lat' dir='ltr'><strong>Spiritum</strong></span> 
     </span>
    </p>
   </div>
   <div class='ocr_carea' id='block_1_8' title="bbox 113 876 1683 951">
    <p class='ocr_par' dir='ltr' id='par_1_8' title="bbox 113 876 1683 951">
     <span class='ocr_line' id='line_1_8' title="bbox 113 876 1683 951; baseline -0.007 -10"><span class='ocrx_word' id='word_1_43' title='bbox 113 895 353 941; x_wconf 71' lang='lat' dir='ltr'><strong>sanctum</strong></span> <span class='ocrx_word' id='word_1_44' title='bbox 382 927 398 951; x_wconf 88' lang='lat'><strong>,</strong></span> <span class='ocrx_word' id='word_1_45' title='bbox 451 900 555 939; x_wconf 91' lang='lat' dir='ltr'><strong>non</strong></span> <span class='ocrx_word' id='word_1_46' title='bbox 615 882 786 938; x_wconf 79' lang='lat' dir='ltr'><strong>Patris</strong></span> <span class='ocrx_word' id='word_1_47' title='bbox 836 881 1003 936; x_wconf 86' lang='lat' dir='ltr'><strong>solius</strong></span> <span class='ocrx_word' id='word_1_48' title='bbox 1054 895 1173 937; x_wconf 89' lang='lat' dir='ltr'><strong>esse</strong></span> <span class='ocrx_word' id='word_1_49' title='bbox 1202 879 1465 950; x_wconf 74' lang='lat' dir='ltr'><strong>spiritum,</strong></span> <span class='ocrx_word' id='word_1_50' title='bbox 1497 876 1591 931; x_wconf 87' lang='lat' dir='ltr'><strong>sed</strong></span> <span class='ocrx_word' id='word_1_51' title='bbox 1631 884 1683 931; x_wconf 90' lang='lat' dir='ltr'><strong>et</strong></span> 
     </span>
    </p>
   </div>
   <div class='ocr_carea' id='block_1_9' title="bbox 112 994 287 1032">
    <p class='ocr_par' dir='ltr' id='par_1_9' title="bbox 112 994 287 1032">
     <span class='ocr_line' id='line_1_9' title="bbox 112 994 287 1032; baseline -0.006 0"><span class='ocrx_word' id='word_1_52' title='bbox 112 994 287 1032; x_wconf 74' lang='grc' dir='ltr'>διιιιιιι.</span> 
     </span>
    </p>
   </div>
   <div class='ocr_carea' id='block_1_10' title="bbox 180 1063 1684 1135">
    <p class='ocr_par' dir='ltr' id='par_1_10' title="bbox 180 1063 1684 1135">
     <span class='ocr_line' id='line_1_10' title="bbox 180 1063 1684 1135; baseline -0.005 -13"><span class='ocrx_word' id='word_1_53' title='bbox 180 1069 413 1135; x_wconf 82' lang='lat' dir='ltr'><strong>Quorum</strong></span> <span class='ocrx_word' id='word_1_54' title='bbox 450 1066 774 1133; x_wconf 85' lang='lat' dir='ltr'><strong>remiseritis,</strong></span> <span class='ocrx_word' id='word_1_55' title='bbox 830 1064 1029 1135; x_wconf 87' lang='lat' dir='ltr'><strong>inquit,</strong></span> <span class='ocrx_word' id='word_1_56' title='bbox 1078 1072 1311 1133; x_wconf 85' lang='lat' dir='ltr'><strong>peccata,</strong></span> <span class='ocrx_word' id='word_1_57' title='bbox 1355 1063 1684 1117; x_wconf 86' lang='lat' dir='ltr'><strong>remittuntur</strong></span> 
     </span>
    </p>
   </div>
   <div class='ocr_carea' id='block_1_11' title="bbox 111 1152 1683 1229">
    <p class='ocr_par' dir='ltr' id='par_1_11' title="bbox 111 1152 1683 1229">
     <span class='ocr_line' id='line_1_11' title="bbox 111 1152 1683 1229; baseline -0.002 -16"><span class='ocrx_word' id='word_1_58' title='bbox 111 1162 218 1226; x_wconf 87' lang='lat' dir='ltr'><strong>eis;</strong></span> <span class='ocrx_word' id='word_1_59' title='bbox 267 1170 314 1213; x_wconf 87' lang='lat' dir='ltr'><strong>et</strong></span> <span class='ocrx_word' id='word_1_60' title='bbox 345 1174 560 1229; x_wconf 83' lang='lat' dir='ltr'><strong>quorum</strong></span> <span class='ocrx_word' id='word_1_61' title='bbox 590 1152 896 1212; x_wconf 79' lang='lat' dir='ltr'><strong>retinueritis</strong></span> <span class='ocrx_word' id='word_1_62' title='bbox 924 1198 938 1223; x_wconf 93' lang='lat'><strong>,</strong></span> <span class='ocrx_word' id='word_1_63' title='bbox 988 1166 1183 1211; x_wconf 88' lang='lat' dir='ltr'><strong>retenta</strong></span> <span class='ocrx_word' id='word_1_64' title='bbox 1233 1165 1371 1210; x_wconf 89' lang='lat' dir='ltr'><strong>sunt.</strong></span> <span class='ocrx_word' id='word_1_65' title='bbox 1428 1155 1683 1210; x_wconf 68' lang='lat' dir='ltr'><strong>Ecclesia:</strong></span> 
     </span>
    </p>
   </div>
   <div class='ocr_carea' id='block_1_12' title="bbox 112 1245 1679 1320">
    <p class='ocr_par' dir='ltr' id='par_1_12' title="bbox 112 1245 1679 1320">
     <span class='ocr_line' id='line_1_12' title="bbox 112 1245 1679 1320; baseline -0.002 -17"><span class='ocrx_word' id='word_1_66' title='bbox 112 1252 368 1317; x_wconf 86' lang='lat' dir='ltr'><strong>charitas,</strong></span> <span class='ocrx_word' id='word_1_67' title='bbox 426 1265 546 1320; x_wconf 68' lang='lat' dir='ltr'><strong>quae</strong></span> <span class='ocrx_word' id='word_1_68' title='bbox 592 1264 687 1317; x_wconf 88' lang='lat' dir='ltr'><strong>per</strong></span> <span class='ocrx_word' id='word_1_69' title='bbox 732 1249 989 1317; x_wconf 83' lang='lat' dir='ltr'><strong>Spiritum</strong></span> <span class='ocrx_word' id='word_1_70' title='bbox 1021 1262 1261 1302; x_wconf 80' lang='lat' dir='ltr'><strong>sanctum</strong></span> <span class='ocrx_word' id='word_1_71' title='bbox 1292 1248 1600 1301; x_wconf 78' lang='lat' dir='ltr'><strong>diiiumlitur</strong></span> <span class='ocrx_word' id='word_1_72' title='bbox 1630 1245 1679 1300; x_wconf 86' lang='lat' dir='ltr'><strong>in</strong></span> 
     </span>
    </p>
   </div>
   <div class='ocr_carea' id='block_1_13' title="bbox 112 1340 1681 1411">
    <p class='ocr_par' dir='ltr' id='par_1_13' title="bbox 112 1340 1681 1411">
     <span class='ocr_line' id='line_1_13' title="bbox 112 1340 1681 1411; baseline -0.003 -14"><span class='ocrx_word' id='word_1_73' title='bbox 112 1342 361 1397; x_wconf 80' lang='lat' dir='ltr'><strong>cordibus</strong></span> <span class='ocrx_word' id='word_1_74' title='bbox 402 1340 596 1396; x_wconf 86' lang='lat' dir='ltr'><strong>nostris</strong></span> <span class='ocrx_word' id='word_1_75' title='bbox 628 1382 643 1407; x_wconf 96' lang='lat'><strong>,</strong></span> <span class='ocrx_word' id='word_1_76' title='bbox 696 1341 1011 1411; x_wconf 90' lang='lat' dir='ltr'><strong>participum</strong></span> <span class='ocrx_word' id='word_1_77' title='bbox 1068 1354 1287 1393; x_wconf 88' lang='lat' dir='ltr'><strong>suorum</strong></span> <span class='ocrx_word' id='word_1_78' title='bbox 1341 1350 1550 1407; x_wconf 86' lang='lat' dir='ltr'><strong>peccata</strong></span> <span class='ocrx_word' id='word_1_79' title='bbox 1598 1340 1681 1394; x_wconf 78' lang='lat' dir='ltr'><strong>di-</strong></span> 
     </span>
    </p>
   </div>
   <div class='ocr_carea' id='block_1_14' title="bbox 112 1430 1680 1499">
    <p class='ocr_par' dir='ltr' id='par_1_14' title="bbox 112 1430 1680 1499">
     <span class='ocr_line' id='line_1_14' title="bbox 112 1430 1680 1499; baseline -0.002 -12"><span class='ocrx_word' id='word_1_80' title='bbox 112 1434 294 1488; x_wconf 91' lang='lat' dir='ltr'><strong>mittit.</strong></span> <span class='ocrx_word' id='word_1_81' title='bbox 346 1431 541 1486; x_wconf 82' lang='lat' dir='ltr'><strong>Eorum</strong></span> <span class='ocrx_word' id='word_1_82' title='bbox 575 1440 751 1485; x_wconf 88' lang='lat' dir='ltr'><strong>autem</strong></span> <span class='ocrx_word' id='word_1_83' title='bbox 782 1430 871 1499; x_wconf 90' lang='lat' dir='ltr'><strong>qui</strong></span> <span class='ocrx_word' id='word_1_84' title='bbox 903 1446 1007 1484; x_wconf 88' lang='lat' dir='ltr'><strong>non</strong></span> <span class='ocrx_word' id='word_1_85' title='bbox 1038 1440 1165 1484; x_wconf 86' lang='lat' dir='ltr'><strong>sunt</strong></span> <span class='ocrx_word' id='word_1_86' title='bbox 1205 1430 1319 1499; x_wconf 85' lang='lat' dir='ltr'><strong>ejus</strong></span> <span class='ocrx_word' id='word_1_87' title='bbox 1353 1430 1634 1498; x_wconf 87' lang='lat' dir='ltr'><strong>participes</strong></span> <span class='ocrx_word' id='word_1_88' title='bbox 1667 1472 1680 1494; x_wconf 94' lang='lat'><strong>,</strong></span> 
     </span>
    </p>
   </div>
   <div class='ocr_carea' id='block_1_15' title="bbox 113 1520 1683 1592">
    <p class='ocr_par' dir='ltr' id='par_1_15' title="bbox 113 1520 1683 1592">
     <span class='ocr_line' id='line_1_15' title="bbox 113 1520 1683 1592; baseline -0.004 -13"><span class='ocrx_word' id='word_1_89' title='bbox 113 1536 280 1579; x_wconf 88' lang='lat' dir='ltr'><strong>tenet.</strong></span> <span class='ocrx_word' id='word_1_90' title='bbox 338 1524 460 1578; x_wconf 87' lang='lat' dir='ltr'><strong>Ideo</strong></span> <span class='ocrx_word' id='word_1_91' title='bbox 515 1522 856 1592; x_wconf 85' lang='lat' dir='ltr'><strong>posteaquam</strong></span> <span class='ocrx_word' id='word_1_92' title='bbox 908 1520 1040 1575; x_wconf 91' lang='lat' dir='ltr'><strong>dixit</strong></span> <span class='ocrx_word' id='word_1_93' title='bbox 1091 1538 1103 1573; x_wconf 91' lang='lat'>:</span> <span class='ocrx_word' id='word_1_94' title='bbox 1157 1521 1380 1589; x_wconf 75' lang='lat' dir='ltr'><strong>Accipite</strong></span> <span class='ocrx_word' id='word_1_95' title='bbox 1430 1521 1683 1589; x_wconf 62' lang='lat' dir='ltr'><strong>Spfrrtum</strong></span> 
     </span>
    </p>
   </div>
   <div class='ocr_carea' id='block_1_16' title="bbox 111 1615 1684 1686">
    <p class='ocr_par' dir='ltr' id='par_1_16' title="bbox 111 1615 1684 1686">
     <span class='ocr_line' id='line_1_16' title="bbox 111 1615 1684 1686; baseline -0.003 -13"><span class='ocrx_word' id='word_1_96' title='bbox 111 1629 365 1686; x_wconf 85' lang='lat' dir='ltr'><strong>sanctum,</strong></span> <span class='ocrx_word' id='word_1_97' title='bbox 411 1616 665 1673; x_wconf 85' lang='lat' dir='ltr'><strong>continuo</strong></span> <span class='ocrx_word' id='word_1_98' title='bbox 693 1615 761 1671; x_wconf 92' lang='lat' dir='ltr'><strong>de</strong></span> <span class='ocrx_word' id='word_1_99' title='bbox 815 1625 1154 1684; x_wconf 84' lang='lat' dir='ltr'><strong>peccatorum</strong></span> <span class='ocrx_word' id='word_1_100' title='bbox 1199 1615 1513 1670; x_wconf 82' lang='lat' dir='ltr'><strong>remissione</strong></span> <span class='ocrx_word' id='word_1_101' title='bbox 1560 1615 1684 1669; x_wconf 82' lang='lat' dir='ltr'><strong>sub-</strong></span> 
     </span>
    </p>
   </div>
   <div class='ocr_carea' id='block_1_17' title="bbox 111 1710 275 1779">
    <p class='ocr_par' dir='ltr' id='par_1_17' title="bbox 111 1710 275 1779">
     <span class='ocr_line' id='line_1_17' title="bbox 111 1710 275 1779; baseline 0 -15"><span class='ocrx_word' id='word_1_102' title='bbox 111 1710 235 1779; x_wconf 77' lang='lat' dir='ltr'><strong>jecit</strong></span> <span class='ocrx_word' id='word_1_103' title='bbox 260 1729 275 1764; x_wconf 87' lang='lat'><strong>:</strong></span> 
     </span>
    </p>
   </div>
   <div class='ocr_carea' id='block_1_18' title="bbox 176 1794 1736 1875">
    <p class='ocr_par' dir='ltr' id='par_1_18' title="bbox 176 1794 1736 1875">
     <span class='ocr_line' id='line_1_18' title="bbox 176 1794 1736 1875; baseline -0.004 -21"><span class='ocrx_word' id='word_1_104' title='bbox 176 1800 407 1854; x_wconf 79' lang='lat' dir='ltr'><strong>Thomas</strong></span> <span class='ocrx_word' id='word_1_105' title='bbox 435 1811 602 1875; x_wconf 80' lang='lat' dir='ltr'><strong>autem</strong></span> <span class='ocrx_word' id='word_1_106' title='bbox 632 1814 763 1852; x_wconf 86' lang='lat' dir='ltr'><strong>unus</strong></span> <span class='ocrx_word' id='word_1_107' title='bbox 794 1815 856 1853; x_wconf 73' lang='lat' dir='ltr'><strong>ex</strong></span> <span class='ocrx_word' id='word_1_108' title='bbox 886 1797 1177 1863; x_wconf 80' lang='lat' dir='ltr'><strong>duodecim,</strong></span> <span class='ocrx_word' id='word_1_109' title='bbox 1233 1797 1323 1866; x_wconf 86' lang='lat' dir='ltr'><strong>qui</strong></span> <span class='ocrx_word' id='word_1_110' title='bbox 1368 1796 1559 1849; x_wconf 90' lang='lat' dir='ltr'><strong>dicitur</strong></span> <span class='ocrx_word' id='word_1_111' title='bbox 1588 1794 1681 1848; x_wconf 82' lang='lat' dir='ltr'><strong>Di-</strong></span> <span class='ocrx_word' id='word_1_112' title='bbox 1712 1845 1736 1875; x_wconf 53' lang='grc' dir='ltr'>ς</span> 
     </span>
    </p>
   </div>
   <div class='ocr_carea' id='block_1_19' title="bbox 111 1884 1679 1960">
    <p class='ocr_par' dir='ltr' id='par_1_19' title="bbox 111 1884 1679 1960">
     <span class='ocr_line' id='line_1_19' title="bbox 111 1884 1679 1960; baseline -0.001 -19"><span class='ocrx_word' id='word_1_113' title='bbox 111 1892 313 1960; x_wconf 71' lang='lat' dir='ltr'><strong>rigatus,</strong></span> <span class='ocrx_word' id='word_1_114' title='bbox 347 1905 448 1942; x_wconf 92' lang='lat' dir='ltr'><strong>non</strong></span> <span class='ocrx_word' id='word_1_115' title='bbox 477 1898 723 1941; x_wconf 86' lang='lat' dir='ltr'><strong>eratcum</strong></span> <span class='ocrx_word' id='word_1_116' title='bbox 760 1888 831 1941; x_wconf 91' lang='lat' dir='ltr'><strong>eis</strong></span> <span class='ocrx_word' id='word_1_117' title='bbox 858 1889 1061 1953; x_wconf 86' lang='lat' dir='ltr'><strong>quando</strong></span> <span class='ocrx_word' id='word_1_118' title='bbox 1078 1887 1208 1941; x_wconf 81' lang='lat' dir='ltr'><strong>venit</strong></span> <span class='ocrx_word' id='word_1_119' title='bbox 1228 1884 1402 1939; x_wconf 84' lang='lat' dir='ltr'><strong>Jesus.</strong></span> <span class='ocrx_word' id='word_1_120' title='bbox 1428 1885 1679 1939; x_wconf 73' lang='lat' dir='ltr'><strong>Dixerunt</strong></span> 
     </span>
    </p>
   </div>
   <div class='ocr_carea' id='block_1_20' title="bbox 110 1976 1681 2050">
    <p class='ocr_par' dir='ltr' id='par_1_20' title="bbox 110 1976 1681 2050">
     <span class='ocr_line' id='line_1_20' title="bbox 110 1976 1681 2050; baseline -0.003 -16"><span class='ocrx_word' id='word_1_121' title='bbox 110 1998 218 2050; x_wconf 81' lang='lat' dir='ltr'><strong>ergo</strong></span> <span class='ocrx_word' id='word_1_122' title='bbox 247 1981 296 2033; x_wconf 85' lang='lat' dir='ltr'><strong>ei</strong></span> <span class='ocrx_word' id='word_1_123' title='bbox 321 1980 415 2033; x_wconf 88' lang='lat' dir='ltr'><strong>alii</strong></span> <span class='ocrx_word' id='word_1_124' title='bbox 447 1980 687 2047; x_wconf 82' lang='lat' dir='ltr'><strong>discipuli</strong></span> <span class='ocrx_word' id='word_1_125' title='bbox 714 1994 731 2032; x_wconf 89' lang='lat'><strong><em>:</em></strong></span> <span class='ocrx_word' id='word_1_126' title='bbox 762 1977 997 2033; x_wconf 83' lang='lat' dir='ltr'><strong>Vidimus</strong></span> <span class='ocrx_word' id='word_1_127' title='bbox 1044 1978 1359 2043; x_wconf 88' lang='lat' dir='ltr'><strong>Dominum;</strong></span> <span class='ocrx_word' id='word_1_128' title='bbox 1400 1976 1488 2030; x_wconf 84' lang='lat' dir='ltr'><strong>ille</strong></span> <span class='ocrx_word' id='word_1_129' title='bbox 1514 1988 1681 2030; x_wconf 90' lang='lat' dir='ltr'><strong>autem</strong></span> 
     </span>
    </p>
   </div>
   <div class='ocr_carea' id='block_1_21' title="bbox 111 2068 1682 2140">
    <p class='ocr_par' dir='ltr' id='par_1_21' title="bbox 111 2068 1682 2140">
     <span class='ocr_line' id='line_1_21' title="bbox 111 2068 1682 2140; baseline 0 -18"><span class='ocrx_word' id='word_1_130' title='bbox 111 2072 233 2125; x_wconf 75' lang='lat' dir='ltr'><strong>dixit</strong></span> <span class='ocrx_word' id='word_1_131' title='bbox 256 2072 332 2125; x_wconf 87' lang='lat' dir='ltr'><strong>eis</strong></span> <span class='ocrx_word' id='word_1_132' title='bbox 363 2086 381 2122; x_wconf 90' lang='lat'><em>:</em></span> <span class='ocrx_word' id='word_1_133' title='bbox 404 2068 529 2125; x_wconf 82' lang='lat' dir='ltr'><strong>Nisi</strong></span> <span class='ocrx_word' id='word_1_134' title='bbox 551 2070 720 2124; x_wconf 76' lang='lat' dir='ltr'><strong>videro</strong></span> <span class='ocrx_word' id='word_1_135' title='bbox 750 2071 802 2123; x_wconf 90' lang='lat' dir='ltr'><strong>in</strong></span> <span class='ocrx_word' id='word_1_136' title='bbox 848 2069 1079 2124; x_wconf 82' lang='lat' dir='ltr'><strong>manibus</strong></span> <span class='ocrx_word' id='word_1_137' title='bbox 1108 2071 1215 2140; x_wconf 81' lang='lat' dir='ltr'><strong>ejus</strong></span> <span class='ocrx_word' id='word_1_138' title='bbox 1264 2070 1483 2138; x_wconf 76' lang='lat' dir='ltr'><strong>ﬁxuram</strong></span> <span class='ocrx_word' id='word_1_139' title='bbox 1512 2069 1682 2122; x_wconf 82' lang='lat' dir='ltr'><strong>clavo-</strong></span> 
     </span>
    </p>
   </div>
   <div class='ocr_carea' id='block_1_22' title="bbox 111 2161 1680 2229">
    <p class='ocr_par' dir='ltr' id='par_1_22' title="bbox 111 2161 1680 2229">
     <span class='ocr_line' id='line_1_22' title="bbox 111 2161 1680 2229; baseline 0.001 -18"><span class='ocrx_word' id='word_1_140' title='bbox 111 2177 236 2224; x_wconf 82' lang='lat' dir='ltr'><strong>rum,</strong></span> <span class='ocrx_word' id='word_1_141' title='bbox 260 2169 309 2214; x_wconf 90' lang='lat' dir='ltr'><strong>et</strong></span> <span class='ocrx_word' id='word_1_142' title='bbox 335 2163 533 2214; x_wconf 83' lang='lat' dir='ltr'><strong>mittam</strong></span> <span class='ocrx_word' id='word_1_143' title='bbox 559 2161 773 2229; x_wconf 76' lang='lat' dir='ltr'><strong>digitum</strong></span> <span class='ocrx_word' id='word_1_144' title='bbox 814 2176 981 2213; x_wconf 87' lang='lat' dir='ltr'><strong>meum</strong></span> <span class='ocrx_word' id='word_1_145' title='bbox 1017 2161 1069 2213; x_wconf 88' lang='lat' dir='ltr'><strong>in</strong></span> <span class='ocrx_word' id='word_1_146' title='bbox 1114 2161 1283 2214; x_wconf 89' lang='lat' dir='ltr'><strong>locum</strong></span> <span class='ocrx_word' id='word_1_147' title='bbox 1310 2162 1599 2225; x_wconf 78' lang='lat' dir='ltr'><strong>clavorum,</strong></span> <span class='ocrx_word' id='word_1_148' title='bbox 1634 2170 1680 2213; x_wconf 88' lang='lat' dir='ltr'><strong>et</strong></span> 
     </span>
    </p>
   </div>
   <div class='ocr_carea' id='block_1_23' title="bbox 112 2250 1683 2323">
    <p class='ocr_par' dir='ltr' id='par_1_23' title="bbox 112 2250 1683 2323">
     <span class='ocr_line' id='line_1_23' title="bbox 112 2250 1683 2323; baseline 0.003 -23"><span class='ocrx_word' id='word_1_149' title='bbox 112 2252 304 2303; x_wconf 85' lang='lat' dir='ltr'><strong>mittam</strong></span> <span class='ocrx_word' id='word_1_150' title='bbox 330 2265 541 2303; x_wconf 78' lang='lat' dir='ltr'><strong>manum</strong></span> <span class='ocrx_word' id='word_1_151' title='bbox 582 2265 746 2303; x_wconf 87' lang='lat' dir='ltr'><strong>meam</strong></span> <span class='ocrx_word' id='word_1_152' title='bbox 775 2250 829 2303; x_wconf 83' lang='lat' dir='ltr'><strong>in</strong></span> <span class='ocrx_word' id='word_1_153' title='bbox 870 2252 1005 2304; x_wconf 89' lang='lat' dir='ltr'><strong>latus</strong></span> <span class='ocrx_word' id='word_1_154' title='bbox 1037 2254 1150 2323; x_wconf 89' lang='lat' dir='ltr'><strong>ejus</strong></span> <span class='ocrx_word' id='word_1_155' title='bbox 1175 2296 1188 2319; x_wconf 93' lang='lat'><strong>,</strong></span> <span class='ocrx_word' id='word_1_156' title='bbox 1219 2268 1323 2305; x_wconf 86' lang='lat' dir='ltr'><strong>non</strong></span> <span class='ocrx_word' id='word_1_157' title='bbox 1350 2253 1573 2305; x_wconf 84' lang='lat' dir='ltr'><strong>credam.</strong></span> <span class='ocrx_word' id='word_1_158' title='bbox 1612 2250 1683 2305; x_wconf 86' lang='lat' dir='ltr'><strong>Et</strong></span> 
     </span>
    </p>
   </div>
   <div class='ocr_carea' id='block_1_24' title="bbox 112 2332 1677 2413">
    <p class='ocr_par' dir='ltr' id='par_1_24' title="bbox 112 2332 1677 2413">
     <span class='ocr_line' id='line_1_24' title="bbox 112 2332 1677 2413; baseline 0.001 -20"><span class='ocrx_word' id='word_1_159' title='bbox 112 2352 216 2409; x_wconf 83' lang='lat' dir='ltr'><strong>post</strong></span> <span class='ocrx_word' id='word_1_160' title='bbox 254 2343 367 2396; x_wconf 87' lang='lat' dir='ltr'><strong>dies</strong></span> <span class='ocrx_word' id='word_1_161' title='bbox 414 2351 528 2395; x_wconf 89' lang='lat' dir='ltr'><strong>octo</strong></span> <span class='ocrx_word' id='word_1_162' title='bbox 571 2342 753 2394; x_wconf 85' lang='lat' dir='ltr'><strong>iterum</strong></span> <span class='ocrx_word' id='word_1_163' title='bbox 784 2352 929 2396; x_wconf 79' lang='lat' dir='ltr'><strong>erant</strong></span> <span class='ocrx_word' id='word_1_164' title='bbox 969 2342 1211 2411; x_wconf 83' lang='lat' dir='ltr'><strong>discipuli</strong></span> <span class='ocrx_word' id='word_1_165' title='bbox 1245 2332 1368 2413; x_wconf 81' lang='lat' dir='ltr'><strong>ejus</strong></span> <span class='ocrx_word' id='word_1_166' title='bbox 1415 2344 1588 2407; x_wconf 86' lang='lat' dir='ltr'><strong>intus,</strong></span> <span class='ocrx_word' id='word_1_167' title='bbox 1630 2352 1677 2396; x_wconf 91' lang='lat' dir='ltr'><strong>et</strong></span> 
     </span>
    </p>
   </div>
   <div class='ocr_carea' id='block_1_25' title="bbox 113 2431 1680 2504">
    <p class='ocr_par' dir='ltr' id='par_1_25' title="bbox 113 2431 1680 2504">
     <span class='ocr_line' id='line_1_25' title="bbox 113 2431 1680 2504; baseline 0.001 -19"><span class='ocrx_word' id='word_1_168' title='bbox 113 2431 331 2487; x_wconf 76' lang='lat' dir='ltr'><strong>Thomas</strong></span> <span class='ocrx_word' id='word_1_169' title='bbox 361 2450 480 2487; x_wconf 87' lang='lat' dir='ltr'><strong>cum</strong></span> <span class='ocrx_word' id='word_1_170' title='bbox 506 2435 575 2488; x_wconf 90' lang='lat' dir='ltr'><strong>eis</strong></span> <span class='ocrx_word' id='word_1_171' title='bbox 601 2450 620 2487; x_wconf 91' lang='lat'><strong><em>:</em></strong></span> <span class='ocrx_word' id='word_1_172' title='bbox 651 2432 795 2487; x_wconf 85' lang='lat' dir='ltr'><strong>Venit</strong></span> <span class='ocrx_word' id='word_1_173' title='bbox 820 2432 972 2487; x_wconf 80' lang='lat' dir='ltr'><strong>Jesus</strong></span> <span class='ocrx_word' id='word_1_174' title='bbox 992 2434 1173 2504; x_wconf 83' lang='lat' dir='ltr'><strong>januis</strong></span> <span class='ocrx_word' id='word_1_175' title='bbox 1218 2434 1436 2499; x_wconf 82' lang='lat' dir='ltr'><strong>clausis,</strong></span> <span class='ocrx_word' id='word_1_176' title='bbox 1479 2442 1523 2486; x_wconf 91' lang='lat' dir='ltr'><strong>et</strong></span> <span class='ocrx_word' id='word_1_177' title='bbox 1546 2438 1680 2486; x_wconf 76' lang='lat' dir='ltr'><strong>stetit</strong></span> 
     </span>
    </p>
   </div>
   <div class='ocr_carea' id='block_1_26' title="bbox 114 2524 1682 2589">
    <p class='ocr_par' dir='ltr' id='par_1_26' title="bbox 114 2524 1682 2589">
     <span class='ocr_line' id='line_1_26' title="bbox 114 2524 1682 2589; baseline 0.001 -13"><span class='ocrx_word' id='word_1_178' title='bbox 114 2542 158 2577; x_wconf 85' lang='lat' dir='ltr'><strong>in</strong></span> <span class='ocrx_word' id='word_1_179' title='bbox 186 2526 373 2589; x_wconf 85' lang='lat' dir='ltr'><strong>medio,</strong></span> <span class='ocrx_word' id='word_1_180' title='bbox 406 2536 453 2578; x_wconf 90' lang='lat' dir='ltr'><strong>et</strong></span> <span class='ocrx_word' id='word_1_181' title='bbox 500 2526 629 2579; x_wconf 71' lang='lat' dir='ltr'><strong>dixit</strong></span> <span class='ocrx_word' id='word_1_182' title='bbox 660 2525 731 2578; x_wconf 91' lang='lat' dir='ltr'><strong>eis</strong></span> <span class='ocrx_word' id='word_1_183' title='bbox 760 2540 781 2579; x_wconf 90' lang='lat'><strong><em>:</em></strong></span> <span class='ocrx_word' id='word_1_184' title='bbox 808 2524 925 2578; x_wconf 75' lang='lat' dir='ltr'><strong>Pax</strong></span> <span class='ocrx_word' id='word_1_185' title='bbox 952 2526 1108 2578; x_wconf 79' lang='lat' dir='ltr'><strong>vobis.</strong></span> <span class='ocrx_word' id='word_1_186' title='bbox 1140 2524 1337 2578; x_wconf 86' lang='lat' dir='ltr'><strong>Deinde</strong></span> <span class='ocrx_word' id='word_1_187' title='bbox 1383 2526 1507 2577; x_wconf 90' lang='lat' dir='ltr'><strong>dicit</strong></span> <span class='ocrx_word' id='word_1_188' title='bbox 1541 2524 1682 2577; x_wconf 81' lang='lat' dir='ltr'><strong>Tho-</strong></span> 
     </span>
    </p>
   </div>
   <div class='ocr_carea' id='block_1_27' title="bbox 115 2613 1682 2686">
    <p class='ocr_par' dir='ltr' id='par_1_27' title="bbox 115 2613 1682 2686">
     <span class='ocr_line' id='line_1_27' title="bbox 115 2613 1682 2686; baseline 0.001 -18"><span class='ocrx_word' id='word_1_189' title='bbox 115 2632 202 2669; x_wconf 68' lang='grc' dir='ltr'><strong>οπο</strong></span> <span class='ocrx_word' id='word_1_190' title='bbox 228 2632 246 2668; x_wconf 91' lang='lat'><strong><em>:</em></strong></span> <span class='ocrx_word' id='word_1_191' title='bbox 275 2613 424 2686; x_wconf 81' lang='lat' dir='ltr'><strong>Infer</strong></span> <span class='ocrx_word' id='word_1_192' title='bbox 446 2618 660 2686; x_wconf 83' lang='lat' dir='ltr'><strong>digitum</strong></span> <span class='ocrx_word' id='word_1_193' title='bbox 707 2627 849 2671; x_wconf 86' lang='lat' dir='ltr'><strong>tuum</strong></span> <span class='ocrx_word' id='word_1_194' title='bbox 884 2616 981 2670; x_wconf 80' lang='lat' dir='ltr'><strong>huc</strong></span> <span class='ocrx_word' id='word_1_195' title='bbox 1005 2628 1057 2671; x_wconf 88' lang='lat' dir='ltr'><strong>et</strong></span> <span class='ocrx_word' id='word_1_196' title='bbox 1086 2619 1197 2671; x_wconf 79' lang='lat' dir='ltr'><strong>vide</strong></span> <span class='ocrx_word' id='word_1_197' title='bbox 1243 2635 1419 2671; x_wconf 88' lang='lat' dir='ltr'><strong>manus</strong></span> <span class='ocrx_word' id='word_1_198' title='bbox 1460 2634 1595 2671; x_wconf 83' lang='lat' dir='ltr'><strong>meas</strong></span> <span class='ocrx_word' id='word_1_199' title='bbox 1637 2628 1682 2671; x_wconf 87' lang='lat' dir='ltr'><strong>et</strong></span> 
     </span>
    </p>
   </div>
   <div class='ocr_carea' id='block_1_28' title="bbox 116 2708 1677 2781">
    <p class='ocr_par' dir='ltr' id='par_1_28' title="bbox 116 2708 1677 2781">
     <span class='ocr_line' id='line_1_28' title="bbox 116 2708 1677 2781; baseline 0.002 -20"><span class='ocrx_word' id='word_1_200' title='bbox 116 2708 236 2774; x_wconf 60' lang='grc' dir='ltr'><strong>σθεν</strong></span> <span class='ocrx_word' id='word_1_201' title='bbox 260 2726 473 2763; x_wconf 82' lang='lat' dir='ltr'><strong>manum</strong></span> <span class='ocrx_word' id='word_1_202' title='bbox 501 2720 663 2776; x_wconf 84' lang='lat' dir='ltr'><strong>tuam,</strong></span> <span class='ocrx_word' id='word_1_203' title='bbox 713 2722 816 2765; x_wconf 85' lang='lat' dir='ltr'><strong>etc.</strong></span> <span class='ocrx_word' id='word_1_204' title='bbox 855 2711 1075 2766; x_wconf 79' lang='lat' dir='ltr'><strong>Videbat</strong></span> <span class='ocrx_word' id='word_1_205' title='bbox 1119 2712 1468 2781; x_wconf 67' lang='lat' dir='ltr'><strong>augebatque</strong></span> <span class='ocrx_word' id='word_1_206' title='bbox 1508 2712 1677 2766; x_wconf 82' lang='lat' dir='ltr'><strong>horni-</strong></span> 
     </span>
    </p>
   </div>
   <div class='ocr_carea' id='block_1_29' title="bbox 118 2800 1680 2872">
    <p class='ocr_par' dir='ltr' id='par_1_29' title="bbox 118 2800 1680 2872">
     <span class='ocr_line' id='line_1_29' title="bbox 118 2800 1680 2872; baseline 0.001 -18"><span class='ocrx_word' id='word_1_207' title='bbox 118 2816 253 2867; x_wconf 85' lang='lat' dir='ltr'><strong>nem,</strong></span> <span class='ocrx_word' id='word_1_208' title='bbox 283 2813 340 2855; x_wconf 87' lang='lat' dir='ltr'><strong>et</strong></span> <span class='ocrx_word' id='word_1_209' title='bbox 364 2800 721 2856; x_wconf 78' lang='lat' dir='ltr'><strong>confitebatur</strong></span> <span class='ocrx_word' id='word_1_210' title='bbox 770 2802 937 2857; x_wconf 90' lang='lat' dir='ltr'><strong>Deum</strong></span> <span class='ocrx_word' id='word_1_211' title='bbox 984 2820 1139 2872; x_wconf 83' lang='lat' dir='ltr'><strong>quem</strong></span> <span class='ocrx_word' id='word_1_212' title='bbox 1172 2818 1275 2857; x_wconf 92' lang='lat' dir='ltr'><strong>non</strong></span> <span class='ocrx_word' id='word_1_213' title='bbox 1304 2804 1550 2867; x_wconf 81' lang='lat' dir='ltr'><strong>videbat,</strong></span> <span class='ocrx_word' id='word_1_214' title='bbox 1585 2818 1680 2856; x_wconf 90' lang='lat' dir='ltr'><strong>ne-</strong></span> 
     </span>
    </p>
   </div>
   <div class='ocr_carea' id='block_1_30' title="bbox 118 2894 1682 2964">
    <p class='ocr_par' dir='ltr' id='par_1_30' title="bbox 118 2894 1682 2964">
     <span class='ocr_line' id='line_1_30' title="bbox 118 2894 1682 2964; baseline 0 -18"><span class='ocrx_word' id='word_1_215' title='bbox 118 2910 213 2963; x_wconf 89' lang='lat' dir='ltr'><strong>que</strong></span> <span class='ocrx_word' id='word_1_216' title='bbox 252 2896 523 2964; x_wconf 78' lang='lat' dir='ltr'><strong>tangebat.</strong></span> <span class='ocrx_word' id='word_1_217' title='bbox 572 2894 678 2949; x_wconf 88' lang='lat' dir='ltr'><strong>Sed</strong></span> <span class='ocrx_word' id='word_1_218' title='bbox 729 2909 823 2963; x_wconf 88' lang='lat' dir='ltr'><strong>per</strong></span> <span class='ocrx_word' id='word_1_219' title='bbox 866 2894 967 2949; x_wconf 82' lang='lat' dir='ltr'><strong>hoc</strong></span> <span class='ocrx_word' id='word_1_220' title='bbox 1022 2894 1159 2962; x_wconf 89' lang='lat' dir='ltr'><strong>quod</strong></span> <span class='ocrx_word' id='word_1_221' title='bbox 1220 2894 1463 2957; x_wconf 82' lang='lat' dir='ltr'><strong>videbat,</strong></span> <span class='ocrx_word' id='word_1_222' title='bbox 1524 2902 1682 2960; x_wconf 88' lang='lat' dir='ltr'><strong>atque</strong></span> 
     </span>
    </p>
   </div>
   <div class='ocr_carea' id='block_1_31' title="bbox 117 2984 1680 3056">
    <p class='ocr_par' dir='ltr' id='par_1_31' title="bbox 117 2984 1680 3056">
     <span class='ocr_line' id='line_1_31' title="bbox 117 2984 1680 3056; baseline -0.001 -17"><span class='ocrx_word' id='word_1_223' title='bbox 117 2986 379 3055; x_wconf 82' lang='lat' dir='ltr'><strong>tangebat,</strong></span> <span class='ocrx_word' id='word_1_224' title='bbox 413 2986 543 3041; x_wconf 91' lang='lat' dir='ltr'><strong>illud</strong></span> <span class='ocrx_word' id='word_1_225' title='bbox 594 2985 703 3056; x_wconf 82' lang='lat' dir='ltr'><strong>jam</strong></span> <span class='ocrx_word' id='word_1_226' title='bbox 751 2994 952 3041; x_wconf 88' lang='lat' dir='ltr'><strong>remota</strong></span> <span class='ocrx_word' id='word_1_227' title='bbox 1002 2986 1335 3041; x_wconf 83' lang='lat' dir='ltr'><strong>dubitatione</strong></span> <span class='ocrx_word' id='word_1_228' title='bbox 1374 2984 1631 3040; x_wconf 70' lang='lat' dir='ltr'><strong>credebit</strong></span> <span class='ocrx_word' id='word_1_229' title='bbox 1666 3002 1680 3052; x_wconf 90' lang='lat'><strong>;</strong></span> 
     </span>
    </p>
   </div>
   <div class='ocr_carea' id='block_1_32' title="bbox 119 3076 537 3133">
    <p class='ocr_par' dir='ltr' id='par_1_32' title="bbox 119 3076 537 3133">
     <span class='ocr_line' id='line_1_32' title="bbox 119 3076 537 3133; baseline 0 -2"><span class='ocrx_word' id='word_1_230' title='bbox 119 3077 237 3131; x_wconf 82' lang='lat' dir='ltr'><strong>dicit</strong></span> <span class='ocrx_word' id='word_1_231' title='bbox 256 3080 307 3133; x_wconf 89' lang='lat' dir='ltr'><strong>ei</strong></span> <span class='ocrx_word' id='word_1_232' title='bbox 336 3076 494 3133; x_wconf 80' lang='lat' dir='ltr'><strong>Jesus</strong></span> <span class='ocrx_word' id='word_1_233' title='bbox 524 3096 537 3131; x_wconf 90' lang='lat'><strong>:</strong></span> 
     </span>
    </p>
   </div>
   <div class='ocr_carea' id='block_1_33' title="bbox 1785 594 3350 663">
    <p class='ocr_par' dir='ltr' id='par_1_33' title="bbox 1785 594 3350 663">
     <span class='ocr_line' id='line_1_33' title="bbox 1785 594 3350 663; baseline 0.002 -14"><span class='ocrx_word' id='word_1_234' title='bbox 1785 606 2021 649; x_wconf 75' lang='lat' dir='ltr'><strong>tuorum.</strong></span> <span class='ocrx_word' id='word_1_235' title='bbox 2056 596 2130 648; x_wconf 80' lang='lat' dir='ltr'><strong>Ad</strong></span> <span class='ocrx_word' id='word_1_236' title='bbox 2163 596 2261 648; x_wconf 86' lang='lat' dir='ltr'><strong>lioc</strong></span> <span class='ocrx_word' id='word_1_237' title='bbox 2292 595 2469 663; x_wconf 77' lang='lat' dir='ltr'><strong>itaque</strong></span> <span class='ocrx_word' id='word_1_238' title='bbox 2518 594 3000 649; x_wconf 89' lang='lat' dir='ltr'><strong>commendandum</strong></span> <span class='ocrx_word' id='word_1_239' title='bbox 3042 598 3221 653; x_wconf 89' lang='lat' dir='ltr'><strong>valere</strong></span> <span class='ocrx_word' id='word_1_240' title='bbox 3263 615 3350 652; x_wconf 87' lang='lat' dir='ltr'><strong>ar-</strong></span> 
     </span>
    </p>
   </div>
   <div class='ocr_carea' id='block_1_34' title="bbox 1786 687 3345 758">
    <p class='ocr_par' dir='ltr' id='par_1_34' title="bbox 1786 687 3345 758">
     <span class='ocr_line' id='line_1_34' title="bbox 1786 687 3345 758; baseline 0.001 -16"><span class='ocrx_word' id='word_1_241' title='bbox 1786 687 1975 753; x_wconf 90' lang='lat' dir='ltr'><strong>bitror,</strong></span> <span class='ocrx_word' id='word_1_242' title='bbox 2008 688 2147 758; x_wconf 90' lang='lat' dir='ltr'><strong>quod</strong></span> <span class='ocrx_word' id='word_1_243' title='bbox 2192 696 2440 754; x_wconf 88' lang='lat' dir='ltr'><strong>tanquam</strong></span> <span class='ocrx_word' id='word_1_244' title='bbox 2493 687 2614 742; x_wconf 87' lang='lat' dir='ltr'><strong>linis</strong></span> <span class='ocrx_word' id='word_1_245' title='bbox 2671 687 3014 756; x_wconf 84' lang='lat' dir='ltr'><strong>interpositus</strong></span> <span class='ocrx_word' id='word_1_246' title='bbox 3058 700 3138 744; x_wconf 88' lang='lat' dir='ltr'><strong>est</strong></span> <span class='ocrx_word' id='word_1_247' title='bbox 3180 689 3345 753; x_wconf 71' lang='lat' dir='ltr'><strong>libri,</strong></span> 
     </span>
    </p>
   </div>
   <div class='ocr_carea' id='block_1_35' title="bbox 1782 777 3349 849">
    <p class='ocr_par' dir='ltr' id='par_1_35' title="bbox 1782 777 3349 849">
     <span class='ocr_line' id='line_1_35' title="bbox 1782 777 3349 849; baseline 0.003 -19"><span class='ocrx_word' id='word_1_248' title='bbox 1782 778 1921 847; x_wconf 89' lang='lat' dir='ltr'><strong>quod</strong></span> <span class='ocrx_word' id='word_1_249' title='bbox 1964 789 2107 833; x_wconf 84' lang='lat' dir='ltr'><strong>esset</strong></span> <span class='ocrx_word' id='word_1_250' title='bbox 2134 778 2296 833; x_wconf 88' lang='lat' dir='ltr'><strong>etiam</strong></span> <span class='ocrx_word' id='word_1_251' title='bbox 2328 786 2595 831; x_wconf 78' lang='lat' dir='ltr'><strong>secutura:</strong></span> <span class='ocrx_word' id='word_1_252' title='bbox 2643 777 2963 832; x_wconf 83' lang='lat' dir='ltr'><strong>narrationis</strong></span> <span class='ocrx_word' id='word_1_253' title='bbox 2991 780 3145 848; x_wconf 88' lang='lat' dir='ltr'><strong>quasi</strong></span> <span class='ocrx_word' id='word_1_254' title='bbox 3178 796 3349 849; x_wconf 72' lang='lat' dir='ltr'><strong>prom—</strong></span> 
     </span>
    </p>
   </div>
   <div class='ocr_carea' id='block_1_36' title="bbox 1784 865 3345 939">
    <p class='ocr_par' dir='ltr' id='par_1_36' title="bbox 1784 865 3345 939">
     <span class='ocr_line' id='line_1_36' title="bbox 1784 865 3345 939; baseline 0.002 -18"><span class='ocrx_word' id='word_1_255' title='bbox 1784 868 1967 934; x_wconf 89' lang='lat' dir='ltr'><strong>mium,</strong></span> <span class='ocrx_word' id='word_1_256' title='bbox 2000 867 2142 938; x_wconf 91' lang='lat' dir='ltr'><strong>quod</strong></span> <span class='ocrx_word' id='word_1_257' title='bbox 2174 868 2222 923; x_wconf 90' lang='lat' dir='ltr'><strong>ei</strong></span> <span class='ocrx_word' id='word_1_258' title='bbox 2277 867 2670 939; x_wconf 90' lang='lat' dir='ltr'><strong>quodammodo</strong></span> <span class='ocrx_word' id='word_1_259' title='bbox 2709 865 2910 924; x_wconf 80' lang='lat' dir='ltr'><strong>laceret</strong></span> <span class='ocrx_word' id='word_1_260' title='bbox 2941 868 3345 926; x_wconf 85' lang='lat' dir='ltr'><strong>eminentiorem</strong></span> 
     </span>
    </p>
   </div>
   <div class='ocr_carea' id='block_1_37' title="bbox 1784 961 1979 1016">
    <p class='ocr_par' dir='ltr' id='par_1_37' title="bbox 1784 961 1979 1016">
     <span class='ocr_line' id='line_1_37' title="bbox 1784 961 1979 1016; baseline 0 -1"><span class='ocrx_word' id='word_1_261' title='bbox 1784 961 1979 1016; x_wconf 89' lang='lat' dir='ltr'><strong>locum.</strong></span> 
     </span>
    </p>
   </div>
   <div class='ocr_carea' id='block_1_38' title="bbox 2244 1052 2890 1122">
    <p class='ocr_par' dir='ltr' id='par_1_38' title="bbox 2244 1052 2890 1122">
     <span class='ocr_line' id='line_1_38' title="bbox 2244 1052 2890 1122; baseline 0 -13"><span class='ocrx_word' id='word_1_262' title='bbox 2244 1052 2603 1122; x_wconf 78' lang='lat' dir='ltr'><strong>Apostolorum</strong></span> <span class='ocrx_word' id='word_1_263' title='bbox 2644 1052 2890 1109; x_wconf 78' lang='lat' dir='ltr'><strong>Piscatio.</strong></span> 
     </span>
    </p>
   </div>
   <div class='ocr_carea' id='block_1_39' title="bbox 2364 1166 2767 1223">
    <p class='ocr_par' dir='ltr' id='par_1_39' title="bbox 2364 1166 2767 1223">
     <span class='ocr_line' id='line_1_39' title="bbox 2364 1166 2767 1223; baseline -0.007 -1"><span class='ocrx_word' id='word_1_264' title='bbox 2364 1166 2591 1223; x_wconf 78' lang='lat' dir='ltr'><strong>CAPUT</strong></span> <span class='ocrx_word' id='word_1_265' title='bbox 2630 1166 2767 1221; x_wconf 80' lang='lat' dir='ltr'><strong>XXI.</strong></span> 
     </span>
    </p>
   </div>
   <div class='ocr_carea' id='block_1_40' title="bbox 1853 1257 3351 1328">
    <p class='ocr_par' dir='ltr' id='par_1_40' title="bbox 1853 1257 3351 1328">
     <span class='ocr_line' id='line_1_40' title="bbox 1853 1257 3351 1328; baseline 0.005 -21"><span class='ocrx_word' id='word_1_266' title='bbox 1853 1257 2029 1323; x_wconf 70' lang='lat' dir='ltr'><strong>Quaeri</strong></span> <span class='ocrx_word' id='word_1_267' title='bbox 2062 1258 2196 1312; x_wconf 89' lang='lat' dir='ltr'><strong>solet</strong></span> <span class='ocrx_word' id='word_1_268' title='bbox 2222 1258 2287 1313; x_wconf 91' lang='lat' dir='ltr'><strong>de</strong></span> <span class='ocrx_word' id='word_1_269' title='bbox 2320 1258 2415 1312; x_wconf 84' lang='lat' dir='ltr'><strong>liae</strong></span> <span class='ocrx_word' id='word_1_270' title='bbox 2440 1258 2731 1324; x_wconf 83' lang='lat' dir='ltr'><strong>piscatione</strong></span> <span class='ocrx_word' id='word_1_271' title='bbox 2759 1257 3139 1328; x_wconf 86' lang='lat' dir='ltr'><strong>discipulorum</strong></span> <span class='ocrx_word' id='word_1_272' title='bbox 3169 1273 3351 1314; x_wconf 83' lang='lat' dir='ltr'><strong>utrum</strong></span> 
     </span>
    </p>
   </div>
   <div class='ocr_carea' id='block_1_41' title="bbox 1785 1348 3354 1421">
    <p class='ocr_par' dir='ltr' id='par_1_41' title="bbox 1785 1348 3354 1421">
     <span class='ocr_line' id='line_1_41' title="bbox 1785 1348 3354 1421; baseline 0.001 -18"><span class='ocrx_word' id='word_1_273' title='bbox 1785 1348 2043 1404; x_wconf 88' lang='lat' dir='ltr'><strong>redierint</strong></span> <span class='ocrx_word' id='word_1_274' title='bbox 2090 1350 2277 1405; x_wconf 78' lang='lat' dir='ltr'><strong>Petrus</strong></span> <span class='ocrx_word' id='word_1_275' title='bbox 2323 1359 2377 1404; x_wconf 92' lang='lat' dir='ltr'><strong>et</strong></span> <span class='ocrx_word' id='word_1_276' title='bbox 2417 1350 2508 1404; x_wconf 86' lang='lat' dir='ltr'><strong>lilii</strong></span> <span class='ocrx_word' id='word_1_277' title='bbox 2559 1349 2803 1406; x_wconf 66' lang='lat' dir='ltr'><strong>Zebedaai</strong></span> <span class='ocrx_word' id='word_1_278' title='bbox 2852 1348 3005 1403; x_wconf 81' lang='lat' dir='ltr'><strong>adid</strong></span> <span class='ocrx_word' id='word_1_279' title='bbox 3036 1351 3174 1419; x_wconf 91' lang='lat' dir='ltr'><strong>quod</strong></span> <span class='ocrx_word' id='word_1_280' title='bbox 3208 1353 3354 1421; x_wconf 90' lang='lat' dir='ltr'><strong>prius</strong></span> 
     </span>
    </p>
   </div>
   <div class='ocr_carea' id='block_1_42' title="bbox 1782 1440 3348 1519">
    <p class='ocr_par' dir='ltr' id='par_1_42' title="bbox 1782 1440 3348 1519">
     <span class='ocr_line' id='line_1_42' title="bbox 1782 1440 3348 1519; baseline 0.001 -26"><span class='ocrx_word' id='word_1_281' title='bbox 1782 1440 1989 1495; x_wconf 73' lang='lat' dir='ltr'><strong>fuerant</strong></span> <span class='ocrx_word' id='word_1_282' title='bbox 2038 1457 2194 1508; x_wconf 87' lang='lat' dir='ltr'><strong>quam</strong></span> <span class='ocrx_word' id='word_1_283' title='bbox 2244 1458 2273 1495; x_wconf 89' lang='lat' dir='ltr'><strong>a</strong></span> <span class='ocrx_word' id='word_1_284' title='bbox 2328 1440 2942 1519; x_wconf 39' lang='lat' dir='ltr'><strong>Domino.vocarentur.</strong></span> <span class='ocrx_word' id='word_1_285' title='bbox 2995 1441 3159 1497; x_wconf 81' lang='lat' dir='ltr'><strong>Erant</strong></span> <span class='ocrx_word' id='word_1_286' title='bbox 3210 1441 3348 1497; x_wconf 90' lang='lat' dir='ltr'><strong>enim</strong></span> 
     </span>
    </p>
   </div>
   <div class='ocr_carea' id='block_1_43' title="bbox 1786 1531 3355 1601">
    <p class='ocr_par' dir='ltr' id='par_1_43' title="bbox 1786 1531 3355 1601">
     <span class='ocr_line' id='line_1_43' title="bbox 1786 1531 3355 1601; baseline 0 -18"><span class='ocrx_word' id='word_1_287' title='bbox 1786 1533 2077 1599; x_wconf 75' lang='lat' dir='ltr'><strong>piscatores</strong></span> <span class='ocrx_word' id='word_1_288' title='bbox 2116 1534 2327 1601; x_wconf 87' lang='lat' dir='ltr'><strong>quando</strong></span> <span class='ocrx_word' id='word_1_289' title='bbox 2368 1531 2447 1587; x_wconf 89' lang='lat' dir='ltr'><strong>eis</strong></span> <span class='ocrx_word' id='word_1_290' title='bbox 2475 1532 2644 1587; x_wconf 81' lang='lat' dir='ltr'><strong>dixit:</strong></span> <span class='ocrx_word' id='word_1_291' title='bbox 2686 1531 2865 1586; x_wconf 81' lang='lat' dir='ltr'><strong>Venite</strong></span> <span class='ocrx_word' id='word_1_292' title='bbox 2896 1539 3007 1599; x_wconf 87' lang='lat' dir='ltr'><strong>post</strong></span> <span class='ocrx_word' id='word_1_293' title='bbox 3037 1547 3149 1598; x_wconf 87' lang='lat' dir='ltr'><strong>me,</strong></span> <span class='ocrx_word' id='word_1_294' title='bbox 3187 1542 3230 1585; x_wconf 86' lang='lat' dir='ltr'><strong>et</strong></span> <span class='ocrx_word' id='word_1_295' title='bbox 3272 1531 3355 1600; x_wconf 72' lang='lat' dir='ltr'><strong>fu-</strong></span> 
     </span>
    </p>
   </div>
   <div class='ocr_carea' id='block_1_44' title="bbox 1784 1621 3354 1693">
    <p class='ocr_par' dir='ltr' id='par_1_44' title="bbox 1784 1621 3354 1693">
     <span class='ocr_line' id='line_1_44' title="bbox 1784 1621 3354 1693; baseline 0.001 -17"><span class='ocrx_word' id='word_1_296' title='bbox 1784 1623 1916 1677; x_wconf 89' lang='lat' dir='ltr'><strong>ciam</strong></span> <span class='ocrx_word' id='word_1_297' title='bbox 1948 1640 2035 1677; x_wconf 85' lang='lat' dir='ltr'><strong>vos</strong></span> <span class='ocrx_word' id='word_1_298' title='bbox 2058 1624 2170 1692; x_wconf 81' lang='lat' dir='ltr'><strong>ﬁeri</strong></span> <span class='ocrx_word' id='word_1_299' title='bbox 2202 1624 2477 1690; x_wconf 83' lang='lat' dir='ltr'><strong>piscatores</strong></span> <span class='ocrx_word' id='word_1_300' title='bbox 2506 1624 2769 1676; x_wconf 78' lang='lat' dir='ltr'><strong>hominum</strong></span> <span class='ocrx_word' id='word_1_301' title='bbox 2802 1621 3017 1693; x_wconf 77' lang='lat' dir='ltr'><strong>(Matth.</strong></span> <span class='ocrx_word' id='word_1_302' title='bbox 3044 1624 3177 1688; x_wconf 79' lang='lat' dir='ltr'><strong>xrv).</strong></span> <span class='ocrx_word' id='word_1_303' title='bbox 3204 1622 3354 1678; x_wconf 83' lang='lat' dir='ltr'><strong>Tunc</strong></span> 
     </span>
    </p>
   </div>
   <div class='ocr_carea' id='block_1_45' title="bbox 1784 1714 3347 1784">
    <p class='ocr_par' dir='ltr' id='par_1_45' title="bbox 1784 1714 3347 1784">
     <span class='ocr_line' id='line_1_45' title="bbox 1784 1714 3347 1784; baseline -0.001 -14"><span class='ocrx_word' id='word_1_304' title='bbox 1784 1730 1905 1770; x_wconf 89' lang='lat' dir='ltr'><strong>eum</strong></span> <span class='ocrx_word' id='word_1_305' title='bbox 1937 1714 2135 1784; x_wconf 90' lang='lat' dir='ltr'><strong>quippe</strong></span> <span class='ocrx_word' id='word_1_306' title='bbox 2166 1714 2243 1769; x_wconf 91' lang='lat' dir='ltr'><strong>illi</strong></span> <span class='ocrx_word' id='word_1_307' title='bbox 2273 1714 2436 1769; x_wconf 88' lang='lat' dir='ltr'><strong>secuti</strong></span> <span class='ocrx_word' id='word_1_308' title='bbox 2466 1724 2610 1783; x_wconf 86' lang='lat' dir='ltr'><strong>sunt,</strong></span> <span class='ocrx_word' id='word_1_309' title='bbox 2645 1724 2701 1768; x_wconf 92' lang='lat' dir='ltr'><strong>ut</strong></span> <span class='ocrx_word' id='word_1_310' title='bbox 2754 1714 3058 1781; x_wconf 81' lang='lat' dir='ltr'><strong>magisterio</strong></span> <span class='ocrx_word' id='word_1_311' title='bbox 3088 1714 3225 1784; x_wconf 87' lang='lat' dir='ltr'><strong>ejus,</strong></span> <span class='ocrx_word' id='word_1_312' title='bbox 3261 1731 3347 1769; x_wconf 86' lang='lat' dir='ltr'><strong>re-</strong></span> 
     </span>
    </p>
   </div>
   <div class='ocr_carea' id='block_1_46' title="bbox 1787 1805 3352 1870">
    <p class='ocr_par' dir='ltr' id='par_1_46' title="bbox 1787 1805 3352 1870">
     <span class='ocr_line' id='line_1_46' title="bbox 1787 1805 3352 1870; baseline 0.001 -15"><span class='ocrx_word' id='word_1_313' title='bbox 1787 1805 1921 1859; x_wconf 91' lang='lat' dir='ltr'><strong>lictis</strong></span> <span class='ocrx_word' id='word_1_314' title='bbox 1951 1805 2218 1870; x_wconf 85' lang='lat' dir='ltr'><strong>omnibus,</strong></span> <span class='ocrx_word' id='word_1_315' title='bbox 2250 1805 2606 1869; x_wconf 65' lang='lat' dir='ltr'><strong>adliaercrent,</strong></span> <span class='ocrx_word' id='word_1_316' title='bbox 2639 1805 2689 1859; x_wconf 93' lang='lat' dir='ltr'><strong>in</strong></span> <span class='ocrx_word' id='word_1_317' title='bbox 2718 1812 2940 1869; x_wconf 88' lang='lat' dir='ltr'><strong>tantum,</strong></span> <span class='ocrx_word' id='word_1_318' title='bbox 2963 1814 3019 1856; x_wconf 91' lang='lat' dir='ltr'><strong>ut</strong></span> <span class='ocrx_word' id='word_1_319' title='bbox 3047 1819 3167 1859; x_wconf 92' lang='lat' dir='ltr'><strong>cum</strong></span> <span class='ocrx_word' id='word_1_320' title='bbox 3197 1805 3263 1857; x_wconf 87' lang='lat' dir='ltr'><strong>ab</strong></span> <span class='ocrx_word' id='word_1_321' title='bbox 3286 1820 3352 1859; x_wconf 86' lang='lat' dir='ltr'><strong>eo</strong></span> 
     </span>
    </p>
   </div>
   <div class='ocr_carea' id='block_1_47' title="bbox 1785 1894 3353 1960">
    <p class='ocr_par' dir='ltr' id='par_1_47' title="bbox 1785 1894 3353 1960">
     <span class='ocr_line' id='line_1_47' title="bbox 1785 1894 3353 1960; baseline 0.001 -12"><span class='ocrx_word' id='word_1_322' title='bbox 1785 1896 1936 1949; x_wconf 82' lang='lat' dir='ltr'><strong>dives</strong></span> <span class='ocrx_word' id='word_1_323' title='bbox 1965 1895 2053 1949; x_wconf 91' lang='lat' dir='ltr'><strong>ille</strong></span> <span class='ocrx_word' id='word_1_324' title='bbox 2081 1896 2243 1951; x_wconf 89' lang='lat' dir='ltr'><strong>tristis</strong></span> <span class='ocrx_word' id='word_1_325' title='bbox 2268 1896 2597 1960; x_wconf 88' lang='lat' dir='ltr'><strong>abscederet,</strong></span> <span class='ocrx_word' id='word_1_326' title='bbox 2622 1894 2705 1949; x_wconf 91' lang='lat' dir='ltr'><strong>cui</strong></span> <span class='ocrx_word' id='word_1_327' title='bbox 2734 1896 2942 1949; x_wconf 75' lang='lat' dir='ltr'><strong>dixerat</strong></span> <span class='ocrx_word' id='word_1_328' title='bbox 2969 1914 2981 1948; x_wconf 94' lang='lat'>:</span> <span class='ocrx_word' id='word_1_329' title='bbox 3013 1894 3177 1960; x_wconf 83' lang='lat' dir='ltr'><strong>Vade,</strong></span> <span class='ocrx_word' id='word_1_330' title='bbox 3198 1897 3353 1949; x_wconf 81' lang='lat' dir='ltr'><strong>vende</strong></span> 
     </span>
    </p>
   </div>
   <div class='ocr_carea' id='block_1_48' title="bbox 1784 1983 3351 2054">
    <p class='ocr_par' dir='ltr' id='par_1_48' title="bbox 1784 1983 3351 2054">
     <span class='ocr_line' id='line_1_48' title="bbox 1784 1983 3351 2054; baseline 0 -18"><span class='ocrx_word' id='word_1_331' title='bbox 1784 1987 1954 2039; x_wconf 90' lang='lat' dir='ltr'><strong>omnia</strong></span> <span class='ocrx_word' id='word_1_332' title='bbox 1985 2002 2097 2053; x_wconf 78' lang='lat' dir='ltr'><strong>qua:</strong></span> <span class='ocrx_word' id='word_1_333' title='bbox 2124 1986 2293 2049; x_wconf 85' lang='lat' dir='ltr'><strong>habes,</strong></span> <span class='ocrx_word' id='word_1_334' title='bbox 2331 1996 2375 2038; x_wconf 90' lang='lat' dir='ltr'><strong>et</strong></span> <span class='ocrx_word' id='word_1_335' title='bbox 2400 1985 2467 2038; x_wconf 89' lang='lat' dir='ltr'><strong>da</strong></span> <span class='ocrx_word' id='word_1_336' title='bbox 2492 1986 2815 2054; x_wconf 85' lang='lat' dir='ltr'><strong>pauperibus,</strong></span> <span class='ocrx_word' id='word_1_337' title='bbox 2844 1995 2890 2039; x_wconf 89' lang='lat' dir='ltr'><strong>et</strong></span> <span class='ocrx_word' id='word_1_338' title='bbox 2923 1983 3124 2037; x_wconf 83' lang='lat' dir='ltr'><strong>habebis</strong></span> <span class='ocrx_word' id='word_1_339' title='bbox 3152 1985 3351 2039; x_wconf 85' lang='lat' dir='ltr'><strong>thesau-</strong></span> 
     </span>
    </p>
   </div>
   <div class='ocr_carea' id='block_1_49' title="bbox 1785 2072 3354 2144">
    <p class='ocr_par' dir='ltr' id='par_1_49' title="bbox 1785 2072 3354 2144">
     <span class='ocr_line' id='line_1_49' title="bbox 1785 2072 3354 2144; baseline -0.002 -14"><span class='ocrx_word' id='word_1_340' title='bbox 1785 2094 1894 2130; x_wconf 87' lang='lat' dir='ltr'><strong>rum</strong></span> <span class='ocrx_word' id='word_1_341' title='bbox 1924 2077 1977 2130; x_wconf 88' lang='lat' dir='ltr'><strong>in</strong></span> <span class='ocrx_word' id='word_1_342' title='bbox 2004 2078 2147 2142; x_wconf 79' lang='lat' dir='ltr'><strong>ctelo,</strong></span> <span class='ocrx_word' id='word_1_343' title='bbox 2175 2086 2220 2129; x_wconf 88' lang='lat' dir='ltr'><strong>et</strong></span> <span class='ocrx_word' id='word_1_344' title='bbox 2247 2076 2375 2138; x_wconf 84' lang='lat' dir='ltr'><strong>veni,</strong></span> <span class='ocrx_word' id='word_1_345' title='bbox 2403 2091 2611 2143; x_wconf 81' lang='lat' dir='ltr'><strong>sequere</strong></span> <span class='ocrx_word' id='word_1_346' title='bbox 2640 2090 2717 2127; x_wconf 91' lang='lat' dir='ltr'><strong>me</strong></span> <span class='ocrx_word' id='word_1_347' title='bbox 2751 2072 2963 2144; x_wconf 80' lang='lat' dir='ltr'><strong>(Matth.</strong></span> <span class='ocrx_word' id='word_1_348' title='bbox 2991 2074 3121 2141; x_wconf 79' lang='lat' dir='ltr'><strong>xix),</strong></span> <span class='ocrx_word' id='word_1_349' title='bbox 3152 2074 3354 2128; x_wconf 76' lang='lat' dir='ltr'><strong>diceret</strong></span> 
     </span>
    </p>
   </div>
   <div class='ocr_carea' id='block_1_50' title="bbox 1786 2168 3351 2233">
    <p class='ocr_par' dir='ltr' id='par_1_50' title="bbox 1786 2168 3351 2233">
     <span class='ocr_line' id='line_1_50' title="bbox 1786 2168 3351 2233; baseline -0.004 -7"><span class='ocrx_word' id='word_1_350' title='bbox 1786 2171 1833 2226; x_wconf 90' lang='lat' dir='ltr'><strong>ei</strong></span> <span class='ocrx_word' id='word_1_351' title='bbox 1862 2172 2047 2225; x_wconf 85' lang='lat' dir='ltr'><strong>Petrus</strong></span> <span class='ocrx_word' id='word_1_352' title='bbox 2078 2188 2093 2225; x_wconf 87' lang='lat'><strong>:</strong></span> <span class='ocrx_word' id='word_1_353' title='bbox 2130 2170 2259 2223; x_wconf 83' lang='lat' dir='ltr'><strong>Ecce</strong></span> <span class='ocrx_word' id='word_1_354' title='bbox 2285 2186 2374 2222; x_wconf 87' lang='lat' dir='ltr'><strong>nos</strong></span> <span class='ocrx_word' id='word_1_355' title='bbox 2398 2169 2679 2222; x_wconf 84' lang='lat' dir='ltr'><strong>dimisimus</strong></span> <span class='ocrx_word' id='word_1_356' title='bbox 2709 2169 2902 2233; x_wconf 85' lang='lat' dir='ltr'><strong>omnia,</strong></span> <span class='ocrx_word' id='word_1_357' title='bbox 2928 2178 2976 2221; x_wconf 88' lang='lat' dir='ltr'><strong>et</strong></span> <span class='ocrx_word' id='word_1_358' title='bbox 2998 2168 3155 2221; x_wconf 89' lang='lat' dir='ltr'><strong>secuti</strong></span> <span class='ocrx_word' id='word_1_359' title='bbox 3177 2184 3351 2222; x_wconf 84' lang='lat' dir='ltr'><strong>sumus</strong></span> 
     </span>
    </p>
   </div>
   <div class='ocr_carea' id='block_1_51' title="bbox 1784 2260 3351 2332">
    <p class='ocr_par' dir='ltr' id='par_1_51' title="bbox 1784 2260 3351 2332">
     <span class='ocr_line' id='line_1_51' title="bbox 1784 2260 3351 2332; baseline -0.003 -16"><span class='ocrx_word' id='word_1_360' title='bbox 1784 2272 1831 2316; x_wconf 89' lang='lat' dir='ltr'><strong>te</strong></span> <span class='ocrx_word' id='word_1_361' title='bbox 1859 2263 2071 2332; x_wconf 84' lang='lat' dir='ltr'><strong>(lbid.).</strong></span> <span class='ocrx_word' id='word_1_362' title='bbox 2104 2260 2238 2327; x_wconf 87' lang='lat' dir='ltr'><strong>Quid</strong></span> <span class='ocrx_word' id='word_1_363' title='bbox 2270 2270 2351 2314; x_wconf 90' lang='lat' dir='ltr'><strong>cst</strong></span> <span class='ocrx_word' id='word_1_364' title='bbox 2380 2274 2506 2327; x_wconf 87' lang='lat' dir='ltr'><strong>ergo</strong></span> <span class='ocrx_word' id='word_1_365' title='bbox 2547 2274 2651 2329; x_wconf 84' lang='lat' dir='ltr'><strong>quo</strong></span> <span class='ocrx_word' id='word_1_366' title='bbox 2694 2274 2833 2314; x_wconf 90' lang='lat' dir='ltr'><strong>nunc</strong></span> <span class='ocrx_word' id='word_1_367' title='bbox 2862 2261 3009 2328; x_wconf 88' lang='lat' dir='ltr'><strong>quasi</strong></span> <span class='ocrx_word' id='word_1_368' title='bbox 3052 2262 3351 2327; x_wconf 84' lang='lat' dir='ltr'><strong>apostolatu</strong></span> 
     </span>
    </p>
   </div>
   <div class='ocr_carea' id='block_1_52' title="bbox 1784 2350 3350 2422">
    <p class='ocr_par' dir='ltr' id='par_1_52' title="bbox 1784 2350 3350 2422">
     <span class='ocr_line' id='line_1_52' title="bbox 1784 2350 3350 2422; baseline -0.004 -13"><span class='ocrx_word' id='word_1_369' title='bbox 1784 2355 1969 2410; x_wconf 91' lang='lat' dir='ltr'><strong>relicto</strong></span> <span class='ocrx_word' id='word_1_370' title='bbox 1998 2354 2130 2407; x_wconf 87' lang='lat' dir='ltr'><strong>liunt</strong></span> <span class='ocrx_word' id='word_1_371' title='bbox 2158 2353 2299 2422; x_wconf 90' lang='lat' dir='ltr'><strong>quod</strong></span> <span class='ocrx_word' id='word_1_372' title='bbox 2330 2353 2559 2417; x_wconf 82' lang='lat' dir='ltr'><strong>inerant,</strong></span> <span class='ocrx_word' id='word_1_373' title='bbox 2586 2359 2639 2405; x_wconf 91' lang='lat' dir='ltr'><strong>et</strong></span> <span class='ocrx_word' id='word_1_374' title='bbox 2667 2352 2809 2419; x_wconf 84' lang='lat' dir='ltr'><strong>quod</strong></span> <span class='ocrx_word' id='word_1_375' title='bbox 2838 2350 3154 2404; x_wconf 84' lang='lat' dir='ltr'><strong>dimiserant</strong></span> <span class='ocrx_word' id='word_1_376' title='bbox 3200 2366 3350 2417; x_wconf 74' lang='lat' dir='ltr'><strong>repe~</strong></span> 
     </span>
    </p>
   </div>
   <div class='ocr_carea' id='block_1_53' title="bbox 1784 2439 3353 2514">
    <p class='ocr_par' dir='ltr' id='par_1_53' title="bbox 1784 2439 3353 2514">
     <span class='ocr_line' id='line_1_53' title="bbox 1784 2439 3353 2514; baseline -0.005 -14"><span class='ocrx_word' id='word_1_377' title='bbox 1784 2456 1921 2514; x_wconf 92' lang='lat' dir='ltr'><strong>tunt,</strong></span> <span class='ocrx_word' id='word_1_378' title='bbox 1964 2455 2211 2513; x_wconf 82' lang='lat' dir='ltr'><strong>tanquam</strong></span> <span class='ocrx_word' id='word_1_379' title='bbox 2256 2442 2405 2499; x_wconf 84' lang='lat' dir='ltr'><strong>obliti</strong></span> <span class='ocrx_word' id='word_1_380' title='bbox 2454 2444 2593 2512; x_wconf 87' lang='lat' dir='ltr'><strong>quod</strong></span> <span class='ocrx_word' id='word_1_381' title='bbox 2627 2440 2937 2505; x_wconf 84' lang='lat' dir='ltr'><strong>audierant,</strong></span> <span class='ocrx_word' id='word_1_382' title='bbox 2970 2439 3135 2495; x_wconf 80' lang='lat' dir='ltr'><strong>Nemo</strong></span> <span class='ocrx_word' id='word_1_383' title='bbox 3163 2455 3353 2509; x_wconf 77' lang='lat' dir='ltr'><strong>ponens</strong></span> 
     </span>
    </p>
   </div>
   <div class='ocr_carea' id='block_1_54' title="bbox 1783 2537 3355 2610">
    <p class='ocr_par' dir='ltr' id='par_1_54' title="bbox 1783 2537 3355 2610">
     <span class='ocr_line' id='line_1_54' title="bbox 1783 2537 3355 2610; baseline -0.008 -15"><span class='ocrx_word' id='word_1_384' title='bbox 1783 2557 1987 2595; x_wconf 85' lang='lat' dir='ltr'><strong>manum</strong></span> <span class='ocrx_word' id='word_1_385' title='bbox 2007 2556 2157 2610; x_wconf 85' lang='lat' dir='ltr'><strong>super</strong></span> <span class='ocrx_word' id='word_1_386' title='bbox 2179 2547 2432 2601; x_wconf 87' lang='lat' dir='ltr'><strong>aratrum,</strong></span> <span class='ocrx_word' id='word_1_387' title='bbox 2459 2537 2733 2607; x_wconf 90' lang='lat' dir='ltr'><strong>respiciens</strong></span> <span class='ocrx_word' id='word_1_388' title='bbox 2753 2545 2907 2600; x_wconf 87' lang='lat' dir='ltr'><strong>retro,</strong></span> <span class='ocrx_word' id='word_1_389' title='bbox 2932 2545 3082 2603; x_wconf 86' lang='lat' dir='ltr'><strong>aptus</strong></span> <span class='ocrx_word' id='word_1_390' title='bbox 3102 2543 3176 2588; x_wconf 90' lang='lat' dir='ltr'><strong>est</strong></span> <span class='ocrx_word' id='word_1_391' title='bbox 3197 2550 3355 2605; x_wconf 83' lang='lat' dir='ltr'><strong>regno</strong></span> 
     </span>
    </p>
   </div>
   <div class='ocr_carea' id='block_1_55' title="bbox 1785 2623 3352 2704">
    <p class='ocr_par' dir='ltr' id='par_1_55' title="bbox 1785 2623 3352 2704">
     <span class='ocr_line' id='line_1_55' title="bbox 1785 2623 3352 2704; baseline -0.006 -17"><span class='ocrx_word' id='word_1_392' title='bbox 1785 2633 2027 2687; x_wconf 71' lang='lat' dir='ltr'><strong>calorum</strong></span> <span class='ocrx_word' id='word_1_393' title='bbox 2056 2629 2205 2701; x_wconf 91' lang='lat' dir='ltr'><strong>(Luc.</strong></span> <span class='ocrx_word' id='word_1_394' title='bbox 2238 2628 2349 2699; x_wconf 75' lang='lat' dir='ltr'><strong>Ix)?</strong></span> <span class='ocrx_word' id='word_1_395' title='bbox 2375 2628 2526 2695; x_wconf 85' lang='lat' dir='ltr'><strong>Quod</strong></span> <span class='ocrx_word' id='word_1_396' title='bbox 2568 2627 2613 2681; x_wconf 91' lang='lat' dir='ltr'><strong>si</strong></span> <span class='ocrx_word' id='word_1_397' title='bbox 2655 2626 2905 2682; x_wconf 83' lang='lat' dir='ltr'><strong>fecissent</strong></span> <span class='ocrx_word' id='word_1_398' title='bbox 2948 2624 3199 2704; x_wconf 70' lang='lat' dir='ltr'><strong>defuncto</strong></span> <span class='ocrx_word' id='word_1_399' title='bbox 3226 2623 3352 2677; x_wconf 81' lang='lat' dir='ltr'><strong>Jesu</strong></span> 
     </span>
    </p>
   </div>
   <div class='ocr_carea' id='block_1_56' title="bbox 1789 2705 3351 2793">
    <p class='ocr_par' dir='ltr' id='par_1_56' title="bbox 1789 2705 3351 2793">
     <span class='ocr_line' id='line_1_56' title="bbox 1789 2705 3351 2793; baseline -0.006 -16"><span class='ocrx_word' id='word_1_400' title='bbox 1789 2724 1935 2793; x_wconf 89' lang='lat' dir='ltr'><strong>prius</strong></span> <span class='ocrx_word' id='word_1_401' title='bbox 1980 2738 2137 2789; x_wconf 91' lang='lat' dir='ltr'><strong>quam</strong></span> <span class='ocrx_word' id='word_1_402' title='bbox 2185 2720 2563 2775; x_wconf 87' lang='lat' dir='ltr'><strong>resurrexisset</strong></span> <span class='ocrx_word' id='word_1_403' title='bbox 2608 2732 2637 2771; x_wconf 91' lang='lat' dir='ltr'><strong>a</strong></span> <span class='ocrx_word' id='word_1_404' title='bbox 2689 2718 2910 2772; x_wconf 88' lang='lat' dir='ltr'><strong>mortuis</strong></span> <span class='ocrx_word' id='word_1_405' title='bbox 2938 2716 3099 2786; x_wconf 90' lang='lat' dir='ltr'><strong>(quod</strong></span> <span class='ocrx_word' id='word_1_406' title='bbox 3140 2705 3351 2785; x_wconf 85' lang='lat' dir='ltr'><strong>quidem</strong></span> 
     </span>
    </p>
   </div>
   <div class='ocr_carea' id='block_1_57' title="bbox 1788 2807 3351 2883">
    <p class='ocr_par' dir='ltr' id='par_1_57' title="bbox 1788 2807 3351 2883">
     <span class='ocr_line' id='line_1_57' title="bbox 1788 2807 3351 2883; baseline -0.005 -16"><span class='ocrx_word' id='word_1_407' title='bbox 1788 2830 1890 2867; x_wconf 93' lang='lat' dir='ltr'><strong>non</strong></span> <span class='ocrx_word' id='word_1_408' title='bbox 1923 2820 2193 2883; x_wconf 88' lang='lat' dir='ltr'><strong>poterant,</strong></span> <span class='ocrx_word' id='word_1_409' title='bbox 2228 2812 2474 2881; x_wconf 91' lang='lat' dir='ltr'><strong>quoniam</strong></span> <span class='ocrx_word' id='word_1_410' title='bbox 2500 2810 2613 2865; x_wconf 88' lang='lat' dir='ltr'><strong>dies</strong></span> <span class='ocrx_word' id='word_1_411' title='bbox 2644 2825 2749 2878; x_wconf 86' lang='lat' dir='ltr'><strong>quo</strong></span> <span class='ocrx_word' id='word_1_412' title='bbox 2777 2807 3070 2863; x_wconf 76' lang='lat' dir='ltr'><strong>crucifixus</strong></span> <span class='ocrx_word' id='word_1_413' title='bbox 3100 2818 3181 2861; x_wconf 87' lang='lat' dir='ltr'><strong>est</strong></span> <span class='ocrx_word' id='word_1_414' title='bbox 3213 2815 3351 2860; x_wconf 86' lang='lat' dir='ltr'><strong>totos</strong></span> 
     </span>
    </p>
   </div>
   <div class='ocr_carea' id='block_1_58' title="bbox 1786 2898 3353 2969">
    <p class='ocr_par' dir='ltr' id='par_1_58' title="bbox 1786 2898 3353 2969">
     <span class='ocr_line' id='line_1_58' title="bbox 1786 2898 3353 2969; baseline -0.006 -9"><span class='ocrx_word' id='word_1_415' title='bbox 1786 2920 1878 2960; x_wconf 89' lang='lat' dir='ltr'><strong>cos</strong></span> <span class='ocrx_word' id='word_1_416' title='bbox 1915 2904 2130 2959; x_wconf 90' lang='lat' dir='ltr'><strong>tenebat</strong></span> <span class='ocrx_word' id='word_1_417' title='bbox 2158 2912 2388 2957; x_wconf 87' lang='lat' dir='ltr'><strong>attentos</strong></span> <span class='ocrx_word' id='word_1_418' title='bbox 2413 2916 2582 2969; x_wconf 82' lang='lat' dir='ltr'><strong>usque</strong></span> <span class='ocrx_word' id='word_1_419' title='bbox 2614 2902 2677 2952; x_wconf 90' lang='lat' dir='ltr'><strong>ad</strong></span> <span class='ocrx_word' id='word_1_420' title='bbox 2708 2898 2827 2968; x_wconf 83' lang='lat' dir='ltr'><strong>ejus</strong></span> <span class='ocrx_word' id='word_1_421' title='bbox 2852 2898 3207 2968; x_wconf 81' lang='lat' dir='ltr'><strong>sepulturam,</strong></span> <span class='ocrx_word' id='word_1_422' title='bbox 3235 2912 3353 2965; x_wconf 65' lang='lat' dir='ltr'><strong>quin</strong></span> 
     </span>
    </p>
   </div>
   <div class='ocr_carea' id='block_1_59' title="bbox 1786 2989 3358 3060">
    <p class='ocr_par' dir='ltr' id='par_1_59' title="bbox 1786 2989 3358 3060">
     <span class='ocr_line' id='line_1_59' title="bbox 1786 2989 3358 3060; baseline -0.004 -14"><span class='ocrx_word' id='word_1_423' title='bbox 1786 3002 1909 3047; x_wconf 89' lang='lat' dir='ltr'><strong>ante</strong></span> <span class='ocrx_word' id='word_1_424' title='bbox 1937 3007 2212 3060; x_wconf 85' lang='lat' dir='ltr'><strong>vesperam</strong></span> <span class='ocrx_word' id='word_1_425' title='bbox 2268 2990 2403 3045; x_wconf 81' lang='lat' dir='ltr'><strong>facta</strong></span> <span class='ocrx_word' id='word_1_426' title='bbox 2435 2998 2553 3052; x_wconf 84' lang='lat' dir='ltr'><strong>est;</strong></span> <span class='ocrx_word' id='word_1_427' title='bbox 2586 3003 2815 3057; x_wconf 87' lang='lat' dir='ltr'><strong>sequens</strong></span> <span class='ocrx_word' id='word_1_428' title='bbox 2856 2998 3032 3042; x_wconf 89' lang='lat' dir='ltr'><strong>autem</strong></span> <span class='ocrx_word' id='word_1_429' title='bbox 3082 2989 3196 3040; x_wconf 89' lang='lat' dir='ltr'><strong>dies</strong></span> <span class='ocrx_word' id='word_1_430' title='bbox 3241 2996 3358 3040; x_wconf 87' lang='lat' dir='ltr'><strong>erat</strong></span> 
     </span>
    </p>
   </div>
   <div class='ocr_carea' id='block_1_60' title="bbox 1786 3077 3357 3151">
    <p class='ocr_par' dir='ltr' id='par_1_60' title="bbox 1786 3077 3357 3151">
     <span class='ocr_line' id='line_1_60' title="bbox 1786 3077 3357 3151; baseline -0.004 -15"><span class='ocrx_word' id='word_1_431' title='bbox 1786 3083 2037 3147; x_wconf 87' lang='lat' dir='ltr'><strong>Sabbati,</strong></span> <span class='ocrx_word' id='word_1_432' title='bbox 2093 3080 2303 3151; x_wconf 88' lang='lat' dir='ltr'><strong>quando</strong></span> <span class='ocrx_word' id='word_1_433' title='bbox 2356 3081 2432 3135; x_wconf 87' lang='lat' dir='ltr'><strong>eis</strong></span> <span class='ocrx_word' id='word_1_434' title='bbox 2490 3080 2714 3148; x_wconf 87' lang='lat' dir='ltr'><strong>patrium</strong></span> <span class='ocrx_word' id='word_1_435' title='bbox 2774 3092 2974 3133; x_wconf 91' lang='lat' dir='ltr'><strong>morem</strong></span> <span class='ocrx_word' id='word_1_436' title='bbox 3023 3077 3357 3133; x_wconf 85' lang='lat' dir='ltr'><strong>servantibus</strong></span> 
     </span>
    </p>
   </div>
   <div class='ocr_carea' id='block_1_61' title="bbox 186 3167 3359 3261">
    <p class='ocr_par' dir='ltr' id='par_1_61' title="bbox 186 3167 3359 3261">
     <span class='ocr_line' id='line_1_61' title="bbox 186 3167 3359 3261; baseline 0 -41"><span class='ocrx_word' id='word_1_437' title='bbox 186 3168 322 3234; x_wconf 82' lang='lat' dir='ltr'><strong>Quia</strong></span> <span class='ocrx_word' id='word_1_438' title='bbox 362 3169 535 3222; x_wconf 81' lang='lat' dir='ltr'><strong>vidisti</strong></span> <span class='ocrx_word' id='word_1_439' title='bbox 571 3184 670 3233; x_wconf 84' lang='lat' dir='ltr'><strong>me,</strong></span> <span class='ocrx_word' id='word_1_440' title='bbox 724 3168 1002 3223; x_wconf 83' lang='lat' dir='ltr'><strong>credidisti.</strong></span> <span class='ocrx_word' id='word_1_441' title='bbox 1032 3167 1147 3223; x_wconf 82' lang='lat' dir='ltr'><strong>Non</strong></span> <span class='ocrx_word' id='word_1_442' title='bbox 1179 3170 1255 3223; x_wconf 89' lang='lat' dir='ltr'><strong>ait</strong></span> <span class='ocrx_word' id='word_1_443' title='bbox 1278 3168 1522 3238; x_wconf 76' lang='lat' dir='ltr'><strong>Tetigisti</strong></span> <span class='ocrx_word' id='word_1_444' title='bbox 1550 3183 1634 3223; x_wconf 91' lang='lat' dir='ltr'><strong>me</strong></span> <span class='ocrx_word' id='word_1_445' title='bbox 1665 3210 1680 3234; x_wconf 92' lang='lat'><strong>,</strong></span> <span class='ocrx_word' id='word_1_446' title='bbox 1708 3199 1757 3261; x_wconf 63' lang='grc' dir='ltr'>ο</span> <span class='ocrx_word' id='word_1_447' title='bbox 1790 3174 1999 3243; x_wconf 88' lang='lat' dir='ltr'><strong>operari</strong></span> <span class='ocrx_word' id='word_1_448' title='bbox 2033 3174 2210 3240; x_wconf 79' lang='lat' dir='ltr'><strong>utique</strong></span> <span class='ocrx_word' id='word_1_449' title='bbox 2243 3172 2468 3235; x_wconf 86' lang='lat' dir='ltr'><strong>licebat;</strong></span> <span class='ocrx_word' id='word_1_450' title='bbox 2505 3172 2661 3224; x_wconf 86' lang='lat' dir='ltr'><strong>tertio</strong></span> <span class='ocrx_word' id='word_1_451' title='bbox 2691 3185 2816 3224; x_wconf 88' lang='lat' dir='ltr'><strong>vero</strong></span> <span class='ocrx_word' id='word_1_452' title='bbox 2858 3169 2945 3223; x_wconf 91' lang='lat' dir='ltr'><strong>die</strong></span> <span class='ocrx_word' id='word_1_453' title='bbox 2991 3168 3245 3222; x_wconf 76' lang='lat' dir='ltr'><strong>Dominus</strong></span> <span class='ocrx_word' id='word_1_454' title='bbox 3272 3182 3359 3221; x_wconf 83' lang='lat' dir='ltr'><strong>re-</strong></span> 
     </span>
    </p>
   </div>
   <div class='ocr_carea' id='block_1_62' title="bbox 123 3260 1686 3330">
    <p class='ocr_par' dir='ltr' id='par_1_62' title="bbox 123 3260 1686 3330">
     <span class='ocr_line' id='line_1_62' title="bbox 123 3260 1686 3330; baseline -0.001 -15"><span class='ocrx_word' id='word_1_455' title='bbox 123 3260 207 3315; x_wconf 81' lang='lat' dir='ltr'><strong>sed</strong></span> <span class='ocrx_word' id='word_1_456' title='bbox 235 3261 410 3315; x_wconf 74' lang='lat' dir='ltr'><strong>uidisti</strong></span> <span class='ocrx_word' id='word_1_457' title='bbox 439 3276 539 3326; x_wconf 88' lang='lat' dir='ltr'><strong>me,</strong></span> <span class='ocrx_word' id='word_1_458' title='bbox 571 3262 823 3329; x_wconf 89' lang='lat' dir='ltr'><strong>quoniam</strong></span> <span class='ocrx_word' id='word_1_459' title='bbox 853 3261 1115 3330; x_wconf 70' lang='lat' dir='ltr'><strong>generalis</strong></span> <span class='ocrx_word' id='word_1_460' title='bbox 1142 3260 1534 3330; x_wconf 88' lang='lat' dir='ltr'><strong>quodammodo</strong></span> <span class='ocrx_word' id='word_1_461' title='bbox 1563 3276 1686 3314; x_wconf 79' lang='lat' dir='ltr'><strong>sen-</strong></span> 
     </span>
    </p>
   </div>
   <div class='ocr_carea' id='block_1_63' title="bbox 124 3352 1689 3421">
    <p class='ocr_par' dir='ltr' id='par_1_63' title="bbox 124 3352 1689 3421">
     <span class='ocr_line' id='line_1_63' title="bbox 124 3352 1689 3421; baseline 0.001 -16"><span class='ocrx_word' id='word_1_462' title='bbox 124 3369 206 3407; x_wconf 78' lang='lat' dir='ltr'><strong>sus</strong></span> <span class='ocrx_word' id='word_1_463' title='bbox 231 3362 313 3406; x_wconf 85' lang='lat' dir='ltr'><strong>est</strong></span> <span class='ocrx_word' id='word_1_464' title='bbox 345 3353 518 3407; x_wconf 85' lang='lat' dir='ltr'><strong>visus.</strong></span> <span class='ocrx_word' id='word_1_465' title='bbox 552 3352 682 3407; x_wconf 77' lang='lat' dir='ltr'><strong>Nam</strong></span> <span class='ocrx_word' id='word_1_466' title='bbox 715 3362 768 3407; x_wconf 90' lang='lat' dir='ltr'><strong>et</strong></span> <span class='ocrx_word' id='word_1_467' title='bbox 818 3368 909 3421; x_wconf 89' lang='lat' dir='ltr'><strong>per</strong></span> <span class='ocrx_word' id='word_1_468' title='bbox 938 3353 1072 3407; x_wconf 88' lang='lat' dir='ltr'><strong>alios</strong></span> <span class='ocrx_word' id='word_1_469' title='bbox 1102 3362 1327 3421; x_wconf 88' lang='lat' dir='ltr'><strong>quatuor</strong></span> <span class='ocrx_word' id='word_1_470' title='bbox 1357 3367 1549 3408; x_wconf 87' lang='lat' dir='ltr'><strong>sensus</strong></span> <span class='ocrx_word' id='word_1_471' title='bbox 1596 3369 1689 3407; x_wconf 85' lang='lat' dir='ltr'><strong>no-</strong></span> 
     </span>
    </p>
   </div>
   <div class='ocr_carea' id='block_1_64' title="bbox 124 3443 1687 3512">
    <p class='ocr_par' dir='ltr' id='par_1_64' title="bbox 124 3443 1687 3512">
     <span class='ocr_line' id='line_1_64' title="bbox 124 3443 1687 3512; baseline 0.003 -18"><span class='ocrx_word' id='word_1_472' title='bbox 124 3443 308 3497; x_wconf 85' lang='lat' dir='ltr'><strong>minari</strong></span> <span class='ocrx_word' id='word_1_473' title='bbox 337 3444 495 3509; x_wconf 89' lang='lat' dir='ltr'><strong>solet,</strong></span> <span class='ocrx_word' id='word_1_474' title='bbox 517 3444 665 3497; x_wconf 90' lang='lat' dir='ltr'><strong>velut</strong></span> <span class='ocrx_word' id='word_1_475' title='bbox 688 3458 810 3498; x_wconf 90' lang='lat' dir='ltr'><strong>cum</strong></span> <span class='ocrx_word' id='word_1_476' title='bbox 839 3444 1064 3499; x_wconf 86' lang='lat' dir='ltr'><strong>dicimus</strong></span> <span class='ocrx_word' id='word_1_477' title='bbox 1095 3462 1109 3499; x_wconf 88' lang='lat'><strong>:</strong></span> <span class='ocrx_word' id='word_1_478' title='bbox 1142 3443 1280 3498; x_wconf 85' lang='lat' dir='ltr'><strong>Audi</strong></span> <span class='ocrx_word' id='word_1_479' title='bbox 1305 3454 1357 3498; x_wconf 83' lang='lat' dir='ltr'><strong>et</strong></span> <span class='ocrx_word' id='word_1_480' title='bbox 1386 3445 1508 3499; x_wconf 87' lang='lat' dir='ltr'><strong>vide</strong></span> <span class='ocrx_word' id='word_1_481' title='bbox 1531 3461 1687 3512; x_wconf 89' lang='lat' dir='ltr'><strong>quam</strong></span> 
     </span>
    </p>
   </div>
   <div class='ocr_carea' id='block_1_65' title="bbox 124 3534 1689 3606">
    <p class='ocr_par' dir='ltr' id='par_1_65' title="bbox 124 3534 1689 3606">
     <span class='ocr_line' id='line_1_65' title="bbox 124 3534 1689 3606; baseline 0.001 -18"><span class='ocrx_word' id='word_1_482' title='bbox 124 3534 254 3589; x_wconf 86' lang='lat' dir='ltr'><strong>bene</strong></span> <span class='ocrx_word' id='word_1_483' title='bbox 284 3544 446 3589; x_wconf 84' lang='lat' dir='ltr'><strong>sonet</strong></span> <span class='ocrx_word' id='word_1_484' title='bbox 474 3576 491 3600; x_wconf 89' lang='lat'><strong>,</strong></span> <span class='ocrx_word' id='word_1_485' title='bbox 525 3534 679 3590; x_wconf 86' lang='lat' dir='ltr'><strong>Oliac</strong></span> <span class='ocrx_word' id='word_1_486' title='bbox 711 3546 765 3589; x_wconf 92' lang='lat' dir='ltr'><strong>et</strong></span> <span class='ocrx_word' id='word_1_487' title='bbox 799 3534 920 3591; x_wconf 87' lang='lat' dir='ltr'><strong>vide</strong></span> <span class='ocrx_word' id='word_1_488' title='bbox 946 3552 1103 3606; x_wconf 90' lang='lat' dir='ltr'><strong>quam</strong></span> <span class='ocrx_word' id='word_1_489' title='bbox 1136 3537 1271 3591; x_wconf 87' lang='lat' dir='ltr'><strong>bene</strong></span> <span class='ocrx_word' id='word_1_490' title='bbox 1302 3537 1442 3590; x_wconf 87' lang='lat' dir='ltr'><strong>oleat</strong></span> <span class='ocrx_word' id='word_1_491' title='bbox 1468 3578 1482 3601; x_wconf 91' lang='lat'><strong>,</strong></span> <span class='ocrx_word' id='word_1_492' title='bbox 1525 3535 1689 3589; x_wconf 78' lang='lat' dir='ltr'><strong>Gustu</strong></span> 
     </span>
    </p>
   </div>
   <div class='ocr_carea' id='block_1_66' title="bbox 126 3626 1691 3699">
    <p class='ocr_par' dir='ltr' id='par_1_66' title="bbox 126 3626 1691 3699">
     <span class='ocr_line' id='line_1_66' title="bbox 126 3626 1691 3699; baseline 0.004 -22"><span class='ocrx_word' id='word_1_493' title='bbox 126 3634 175 3677; x_wconf 87' lang='lat' dir='ltr'><strong>et</strong></span> <span class='ocrx_word' id='word_1_494' title='bbox 204 3626 326 3681; x_wconf 78' lang='lat' dir='ltr'><strong>vide</strong></span> <span class='ocrx_word' id='word_1_495' title='bbox 355 3642 515 3694; x_wconf 85' lang='lat' dir='ltr'><strong>quam</strong></span> <span class='ocrx_word' id='word_1_496' title='bbox 549 3627 686 3683; x_wconf 88' lang='lat' dir='ltr'><strong>bene</strong></span> <span class='ocrx_word' id='word_1_497' title='bbox 709 3630 899 3696; x_wconf 88' lang='lat' dir='ltr'><strong>sapiat,</strong></span> <span class='ocrx_word' id='word_1_498' title='bbox 932 3629 1111 3699; x_wconf 86' lang='lat' dir='ltr'><strong>Tange</strong></span> <span class='ocrx_word' id='word_1_499' title='bbox 1142 3640 1192 3683; x_wconf 91' lang='lat' dir='ltr'><strong>et</strong></span> <span class='ocrx_word' id='word_1_500' title='bbox 1219 3628 1338 3684; x_wconf 92' lang='lat' dir='ltr'><strong>vide</strong></span> <span class='ocrx_word' id='word_1_501' title='bbox 1360 3644 1517 3697; x_wconf 87' lang='lat' dir='ltr'><strong>quam</strong></span> <span class='ocrx_word' id='word_1_502' title='bbox 1552 3628 1691 3683; x_wconf 91' lang='lat' dir='ltr'><strong>bene</strong></span> 
     </span>
    </p>
   </div>
   <div class='ocr_carea' id='block_1_67' title="bbox 124 3716 1691 3789">
    <p class='ocr_par' dir='ltr' id='par_1_67' title="bbox 124 3716 1691 3789">
     <span class='ocr_line' id='line_1_67' title="bbox 124 3716 1691 3789; baseline 0.003 -20"><span class='ocrx_word' id='word_1_503' title='bbox 124 3716 309 3771; x_wconf 89' lang='lat' dir='ltr'><strong>caleat.</strong></span> <span class='ocrx_word' id='word_1_504' title='bbox 353 3716 560 3787; x_wconf 86' lang='lat' dir='ltr'><strong>Ubique</strong></span> <span class='ocrx_word' id='word_1_505' title='bbox 610 3721 790 3773; x_wconf 86' lang='lat' dir='ltr'><strong>sonuit</strong></span> <span class='ocrx_word' id='word_1_506' title='bbox 832 3722 962 3784; x_wconf 76' lang='lat' dir='ltr'><strong>vide,</strong></span> <span class='ocrx_word' id='word_1_507' title='bbox 994 3736 1113 3774; x_wconf 89' lang='lat' dir='ltr'><strong>cum</strong></span> <span class='ocrx_word' id='word_1_508' title='bbox 1153 3722 1298 3775; x_wconf 89' lang='lat' dir='ltr'><strong>visus</strong></span> <span class='ocrx_word' id='word_1_509' title='bbox 1346 3721 1557 3789; x_wconf 84' lang='lat' dir='ltr'><strong>proprie</strong></span> <span class='ocrx_word' id='word_1_510' title='bbox 1590 3734 1691 3773; x_wconf 88' lang='lat' dir='ltr'><strong>non</strong></span> 
     </span>
    </p>
   </div>
   <div class='ocr_carea' id='block_1_68' title="bbox 127 3809 1693 3881">
    <p class='ocr_par' dir='ltr' id='par_1_68' title="bbox 127 3809 1693 3881">
     <span class='ocr_line' id='line_1_68' title="bbox 127 3809 1693 3881; baseline 0.004 -22"><span class='ocrx_word' id='word_1_511' title='bbox 127 3818 343 3875; x_wconf 87' lang='lat' dir='ltr'><strong>negetur</strong></span> <span class='ocrx_word' id='word_1_512' title='bbox 379 3810 447 3863; x_wconf 90' lang='lat' dir='ltr'><strong>ad</strong></span> <span class='ocrx_word' id='word_1_513' title='bbox 492 3809 675 3865; x_wconf 87' lang='lat' dir='ltr'><strong>oculos</strong></span> <span class='ocrx_word' id='word_1_514' title='bbox 708 3811 998 3879; x_wconf 84' lang='lat' dir='ltr'><strong>pertinere.</strong></span> <span class='ocrx_word' id='word_1_515' title='bbox 1030 3812 1181 3867; x_wconf 90' lang='lat' dir='ltr'><strong>Unde</strong></span> <span class='ocrx_word' id='word_1_516' title='bbox 1221 3822 1275 3867; x_wconf 92' lang='lat' dir='ltr'><strong>et</strong></span> <span class='ocrx_word' id='word_1_517' title='bbox 1306 3811 1392 3866; x_wconf 86' lang='lat' dir='ltr'><strong>liic</strong></span> <span class='ocrx_word' id='word_1_518' title='bbox 1424 3813 1535 3881; x_wconf 91' lang='lat' dir='ltr'><strong>ipse</strong></span> <span class='ocrx_word' id='word_1_519' title='bbox 1583 3810 1693 3865; x_wconf 88' lang='lat' dir='ltr'><strong>Do-</strong></span> 
     </span>
    </p>
   </div>
   <div class='ocr_carea' id='block_1_69' title="bbox 128 3911 343 3952">
    <p class='ocr_par' dir='ltr' id='par_1_69' title="bbox 128 3911 343 3952">
     <span class='ocr_line' id='line_1_69' title="bbox 128 3911 343 3952; baseline 0.023 -5"><span class='ocrx_word' id='word_1_520' title='bbox 128 3911 298 3952; x_wconf 84' lang='lat' dir='ltr'><strong>minus</strong></span> <span class='ocrx_word' id='word_1_521' title='bbox 330 3916 343 3952; x_wconf 76' lang='grc' dir='ltr'>ζ</span> 
     </span>
    </p>
   </div>
   <div class='ocr_carea' id='block_1_70' title="bbox 195 3987 1695 4064">
    <p class='ocr_par' dir='ltr' id='par_1_70' title="bbox 195 3987 1695 4064">
     <span class='ocr_line' id='line_1_70' title="bbox 195 3987 1695 4064; baseline 0.005 -22"><span class='ocrx_word' id='word_1_522' title='bbox 195 3987 362 4059; x_wconf 77' lang='lat' dir='ltr'><strong>Infer,</strong></span> <span class='ocrx_word' id='word_1_523' title='bbox 393 3989 585 4061; x_wconf 89' lang='lat' dir='ltr'><strong>inquit,</strong></span> <span class='ocrx_word' id='word_1_524' title='bbox 609 3994 826 4064; x_wconf 82' lang='lat' dir='ltr'><strong>digitum</strong></span> <span class='ocrx_word' id='word_1_525' title='bbox 849 4004 1011 4060; x_wconf 88' lang='lat' dir='ltr'><strong>tuum,</strong></span> <span class='ocrx_word' id='word_1_526' title='bbox 1036 4002 1085 4048; x_wconf 90' lang='lat' dir='ltr'><strong>et</strong></span> <span class='ocrx_word' id='word_1_527' title='bbox 1107 3996 1215 4048; x_wconf 88' lang='lat' dir='ltr'><strong>vide</strong></span> <span class='ocrx_word' id='word_1_528' title='bbox 1236 4012 1417 4049; x_wconf 84' lang='lat' dir='ltr'><strong>manus</strong></span> <span class='ocrx_word' id='word_1_529' title='bbox 1443 4012 1602 4049; x_wconf 89' lang='lat' dir='ltr'><strong>meas.</strong></span> <span class='ocrx_word' id='word_1_530' title='bbox 1630 3996 1695 4051; x_wconf 84' lang='lat' dir='ltr'><strong>Et</strong></span> 
     </span>
    </p>
   </div>
   <div class='ocr_carea' id='block_1_71' title="bbox 130 4081 1695 4154">
    <p class='ocr_par' dir='ltr' id='par_1_71' title="bbox 130 4081 1695 4154">
     <span class='ocr_line' id='line_1_71' title="bbox 130 4081 1695 4154; baseline 0.005 -23"><span class='ocrx_word' id='word_1_531' title='bbox 130 4082 248 4149; x_wconf 86' lang='lat' dir='ltr'><strong>quid</strong></span> <span class='ocrx_word' id='word_1_532' title='bbox 272 4081 419 4135; x_wconf 91' lang='lat' dir='ltr'><strong>aliud</strong></span> <span class='ocrx_word' id='word_1_533' title='bbox 448 4084 521 4136; x_wconf 88' lang='lat' dir='ltr'><strong>ait</strong></span> <span class='ocrx_word' id='word_1_534' title='bbox 552 4098 709 4153; x_wconf 88' lang='lat' dir='ltr'><strong>quam</strong></span> <span class='ocrx_word' id='word_1_535' title='bbox 735 4093 891 4154; x_wconf 85' lang='lat' dir='ltr'><strong>tange</strong></span> <span class='ocrx_word' id='word_1_536' title='bbox 916 4095 970 4139; x_wconf 90' lang='lat' dir='ltr'><strong>et</strong></span> <span class='ocrx_word' id='word_1_537' title='bbox 1001 4086 1153 4139; x_wconf 77' lang='lat' dir='ltr'><strong>vide?</strong></span> <span class='ocrx_word' id='word_1_538' title='bbox 1186 4101 1283 4139; x_wconf 89' lang='lat' dir='ltr'><strong>nec</strong></span> <span class='ocrx_word' id='word_1_539' title='bbox 1306 4096 1479 4139; x_wconf 89' lang='lat' dir='ltr'><strong>tamen</strong></span> <span class='ocrx_word' id='word_1_540' title='bbox 1511 4087 1695 4140; x_wconf 88' lang='lat' dir='ltr'><strong>oculos</strong></span> 
     </span>
    </p>
   </div>
   <div class='ocr_carea' id='block_1_72' title="bbox 133 4172 1694 4244">
    <p class='ocr_par' dir='ltr' id='par_1_72' title="bbox 133 4172 1694 4244">
     <span class='ocr_line' id='line_1_72' title="bbox 133 4172 1694 4244; baseline 0.003 -21"><span class='ocrx_word' id='word_1_541' title='bbox 133 4173 220 4226; x_wconf 88' lang='lat' dir='ltr'><strong>ille</strong></span> <span class='ocrx_word' id='word_1_542' title='bbox 242 4172 471 4227; x_wconf 79' lang='lat' dir='ltr'><strong>habebat</strong></span> <span class='ocrx_word' id='word_1_543' title='bbox 500 4173 556 4229; x_wconf 85' lang='lat' dir='ltr'><strong>in</strong></span> <span class='ocrx_word' id='word_1_544' title='bbox 584 4173 771 4242; x_wconf 88' lang='lat' dir='ltr'><strong>digito.</strong></span> <span class='ocrx_word' id='word_1_545' title='bbox 798 4172 937 4244; x_wconf 86' lang='lat' dir='ltr'><strong>Ergo</strong></span> <span class='ocrx_word' id='word_1_546' title='bbox 958 4176 1071 4229; x_wconf 86' lang='lat' dir='ltr'><strong>sive</strong></span> <span class='ocrx_word' id='word_1_547' title='bbox 1096 4174 1371 4240; x_wconf 89' lang='lat' dir='ltr'><strong>intuendo,</strong></span> <span class='ocrx_word' id='word_1_548' title='bbox 1397 4176 1509 4229; x_wconf 87' lang='lat' dir='ltr'><strong>sive</strong></span> <span class='ocrx_word' id='word_1_549' title='bbox 1535 4175 1694 4229; x_wconf 89' lang='lat' dir='ltr'><strong>etiam</strong></span> 
     </span>
    </p>
   </div>
   <div class='ocr_carea' id='block_1_73' title="bbox 134 4265 1698 4335">
    <p class='ocr_par' dir='ltr' id='par_1_73' title="bbox 134 4265 1698 4335">
     <span class='ocr_line' id='line_1_73' title="bbox 134 4265 1698 4335; baseline 0.003 -19"><span class='ocrx_word' id='word_1_550' title='bbox 134 4266 417 4333; x_wconf 86' lang='lat' dir='ltr'><strong>tangendo.</strong></span> <span class='ocrx_word' id='word_1_551' title='bbox 447 4265 583 4332; x_wconf 83' lang='lat' dir='ltr'><strong>Quia</strong></span> <span class='ocrx_word' id='word_1_552' title='bbox 604 4267 773 4319; x_wconf 79' lang='lat' dir='ltr'><strong>uidisti</strong></span> <span class='ocrx_word' id='word_1_553' title='bbox 801 4282 899 4334; x_wconf 87' lang='lat' dir='ltr'><strong>me,</strong></span> <span class='ocrx_word' id='word_1_554' title='bbox 934 4267 1125 4335; x_wconf 89' lang='lat' dir='ltr'><strong>inquit,</strong></span> <span class='ocrx_word' id='word_1_555' title='bbox 1150 4268 1433 4332; x_wconf 86' lang='lat' dir='ltr'><strong>credidisti,</strong></span> <span class='ocrx_word' id='word_1_556' title='bbox 1458 4268 1698 4334; x_wconf 80' lang='lat' dir='ltr'><strong>quamvis</strong></span> 
     </span>
    </p>
   </div>
   <div class='ocr_carea' id='block_1_74' title="bbox 133 4357 1696 4429">
    <p class='ocr_par' dir='ltr' id='par_1_74' title="bbox 133 4357 1696 4429">
     <span class='ocr_line' id='line_1_74' title="bbox 133 4357 1696 4429; baseline 0.003 -20"><span class='ocrx_word' id='word_1_557' title='bbox 133 4358 229 4409; x_wconf 89' lang='lat' dir='ltr'><strong>dici</strong></span> <span class='ocrx_word' id='word_1_558' title='bbox 251 4366 453 4429; x_wconf 81' lang='lat' dir='ltr'><strong>posset,</strong></span> <span class='ocrx_word' id='word_1_559' title='bbox 473 4372 579 4411; x_wconf 91' lang='lat' dir='ltr'><strong>non</strong></span> <span class='ocrx_word' id='word_1_560' title='bbox 604 4370 790 4411; x_wconf 88' lang='lat' dir='ltr'><strong>ausum</strong></span> <span class='ocrx_word' id='word_1_561' title='bbox 816 4357 981 4413; x_wconf 81' lang='lat' dir='ltr'><strong>fuisse</strong></span> <span class='ocrx_word' id='word_1_562' title='bbox 1000 4359 1315 4426; x_wconf 89' lang='lat' dir='ltr'><strong>discipulum</strong></span> <span class='ocrx_word' id='word_1_563' title='bbox 1336 4368 1554 4426; x_wconf 87' lang='lat' dir='ltr'><strong>tangere</strong></span> <span class='ocrx_word' id='word_1_564' title='bbox 1576 4374 1696 4413; x_wconf 88' lang='lat' dir='ltr'><strong>cum</strong></span> 
     </span>
    </p>
   </div>
   <div class='ocr_carea' id='block_1_75' title="bbox 135 4446 1695 4518">
    <p class='ocr_par' dir='ltr' id='par_1_75' title="bbox 135 4446 1695 4518">
     <span class='ocr_line' id='line_1_75' title="bbox 135 4446 1695 4518; baseline 0.002 -17"><span class='ocrx_word' id='word_1_565' title='bbox 135 4462 189 4501; x_wconf 87' lang='lat' dir='ltr'><strong>se</strong></span> <span class='ocrx_word' id='word_1_566' title='bbox 218 4446 438 4502; x_wconf 80' lang='lat' dir='ltr'><strong>oﬂ&#39;erret</strong></span> <span class='ocrx_word' id='word_1_567' title='bbox 481 4448 573 4502; x_wconf 90' lang='lat' dir='ltr'><strong>ille</strong></span> <span class='ocrx_word' id='word_1_568' title='bbox 602 4449 946 4518; x_wconf 85' lang='lat' dir='ltr'><strong>tangendum.</strong></span> <span class='ocrx_word' id='word_1_569' title='bbox 977 4448 1090 4502; x_wconf 76' lang='lat' dir='ltr'><strong>Non</strong></span> <span class='ocrx_word' id='word_1_570' title='bbox 1118 4450 1258 4503; x_wconf 92' lang='lat' dir='ltr'><strong>enim</strong></span> <span class='ocrx_word' id='word_1_571' title='bbox 1290 4451 1551 4518; x_wconf 87' lang='lat' dir='ltr'><strong>scriptum</strong></span> <span class='ocrx_word' id='word_1_572' title='bbox 1574 4462 1655 4504; x_wconf 89' lang='lat' dir='ltr'><strong>est</strong></span> <span class='ocrx_word' id='word_1_573' title='bbox 1682 4469 1695 4503; x_wconf 86' lang='lat'>:</span> 
     </span>
    </p>
   </div>
   <div class='ocr_carea' id='block_1_76' title="bbox 1789 3258 3358 3331">
    <p class='ocr_par' dir='ltr' id='par_1_76' title="bbox 1789 3258 3358 3331">
     <span class='ocr_line' id='line_1_76' title="bbox 1789 3258 3358 3331; baseline -0.004 -13"><span class='ocrx_word' id='word_1_574' title='bbox 1789 3266 2057 3330; x_wconf 84' lang='lat' dir='ltr'><strong>surrexit,</strong></span> <span class='ocrx_word' id='word_1_575' title='bbox 2104 3278 2304 3331; x_wconf 84' lang='lat' dir='ltr'><strong>eosque</strong></span> <span class='ocrx_word' id='word_1_576' title='bbox 2354 3262 2619 3316; x_wconf 78' lang='lat' dir='ltr'><strong>revocavit</strong></span> <span class='ocrx_word' id='word_1_577' title='bbox 2666 3262 2729 3313; x_wconf 86' lang='lat' dir='ltr'><strong>ad</strong></span> <span class='ocrx_word' id='word_1_578' title='bbox 2779 3274 2925 3327; x_wconf 86' lang='lat' dir='ltr'><strong>spem</strong></span> <span class='ocrx_word' id='word_1_579' title='bbox 2963 3274 3117 3327; x_wconf 88' lang='lat' dir='ltr'><strong>quam</strong></span> <span class='ocrx_word' id='word_1_580' title='bbox 3162 3258 3227 3312; x_wconf 92' lang='lat' dir='ltr'><strong>de</strong></span> <span class='ocrx_word' id='word_1_581' title='bbox 3266 3258 3358 3311; x_wconf 77' lang='lat' dir='ltr'><strong>illo</strong></span> 
     </span>
    </p>
   </div>
   <div class='ocr_carea' id='block_1_77' title="bbox 1792 3352 3354 3423">
    <p class='ocr_par' dir='ltr' id='par_1_77' title="bbox 1792 3352 3354 3423">
     <span class='ocr_line' id='line_1_77' title="bbox 1792 3352 3354 3423; baseline -0.005 -11"><span class='ocrx_word' id='word_1_582' title='bbox 1792 3373 1895 3412; x_wconf 93' lang='lat' dir='ltr'><strong>non</strong></span> <span class='ocrx_word' id='word_1_583' title='bbox 1924 3356 2121 3410; x_wconf 83' lang='lat' dir='ltr'><strong>habere</strong></span> <span class='ocrx_word' id='word_1_584' title='bbox 2148 3354 2255 3423; x_wconf 85' lang='lat' dir='ltr'><strong>jam</strong></span> <span class='ocrx_word' id='word_1_585' title='bbox 2287 3356 2603 3421; x_wconf 74' lang='lat' dir='ltr'><strong>cmperant),</strong></span> <span class='ocrx_word' id='word_1_586' title='bbox 2634 3362 2809 3405; x_wconf 87' lang='lat' dir='ltr'><strong>tamen</strong></span> <span class='ocrx_word' id='word_1_587' title='bbox 2851 3353 2892 3406; x_wconf 89' lang='lat' dir='ltr'><strong>si</strong></span> <span class='ocrx_word' id='word_1_588' title='bbox 2927 3362 3049 3405; x_wconf 87' lang='lat' dir='ltr'><strong>tunc</strong></span> <span class='ocrx_word' id='word_1_589' title='bbox 3080 3352 3354 3415; x_wconf 81' lang='lat' dir='ltr'><strong>fecissent,</strong></span> 
     </span>
    </p>
   </div>
   <div class='ocr_carea' id='block_1_78' title="bbox 1790 3444 3361 3516">
    <p class='ocr_par' dir='ltr' id='par_1_78' title="bbox 1790 3444 3361 3516">
     <span class='ocr_line' id='line_1_78' title="bbox 1790 3444 3361 3516; baseline -0.004 -15"><span class='ocrx_word' id='word_1_590' title='bbox 1790 3457 2098 3516; x_wconf 83' lang='lat' dir='ltr'><strong>putaremus</strong></span> <span class='ocrx_word' id='word_1_591' title='bbox 2128 3460 2221 3500; x_wconf 91' lang='lat' dir='ltr'><strong>eos</strong></span> <span class='ocrx_word' id='word_1_592' title='bbox 2254 3444 2340 3499; x_wconf 91' lang='lat' dir='ltr'><strong>illa</strong></span> <span class='ocrx_word' id='word_1_593' title='bbox 2378 3459 2495 3513; x_wconf 73' lang='lat' dir='ltr'><strong>qua:</strong></span> <span class='ocrx_word' id='word_1_594' title='bbox 2529 3444 2734 3497; x_wconf 85' lang='lat' dir='ltr'><strong>animos</strong></span> <span class='ocrx_word' id='word_1_595' title='bbox 2780 3457 2963 3496; x_wconf 90' lang='lat' dir='ltr'><strong>eorum</strong></span> <span class='ocrx_word' id='word_1_596' title='bbox 3008 3451 3361 3510; x_wconf 82' lang='lat' dir='ltr'><strong>occupaverat</strong></span> 
     </span>
    </p>
   </div>
   <div class='ocr_carea' id='block_1_79' title="bbox 1792 3532 3360 3605">
    <p class='ocr_par' dir='ltr' id='par_1_79' title="bbox 1792 3532 3360 3605">
     <span class='ocr_line' id='line_1_79' title="bbox 1792 3532 3360 3605; baseline -0.003 -15"><span class='ocrx_word' id='word_1_597' title='bbox 1792 3536 2161 3605; x_wconf 84' lang='lat' dir='ltr'><strong>desperatione</strong></span> <span class='ocrx_word' id='word_1_598' title='bbox 2215 3535 2437 3599; x_wconf 83' lang='lat' dir='ltr'><strong>iecisse;</strong></span> <span class='ocrx_word' id='word_1_599' title='bbox 2485 3549 2625 3588; x_wconf 89' lang='lat' dir='ltr'><strong>nunc</strong></span> <span class='ocrx_word' id='word_1_600' title='bbox 2673 3548 2797 3588; x_wconf 92' lang='lat' dir='ltr'><strong>vero</strong></span> <span class='ocrx_word' id='word_1_601' title='bbox 2836 3543 2953 3600; x_wconf 89' lang='lat' dir='ltr'><strong>post</strong></span> <span class='ocrx_word' id='word_1_602' title='bbox 2991 3548 3111 3588; x_wconf 91' lang='lat' dir='ltr'><strong>eum</strong></span> <span class='ocrx_word' id='word_1_603' title='bbox 3152 3533 3251 3586; x_wconf 89' lang='lat' dir='ltr'><strong>sibi</strong></span> <span class='ocrx_word' id='word_1_604' title='bbox 3292 3532 3360 3586; x_wconf 84' lang='lat' dir='ltr'><strong>de</strong></span> 
     </span>
    </p>
   </div>
   <div class='ocr_carea' id='block_1_80' title="bbox 1791 3622 3361 3696">
    <p class='ocr_par' dir='ltr' id='par_1_80' title="bbox 1791 3622 3361 3696">
     <span class='ocr_line' id='line_1_80' title="bbox 1791 3622 3361 3696; baseline -0.003 -14"><span class='ocrx_word' id='word_1_605' title='bbox 1791 3629 2040 3696; x_wconf 78' lang='lat' dir='ltr'><strong>sepulcro</strong></span> <span class='ocrx_word' id='word_1_606' title='bbox 2085 3626 2351 3681; x_wconf 85' lang='lat' dir='ltr'><strong>redditum</strong></span> <span class='ocrx_word' id='word_1_607' title='bbox 2388 3626 2591 3688; x_wconf 87' lang='lat' dir='ltr'><strong>vivum,</strong></span> <span class='ocrx_word' id='word_1_608' title='bbox 2626 3634 2742 3693; x_wconf 90' lang='lat' dir='ltr'><strong>post</strong></span> <span class='ocrx_word' id='word_1_609' title='bbox 2771 3624 3002 3678; x_wconf 84' lang='lat' dir='ltr'><strong>oblatam</strong></span> <span class='ocrx_word' id='word_1_610' title='bbox 3045 3622 3155 3676; x_wconf 89' lang='lat' dir='ltr'><strong>suis</strong></span> <span class='ocrx_word' id='word_1_611' title='bbox 3192 3622 3361 3677; x_wconf 87' lang='lat' dir='ltr'><strong>oculis</strong></span> 
     </span>
    </p>
   </div>
   <div class='ocr_carea' id='block_1_81' title="bbox 1794 3712 3361 3780">
    <p class='ocr_par' dir='ltr' id='par_1_81' title="bbox 1794 3712 3361 3780">
     <span class='ocr_line' id='line_1_81' title="bbox 1794 3712 3361 3780; baseline -0.005 -7"><span class='ocrx_word' id='word_1_612' title='bbox 1794 3728 1847 3774; x_wconf 90' lang='lat' dir='ltr'><strong>et</strong></span> <span class='ocrx_word' id='word_1_613' title='bbox 1876 3719 2121 3772; x_wconf 88' lang='lat' dir='ltr'><strong>manibus</strong></span> <span class='ocrx_word' id='word_1_614' title='bbox 2160 3731 2265 3771; x_wconf 85' lang='lat' dir='ltr'><strong>non</strong></span> <span class='ocrx_word' id='word_1_615' title='bbox 2294 3716 2465 3769; x_wconf 88' lang='lat' dir='ltr'><strong>solum</strong></span> <span class='ocrx_word' id='word_1_616' title='bbox 2494 3715 2799 3780; x_wconf 86' lang='lat' dir='ltr'><strong>videndam,</strong></span> <span class='ocrx_word' id='word_1_617' title='bbox 2844 3729 3022 3767; x_wconf 78' lang='lat' dir='ltr'><strong>verum</strong></span> <span class='ocrx_word' id='word_1_618' title='bbox 3053 3712 3213 3766; x_wconf 88' lang='lat' dir='ltr'><strong>etiam</strong></span> <span class='ocrx_word' id='word_1_619' title='bbox 3248 3724 3361 3765; x_wconf 86' lang='lat' dir='ltr'><strong>tan—</strong></span> 
     </span>
    </p>
   </div>
   <div class='ocr_carea' id='block_1_82' title="bbox 1795 3803 3363 3879">
    <p class='ocr_par' dir='ltr' id='par_1_82' title="bbox 1795 3803 3363 3879">
     <span class='ocr_line' id='line_1_82' title="bbox 1795 3803 3363 3879; baseline -0.004 -16"><span class='ocrx_word' id='word_1_620' title='bbox 1795 3811 2023 3879; x_wconf 88' lang='lat' dir='ltr'><strong>gendam</strong></span> <span class='ocrx_word' id='word_1_621' title='bbox 2056 3821 2213 3877; x_wconf 90' lang='lat' dir='ltr'><strong>atque</strong></span> <span class='ocrx_word' id='word_1_622' title='bbox 2242 3806 2555 3875; x_wconf 89' lang='lat' dir='ltr'><strong>palpandam</strong></span> <span class='ocrx_word' id='word_1_623' title='bbox 2587 3804 2835 3860; x_wconf 78' lang='lat' dir='ltr'><strong>rediviva:</strong></span> <span class='ocrx_word' id='word_1_624' title='bbox 2866 3803 3042 3858; x_wconf 86' lang='lat' dir='ltr'><strong>carnis</strong></span> <span class='ocrx_word' id='word_1_625' title='bbox 3072 3804 3363 3858; x_wconf 87' lang='lat' dir='ltr'><strong>evidentis-</strong></span> 
     </span>
    </p>
   </div>
   <div class='ocr_carea' id='block_1_83' title="bbox 1796 3898 3365 3966">
    <p class='ocr_par' dir='ltr' id='par_1_83' title="bbox 1796 3898 3365 3966">
     <span class='ocr_line' id='line_1_83' title="bbox 1796 3898 3365 3966; baseline -0.004 -11"><span class='ocrx_word' id='word_1_626' title='bbox 1796 3904 1985 3956; x_wconf 89' lang='lat' dir='ltr'><strong>simam</strong></span> <span class='ocrx_word' id='word_1_627' title='bbox 2019 3903 2294 3954; x_wconf 89' lang='lat' dir='ltr'><strong>veritatem</strong></span> <span class='ocrx_word' id='word_1_628' title='bbox 2317 3941 2332 3964; x_wconf 92' lang='lat'><strong>,</strong></span> <span class='ocrx_word' id='word_1_629' title='bbox 2366 3907 2484 3966; x_wconf 82' lang='lat' dir='ltr'><strong>post</strong></span> <span class='ocrx_word' id='word_1_630' title='bbox 2516 3900 2747 3965; x_wconf 89' lang='lat' dir='ltr'><strong>inspecta</strong></span> <span class='ocrx_word' id='word_1_631' title='bbox 2779 3898 3058 3951; x_wconf 86' lang='lat' dir='ltr'><strong>vulnerum</strong></span> <span class='ocrx_word' id='word_1_632' title='bbox 3104 3902 3213 3951; x_wconf 88' lang='lat' dir='ltr'><strong>loca</strong></span> <span class='ocrx_word' id='word_1_633' title='bbox 3234 3938 3246 3958; x_wconf 88' lang='lat'>.</span> <span class='ocrx_word' id='word_1_634' title='bbox 3277 3910 3365 3950; x_wconf 85' lang='lat' dir='ltr'><strong>us-</strong></span> 
     </span>
    </p>
   </div>
   <div class='ocr_carea' id='block_1_84' title="bbox 1796 3989 3366 4063">
    <p class='ocr_par' dir='ltr' id='par_1_84' title="bbox 1796 3989 3366 4063">
     <span class='ocr_line' id='line_1_84' title="bbox 1796 3989 3366 4063; baseline -0.004 -16"><span class='ocrx_word' id='word_1_635' title='bbox 1796 4009 1901 4063; x_wconf 92' lang='lat' dir='ltr'><strong>que</strong></span> <span class='ocrx_word' id='word_1_636' title='bbox 1932 3993 1996 4047; x_wconf 90' lang='lat' dir='ltr'><strong>ad</strong></span> <span class='ocrx_word' id='word_1_637' title='bbox 2026 3992 2254 4060; x_wconf 87' lang='lat' dir='ltr'><strong>apostoli</strong></span> <span class='ocrx_word' id='word_1_638' title='bbox 2297 3993 2516 4045; x_wconf 76' lang='lat' dir='ltr'><strong>Thema:</strong></span> <span class='ocrx_word' id='word_1_639' title='bbox 2555 3990 2965 4055; x_wconf 78' lang='lat' dir='ltr'><strong>confessionem,</strong></span> <span class='ocrx_word' id='word_1_640' title='bbox 3004 3989 3095 4057; x_wconf 90' lang='lat' dir='ltr'><strong>qui</strong></span> <span class='ocrx_word' id='word_1_641' title='bbox 3125 4002 3183 4042; x_wconf 91' lang='lat' dir='ltr'><strong>se</strong></span> <span class='ocrx_word' id='word_1_642' title='bbox 3212 3990 3366 4041; x_wconf 83' lang='lat' dir='ltr'><strong>aliter</strong></span> 
     </span>
    </p>
   </div>
   <div class='ocr_carea' id='block_1_85' title="bbox 1798 4081 3365 4154">
    <p class='ocr_par' dir='ltr' id='par_1_85' title="bbox 1798 4081 3365 4154">
     <span class='ocr_line' id='line_1_85' title="bbox 1798 4081 3365 4154; baseline -0.004 -13"><span class='ocrx_word' id='word_1_643' title='bbox 1798 4085 2124 4154; x_wconf 87' lang='lat' dir='ltr'><strong>crediturum</strong></span> <span class='ocrx_word' id='word_1_644' title='bbox 2156 4100 2261 4138; x_wconf 88' lang='lat' dir='ltr'><strong>non</strong></span> <span class='ocrx_word' id='word_1_645' title='bbox 2289 4099 2408 4139; x_wconf 84' lang='lat' dir='ltr'><strong>esse</strong></span> <span class='ocrx_word' id='word_1_646' title='bbox 2432 4083 2767 4151; x_wconf 66' lang='lat' dir='ltr'><strong>praedixerat,</strong></span> <span class='ocrx_word' id='word_1_647' title='bbox 2800 4091 2917 4151; x_wconf 85' lang='lat' dir='ltr'><strong>post</strong></span> <span class='ocrx_word' id='word_1_648' title='bbox 2945 4090 3218 4150; x_wconf 89' lang='lat' dir='ltr'><strong>acceptum</strong></span> <span class='ocrx_word' id='word_1_649' title='bbox 3250 4081 3365 4148; x_wconf 82' lang='lat' dir='ltr'><strong>ejus</strong></span> 
     </span>
    </p>
   </div>
   <div class='ocr_carea' id='block_1_86' title="bbox 1805 4175 3365 4245">
    <p class='ocr_par' dir='ltr' id='par_1_86' title="bbox 1805 4175 3365 4245">
     <span class='ocr_line' id='line_1_86' title="bbox 1805 4175 3365 4245; baseline -0.002 -13"><span class='ocrx_word' id='word_1_650' title='bbox 1805 4179 2163 4234; x_wconf 83' lang='lat' dir='ltr'><strong>insulﬂatione</strong></span> <span class='ocrx_word' id='word_1_651' title='bbox 2212 4178 2462 4245; x_wconf 82' lang='lat' dir='ltr'><strong>Spiritum</strong></span> <span class='ocrx_word' id='word_1_652' title='bbox 2494 4186 2765 4239; x_wconf 88' lang='lat' dir='ltr'><strong>sanctum,</strong></span> <span class='ocrx_word' id='word_1_653' title='bbox 2800 4185 2917 4243; x_wconf 89' lang='lat' dir='ltr'><strong>post</strong></span> <span class='ocrx_word' id='word_1_654' title='bbox 2942 4175 3099 4228; x_wconf 85' lang='lat' dir='ltr'><strong>verba</strong></span> <span class='ocrx_word' id='word_1_655' title='bbox 3145 4176 3195 4227; x_wconf 88' lang='lat' dir='ltr'><strong>in</strong></span> <span class='ocrx_word' id='word_1_656' title='bbox 3239 4188 3365 4229; x_wconf 82' lang='lat' dir='ltr'><strong>snas</strong></span> 
     </span>
    </p>
   </div>
   <div class='ocr_carea' id='block_1_87' title="bbox 1799 4264 3367 4337">
    <p class='ocr_par' dir='ltr' id='par_1_87' title="bbox 1799 4264 3367 4337">
     <span class='ocr_line' id='line_1_87' title="bbox 1799 4264 3367 4337; baseline -0.003 -15"><span class='ocrx_word' id='word_1_657' title='bbox 1799 4284 1956 4323; x_wconf 89' lang='lat' dir='ltr'><strong>aures</strong></span> <span class='ocrx_word' id='word_1_658' title='bbox 1984 4269 2098 4337; x_wconf 84' lang='lat' dir='ltr'><strong>ejus</strong></span> <span class='ocrx_word' id='word_1_659' title='bbox 2126 4283 2220 4323; x_wconf 92' lang='lat' dir='ltr'><strong>ore</strong></span> <span class='ocrx_word' id='word_1_660' title='bbox 2262 4268 2463 4336; x_wconf 85' lang='lat' dir='ltr'><strong>prolata</strong></span> <span class='ocrx_word' id='word_1_661' title='bbox 2494 4286 2505 4318; x_wconf 69' lang='grc' dir='ltr'><strong>ι</strong></span> <span class='ocrx_word' id='word_1_662' title='bbox 2542 4266 2690 4320; x_wconf 88' lang='lat' dir='ltr'><strong>Sicut</strong></span> <span class='ocrx_word' id='word_1_663' title='bbox 2719 4265 2849 4318; x_wconf 89' lang='lat' dir='ltr'><strong>misit</strong></span> <span class='ocrx_word' id='word_1_664' title='bbox 2890 4280 2970 4318; x_wconf 84' lang='lat' dir='ltr'><strong>me</strong></span> <span class='ocrx_word' id='word_1_665' title='bbox 2999 4264 3172 4327; x_wconf 84' lang='lat' dir='ltr'><strong>Pater,</strong></span> <span class='ocrx_word' id='word_1_666' title='bbox 3206 4275 3248 4317; x_wconf 90' lang='lat' dir='ltr'><strong>et</strong></span> <span class='ocrx_word' id='word_1_667' title='bbox 3278 4282 3367 4333; x_wconf 78' lang='lat' dir='ltr'><strong>ago</strong></span> 
     </span>
    </p>
   </div>
   <div class='ocr_carea' id='block_1_88' title="bbox 1802 4360 3366 4427">
    <p class='ocr_par' dir='ltr' id='par_1_88' title="bbox 1802 4360 3366 4427">
     <span class='ocr_line' id='line_1_88' title="bbox 1802 4360 3366 4427; baseline -0.003 -14"><span class='ocrx_word' id='word_1_668' title='bbox 1802 4365 1945 4414; x_wconf 88' lang='lat' dir='ltr'><strong>mitto</strong></span> <span class='ocrx_word' id='word_1_669' title='bbox 1968 4379 2053 4415; x_wconf 83' lang='lat' dir='ltr'><strong>uos</strong></span> <span class='ocrx_word' id='word_1_670' title='bbox 2072 4377 2091 4415; x_wconf 94' lang='lat'><em>:</em></span> <span class='ocrx_word' id='word_1_671' title='bbox 2117 4377 2331 4427; x_wconf 82' lang='lat' dir='ltr'><strong>quorum</strong></span> <span class='ocrx_word' id='word_1_672' title='bbox 2363 4363 2648 4413; x_wconf 81' lang='lat' dir='ltr'><strong>remiserrtis</strong></span> <span class='ocrx_word' id='word_1_673' title='bbox 2679 4369 2905 4425; x_wconf 82' lang='lat' dir='ltr'><strong>peccata,</strong></span> <span class='ocrx_word' id='word_1_674' title='bbox 2930 4360 3252 4410; x_wconf 78' lang='lat' dir='ltr'><strong>remittuntur</strong></span> <span class='ocrx_word' id='word_1_675' title='bbox 3277 4360 3366 4422; x_wconf 80' lang='lat' dir='ltr'><strong>eis,</strong></span> 
     </span>
    </p>
   </div>
   <div class='ocr_carea' id='block_1_89' title="bbox 1802 4448 3367 4517">
    <p class='ocr_par' dir='ltr' id='par_1_89' title="bbox 1802 4448 3367 4517">
     <span class='ocr_line' id='line_1_89' title="bbox 1802 4448 3367 4517; baseline -0.003 -13"><span class='ocrx_word' id='word_1_676' title='bbox 1802 4459 1848 4504; x_wconf 90' lang='lat' dir='ltr'><strong>et</strong></span> <span class='ocrx_word' id='word_1_677' title='bbox 1877 4467 2089 4517; x_wconf 85' lang='lat' dir='ltr'><strong>quorum</strong></span> <span class='ocrx_word' id='word_1_678' title='bbox 2120 4452 2429 4503; x_wconf 72' lang='lat' dir='ltr'><strong>retinueritis</strong></span> <span class='ocrx_word' id='word_1_679' title='bbox 2460 4461 2652 4502; x_wconf 88' lang='lat' dir='ltr'><strong>retenta</strong></span> <span class='ocrx_word' id='word_1_680' title='bbox 2681 4461 2818 4510; x_wconf 84' lang='lat' dir='ltr'><strong>sunt,</strong></span> <span class='ocrx_word' id='word_1_681' title='bbox 2848 4448 3024 4501; x_wconf 86' lang='lat' dir='ltr'><strong>sobtto</strong></span> <span class='ocrx_word' id='word_1_682' title='bbox 3054 4450 3204 4509; x_wconf 87' lang='lat' dir='ltr'><strong>tiunt,</strong></span> <span class='ocrx_word' id='word_1_683' title='bbox 3235 4448 3367 4499; x_wconf 64' lang='lat' dir='ltr'><strong>sit&#39;ut</strong></span> 
     </span>
    </p>
   </div>
   <div class='ocr_carea' id='block_1_90' title="bbox 139 4538 3372 4609">
    <p class='ocr_par' dir='ltr' id='par_1_90' title="bbox 139 4538 3372 4609">
     <span class='ocr_line' id='line_1_90' title="bbox 139 4538 3372 4609; baseline -0.001 -18"><span class='ocrx_word' id='word_1_684' title='bbox 139 4538 201 4591; x_wconf 82' lang='lat' dir='ltr'><strong>Et</strong></span> <span class='ocrx_word' id='word_1_685' title='bbox 230 4539 405 4609; x_wconf 89' lang='lat' dir='ltr'><strong>tetigit</strong></span> <span class='ocrx_word' id='word_1_686' title='bbox 427 4539 683 4605; x_wconf 85' lang='lat' dir='ltr'><strong>Thomas,</strong></span> <span class='ocrx_word' id='word_1_687' title='bbox 717 4541 812 4595; x_wconf 86' lang='lat' dir='ltr'><strong>sed</strong></span> <span class='ocrx_word' id='word_1_688' title='bbox 844 4541 953 4595; x_wconf 86' lang='lat' dir='ltr'><strong>sive</strong></span> <span class='ocrx_word' id='word_1_689' title='bbox 981 4540 1290 4609; x_wconf 88' lang='lat' dir='ltr'><strong>aspiciendo</strong></span> <span class='ocrx_word' id='word_1_690' title='bbox 1324 4552 1550 4605; x_wconf 87' lang='lat' dir='ltr'><strong>tantum,</strong></span> <span class='ocrx_word' id='word_1_691' title='bbox 1588 4544 1700 4597; x_wconf 89' lang='lat' dir='ltr'><strong>sive</strong></span> <span class='ocrx_word' id='word_1_692' title='bbox 1726 4546 1777 4603; x_wconf 88' lang='lat' dir='ltr'><strong>D</strong></span> <span class='ocrx_word' id='word_1_693' title='bbox 1807 4539 2037 4603; x_wconf 81' lang='lat' dir='ltr'><strong>fuerant,</strong></span> <span class='ocrx_word' id='word_1_694' title='bbox 2070 4556 2171 4594; x_wconf 89' lang='lat' dir='ltr'><strong>non</strong></span> <span class='ocrx_word' id='word_1_695' title='bbox 2208 4541 2504 4605; x_wconf 83' lang='lat' dir='ltr'><strong>hominum,</strong></span> <span class='ocrx_word' id='word_1_696' title='bbox 2538 4540 2628 4593; x_wconf 90' lang='lat' dir='ltr'><strong>sed</strong></span> <span class='ocrx_word' id='word_1_697' title='bbox 2669 4539 2887 4606; x_wconf 81' lang='lat' dir='ltr'><strong>pisciuti</strong></span> <span class='ocrx_word' id='word_1_698' title='bbox 2922 4538 3251 4604; x_wconf 84' lang='lat' dir='ltr'><strong>piscatores?</strong></span> <span class='ocrx_word' id='word_1_699' title='bbox 3284 4538 3372 4589; x_wconf 84' lang='lat' dir='ltr'><strong>llis</strong></span> 
     </span>
    </p>
   </div>
   <div class='ocr_carea' id='block_1_91' title="bbox 136 4629 1698 4698">
    <p class='ocr_par' dir='ltr' id='par_1_91' title="bbox 136 4629 1698 4698">
     <span class='ocr_line' id='line_1_91' title="bbox 136 4629 1698 4698; baseline 0.004 -19"><span class='ocrx_word' id='word_1_700' title='bbox 136 4629 291 4682; x_wconf 88' lang='lat' dir='ltr'><strong>etiam</strong></span> <span class='ocrx_word' id='word_1_701' title='bbox 325 4630 589 4698; x_wconf 87' lang='lat' dir='ltr'><strong>tangendo</strong></span> <span class='ocrx_word' id='word_1_702' title='bbox 615 4630 807 4685; x_wconf 87' lang='lat' dir='ltr'><strong>viderit</strong></span> <span class='ocrx_word' id='word_1_703' title='bbox 846 4639 901 4684; x_wconf 92' lang='lat' dir='ltr'><strong>et</strong></span> <span class='ocrx_word' id='word_1_704' title='bbox 928 4630 1235 4695; x_wconf 88' lang='lat' dir='ltr'><strong>crediderit,</strong></span> <span class='ocrx_word' id='word_1_705' title='bbox 1286 4630 1423 4685; x_wconf 65' lang='lat' dir='ltr'><strong>illud,</strong></span> <span class='ocrx_word' id='word_1_706' title='bbox 1443 4631 1578 4698; x_wconf 92' lang='lat' dir='ltr'><strong>quod</strong></span> <span class='ocrx_word' id='word_1_707' title='bbox 1610 4646 1698 4685; x_wconf 87' lang='lat' dir='ltr'><strong>se-</strong></span> 
     </span>
    </p>
   </div>
   <div class='ocr_carea' id='block_1_92' title="bbox 136 4721 1702 4793">
    <p class='ocr_par' dir='ltr' id='par_1_92' title="bbox 136 4721 1702 4793">
     <span class='ocr_line' id='line_1_92' title="bbox 136 4721 1702 4793; baseline 0.001 -20"><span class='ocrx_word' id='word_1_708' title='bbox 136 4721 334 4789; x_wconf 86' lang='lat' dir='ltr'><strong>quitur,</strong></span> <span class='ocrx_word' id='word_1_709' title='bbox 367 4722 533 4792; x_wconf 85' lang='lat' dir='ltr'><strong>magis</strong></span> <span class='ocrx_word' id='word_1_710' title='bbox 562 4723 800 4793; x_wconf 87' lang='lat' dir='ltr'><strong>gentium</strong></span> <span class='ocrx_word' id='word_1_711' title='bbox 849 4722 1003 4778; x_wconf 83' lang='lat' dir='ltr'><strong>iidem</strong></span> <span class='ocrx_word' id='word_1_712' title='bbox 1046 4724 1295 4791; x_wconf 85' lang='lat' dir='ltr'><strong>praedicat</strong></span> <span class='ocrx_word' id='word_1_713' title='bbox 1350 4733 1507 4791; x_wconf 82' lang='lat' dir='ltr'><strong>atque</strong></span> <span class='ocrx_word' id='word_1_714' title='bbox 1555 4738 1702 4775; x_wconf 89' lang='lat' dir='ltr'><strong>com-</strong></span> 
     </span>
    </p>
   </div>
   <div class='ocr_carea' id='block_1_93' title="bbox 139 4813 373 4867">
    <p class='ocr_par' dir='ltr' id='par_1_93' title="bbox 139 4813 373 4867">
     <span class='ocr_line' id='line_1_93' title="bbox 139 4813 373 4867; baseline 0.013 -4"><span class='ocrx_word' id='word_1_715' title='bbox 139 4813 373 4867; x_wconf 84' lang='lat' dir='ltr'><strong>mendat.</strong></span> 
     </span>
    </p>
   </div>
   <div class='ocr_carea' id='block_1_94' title="bbox 203 4899 1701 4970">
    <p class='ocr_par' dir='ltr' id='par_1_94' title="bbox 203 4899 1701 4970">
     <span class='ocr_line' id='line_1_94' title="bbox 203 4899 1701 4970; baseline -0.001 -15"><span class='ocrx_word' id='word_1_716' title='bbox 203 4899 357 4957; x_wconf 79' lang='lat' dir='ltr'><strong>Beati</strong></span> <span class='ocrx_word' id='word_1_717' title='bbox 394 4903 476 4970; x_wconf 82' lang='lat' dir='ltr'><strong>qui</strong></span> <span class='ocrx_word' id='word_1_718' title='bbox 505 4918 606 4956; x_wconf 88' lang='lat' dir='ltr'><strong>non</strong></span> <span class='ocrx_word' id='word_1_719' title='bbox 645 4903 902 4969; x_wconf 81' lang='lat' dir='ltr'><strong>viderunt,</strong></span> <span class='ocrx_word' id='word_1_720' title='bbox 960 4911 1005 4957; x_wconf 87' lang='lat' dir='ltr'><strong>et</strong></span> <span class='ocrx_word' id='word_1_721' title='bbox 1045 4904 1392 4957; x_wconf 75' lang='lat' dir='ltr'><strong>crediderunt.</strong></span> <span class='ocrx_word' id='word_1_722' title='bbox 1446 4902 1701 4957; x_wconf 71' lang='lat' dir='ltr'><strong>Prmteriti</strong></span> 
     </span>
    </p>
   </div>
   <div class='ocr_carea' id='block_1_95' title="bbox 138 4996 1705 5067">
    <p class='ocr_par' dir='ltr' id='par_1_95' title="bbox 138 4996 1705 5067">
     <span class='ocr_line' id='line_1_95' title="bbox 138 4996 1705 5067; baseline 0 -19"><span class='ocrx_word' id='word_1_723' title='bbox 138 4996 392 5065; x_wconf 86' lang='lat' dir='ltr'><strong>temporis</strong></span> <span class='ocrx_word' id='word_1_724' title='bbox 425 5009 547 5051; x_wconf 88' lang='lat' dir='ltr'><strong>usus</strong></span> <span class='ocrx_word' id='word_1_725' title='bbox 573 5004 657 5050; x_wconf 89' lang='lat' dir='ltr'><strong>est</strong></span> <span class='ocrx_word' id='word_1_726' title='bbox 684 4996 884 5060; x_wconf 82' lang='lat' dir='ltr'><strong>verbis,</strong></span> <span class='ocrx_word' id='word_1_727' title='bbox 910 5006 1155 5065; x_wconf 87' lang='lat' dir='ltr'><strong>tanquam</strong></span> <span class='ocrx_word' id='word_1_728' title='bbox 1189 4997 1275 5051; x_wconf 71' lang='lat' dir='ltr'><strong>ille</strong></span> <span class='ocrx_word' id='word_1_729' title='bbox 1311 4997 1396 5067; x_wconf 92' lang='lat' dir='ltr'><strong>qui</strong></span> <span class='ocrx_word' id='word_1_730' title='bbox 1422 4998 1561 5066; x_wconf 87' lang='lat' dir='ltr'><strong>quod</strong></span> <span class='ocrx_word' id='word_1_731' title='bbox 1593 5007 1705 5051; x_wconf 86' lang='lat' dir='ltr'><strong>erat</strong></span> 
     </span>
    </p>
   </div>
   <div class='ocr_carea' id='block_1_96' title="bbox 139 5088 1703 5159">
    <p class='ocr_par' dir='ltr' id='par_1_96' title="bbox 139 5088 1703 5159">
     <span class='ocr_line' id='line_1_96' title="bbox 139 5088 1703 5159; baseline 0 -16"><span class='ocrx_word' id='word_1_732' title='bbox 139 5088 374 5144; x_wconf 78' lang='lat' dir='ltr'><strong>futurum</strong></span> <span class='ocrx_word' id='word_1_733' title='bbox 406 5090 456 5143; x_wconf 91' lang='lat' dir='ltr'><strong>in</strong></span> <span class='ocrx_word' id='word_1_734' title='bbox 487 5100 585 5142; x_wconf 90' lang='lat' dir='ltr'><strong>sua</strong></span> <span class='ocrx_word' id='word_1_735' title='bbox 618 5100 843 5143; x_wconf 84' lang='lat' dir='ltr'><strong>noverat</strong></span> <span class='ocrx_word' id='word_1_736' title='bbox 866 5091 1334 5158; x_wconf 72' lang='lat' dir='ltr'><strong>praedestinatione</strong></span> <span class='ocrx_word' id='word_1_737' title='bbox 1350 5091 1462 5159; x_wconf 87' lang='lat' dir='ltr'><strong>jam</strong></span> <span class='ocrx_word' id='word_1_738' title='bbox 1489 5092 1703 5145; x_wconf 78' lang='lat' dir='ltr'><strong>factum.</strong></span> 
     </span>
    </p>
   </div>
   <div class='ocr_carea' id='block_1_97' title="bbox 208 5175 1705 5253">
    <p class='ocr_par' dir='ltr' id='par_1_97' title="bbox 208 5175 1705 5253">
     <span class='ocr_line' id='line_1_97' title="bbox 208 5175 1705 5253; baseline 0.002 -22"><span class='ocrx_word' id='word_1_739' title='bbox 208 5175 378 5231; x_wconf 67' lang='lat' dir='ltr'><strong>Multa</strong></span> <span class='ocrx_word' id='word_1_740' title='bbox 406 5181 607 5248; x_wconf 88' lang='lat' dir='ltr'><strong>quidem</strong></span> <span class='ocrx_word' id='word_1_741' title='bbox 632 5190 678 5233; x_wconf 86' lang='lat' dir='ltr'><strong>et</strong></span> <span class='ocrx_word' id='word_1_742' title='bbox 699 5182 801 5233; x_wconf 91' lang='lat' dir='ltr'><strong>alia</strong></span> <span class='ocrx_word' id='word_1_743' title='bbox 836 5183 981 5252; x_wconf 84' lang='lat' dir='ltr'><strong>signa</strong></span> <span class='ocrx_word' id='word_1_744' title='bbox 1012 5184 1131 5253; x_wconf 83' lang='lat' dir='ltr'><strong>fecit</strong></span> <span class='ocrx_word' id='word_1_745' title='bbox 1161 5181 1312 5235; x_wconf 85' lang='lat' dir='ltr'><strong>Jesus</strong></span> <span class='ocrx_word' id='word_1_746' title='bbox 1344 5184 1395 5235; x_wconf 88' lang='lat' dir='ltr'><strong>in</strong></span> <span class='ocrx_word' id='word_1_747' title='bbox 1434 5193 1705 5251; x_wconf 84' lang='lat' dir='ltr'><strong>conspectu</strong></span> 
     </span>
    </p>
   </div>
   <div class='ocr_carea' id='block_1_98' title="bbox 141 5268 1707 5343">
    <p class='ocr_par' dir='ltr' id='par_1_98' title="bbox 141 5268 1707 5343">
     <span class='ocr_line' id='line_1_98' title="bbox 141 5268 1707 5343; baseline 0.004 -24"><span class='ocrx_word' id='word_1_748' title='bbox 141 5268 504 5335; x_wconf 72' lang='lat' dir='ltr'><strong>discipulorum</strong></span> <span class='ocrx_word' id='word_1_749' title='bbox 546 5286 754 5323; x_wconf 84' lang='lat' dir='ltr'><strong>suorum</strong></span> <span class='ocrx_word' id='word_1_750' title='bbox 778 5314 791 5335; x_wconf 93' lang='lat'><strong>,</strong></span> <span class='ocrx_word' id='word_1_751' title='bbox 832 5289 947 5342; x_wconf 80' lang='lat' dir='ltr'><strong>quce</strong></span> <span class='ocrx_word' id='word_1_752' title='bbox 975 5290 1077 5326; x_wconf 82' lang='lat' dir='ltr'><strong>non</strong></span> <span class='ocrx_word' id='word_1_753' title='bbox 1097 5283 1214 5327; x_wconf 82' lang='lat' dir='ltr'><strong>sunt</strong></span> <span class='ocrx_word' id='word_1_754' title='bbox 1248 5275 1436 5343; x_wconf 85' lang='lat' dir='ltr'><strong>scripta</strong></span> <span class='ocrx_word' id='word_1_755' title='bbox 1480 5276 1530 5327; x_wconf 87' lang='lat' dir='ltr'><strong>in</strong></span> <span class='ocrx_word' id='word_1_756' title='bbox 1577 5275 1707 5326; x_wconf 85' lang='lat' dir='ltr'><strong>libro</strong></span> 
     </span>
    </p>
   </div>
   <div class='ocr_carea' id='block_1_99' title="bbox 143 5350 1707 5435">
    <p class='ocr_par' dir='ltr' id='par_1_99' title="bbox 143 5350 1707 5435">
     <span class='ocr_line' id='line_1_99' title="bbox 143 5350 1707 5435; baseline 0.006 -25"><span class='ocrx_word' id='word_1_757' title='bbox 143 5361 250 5411; x_wconf 79' lang='lat' dir='ltr'><strong>hoc.</strong></span> <span class='ocrx_word' id='word_1_758' title='bbox 279 5358 409 5413; x_wconf 70' lang='lat' dir='ltr'><strong>Hac</strong></span> <span class='ocrx_word' id='word_1_759' title='bbox 450 5372 613 5414; x_wconf 87' lang='lat' dir='ltr'><strong>autent</strong></span> <span class='ocrx_word' id='word_1_760' title='bbox 643 5364 835 5429; x_wconf 89' lang='lat' dir='ltr'><strong>scripta</strong></span> <span class='ocrx_word' id='word_1_761' title='bbox 882 5376 1021 5433; x_wconf 87' lang='lat' dir='ltr'><strong>sunt,</strong></span> <span class='ocrx_word' id='word_1_762' title='bbox 1052 5375 1106 5419; x_wconf 88' lang='lat' dir='ltr'><strong>ut</strong></span> <span class='ocrx_word' id='word_1_763' title='bbox 1135 5350 1353 5420; x_wconf 53' lang='lat' dir='ltr'><strong>iredatis</strong></span> <span class='ocrx_word' id='word_1_764' title='bbox 1405 5368 1525 5435; x_wconf 88' lang='lat' dir='ltr'><strong>quia</strong></span> <span class='ocrx_word' id='word_1_765' title='bbox 1555 5366 1707 5419; x_wconf 79' lang='lat' dir='ltr'><strong>Iesus</strong></span> 
     </span>
    </p>
   </div>
   <div class='ocr_carea' id='block_1_100' title="bbox 145 5448 1705 5522">
    <p class='ocr_par' dir='ltr' id='par_1_100' title="bbox 145 5448 1705 5522">
     <span class='ocr_line' id='line_1_100' title="bbox 145 5448 1705 5522; baseline 0.004 -21"><span class='ocrx_word' id='word_1_766' title='bbox 145 5458 213 5503; x_wconf 81' lang='lat' dir='ltr'><strong>est</strong></span> <span class='ocrx_word' id='word_1_767' title='bbox 238 5449 471 5504; x_wconf 80' lang='lat' dir='ltr'><strong>Christus</strong></span> <span class='ocrx_word' id='word_1_768' title='bbox 498 5448 664 5506; x_wconf 78' lang='lat' dir='ltr'><strong>Filius</strong></span> <span class='ocrx_word' id='word_1_769' title='bbox 708 5449 825 5518; x_wconf 81' lang='lat' dir='ltr'><strong>Dei,</strong></span> <span class='ocrx_word' id='word_1_770' title='bbox 856 5462 901 5505; x_wconf 90' lang='lat' dir='ltr'><strong>et</strong></span> <span class='ocrx_word' id='word_1_771' title='bbox 933 5462 1025 5520; x_wconf 87' lang='lat' dir='ltr'><strong>ut,</strong></span> <span class='ocrx_word' id='word_1_772' title='bbox 1065 5457 1325 5510; x_wconf 89' lang='lat' dir='ltr'><strong>credentes</strong></span> <span class='ocrx_word' id='word_1_773' title='bbox 1350 5496 1365 5522; x_wconf 93' lang='lat'><strong>,</strong></span> <span class='ocrx_word' id='word_1_774' title='bbox 1409 5457 1560 5508; x_wconf 89' lang='lat' dir='ltr'><strong>vitam</strong></span> <span class='ocrx_word' id='word_1_775' title='bbox 1608 5456 1705 5508; x_wconf 91' lang='lat' dir='ltr'><strong>ha-</strong></span> 
     </span>
    </p>
   </div>
   <div class='ocr_carea' id='block_1_101' title="bbox 147 5544 1705 5615">
    <p class='ocr_par' dir='ltr' id='par_1_101' title="bbox 147 5544 1705 5615">
     <span class='ocr_line' id='line_1_101' title="bbox 147 5544 1705 5615; baseline 0.004 -21"><span class='ocrx_word' id='word_1_776' title='bbox 147 5544 296 5596; x_wconf 83' lang='lat' dir='ltr'><strong>beatis</strong></span> <span class='ocrx_word' id='word_1_777' title='bbox 322 5544 377 5596; x_wconf 89' lang='lat' dir='ltr'><strong>in</strong></span> <span class='ocrx_word' id='word_1_778' title='bbox 402 5546 603 5598; x_wconf 87' lang='lat' dir='ltr'><strong>nomine</strong></span> <span class='ocrx_word' id='word_1_779' title='bbox 636 5546 765 5615; x_wconf 86' lang='lat' dir='ltr'><strong>ejus.</strong></span> <span class='ocrx_word' id='word_1_780' title='bbox 799 5544 911 5599; x_wconf 84' lang='lat' dir='ltr'><strong>Hoc</strong></span> <span class='ocrx_word' id='word_1_781' title='bbox 940 5546 1226 5613; x_wconf 88' lang='lat' dir='ltr'><strong>capitulum</strong></span> <span class='ocrx_word' id='word_1_782' title='bbox 1258 5547 1377 5601; x_wconf 87' lang='lat' dir='ltr'><strong>libri</strong></span> <span class='ocrx_word' id='word_1_783' title='bbox 1424 5549 1580 5615; x_wconf 81' lang='lat' dir='ltr'><strong>hujus</strong></span> <span class='ocrx_word' id='word_1_784' title='bbox 1622 5548 1705 5601; x_wconf 89' lang='lat' dir='ltr'><strong>in-</strong></span> 
     </span>
    </p>
   </div>
   <div class='ocr_carea' id='block_1_102' title="bbox 147 5632 1703 5705">
    <p class='ocr_par' dir='ltr' id='par_1_102' title="bbox 147 5632 1703 5705">
     <span class='ocr_line' id='line_1_102' title="bbox 147 5632 1703 5705; baseline 0.004 -20"><span class='ocrx_word' id='word_1_785' title='bbox 147 5633 285 5687; x_wconf 85' lang='lat' dir='ltr'><strong>dicat</strong></span> <span class='ocrx_word' id='word_1_786' title='bbox 312 5632 495 5688; x_wconf 78' lang='lat' dir='ltr'><strong>ﬂnem.</strong></span> <span class='ocrx_word' id='word_1_787' title='bbox 512 5636 615 5691; x_wconf 86' lang='lat' dir='ltr'><strong>Sed</strong></span> <span class='ocrx_word' id='word_1_788' title='bbox 636 5646 881 5690; x_wconf 85' lang='lat' dir='ltr'><strong>narratur</strong></span> <span class='ocrx_word' id='word_1_789' title='bbox 906 5635 1030 5691; x_wconf 90' lang='lat' dir='ltr'><strong>biuc</strong></span> <span class='ocrx_word' id='word_1_790' title='bbox 1051 5636 1245 5691; x_wconf 86' lang='lat' dir='ltr'><strong>deinde</strong></span> <span class='ocrx_word' id='word_1_791' title='bbox 1263 5638 1703 5705; x_wconf 87' lang='lat' dir='ltr'><strong>quemadmodum</strong></span> 
     </span>
    </p>
   </div>
   <div class='ocr_carea' id='block_1_103' title="bbox 152 5716 1705 5793">
    <p class='ocr_par' dir='ltr' id='par_1_103' title="bbox 152 5716 1705 5793">
     <span class='ocr_line' id='line_1_103' title="bbox 152 5716 1705 5793; baseline 0.005 -17"><span class='ocrx_word' id='word_1_792' title='bbox 152 5738 206 5777; x_wconf 90' lang='lat' dir='ltr'><strong>se</strong></span> <span class='ocrx_word' id='word_1_793' title='bbox 236 5723 652 5781; x_wconf 83' lang='lat' dir='ltr'><strong>manilestaverit</strong></span> <span class='ocrx_word' id='word_1_794' title='bbox 676 5726 929 5781; x_wconf 89' lang='lat' dir='ltr'><strong>Dominus</strong></span> <span class='ocrx_word' id='word_1_795' title='bbox 953 5726 1017 5780; x_wconf 91' lang='lat' dir='ltr'><strong>ad</strong></span> <span class='ocrx_word' id='word_1_796' title='bbox 1050 5742 1195 5781; x_wconf 87' lang='lat' dir='ltr'><strong>mare</strong></span> <span class='ocrx_word' id='word_1_797' title='bbox 1218 5716 1535 5793; x_wconf 81' lang='lat' dir='ltr'><strong>Tibériadis,</strong></span> <span class='ocrx_word' id='word_1_798' title='bbox 1569 5740 1621 5782; x_wconf 89' lang='lat' dir='ltr'><strong>et</strong></span> <span class='ocrx_word' id='word_1_799' title='bbox 1654 5729 1705 5784; x_wconf 91' lang='lat' dir='ltr'><strong>in</strong></span> 
     </span>
    </p>
   </div>
   <div class='ocr_carea' id='block_1_104' title="bbox 150 5818 1702 5889">
    <p class='ocr_par' dir='ltr' id='par_1_104' title="bbox 150 5818 1702 5889">
     <span class='ocr_line' id='line_1_104' title="bbox 150 5818 1702 5889; baseline 0.009 -23"><span class='ocrx_word' id='word_1_800' title='bbox 150 5826 359 5885; x_wconf 72' lang='lat' dir='ltr'><strong>taptura</strong></span> <span class='ocrx_word' id='word_1_801' title='bbox 390 5818 609 5889; x_wconf 88' lang='lat' dir='ltr'><strong>piscium</strong></span> <span class='ocrx_word' id='word_1_802' title='bbox 645 5821 1099 5879; x_wconf 84' lang='lat' dir='ltr'><strong>commendaverit</strong></span> <span class='ocrx_word' id='word_1_803' title='bbox 1128 5821 1379 5877; x_wconf 76' lang='lat' dir='ltr'><strong>Ecclesia:</strong></span> <span class='ocrx_word' id='word_1_804' title='bbox 1401 5837 1702 5880; x_wconf 83' lang='lat' dir='ltr'><strong>sacramen-</strong></span> 
     </span>
    </p>
   </div>
   <div class='ocr_carea' id='block_1_105' title="bbox 1805 4627 3373 4702">
    <p class='ocr_par' dir='ltr' id='par_1_105' title="bbox 1805 4627 3373 4702">
     <span class='ocr_line' id='line_1_105' title="bbox 1805 4627 3373 4702; baseline -0.004 -16"><span class='ocrx_word' id='word_1_805' title='bbox 1805 4648 1928 4702; x_wconf 89' lang='lat' dir='ltr'><strong>crgo</strong></span> <span class='ocrx_word' id='word_1_806' title='bbox 1958 4649 2088 4702; x_wconf 72' lang='lat' dir='ltr'><strong>quo.-</strong></span> <span class='ocrx_word' id='word_1_807' title='bbox 2125 4634 2221 4686; x_wconf 86' lang='lat' dir='ltr'><strong>hoc</strong></span> <span class='ocrx_word' id='word_1_808' title='bbox 2266 4642 2444 4686; x_wconf 73' lang='lat' dir='ltr'><strong>movet</strong></span> <span class='ocrx_word' id='word_1_809' title='bbox 2484 4633 2909 4697; x_wconf 73' lang='lat' dir='ltr'><strong>respondendum</strong></span> <span class='ocrx_word' id='word_1_810' title='bbox 2941 4640 3021 4682; x_wconf 90' lang='lat' dir='ltr'><strong>est</strong></span> <span class='ocrx_word' id='word_1_811' title='bbox 3062 4644 3165 4681; x_wconf 91' lang='lat' dir='ltr'><strong>non</strong></span> <span class='ocrx_word' id='word_1_812' title='bbox 3211 4627 3373 4680; x_wconf 84' lang='lat' dir='ltr'><strong>luisse</strong></span> 
     </span>
    </p>
   </div>
   <div class='ocr_carea' id='block_1_106' title="bbox 1804 4722 3369 4793">
    <p class='ocr_par' dir='ltr' id='par_1_106' title="bbox 1804 4722 3369 4793">
     <span class='ocr_line' id='line_1_106' title="bbox 1804 4722 3369 4793; baseline -0.004 -16"><span class='ocrx_word' id='word_1_813' title='bbox 1804 4740 1897 4777; x_wconf 81' lang='lat' dir='ltr'><strong>eos</strong></span> <span class='ocrx_word' id='word_1_814' title='bbox 1942 4726 2238 4793; x_wconf 85' lang='lat' dir='ltr'><strong>prohibitos</strong></span> <span class='ocrx_word' id='word_1_815' title='bbox 2283 4734 2394 4778; x_wconf 90' lang='lat' dir='ltr'><strong>arte</strong></span> <span class='ocrx_word' id='word_1_816' title='bbox 2436 4740 2550 4786; x_wconf 86' lang='lat' dir='ltr'><strong>sua,</strong></span> <span class='ocrx_word' id='word_1_817' title='bbox 2601 4723 2741 4776; x_wconf 90' lang='lat' dir='ltr'><strong>licita</strong></span> <span class='ocrx_word' id='word_1_818' title='bbox 2791 4722 2997 4776; x_wconf 86' lang='lat' dir='ltr'><strong>scilicet</strong></span> <span class='ocrx_word' id='word_1_819' title='bbox 3034 4730 3192 4790; x_wconf 89' lang='lat' dir='ltr'><strong>atque</strong></span> <span class='ocrx_word' id='word_1_820' title='bbox 3239 4735 3369 4773; x_wconf 82' lang='lat' dir='ltr'><strong>con-</strong></span> 
     </span>
    </p>
   </div>
   <div class='ocr_carea' id='block_1_107' title="bbox 1805 4812 3373 4882">
    <p class='ocr_par' dir='ltr' id='par_1_107' title="bbox 1805 4812 3373 4882">
     <span class='ocr_line' id='line_1_107' title="bbox 1805 4812 3373 4882; baseline -0.001 -15"><span class='ocrx_word' id='word_1_821' title='bbox 1805 4830 1979 4881; x_wconf 87' lang='lat' dir='ltr'><strong>cessa,</strong></span> <span class='ocrx_word' id='word_1_822' title='bbox 2012 4816 2207 4869; x_wconf 87' lang='lat' dir='ltr'><strong>victum</strong></span> <span class='ocrx_word' id='word_1_823' title='bbox 2250 4816 2604 4871; x_wconf 79' lang='lat' dir='ltr'><strong>necessarium</strong></span> <span class='ocrx_word' id='word_1_824' title='bbox 2636 4828 2897 4882; x_wconf 76' lang='lat' dir='ltr'><strong>quzcrere,</strong></span> <span class='ocrx_word' id='word_1_825' title='bbox 2933 4814 3013 4866; x_wconf 87' lang='lat' dir='ltr'><strong>sui</strong></span> <span class='ocrx_word' id='word_1_826' title='bbox 3044 4812 3373 4879; x_wconf 89' lang='lat' dir='ltr'><strong>apostolatus</strong></span> 
     </span>
    </p>
   </div>
   <div class='ocr_carea' id='block_1_108' title="bbox 1807 4905 3372 4977">
    <p class='ocr_par' dir='ltr' id='par_1_108' title="bbox 1807 4905 3372 4977">
     <span class='ocr_line' id='line_1_108' title="bbox 1807 4905 3372 4977; baseline -0.003 -16"><span class='ocrx_word' id='word_1_827' title='bbox 1807 4908 2112 4976; x_wconf 87' lang='lat' dir='ltr'><strong>integritate</strong></span> <span class='ocrx_word' id='word_1_828' title='bbox 2154 4919 2384 4972; x_wconf 83' lang='lat' dir='ltr'><strong>servata,</strong></span> <span class='ocrx_word' id='word_1_829' title='bbox 2420 4910 2461 4961; x_wconf 89' lang='lat' dir='ltr'><strong>si</strong></span> <span class='ocrx_word' id='word_1_830' title='bbox 2495 4908 2707 4977; x_wconf 88' lang='lat' dir='ltr'><strong>quando</strong></span> <span class='ocrx_word' id='word_1_831' title='bbox 2753 4905 2891 4959; x_wconf 93' lang='lat' dir='ltr'><strong>unde</strong></span> <span class='ocrx_word' id='word_1_832' title='bbox 2931 4905 3190 4968; x_wconf 85' lang='lat' dir='ltr'><strong>viverent,</strong></span> <span class='ocrx_word' id='word_1_833' title='bbox 3230 4905 3372 4957; x_wconf 90' lang='lat' dir='ltr'><strong>aliud</strong></span> 
     </span>
    </p>
   </div>
   <div class='ocr_carea' id='block_1_109' title="bbox 1808 4996 3375 5068">
    <p class='ocr_par' dir='ltr' id='par_1_109' title="bbox 1808 4996 3375 5068">
     <span class='ocr_line' id='line_1_109' title="bbox 1808 4996 3375 5068; baseline -0.004 -13"><span class='ocrx_word' id='word_1_834' title='bbox 1808 5017 1910 5055; x_wconf 90' lang='lat' dir='ltr'><strong>non</strong></span> <span class='ocrx_word' id='word_1_835' title='bbox 1962 5002 2235 5055; x_wconf 87' lang='lat' dir='ltr'><strong>haberent.</strong></span> <span class='ocrx_word' id='word_1_836' title='bbox 2289 5000 2395 5054; x_wconf 76' lang='lat' dir='ltr'><strong>Nisi</strong></span> <span class='ocrx_word' id='word_1_837' title='bbox 2449 5000 2584 5055; x_wconf 84' lang='lat' dir='ltr'><strong>forte</strong></span> <span class='ocrx_word' id='word_1_838' title='bbox 2629 5000 2888 5068; x_wconf 87' lang='lat' dir='ltr'><strong>quispiam</strong></span> <span class='ocrx_word' id='word_1_839' title='bbox 2936 5008 3123 5065; x_wconf 90' lang='lat' dir='ltr'><strong>putare</strong></span> <span class='ocrx_word' id='word_1_840' title='bbox 3162 4996 3375 5049; x_wconf 87' lang='lat' dir='ltr'><strong>audebit</strong></span> 
     </span>
    </p>
   </div>
   <div class='ocr_carea' id='block_1_110' title="bbox 1806 5085 3373 5156">
    <p class='ocr_par' dir='ltr' id='par_1_110' title="bbox 1806 5085 3373 5156">
     <span class='ocr_line' id='line_1_110' title="bbox 1806 5085 3373 5156; baseline -0.004 -12"><span class='ocrx_word' id='word_1_841' title='bbox 1806 5103 1895 5145; x_wconf 91' lang='lat' dir='ltr'><strong>aut</strong></span> <span class='ocrx_word' id='word_1_842' title='bbox 1938 5093 2115 5146; x_wconf 84' lang='lat' dir='ltr'><strong>dicere</strong></span> <span class='ocrx_word' id='word_1_843' title='bbox 2170 5092 2463 5156; x_wconf 87' lang='lat' dir='ltr'><strong>apostolum</strong></span> <span class='ocrx_word' id='word_1_844' title='bbox 2508 5089 2726 5143; x_wconf 86' lang='lat' dir='ltr'><strong>Paulum</strong></span> <span class='ocrx_word' id='word_1_845' title='bbox 2792 5103 2897 5141; x_wconf 90' lang='lat' dir='ltr'><strong>non</strong></span> <span class='ocrx_word' id='word_1_846' title='bbox 2949 5085 3263 5155; x_wconf 86' lang='lat' dir='ltr'><strong>pertinuisse</strong></span> <span class='ocrx_word' id='word_1_847' title='bbox 3309 5086 3373 5138; x_wconf 85' lang='lat' dir='ltr'><strong>ad</strong></span> 
     </span>
    </p>
   </div>
   <div class='ocr_carea' id='block_1_111' title="bbox 1808 5176 3372 5250">
    <p class='ocr_par' dir='ltr' id='par_1_111' title="bbox 1808 5176 3372 5250">
     <span class='ocr_line' id='line_1_111' title="bbox 1808 5176 3372 5250; baseline -0.005 -13"><span class='ocrx_word' id='word_1_848' title='bbox 1808 5197 1997 5237; x_wconf 89' lang='lat' dir='ltr'><strong>eorum</strong></span> <span class='ocrx_word' id='word_1_849' title='bbox 2022 5182 2421 5250; x_wconf 79' lang='lat' dir='ltr'><strong>perfectionem,</strong></span> <span class='ocrx_word' id='word_1_850' title='bbox 2449 5182 2558 5247; x_wconf 84' lang='lat' dir='ltr'><strong>qui,</strong></span> <span class='ocrx_word' id='word_1_851' title='bbox 2584 5179 2783 5233; x_wconf 78' lang='lat' dir='ltr'><strong>relictis</strong></span> <span class='ocrx_word' id='word_1_852' title='bbox 2807 5177 3077 5241; x_wconf 90' lang='lat' dir='ltr'><strong>omnibus,</strong></span> <span class='ocrx_word' id='word_1_853' title='bbox 3100 5176 3372 5231; x_wconf 56' lang='lat' dir='ltr'><strong>Christum</strong></span> 
     </span>
    </p>
   </div>
   <div class='ocr_carea' id='block_1_112' title="bbox 1808 5274 3374 5341">
    <p class='ocr_par' dir='ltr' id='par_1_112' title="bbox 1808 5274 3374 5341">
     <span class='ocr_line' id='line_1_112' title="bbox 1808 5274 3374 5341; baseline -0.004 -13"><span class='ocrx_word' id='word_1_854' title='bbox 1808 5275 1972 5329; x_wconf 89' lang='lat' dir='ltr'><strong>secuti</strong></span> <span class='ocrx_word' id='word_1_855' title='bbox 2004 5282 2150 5337; x_wconf 87' lang='lat' dir='ltr'><strong>sunt,</strong></span> <span class='ocrx_word' id='word_1_856' title='bbox 2180 5274 2428 5341; x_wconf 86' lang='lat' dir='ltr'><strong>quoniam</strong></span> <span class='ocrx_word' id='word_1_857' title='bbox 2463 5288 2527 5327; x_wconf 90' lang='lat' dir='ltr'><strong>ne</strong></span> <span class='ocrx_word' id='word_1_858' title='bbox 2560 5286 2877 5340; x_wconf 85' lang='lat' dir='ltr'><strong>quemquam</strong></span> <span class='ocrx_word' id='word_1_859' title='bbox 2906 5285 3092 5324; x_wconf 91' lang='lat' dir='ltr'><strong>eorum</strong></span> <span class='ocrx_word' id='word_1_860' title='bbox 3124 5278 3374 5338; x_wconf 88' lang='lat' dir='ltr'><strong>gravaret</strong></span> 
     </span>
    </p>
   </div>
   <div class='ocr_carea' id='block_1_113' title="bbox 1809 5361 3373 5434">
    <p class='ocr_par' dir='ltr' id='par_1_113' title="bbox 1809 5361 3373 5434">
     <span class='ocr_line' id='line_1_113' title="bbox 1809 5361 3373 5434; baseline -0.003 -18"><span class='ocrx_word' id='word_1_861' title='bbox 1809 5365 1995 5434; x_wconf 88' lang='lat' dir='ltr'><strong>quibus</strong></span> <span class='ocrx_word' id='word_1_862' title='bbox 2048 5364 2391 5433; x_wconf 87' lang='lat' dir='ltr'><strong>Evangelium</strong></span> <span class='ocrx_word' id='word_1_863' title='bbox 2438 5362 2775 5430; x_wconf 67' lang='lat' dir='ltr'><strong>praedicabat,</strong></span> <span class='ocrx_word' id='word_1_864' title='bbox 2818 5375 2974 5415; x_wconf 88' lang='lat' dir='ltr'><strong>suum</strong></span> <span class='ocrx_word' id='word_1_865' title='bbox 3023 5363 3216 5414; x_wconf 86' lang='lat' dir='ltr'><strong>victum</strong></span> <span class='ocrx_word' id='word_1_866' title='bbox 3264 5361 3373 5413; x_wconf 90' lang='lat' dir='ltr'><strong>suis</strong></span> 
     </span>
    </p>
   </div>
   <div class='ocr_carea' id='block_1_114' title="bbox 1809 5449 3371 5522">
    <p class='ocr_par' dir='ltr' id='par_1_114' title="bbox 1809 5449 3371 5522">
     <span class='ocr_line' id='line_1_114' title="bbox 1809 5449 3371 5522; baseline -0.003 -13"><span class='ocrx_word' id='word_1_867' title='bbox 1809 5456 2051 5509; x_wconf 87' lang='lat' dir='ltr'><strong>manibus</strong></span> <span class='ocrx_word' id='word_1_868' title='bbox 2084 5454 2405 5522; x_wconf 83' lang='lat' dir='ltr'><strong>transigebat</strong></span> <span class='ocrx_word' id='word_1_869' title='bbox 2439 5452 2521 5522; x_wconf 86' lang='grc' dir='ltr'><strong>(ΙΙ</strong></span> <span class='ocrx_word' id='word_1_870' title='bbox 2556 5453 2708 5505; x_wconf 84' lang='lat' dir='ltr'><strong>Thes.</strong></span> <span class='ocrx_word' id='word_1_871' title='bbox 2741 5452 2825 5520; x_wconf 89' lang='grc' dir='ltr'>ιι).</span> <span class='ocrx_word' id='word_1_872' title='bbox 2851 5452 2953 5508; x_wconf 86' lang='lat' dir='ltr'><strong>Ubi</strong></span> <span class='ocrx_word' id='word_1_873' title='bbox 2988 5449 3151 5520; x_wconf 82' lang='lat' dir='ltr'><strong>magis</strong></span> <span class='ocrx_word' id='word_1_874' title='bbox 3182 5450 3371 5518; x_wconf 86' lang='lat' dir='ltr'><strong>imple-</strong></span> 
     </span>
    </p>
   </div>
   <div class='ocr_carea' id='block_1_115' title="bbox 1809 5541 3370 5613">
    <p class='ocr_par' dir='ltr' id='par_1_115' title="bbox 1809 5541 3370 5613">
     <span class='ocr_line' id='line_1_115' title="bbox 1809 5541 3370 5613; baseline -0.004 -11"><span class='ocrx_word' id='word_1_875' title='bbox 1809 5558 1917 5602; x_wconf 90' lang='lat' dir='ltr'><strong>tum</strong></span> <span class='ocrx_word' id='word_1_876' title='bbox 1944 5548 2189 5613; x_wconf 86' lang='lat' dir='ltr'><strong>estquod</strong></span> <span class='ocrx_word' id='word_1_877' title='bbox 2220 5546 2294 5599; x_wconf 89' lang='lat' dir='ltr'><strong>ait</strong></span> <span class='ocrx_word' id='word_1_878' title='bbox 2328 5564 2339 5597; x_wconf 88' lang='lat'>:</span> <span class='ocrx_word' id='word_1_879' title='bbox 2374 5544 2499 5599; x_wconf 84' lang='lat' dir='ltr'><strong>Plus</strong></span> <span class='ocrx_word' id='word_1_880' title='bbox 2530 5545 2759 5599; x_wconf 84' lang='lat' dir='ltr'><strong>omnibus</strong></span> <span class='ocrx_word' id='word_1_881' title='bbox 2786 5545 2887 5598; x_wconf 88' lang='lat' dir='ltr'><strong>illis</strong></span> <span class='ocrx_word' id='word_1_882' title='bbox 2924 5544 3148 5597; x_wconf 78' lang='lat' dir='ltr'><strong>laboravi</strong></span> <span class='ocrx_word' id='word_1_883' title='bbox 3170 5541 3222 5612; x_wconf 91' lang='lat' dir='ltr'><strong>(l</strong></span> <span class='ocrx_word' id='word_1_884' title='bbox 3254 5543 3370 5597; x_wconf 84' lang='lat' dir='ltr'><strong>Cor.</strong></span> 
     </span>
    </p>
   </div>
   <div class='ocr_carea' id='block_1_116' title="bbox 1809 5635 3374 5707">
    <p class='ocr_par' dir='ltr' id='par_1_116' title="bbox 1809 5635 3374 5707">
     <span class='ocr_line' id='line_1_116' title="bbox 1809 5635 3374 5707; baseline -0.003 -16"><span class='ocrx_word' id='word_1_885' title='bbox 1809 5639 1928 5706; x_wconf 83' lang='lat' dir='ltr'><strong>xv);</strong></span> <span class='ocrx_word' id='word_1_886' title='bbox 1973 5648 2025 5693; x_wconf 90' lang='lat' dir='ltr'><strong>ct</strong></span> <span class='ocrx_word' id='word_1_887' title='bbox 2068 5637 2303 5705; x_wconf 87' lang='lat' dir='ltr'><strong>adjunxit</strong></span> <span class='ocrx_word' id='word_1_888' title='bbox 2338 5654 2348 5687; x_wconf 76' lang='grc' dir='ltr'><em>τ</em></span> <span class='ocrx_word' id='word_1_889' title='bbox 2389 5636 2505 5690; x_wconf 84' lang='grc' dir='ltr'><strong>Νοη</strong></span> <span class='ocrx_word' id='word_1_890' title='bbox 2548 5654 2639 5707; x_wconf 78' lang='lat' dir='ltr'><strong>ego</strong></span> <span class='ocrx_word' id='word_1_891' title='bbox 2689 5646 2890 5702; x_wconf 88' lang='lat' dir='ltr'><strong>autent,</strong></span> <span class='ocrx_word' id='word_1_892' title='bbox 2933 5639 3019 5691; x_wconf 88' lang='lat' dir='ltr'><strong>sed</strong></span> <span class='ocrx_word' id='word_1_893' title='bbox 3066 5637 3230 5704; x_wconf 78' lang='lat' dir='ltr'><strong>gratia</strong></span> <span class='ocrx_word' id='word_1_894' title='bbox 3280 5635 3374 5688; x_wconf 88' lang='lat' dir='ltr'><strong>Dei</strong></span> 
     </span>
    </p>
   </div>
   <div class='ocr_carea' id='block_1_117' title="bbox 1810 5725 3375 5799">
    <p class='ocr_par' dir='ltr' id='par_1_117' title="bbox 1810 5725 3375 5799">
     <span class='ocr_line' id='line_1_117' title="bbox 1810 5725 3375 5799; baseline -0.003 -15"><span class='ocrx_word' id='word_1_895' title='bbox 1810 5747 2002 5785; x_wconf 88' lang='lat' dir='ltr'><strong>mecum</strong></span> <span class='ocrx_word' id='word_1_896' title='bbox 2046 5729 2255 5799; x_wconf 67' lang='lat' dir='ltr'><strong>(Ibid).</strong></span> <span class='ocrx_word' id='word_1_897' title='bbox 2292 5729 2356 5784; x_wconf 87' lang='lat' dir='ltr'><strong>Ut</strong></span> <span class='ocrx_word' id='word_1_898' title='bbox 2396 5730 2494 5785; x_wconf 90' lang='lat' dir='ltr'><strong>hoc</strong></span> <span class='ocrx_word' id='word_1_899' title='bbox 2525 5744 2732 5797; x_wconf 87' lang='lat' dir='ltr'><strong>quoque</strong></span> <span class='ocrx_word' id='word_1_900' title='bbox 2774 5736 3027 5797; x_wconf 81' lang='lat' dir='ltr'><strong>appareat</strong></span> <span class='ocrx_word' id='word_1_901' title='bbox 3072 5727 3164 5781; x_wconf 85' lang='lat' dir='ltr'><strong>Dei</strong></span> <span class='ocrx_word' id='word_1_902' title='bbox 3195 5725 3375 5793; x_wconf 73' lang='lat' dir='ltr'><strong>gratia:</strong></span> 
     </span>
    </p>
   </div>
   <div class='ocr_carea' id='block_1_118' title="bbox 1826 5820 3371 5895">
    <p class='ocr_par' dir='ltr' id='par_1_118' title="bbox 1826 5820 3371 5895">
     <span class='ocr_line' id='line_1_118' title="bbox 1826 5820 3371 5895; baseline -0.005 -16"><span class='ocrx_word' id='word_1_903' title='bbox 1826 5823 2183 5895; x_wconf 83' lang='lat' dir='ltr'><strong>deputandum</strong></span> <span class='ocrx_word' id='word_1_904' title='bbox 2210 5864 2221 5891; x_wconf 91' lang='lat'><strong>,</strong></span> <span class='ocrx_word' id='word_1_905' title='bbox 2255 5822 2396 5893; x_wconf 84' lang='lat' dir='ltr'><strong>quod</strong></span> <span class='ocrx_word' id='word_1_906' title='bbox 2428 5829 2477 5878; x_wconf 86' lang='lat' dir='ltr'><strong>et</strong></span> <span class='ocrx_word' id='word_1_907' title='bbox 2509 5820 2681 5876; x_wconf 87' lang='lat' dir='ltr'><strong>animo</strong></span> <span class='ocrx_word' id='word_1_908' title='bbox 2712 5829 2763 5875; x_wconf 92' lang='lat' dir='ltr'><strong>et</strong></span> <span class='ocrx_word' id='word_1_909' title='bbox 2802 5834 3023 5889; x_wconf 88' lang='lat' dir='ltr'><strong>corpore</strong></span> <span class='ocrx_word' id='word_1_910' title='bbox 3054 5828 3258 5889; x_wconf 87' lang='lat' dir='ltr'><strong>poterat</strong></span> <span class='ocrx_word' id='word_1_911' title='bbox 3286 5832 3371 5872; x_wconf 84' lang='lat' dir='ltr'><strong>us-</strong></span> 
     </span>
    </p>
   </div>
  </div>
