3884 6232
520 344 631 407 933

949 336 1154 394 unus:
1192 328 1654 388 VENERABILIS
1683 327 1834 386 ore.
1870 324 2052 383 rans
2096 323 2157 379 ιι.
2197 324 2389 380 secr.
2436 325 2472 380 ι.
2516 356 2581 367 -
2623 326 3006 383 EXEGETICA
3049 324 3370 385 cauum.

522 479 631 534 que
655 461 790 517 adeo
822 458 941 529 plus
971 454 1225 510 omnibus
1252 452 1360 507 illis
1388 450 1656 509 laborare,
1689 453 1749 498 ut
1775 456 1952 511 neque
1979 454 2099 494 ces—
2133 438 2174 493 Α
2206 436 2398 501 matis,
2423 445 2477 491 et
2508 436 2626 491 ideo
2656 436 2812 492 ﬁnem
2859 439 3119 509 signiﬁcat
3162 441 3363 495 stneuli.
3415 440 3665 495 Eumdem
3699 444 3754 497 ﬁ-

525 564 674 615 nret
728 553 796 607 ab
845 547 1138 618 Evangelio
1187 542 1551 615 praedicando,
1598 550 1773 605 neque
1811 545 1991 589 tamen
2034 548 2099 587 ex

527 644 840 715 Evangelio,
863 642 1005 698 sicut
1032 638 1132 702 illi,
1169 642 1501 692 sustentaret
1524 633 1664 687 hanc
1687 630 1875 693 vitam,
1902 640 2026 681 cum
2050 624 2101 679 id

527 755 624 810 per
657 749 735 793 tot
766 744 975 807 gentes,
1010 736 1064 789 in
1096 731 1296 803 quibus
1319 728 1522 783 Christi
1556 740 1754 781 nomen
1787 737 1893 778 non
1929 720 2105 774 fuerat

528 832 931 900 prophetatum,
965 824 1134 885 multo
1159 822 1325 874 latius
1350 830 1510 889 atque
1534 816 1766 871 lertilius
1787 811 2104 869 seminaret.

532 923 632 978 Ubi
667 918 904 974 ostendit
929 932 994 971 ex
1020 913 1310 984 Evangelio
1346 909 1581 971 vivendi,
1620 908 1722 962 hoc
1777 914 1859 960 est
1903 904 2102 957 victum

531 1011 791 1069 habendi.
814 1023 932 1063 non
951 1006 1330 1062 necessitatem
1364 1001 1624 1073 apostolis
1652 998 1984 1067 impositam,
2011 996 2104 1050 sed

533 1111 857 1175 petestatem
892 1098 1096 1169 datam.
1139 1097 1312 1162 Quam
1354 1101 1672 1160 potestatem
1716 1093 2109 1143 commemorat

534 1196 675 1250 idem
705 1192 995 1264 Apostolus
1024 1190 1209 1245 dicens
1247 1205 1263 1241 :
1298 1186 1356 1241 Si
1388 1202 1481 1239 nos
1513 1182 1654 1237 vobis
1692 1182 1997 1250 spiritualia
2027 1197 2111 1234 se-

532 1286 869 1345 minavimus,
900 1298 1149 1353 magnum
1189 1289 1267 1334 est
1291 1280 1337 1350 si
1362 1286 1533 1332 vestra
1561 1276 1801 1330 carnalia
1830 1272 2110 1327 metamus?

537 1376 595 1431 Si
632 1377 725 1431 alii
753 1374 1031 1443 potestatis
1059 1380 1243 1425 vestra!
1277 1367 1619 1437 participant,
1654 1380 1753 1417 non
1789 1361 1954 1431 magis
1987 1360 2112 1413 nos?

538 1470 646 1525 Sed
675 1484 778 1521 non
807 1481 985 1519 sumus
1015 1464 1117 1526 usi,
1152 1460 1352 1530 inquit,
1380 1458 1477 1511 hac
1499 1464 1750 1526 potestate
1773 1453 1827 1523 (Ι
1854 1452 1975 1508 Cor.
2010 1452 2109 1520 Ix).

537 1551 604 1614 Et
633 1559 796 1630 paulo
843 1566 1008 1628 post:
1057 1554 1159 1619 Qui
1210 1529 1383 1606 altari
1416 1549 1669 1614 serviunt,
1722 1546 1918 1616 inquit,
1949 1529 2112 1599 altari

538 1652 980 1721 compartiuntur.
1007 1647 1097 1703 Sic
1121 1657 1169 1700 et
1195 1646 1450 1700 Dominus
1464 1642 1724 1699 ordinavit
1750 1641 1812 1693 iis
1833 1638 1923 1707 qui
1948 1637 2114 1691 Evan-

537 1736 732 1816 qelium
764 1743 1105 1805 annuntiant,
1134 1743 1198 1792 de
1229 1735 1511 1806 Evangelia
1552 1735 1738 1789 vivere.
1785 1730 1897 1800 Ego
1937 1739 2112 1782 autem

540 1837 685 1892 nullo
720 1836 903 1889 horum
930 1849 1056 1887 usus
1084 1848 1203 1886 sum
1236 1828 1448 1900 (Ibid.).
1491 1826 1638 1880 Satis
1677 1825 1841 1894 igitur
1866 1830 2111 1891 apertum

541 1937 647 1991 est.
683 1928 1150 1996 nonimperatum,
1183 1922 1279 1978 sed
1305 1922 1358 1976 in
1394 1928 1661 1991 potestate
1687 1916 1945 1987 apostolis
1972 1913 2115 1983 posi-

544 2034 680 2085 tum,
712 2031 772 2074 ut
806 2018 1023 2073 aliunde
1055 2032 1160 2070 non
1187 2016 1447 2077 viverent,
1482 2010 1586 2066 nisi
1618 2025 1680 2063 ex
1724 2006 2032 2075 Evangelio.
2064 2014 2119 2059 et

543 2115 611 2169 ab
632 2114 712 2168 eis
738 2112 937 2181 quibus
970 2108 1319 2178 Evangelium
1352 2102 1720 2175 praedicando,
1746 2101 2006 2168 spiritalia
2034 2116 2119 2153 se-

544 2206 847 2269 minabant,
870 2202 1109 2258 carnalia
1136 2206 1425 2261 meterent,
1462 2192 1565 2249 hec
1594 2202 1702 2259 est,
1737 2192 1920 2246 carnis
1956 2191 2118 2258 hujus

544 2296 971 2354 sustentaculum
998 2298 1298 2356 sumerent,
1332 2298 1384 2343 et
1414 2298 1672 2365 tanquam
1699 2285 1895 2338 milites
1918 2282 2116 2337 Christi

546 2389 877 2460 stipendium
912 2384 1153 2440 debitum
1179 2381 1509 2451 acciperent,
1546 2378 1689 2432 sicut
1715 2392 1743 2430 a
1777 2373 2122 2445 provinciali-

548 2485 648 2537 bus
674 2480 900 2536 Christi.
937 2478 1093 2533 Unde
1140 2476 1280 2529 idem
1329 2475 1443 2541 ipse
1481 2472 1635 2524 miles
1668 2470 1916 2538 egregius
1961 2467 2119 2536 paulo

547 2574 796 2643 superius
817 2570 877 2624 de
900 2568 1001 2622 hac
1030 2583 1085 2621 re
1100 2566 1338 2619 dixerat:
1366 2563 1497 2628 Quis
1513 2560 1706 2615 militat
1725 2563 1831 2613 suis
1846 2558 2121 2625 stipendiis

549 2680 778 2735 unquam
810 2663 858 2734 (l
882 2660 1003 2715 Cor.
1032 2659 1144 2729 Ix)?
1176 2657 1320 2726 quod
1353 2667 1530 2709 tamen
1566 2654 1680 2725 ipse
1713 2652 1963 2715 faciebat,
1994 2651 2121 2720 quia

550 2759 672 2827 plus
697 2757 801 2810 illis
836 2752 1091 2809 omnibus
1133 2749 1431 2804 laborabat.
1464 2746 1519 2801 Si
1546 2761 1674 2815 ergo
1705 2746 1897 2798 beatus
1922 2744 2123 2798 Paulus

548 2864 612 2903 ea
654 2855 938 2917 potestate.
981 2859 1140 2914 quam
1186 2840 1425 2912 profecto
1484 2855 1606 2894 cum
1668 2838 1880 2893 caeteris
1945 2836 2122 2889 Evan-

551 2939 673 3010 gelii
700 2935 1145 3007 praedicatoribus
1177 2933 1429 2996 habebat,
1461 2946 1567 2985 non
1603 2947 1724 2985 cum
1754 2930 1964 2984 (δειρῆς
2006 2940 2122 2984 ute-

551 3040 722 3093 retur,
767 3029 859 3083 sed
889 3043 987 3083 sun
1020 3026 1288 3094 stipendio
1322 3023 1599 3085 militaret,
1633 3038 1698 3075 ne
1731 3032 1916 3092 gentes
1949 3037 1979 3076 a
2026 3037 2125 3076 no-

552 3123 699 3177 mine
725 3121 929 3176 Cbristi
981 3120 1193 3188 penitus
1236 3116 1456 3183 alienas,
1506 3116 1750 3170 doctrina
1803 3117 1922 3185 ejus
1970 3110 2190 3201 quasic

553 3210 759 3267 venalis
790 3209 1099 3272 offenderet,
1140 3209 1294 3261 aliter
1319 3202 1601 3271 educatus,
1636 3216 1803 3261 artem
1829 3222 1991 3276 quam
2016 3223 2124 3260 non

554 3314 778 3361 noverat
811 3304 1019 3368 didicit,
1056 3311 1115 3357 ut
1150 3302 1278 3372 dum
1338 3301 1453 3356 suis
1510 3298 1757 3352 manibus
1810 3298 2127 3367 transigitur

552 3401 765 3464 doetor,
802 3396 985 3449 nullus
1033 3401 1349 3463 gravaretur
1405 3390 1651 3455 auditor;
1707 3398 1911 3458 quanto
1960 3387 2129 3457 magis

557 3493 748 3546 beatus
772 3490 984 3553 Petrus,
1007 3488 1099 3557 qui
1124 3487 1234 3556 jam
1259 3488 1493 3553 piscator
1519 3484 1713 3544 fuerat,
1740 3482 1881 3550 quod
1911 3490 2134 3535 noverat

556 3582 705 3649 fecit,
740 3582 786 3638 si
819 3581 883 3635 ad
922 3595 1159 3649 prtesens
1185 3578 1313 3631 illud
1348 3586 1558 3645 tempus
1595 3574 1739 3639 aliud
1771 3575 1909 3627 unde
1935 3574 2134 3628 viveret

557 3689 662 3729 non
688 3672 929 3727 invenit?
953 3671 1057 3725 Sed
1084 3668 1427 3738 respondebit
1463 3665 1733 3737 quispiam
1759 3682 1770 3715 ε
1806 3665 1868 3717 Et
1900 3681 1997 3718 cur
2026 3682 2131 3720 non

558 3767 785 3829 invenit,
816 3780 938 3821 cum
975 3765 1236 3818 Dominus
1282 3763 1602 3831 promiserat
1636 3760 1821 3812 dicens
1850 3774 1862 3809 :
1905 3756 2135 3821 Quaerite

556 3861 783 3929 primum
807 3872 1019 3927 regnum
1060 3855 1175 3918 Dei,
1210 3866 1258 3906 et
1275 3852 1546 3931 justitiam
1573 3851 1708 3929 eju’s,
1740 3859 1786 3901 et
1820 3850 1931 3901 Ita'c
1961 3850 2135 3902 omnia

558 3948 887 4017 apponentur
919 3945 1058 3998 vobis
1095 3941 1311 4011 (Matth.
1340 3939 1449 4009 vi)?
1476 3940 1707 3991 Prorsus
1738 3940 1899 3989 etiam
1926 3940 2002 3989 sic
2036 3938 2134 3988 Do-

560 4046 740 4094 minus
764 4037 904 4106 quod
928 4034 1175 4105 promisit
1202 4030 1462 4100 implevit.
1489 4029 1623 4083 Nam
1650 4028 1771 4097 quis
1798 4027 1935 4079 alius
1958 4029 2130 4089 pisces

558 4134 651 4205 qui
681 4140 1009 4203 caperentur
1038 4129 1310 4198 apposuit,
1345 4126 1434 4195 qui
1484 4140 1587 4178 non
1622 4124 1690 4177 ob
1725 4122 1866 4175 aliud
1902 4121 2131 4174 creden-

559 4227 661 4280 dus
685 4232 768 4278 est
795 4224 875 4277 eis
911 4221 1206 4291 ingessisse
1231 4218 1534 4287 penuriam,
1559 4230 1659 4283 qua
1687 4213 2137 4280 compellerentur

560 4315 637 4367 ire
667 4314 958 4381 piscatum,
996 4310 1099 4362 nisi
1132 4308 1451 4380 dispositum
1481 4304 1665 4356 volens
1694 4301 1949 4354 exhibere
1974 4300 2138 4353 mira-

559 4406 766 4467 culum,
799 4414 856 4456 ut
884 4402 1043 4457 simul
1076 4411 1128 4451 et
1161 4394 1552 4468 praedicatores
1580 4395 1852 4463 Evangelii
1912 4394 1995 4447 sui
2046 4408 2137 4461 pa-

2212 545 2329 584 nem
2361 530 2540 584 saeculi
2569 532 2823 597 ostendit,
2848 541 2901 585 et
2929 533 3067 601 quod
3100 535 3287 587 Petrus
3312 543 3425 587 rete
3456 532 3677 587 extraxit
3711 540 3754 586 in

2211 632 2434 686 terram,
2468 620 2569 676 hoc
2605 630 2684 677 est
2716 622 2768 677 in
2817 624 2961 678 littus
2996 641 3010 677 :
3038 625 3180 694 quod
3221 627 3334 692 ipse
3367 624 3619 678 Dominus
3646 640 3755 693 ape-

2212 715 2332 772 ruit,
2370 710 2455 765 ubi
2487 712 2589 765 alio
2620 711 2736 766 loco
2764 712 2830 768 de
2857 728 3049 785 sagena
3080 715 3131 769 in
3164 730 3309 769 mare
3333 717 3492 769 missa
3526 717 3755 771 similitu-

2209 803 2384 856 dinem
2432 803 2596 869 dedit,
2640 814 2687 858 et
2727 820 2835 858 eam
2867 806 3096 870 trahunt,
3130 809 3319 876 inquit,
3354 810 3423 860 ad
3461 809 3624 862 littus.
3660 809 3758 876 Quo

2211 896 2355 948 littus
2384 895 2505 964 quid
2544 906 2685 951 esset
2730 911 3001 964 exponens
3039 902 3113 955 ait
3142 918 3153 953 :
3188 901 3275 955 Sic
3322 902 3414 954 erit
3450 901 3503 954 in
3536 917 3754 954 consum-

2212 994 2432 1042 matione
2459 989 2632 1042 saeculi
2656 988 2882 1062 (Matth.
2919 991 3072 1059 xm).
3107 992 3213 1047 Sed
3243 994 3326 1047 illa
3358 992 3507 1046 verbi
3534 1002 3646 1054 est,
3671 1009 3755 1046 non

2212 1081 2285 1131 rei
2313 1089 2458 1146 gesta
2504 1081 2771 1147 parabola.
2804 1080 2882 1136 Re
2912 1090 3091 1136 autem
3119 1091 3291 1154 gesta,
3325 1085 3459 1138 sicut
3490 1084 3592 1137 hoc
3635 1084 3751 1143 loco.

2212 1171 2436 1239 qualiter
2478 1172 2527 1225 in
2560 1174 2737 1228 smculi
2771 1173 2873 1229 line
2904 1174 3079 1229 futura
3120 1177 3209 1240 sit,
3255 1178 3324 1231 ita
3376 1179 3630 1233 Dominus
3668 1181 3753 1232 alia

2214 1264 2506 1331 piscatione
2554 1264 2875 1334 signiﬁcavit
2914 1267 3205 1321 Ecclesiam
3248 1270 3475 1339 qualiter
3504 1287 3644 1326 nunc
3680 1274 3753 1326 sit.

2214 1354 2361 1420 Quod
2394 1366 2571 1409 autem
2604 1357 2730 1411 illud
2764 1357 2890 1414 fecit
2919 1358 3068 1413 initio
3101 1360 3492 1429 praedicationis
3520 1379 3647 1428 suae,
3675 1365 3759 1418 hoc

2215 1459 2489 1529 veropost
2526 1449 2971 1504 resurrectionem
3005 1466 3157 1505 suam
3178 1492 3193 1516 ,
3228 1451 3349 1508 hinc
3374 1454 3603 1509 ostendit
3637 1457 3758 1509 illam

2215 1550 2486 1603 capturam
2536 1539 2757 1606 piscium
2791 1540 2961 1596 bonos
3009 1551 3064 1597 et
3109 1544 3278 1598 malos
3324 1546 3622 1615 signiﬁcare
3646 1563 3763 1617 quos

2218 1643 2356 1681 nunc
2386 1628 2544 1682 habet
2577 1630 2835 1694 Ecclesia,
2862 1631 3017 1686 istam
3050 1648 3177 1688 vero
3202 1637 3567 1691 tantummodo
3593 1637 3760 1701 bonos,

2221 1733 2356 1785 quos
2391 1718 2605 1772 habebit
2638 1721 2688 1771 in
2719 1731 2979 1775 :eternum
3010 1724 3273 1791 completa
3303 1726 3351 1778 in
3378 1728 3480 1780 line
3514 1727 3659 1795 hujus
3678 1743 3765 1780 sa:-

2220 1810 2323 1863 euli
2359 1813 2753 1865 resurrectione
2786 1822 3139 1867 mortuorum.
3172 1815 3409 1885 Denique
3432 1818 3500 1870 ibi
3534 1818 3763 1871 Dominus

2221 1894 2325 1952 no'n
2357 1901 2491 1954 sicut
2533 1901 2615 1954 hic
2663 1904 2714 1954 iu
2759 1902 2937 1958 littOre
2967 1906 3160 1969 stabat,
3193 1907 3406 1974 quando
3433 1909 3585 1975 jussit
3615 1909 3764 1976 pisces

2219 1992 2334 2060 capi
2358 2032 2372 2058 ,
2400 1992 2493 2047 sed
2520 1994 2793 2047 ascendens
2814 1996 2868 2047 in
2894 2012 3048 2048 unam
3076 2012 3252 2049 narem
3274 2014 3385 2066 qua:
3408 2008 3515 2051 erat
3537 1998 3762 2060 Simonis,

2220 2085 2413 2153 rogavit
2444 2100 2555 2138 eum
2576 2101 2605 2137 a
2633 2094 2767 2139 terra
2802 2087 3041 2140 reducere
3063 2090 3340 2155 pusillum;
3362 2101 3409 2143 et
3434 2093 3482 2143 in
3515 2106 3575 2144 ea
3606 2095 3765 2144 sedeas

2220 2178 2426 2230 docebat
2446 2176 2639 2231 turbas.
2672 2177 2738 2231 Ut
2760 2181 2965 2232 cessavit
2992 2192 3156 2234 autem
3184 2182 3343 2250 loqui,
3373 2184 3500 2236 dixit
3523 2185 3589 2236 ad
3614 2184 3763 2241 Simo.

2221 2285 2334 2320 nem
2357 2285 2375 2322 :
2414 2268 2525 2321 Duc
2549 2271 2600 2322 in
2627 2270 2809 2335 altum,
2831 2281 2876 2323 et
2904 2272 3073 2324 laxate
3102 2273 3229 2328 retia
3257 2286 3423 2331 vestra
3444 2280 3493 2331 in
3522 2291 3767 2347 capturum

2221 2359 2371 2429 (Luc.
2399 2359 2477 2428 v).
2515 2361 2580 2414 Et
2606 2361 2713 2415 illic
2736 2362 2875 2431 quod
2907 2374 3119 2434 captum
3159 2375 3243 2422 est
3285 2370 3529 2436 piscium,
3560 2370 3608 2423 in
3637 2376 3761 2423 navi-

2221 2452 2355 2505 culis
2400 2450 2531 2517 fuit,
2580 2467 2685 2509 non
2712 2453 2870 2510 siem
2916 2457 3000 2511 hic
3030 2467 3143 2512 rete
3178 2468 3454 2514 traxerunt
3485 2461 3534 2513 in
3569 2471 3761 2515 terram.

2222 2542 2314 2595 llis
2348 2544 2542 2613 signis,
2576 2555 2627 2600 et
2676 2547 2719 2600 si
2760 2562 2863 2616 qua
2911 2546 3083 2615 aliqua
3118 2552 3389 2619 potuerint
3439 2551 3677 2620 reperiri,
3705 2555 3761 2606 ibi

2223 2633 2457 2700 Ectlesia
2492 2637 2542 2690 in
2579 2639 2679 2691 hoc
2705 2639 2921 2704 saeculo,
2955 2638 3042 2694 hic
3073 2654 3201 2694 vero
3231 2641 3282 2694 in
3316 2643 3421 2695 line
3450 2642 3623 2696 δίρρυΙὶ
3652 2642 3759 2713 tign-

2224 2740 2336 2783 rata
2365 2738 2449 2782 est
2476 2747 2485 2781 :
2514 2728 2633 2783 ideo
2658 2729 2781 2784 illud
2806 2739 2949 2797 ante,
2978 2731 3076 2786 hoc
3099 2742 3275 2787 autem
3302 2743 3420 2802 post
3446 2737 3762 2789 resurrectio-

2226 2835 2347 2873 nem
2378 2820 2588 2873 Domini
2622 2819 2821 2874 lactum
2850 2831 2949 2887 est,
2982 2824 3102 2891 quia
3134 2822 3203 2876 ibi
3233 2838 3329 2878 nos
3350 2823 3589 2878 Christus
3616 2826 3760 2894 signi-

2224 2912 2402 2965 ﬁcarit
2424 2921 2662 2979 vocatos,
2690 2913 2773 2966 hic
2799 2914 3160 2969 resuscitatus.
3193 2915 3267 2969 lbi
3290 2917 3420 2969 retia
3442 2934 3542 2970 non
3568 2918 3762 2971 mittuno

2224 3011 2305 3055 tur
2337 3000 2389 3055 in
2416 3001 2687 3056 dexteram
2709 3044 2723 3069 ,
2757 3019 2822 3056 ne
2852 3004 2995 3057 solos
3026 3005 3330 3073 signiﬁcent
3362 3007 3531 3062 bonos
3558 3025 3569 3071 ;
3603 3024 3693 3061 nec
3721 3010 3759 3060 in

2222 3094 2510 3158 sinistram,
2543 3109 2609 3148 ne
2634 3095 2776 3149 solos
2800 3098 2987 3159 malos.
3012 3098 3106 3151 sed
3135 3097 3501 3153 indiderenter
3526 3119 3535 3153 :
3568 3100 3759 3163 Laxate,

2223 3186 2412 3254 inquit,
2448 3186 2574 3238 retia
2602 3196 2763 3239 vestra
2787 3188 2839 3239 in
2870 3199 3160 3256 capturum,
3186 3196 3242 3243 ut
3272 3190 3554 3259 perutistos
3584 3190 3759 3245 intelli-

2220 3291 2405 3343 gamus
2426 3277 2590 3331 bonos
2616 3288 2669 3331 et
2694 3279 2879 3333 malos.
2907 3280 2999 3333 Hic
3028 3290 3203 3333 autem
3240 3298 3252 3333 :
3280 3280 3487 3346 Mittite,
3516 3283 3693 3350 inquit,
3720 3285 3761 3333 is

2220 3370 2479 3422 dexteram
2524 3370 2712 3440 navigii
2742 3380 2866 3434 rete,
2905 3380 2959 3424 ut
2988 3371 3309 3438 signiﬁcaret
3344 3386 3440 3426 eos
3463 3374 3546 3440 qui
3579 3373 3763 3425 stabant

2220 3462 2285 3515 ad
2318 3462 2588 3515 dexteram
2632 3462 2775 3515 solos
2818 3463 3006 3515 bonos.
3054 3463 3126 3515 lbi
3172 3474 3284 3517 rete
3328 3474 3542 3531 propter
3581 3462 3760 3532 signiti-

2221 3554 2390 3607 canda
2437 3554 2725 3607 schismata
2775 3555 3146 3622 rumpebatur;
3197 3553 3281 3608 hic
3328 3569 3494 3619 vero,
3539 3554 3759 3624 quoniam

2224 3648 2475 3711 tunejam
2512 3646 2562 3696 in
2597 3645 2681 3697 illa
2724 3660 2928 3697 summa
2962 3659 3090 3711 pace
3130 3654 3435 3699 sanctorum
3470 3647 3604 3698 nulla
3632 3654 3759 3699 erant

2222 3735 2504 3787 schismata
2535 3773 2551 3798 ,
2596 3736 2847 3804 pertinuit
2906 3735 2969 3787 ad
3028 3736 3404 3802 evangelistam
3456 3735 3627 3789 dicere
3663 3752 3673 3787 :
3706 3731 3759 3785 Et

2223 3844 2337 3905 cum
2368 3829 2494 3879 tanti
2522 3838 2685 3880 essent
2709 3868 2723 3889 ,
2752 3827 2799 3879 id
2825 3835 2939 3894 est,
2967 3837 3070 3879 tam
3102 3828 3271 3895 magni
3293 3868 3306 3890 ,
3335 3843 3435 3879 non
3479 3838 3548 3879 est
3578 3827 3761 3879 scissam

2223 3933 2323 3971 me
2345 3962 2357 3984 ,
2385 3928 2631 3988 tanquam
2662 3918 2786 3971 illud
2816 3921 3101 3983 I'CSplCL'I'Cl
3137 3918 3221 3970 ubi
3253 3920 3474 3971 scissum
3515 3928 3611 3978 est,
3642 3929 3687 3969 et
3720 3919 3759 3967 in

2232 4012 2371 4063 illius
2403 4011 2524 4063 ntali
2569 4012 2966 4075 comparatione
3006 4008 3403 4063 commendaret
3434 4010 3533 4063 hoc
3565 4012 3757 4061 bonum.

2228 4104 2301 4156 lbi
2332 4113 2481 4170 capta
2509 4112 2592 4155 est
2614 4100 2895 4154 multitudo
2927 4102 3145 4166 piscium
3174 4109 3337 4163 tanta,
3364 4107 3422 4151 ut
3447 4100 3649 4165 impleta
3676 4100 3761 4150 dun

2230 4197 2430 4262 navigia
2479 4204 2864 4262 mergerentur,
2905 4191 2953 4244 id
2996 4200 3096 4254 est,
3131 4188 3183 4243 in
3215 4191 3635 4244 submersionem
3666 4204 3760 4256 pre-

2230 4296 2516 4341 merentur.
2549 4284 2662 4339 Nou
2692 4285 2832 4337 enim
2868 4298 3039 4337 mersa
3070 4292 3216 4347 sunt,
3250 4283 3342 4336 sed
3376 4295 3549 4336 tamen
3584 4281 3757 4349 pericti-

2232 4392 2357 4434 tata.
2396 4380 2543 4433 Unde
2591 4379 2729 4431 enim
2762 4377 2997 4430 existunt
3036 4376 3085 4427 in
3120 4374 3351 4428 Ecclesia
3389 4382 3529 4427 tanta
3560 4388 3666 4442 quae
3692 4387 3763 4438 ge

559 4506 756 4557 sceret,
790 4506 839 4547 et
874 4487 1049 4559 ipsdm
1087 4489 1434 4556 Evangelium
1463 4497 1609 4539 tanto
1634 4494 1970 4539 sacramento
1996 4496 2124 4551 qttOt‘

2229 4474 2443 4536 mimus,
2474 4468 2571 4521 nisi
2601 4482 2719 4520 cum
2762 4476 2918 4519 tanta:
2948 4463 3268 4516 multitudini
3316 4465 3502 4516 obsisti
3548 4479 3643 4515 non
3686 4476 3759 4527 p0-

558 4596 677 4641 erat
710 4587 775 4637 tle
814 4595 1041 4635 numero
1090 4580 1313 4646 piscium
1363 4576 1838 4629 commendaturus
1884 4570 2140 4640 augeret?

633 4676 772 4729 Dicit
794 4690 913 4741 ergo
949 4672 1130 4725 Simon
1164 4665 1351 4719 Petrus
1382 4682 1399 4717 :
1446 4665 1584 4716 Vada
1610 4663 1828 4731 piscari.
1860 4664 2053 4713 Dicunt
2092 4660 2137 4711 ei

558 4772 648 4841 qui
684 4784 801 4821 cum
834 4768 925 4818 illo
954 4772 1105 4818 erant
1136 4777 1153 4814 :
1206 4759 1451 4813 Venimus
1486 4768 1532 4809 et
1571 4772 1661 4809 nos
1700 4766 1884 4808 tecum.
1909 4751 1974 4804 Et
2002 4754 2139 4803 exie-

564 4874 707 4927 runt,
744 4871 791 4915 et
816 4858 1160 4913 ascenderunt
1192 4870 1392 4913 navem,
1422 4864 1467 4904 et
1494 4850 1585 4903 illa
1624 4859 1769 4903 nocte
1804 4846 1933 4901 nihil
1958 4861 2142 4915 appreo

562 4954 871 5015 henderunt,
898 4962 1066 5016 usque
1088 4946 1155 4999 Et
1174 4963 1287 5000 cum
1315 4946 1657 5006 tantiessent,
1692 4959 1793 4995 non
1823 4952 1897 4995 est
1920 4944 2140 4995 scissum

564 5053 691 5098 rete.
720 5042 831 5096 Hoc
856 5052 938 5095 est
963 5054 1215 5110 magnum
1245 5046 1643 5092 sacramentum
1672 5036 1723 5087 in
1756 5048 1949 5103 magno
1974 5034 2139 5087 Joan-

564 5140 649 5194 nis
691 5136 1001 5204 Evangelio,
1036 5142 1089 5187 et
1142 5143 1198 5187 ut
1238 5131 1611 5186 vehementius
1647 5130 2137 5187 commendaretur,

562 5230 683 5283 luco
715 5228 903 5281 ultimo
943 5226 1225 5291 scriptum.
1276 5222 1427 5286 Quod
1461 5236 1589 5289 ergo
1630 5229 1835 5287 septem
1888 5218 2137 5285 discipuli

563 5323 763 5377 fuerint
796 5323 846 5374 iu
897 5321 997 5373 ista
1049 5318 1366 5387 piscatione,
1417 5316 1629 5377 Petrus,
1685 5323 1736 5367 et
1784 5312 2039 5373 Thomas,
2086 5320 2137 5362 et

561 5416 877 5479 Nathauael,
906 5422 961 5467 et
991 5412 1098 5465 duo
1132 5410 1223 5463 ﬁlii
1250 5408 1515 5472 Zebedtei,
1547 5417 1599 5461 et
1638 5406 1725 5459 alii
1758 5406 1863 5457 duo
1897 5417 2127 5471 quorum

564 5508 780 5559 nomina
816 5513 1086 5565 tacentur,
1122 5502 1225 5553 isto
1257 5518 1355 5553 suo
1380 5501 1685 5567 septenario
1719 5510 1945 5549 numero
1979 5497 2132 5547 ﬁdem

562 5596 870 5665 signiﬁcant
901 5592 1184 5662 temporis.
1215 5592 1532 5645 Universum
1568 5593 1767 5660 quippe
1793 5598 1996 5654 septem
2024 5588 2130 5640 die-

561 5689 663 5744 bus
693 5688 928 5741 volvitur
981 5697 1212 5755 tcmpus.
1264 5685 1342 5737 Ad
1381 5685 1482 5739 boc
1524 5686 1754 5753 pertinet
1800 5683 1941 5751 quod
1987 5698 2136 5734 mane

560 5781 698 5849 {acto
725 5779 878 5836 Jcsus
910 5782 1053 5835 stetit
1083 5782 1136 5834 in
1169 5782 1361 5847 littore,
1392 5780 1514 5848 quia
1549 5780 1708 5834 etiam
1746 5768 2028 5833 Iittustiuis
2057 5787 2139 5830 cst

2228 4574 2349 4629 test,
2385 4578 2499 4630 qua:
2532 4560 2596 4613 ad
2627 4556 3068 4626 submergendam
3121 4556 3505 4621 propemodum
3555 4551 3759 4617 discipli-

2227 4671 2345 4709 nam
2390 4657 2548 4707 intrat
2585 4665 2703 4704 eum
2753 4647 2987 4702 moribus
3037 4646 3147 4699 suis
3192 4661 3218 4697 a
3250 4655 3555 4698 sanctorum
3606 4645 3760 4695 itinere

2230 4747 2434 4810 penitus
2474 4742 2698 4796 alienis?
2731 4740 2826 4793 llic
2854 4749 3028 4790 autem
3078 4738 3337 4790 miserunt
3370 4744 3484 4789 rete
3530 4736 3580 4787 iri
3610 4734 3759 4787 dexte-

2227 4855 2336 4891 ram
2372 4845 2594 4904 partem,
2625 4844 2672 4885 et
2716 4835 2829 4902 jam
2874 4846 2973 4882 non
3005 4829 3233 4881 valebant
3271 4828 3407 4881 illud
3453 4829 3645 4879 trahere
3676 4840 3760 4891 pru-

2228 4908 2551 4980 multitudine
2596 4925 2829 4993 piscium.
2884 4918 3017 4985 Quid
3063 4930 3163 4981 est,
3209 4927 3255 4970 et
3281 4921 3396 4984 jam
3424 4934 3525 4968 non
3557 4916 3755 4968 valebant

2227 5021 2356 5072 illud
2382 5017 2594 5078 trahere,
2631 5014 2726 5065 ιιίδὶ
2757 5011 2876 5079 quia
2910 5010 2979 5063 illi
3010 5009 3094 5078 qui
3126 5011 3395 5076 pertinent
3436 5010 3501 5060 ad
3550 5020 3758 5061 resurre-

2229 5112 2455 5164 ctionem
2489 5110 2627 5167 vita),
2662 5105 2709 5156 id
2734 5110 2832 5165 est,
2858 5100 2921 5152 ad
2948 5102 3239 5162 dexteram,
3265 5109 3316 5151 ct
3340 5099 3475 5150 intra
3506 5096 3757 5151 Christiani

2231 5202 2456 5255 nominis
2508 5200 2635 5251 retia
2687 5196 3059 5262 delunguntur,
3110 5206 3213 5242 non
3261 5190 3361 5242 nisi
3414 5191 3466 5243 in
3513 5188 3757 5250 littore,il

2229 5305 2331 5356 est,
2358 5294 2414 5345 in
2442 5293 2544 5345 line
2575 5289 2778 5351 saeculi,
2808 5301 2925 5339 cum
2977 5283 3388 5344 resurrexerint,
3424 5280 3761 5349 apparebunt?

2231 5387 2352 5439 Ideo
2383 5400 2487 5436 uolt
2521 5381 2797 5433 valuerunt
2841 5378 2917 5431 sic
2968 5376 3179 5429 trahere
3229 5377 3382 5437 retia,
3420 5384 3472 5423 ut
3526 5376 3575 5425 iu
3606 5387 3758 5424 narem

2232 5476 2576 5531 reiuuderent
2625 5486 2757 5539 quos
2802 5480 3052 5537 ceperant
3085 5467 3275 5534 pisces,
3306 5467 3443 5517 sicut
3484 5465 3553 5518 de
3586 5465 3678 5516 illis
3706 5464 3757 5510 ta,

2230 5580 2369 5622 ctum
2402 5576 2480 5619 est
2510 5565 2700 5633 quibus
2734 5574 2841 5615 rete
2870 5562 3161 5626 diruptam,
3207 5566 3257 5609 et
3295 5556 3552 5609 navicula
3598 5566 3759 5622 pressa

2230 5671 2373 5714 sum.
2420 5657 2587 5711 liabet
2633 5656 2761 5707 istos
2810 5653 3023 5706 dextros
3056 5649 3285 5702 Ecclesia
3333 5658 3451 5715 post
3488 5649 3637 5698 tinem
3669 5643 3759 5689 ire
3846 5688 3847 5691 η

2231 5753 2385 5821 hujus
2420 5750 2468 5804 in
2502 5762 2688 5803 somno
2739 5744 2902 5815 pacis,
2937 5744 3078 5797 velut
3129 5742 3177 5796 in
3230 5738 3491 5808 profundo
3547 5738 3757 5791 latentis.

3665 327 3761 385 Oili
3846 344 3847 351 ‘
