3884 6232
99 352 195 411 9:15

1052 353 1120 412 IN
1159 355 1215 411 S.
1254 346 1532 412 JOANNIS
1572 354 2012 412 EVANGELIUM
2057 355 2428 414 EXPOSITIO.

3223 357 3327 414 99$

97 470 260 524 donec
317 468 382 523 ad
432 469 583 523 littus
631 478 745 524 rete
791 467 1103 538 perveniat,
1153 470 1293 538 quod
1349 469 1655 524 trahebatur
1689 469 1984 534 Aaccedit,
2014 470 2146 524 llum
2187 470 2367 544 decem
2419 475 2472 522 et
2523 478 2772 538 septem:
2828 470 2915 540 qui
2963 485 3212 525 numerus
3253 475 3322 527 sb

96 562 238 630 quasi
288 576 319 615 a
362 560 561 615 cubitis
602 560 866 615 ducentis.
914 561 1063 627 Quod
1109 570 1284 615 autem
1326 560 1432 615 illic
1456 561 1659 614 duabus

101 654 389 717 naviculis,
441 661 660 721 propter
701 653 1162 708 circumcisionem
1213 662 1267 705 et
1320 653 1656 722 prrcputium,

102 745 195 798 hoc
241 743 345 798 isto
391 744 511 798 loco
555 744 796 798 ducentis
841 745 1035 798 cubitis
1082 744 1331 798 existimo
1381 744 1658 812 ﬁguratum

100 848 312 902 propter
342 834 614 902 utriusque
645 834 857 902 generis
884 834 1105 896 electos,
1136 842 1189 886 et
1218 832 1659 896 circumcisionis,

104 936 152 978 et
203 925 467 993 pr:eputii,
523 933 772 991 tanquam
827 933 1040 977 centum
1088 932 1145 976 et‘
1190 934 1422 985 centum,
1451 922 1572 986 quia
1605 920 1656 974 in

98 1031 292 1070 summa
343 1016 648 1071 centenaria
698 1030 974 1069 numerum
1019 1015 1082 1068 ad
1112 1016 1380 1068 dexteram
1430 1014 1657 1067 transiit.

99 1110 366 1162 Postremo
392 1109 444 1161 in
476 1107 561 1161 illa
591 1109 880 1174 piscatione
909 1122 1158 1161 numerus
1186 1121 1291 1159 non
1316 1105 1656 1170 exprimitur,

97 1213 337 1270 tanquam
385 1201 515 1254 illud
559 1199 628 1254 ibi
663 1201 754 1254 ﬁat
781 1200 919 1268 quod
953 1201 1262 1269 prrcdietum
1295 1208 1373 1251 est
1403 1213 1495 1264 per
1526 1197 1656 1251 Pro-

95 1296 300 1361 phetam
331 1312 342 1345 :
375 1294 685 1347 Annuntiat‘i
714 1303 760 1346 et
786 1295 981 1346 locutus
1011 1307 1158 1356 sum;
1187 1290 1510 1358 multiplicati
1537 1298 1656 1343 sunt

93 1401 235 1453 super
283 1399 548 1437 numerum
601 1384 774 1452 (Psal.
810 1385 1016 1448 xxxix).
1071 1382 1166 1436 llic
1212 1397 1340 1437 vero
1392 1396 1498 1435 non
1529 1391 1653 1434 sunt

91 1472 245 1538 aliqui
274 1488 436 1540 super
464 1489 772 1537 numerum,
806 1472 899 1526 sed
929 1483 1109 1534 certus,
1136 1482 1216 1526 est
1247 1487 1498 1526 numerus
1531 1486 1656 1525 cen-

92 1576 195 1617 tum
239 1563 610 1632 quinquaginta
646 1574 772 1616 tres.
814 1561 974 1630 Cujus
1004 1564 1205 1615 numeri
1241 1563 1395 1625 ratio,
1434 1562 1655 1615 Domino

89 1654 385 1721 adjuvante,
419 1651 694 1707 reddenda
722 1663 823 1706 est.
878 1652 934 1706 Si
978 1655 1117 1706 enim
1149 1668 1424 1708 numerum
1455 1653 1655 1708 consti-

90 1757 293 1798 tuamus
324 1746 411 1812 qui
445 1746 614 1814 legem
647 1744 930 1814 signiﬁcet,
963 1744 1086 1814 quid
1119 1753 1271 1799 erunt
1304 1743 1401 1798 nisi
1431 1744 1653 1799 decem?

93 1838 406 1906 Decalogum
450 1838 648 1908 quippe
701 1839 849 1907 legis,
909 1838 958 1891 id
988 1847 1089 1902 est,
1146 1838 1328 1892 decem
1362 1837 1647 1892 novissima
1684 1819 1724 1877 Β

89 1934 167 1985 illa
199 1944 487 2002 pracepta,
544 1933 712 2000 digito
744 1932 832 1986 Dei
864 1932 914 1984 in
965 1929 1168 1984 duabus
1214 1929 1431 1998 lapideis
1464 1927 1655 1982 tabulis

88 2023 308 2089 primum
339 2024 500 2077 fuisse
524 2022 826 2090 conscripta
851 2020 1045 2091 (Exod.
1081 2021 1257 2086 xxxi),
1299 2019 1653 2074 certissimum

88 2125 161 2168 est
189 2115 368 2170 nobis.
402 2114 506 2170 Sed
537 2115 640 2178 lex,
670 2113 884 2182 quando
916 2127 1018 2166 non
1050 2113 1262 2181 adjuvat
1292 2111 1480 2180 gratia,
1515 2126 1655 2179 prro-

90 2207 410 2260 raricatores
441 2205 590 2270 facit,
623 2215 678 2259 et
711 2205 1076 2258 tantummodo
1107 2205 1160 2258 in
1192 2205 1364 2258 littera
1394 2213 1495 2257 est.
1527 2203 1654 2256 Pro-

91 2308 196 2364 pter
226 2299 325 2352 hoc
357 2300 499 2353 enim
554 2299 786 2352 maxime
827 2299 902 2350 ait
935 2299 1258 2365 Apostolus:
1289 2297 1484 2350 Littera
1522 2297 1656 2350 occi-

88 2389 176 2453 dit,
205 2391 417 2458 spiritus
445 2399 618 2442 autem
645 2389 863 2457 viciﬁcat
896 2387 949 2459 (I
979 2389 1096 2442 Cor.
1126 2387 1226 2457 ut).
1262 2388 1494 2442 Accedat
1527 2402 1653 2456 ergo

90 2482 146 2534 ad
193 2483 420 2536 litteram
471 2482 706 2549 spiritus,
759 2497 824 2534 ne
875 2479 1086 2534 occidat
1141 2477 1310 2532 littera
1357 2494 1512 2547 quam
1547 2495 1652 2532 non

90 2573 309 2626 viviﬁcat
339 2573 598 2643 spiritus;
646 2572 740 2626 sed
774 2581 830 2624 ut
858 2575 1143 2640 operemur
1185 2579 1447 2638 praecepta
1500 2571 1650 2638 legis,

93 2681 184 2718 non
214 2665 416 2718 viribus
445 2664 666 2728 nostris,
713 2664 804 2717 sed
833 2664 1001 2730 gratia
1034 2663 1348 2718 Salvatoris.
1397 2663 1528 2716 Cum
1559 2678 1653 2716 au-

91 2770 184 2810 tem
234 2756 445 2811 accedit
494 2757 557 2810 ad
615 2755 786 2824 legem
833 2754 1023 2824 gratia,
1073 2753 1124 2808 id
1175 2764 1274 2819 est,
1309 2753 1373 2806 ad
1420 2754 1648 2807 litteram

87 2849 314 2914 spiritus,
347 2847 742 2916 quodammodo
771 2847 991 2901 denario
1040 2861 1268 2900 numero
1311 2845 1522 2900 additur
1559 2861 1648 2900 se-

89 2940 367 3006 ptenarius.
417 2938 522 2993 Isto
567 2938 762 3007 quippe
811 2951 1054 2999 numero.
1108 2937 1156 2990 id
1189 2945 1292 3003 est,
1325 2937 1646 3004 septenario.

88 3029 358 3099 signiﬁcari
401 3030 662 3098 Spiritum
690 3041 956 3092 sanctum,
990 3029 1315 3084 advertenda
1349 3029 1646 3083 litterarum

89 3136 344 3174 sacrarum
376 3109 1012 3175 docuntenta'testantur.
1053 3121 1252 3189 Nempe
1282 3123 1420 3176 enim
1450 3122 1644 3176 sancti-
1675 3161 1722 3222 ο

93 3221 162 3262 tas
227 3210 307 3264 vel
366 3210 718 3264 sanctiﬁcatio
778 3211 842 3264 ad
895 3219 1104 3264 centum
1161 3211 1369 3279 proprie
1422 3211 1648 3280 pertinet

90 3301 340 3369 spiritum.
372 3301 528 3356 Unde
571 3316 692 3355 cum
732 3311 786 3355 et
817 3302 971 3356 Pater
1009 3302 1228 3368 spiritus
1274 3304 1374 3365 sit,
1406 3312 1456 3355 et
1487 3301 1648 3356 Filius

89 3393 292 3458 spiritus
347 3395 438 3458 sit,
474 3394 727 3462 quoniam
777 3393 912 3447 Deus
958 3394 1175 3460 spiritus
1222 3402 1302 3446 est
1333 3391 1513 3462 (Joan.
1548 3394 1643 3461 tv),

89 3489 138 3535 ct
165 3482 316 3536 Pater
344 3492 585 3547 sanctus,
635 3493 683 3537 et
712 3483 877 3536 Filius
928 3493 1144 3535 sanctus
1183 3481 1272 3547 sit,
1307 3483 1521 3550 proprio
1566 3491 1649 3536 ta-

95 3586 200 3624 men
249 3574 464 3627 nomine
513 3574 824 3634 amborum,
873 3573 1100 3640 Spiritus
1150 3583 1372 3626 vocatur
1422 3575 1648 3643 Spiritus

93 3673 318 3717 sanctus.
352 3663 451 3718 Ubi
485 3679 613 3731 ergo
647 3665 873 3732 primum
925 3665 975 3716 in
1019 3665 1134 3732 lege
1183 3666 1360 3718 80nuit
1413 3667 1646 3720 sanctiﬁ-

92 3758 242 3824 catio,
270 3756 370 3810 nisi
418 3758 467 3809 in
508 3757 597 3812 die
639 3757 905 3827 septimo?
954 3756 1067 3810 Non
1113 3758 1256 3811 enim
1301 3758 1649 3812 sanctiﬁcavit

93 3847 219 3898 Deus
245 3847 381 3899 diem
415 3847 662 3914 primum,
711 3849 761 3898 in
791 3861 894 3912 quo
939 3845 1061 3899 fecit
1094 3847 1287 3910 lucem,
1314 3857 1404 3898 aut
1450 3861 1645 3900 secun-

92 3939 224 4000 dum,
273 3938 323 3990 in
374 3952 479 4005 quo
532 3937 654 3990 fecit
705 3936 1118 4002 ﬁrmamentum,
1169 3945 1259 3988 aut
1309 3938 1543 4000 tertium,
1593 3938 1643 3989 in

94 4046 186 4098 quo
214 4034 461 4087 discrevit
492 4047 640 4086 mare
669 4047 697 4084 a
731 4042 891 4094 terra,
923 4042 974 4085 et
1007 4023 1142 4084 terra
1176 4028 1390 4083 herbam
1423 4029 1648 4096 lignum-

94 4141 186 4191 que
228 4124 510 4194 produxit,
585 4134 675 4177 aut
719 4135 963 4194 quartum
994 4167 1006 4188 ,
1055 4123 1107 4176 in
1155 4137 1262 4190 quo
1309 4123 1480 4174 sidera
1527 4131 1646 4173 sunt

95 4226 277 4281 creata,
334 4227 420 4271 aut
449 4216 716 4284 quintum,
775 4217 825 4270 in
851 4230 955 4284 quo
997 4215 1242 4268 animalia
1272 4230 1388 4283 qua:
1415 4215 1466 4267 in
1499 4213 1646 4282 aquis

100 4312 288 4374 vivunt,
334 4319 386 4362 et
429 4309 479 4360 in
509 4323 636 4361 aere
664 4307 908 4373 volitant,
941 4317 1028 4359 aut
1062 4317 1294 4368 sextum,
1327 4305 1376 4357 in
1410 4320 1512 4370 quo
1543 4312 1646 4355 ter—

97 4400 270 4453 restris
316 4399 492 4452 anima
541 4399 684 4463 viva,
717 4408 768 4451 et
799 4400 910 4466 ipse
940 4395 1132 4460 llomo;
1185 4396 1275 4449 sed
1305 4394 1647 4448 sanctiﬁcavit

1765 576 1868 616 uno
1907 579 2072 631 usque
2115 566 2177 616 ad
2223 564 2452 630 seipsum
2523 565 2841 632 computatis
2907 565 3150 618 omnibus
3202 579 3322 616 ere-

1763 669 1940 720 scens,
1973 669 2137 722 usque
2165 654 2230 706 ad
2261 664 2470 708 centum
2501 655 2873 723 quinquaginta
2926 663 3032 708 tres
3059 656 3320 722 pervenit.

1763 745 1842 798 Ad
1895 761 2054 798 unum
2103 744 2241 797 enim
2289 744 2330 796 si
2381 742 2598 810 adiicias
2624 745 2750 808 duo,
2790 745 2921 798 ﬁunt
2969 746 3146 811 utique
3178 756 3322 800 tres:

1764 833 1846 887 his
1872 835 1914 886 si
1948 833 2170 902 adjicias
2201 844 2328 898 tres,
2363 844 2414 886 et
2444 843 2689 902 quatuor,
2727 835 2854 887 ﬁunt
2884 847 3066 888 omnes
3110 835 3318 888 decem.

1761 923 1962 977 Deinde
2013 925 2055 977 si
2103 923 2269 976 addas
2316 939 2502 977 omnes
2569 939 2816 977 numeros
2867 925 2954 992 qui
3012 937 3320 994 sequuntur,

1761 1031 1927 1083 usque
1979 1017 2042 1069 ad
2074 1018 2254 1072 decem
2298 1028 2351 1069 et
2392 1029 2617 1085 septem,
2646 1019 2709 1068 ad
2742 1017 3098 1084 supradictum
3134 1030 3320 1068 nume-

1761 1125 1875 1162 rum
1906 1125 2110 1163 summa
2141 1111 2460 1178 perducitur.
2510 1108 2561 1162 Id
2591 1119 2691 1172 est,
2724 1109 2766 1160 si
2806 1108 2868 1160 ad
2913 1107 3094 1160 decem
3125 1121 3228 1172 quo
3255 1107 3322 1159 ab

1761 1214 1868 1254 uno
1923 1215 2087 1268 usque
2141 1207 2367 1266 quatuor
2421 1213 2779 1268 perveneras,
2841 1196 3002 1250 addas
3057 1197 3318 1265 quinque,

1760 1300 1814 1345 et
1856 1292 1982 1344 ﬁant
2011 1289 2342 1357 quindecim;
2373 1289 2455 1342 his
2485 1289 2527 1342 si
2561 1289 2721 1342 addas
2751 1303 2866 1351 sex,
2901 1297 2952 1340 et
2981 1287 3103 1338 ﬁant
3136 1286 3316 1352 viginti

1760 1399 1931 1449 unus;
1990 1383 2070 1438 his
2109 1384 2152 1436 si
2201 1383 2364 1436 addas
2409 1391 2633 1450 septem,
2663 1389 2717 1434 et
2773 1380 2897 1433 ﬁant
2943 1379 3126 1445 viginti
3175 1388 3318 1441 octo,

1759 1475 1839 1527 his
1889 1475 1934 1528 si
1986 1474 2147 1528 addas
2191 1483 2346 1540 octo,
2411 1482 2465 1526 et
2514 1487 2696 1526 novem
2751 1480 2804 1524 et
2850 1470 3057 1531 decem,
3106 1477 3159 1521 et
3189 1467 3320 1521 ﬁant

1757 1564 2128 1634 quinquaginta
2191 1563 2465 1633 quinque;
2520 1563 2598 1616 his
2649 1562 2692 1617 si
2738 1561 2901 1614 addas
2954 1561 3194 1614 undecim
3261 1571 3318 1614 et

1755 1656 2032 1711 duodecim
2087 1665 2141 1711 et
2190 1657 2467 1720 tredecim,
2521 1664 2574 1710 et
2627 1655 2752 1709 ﬁant
2808 1657 3084 1724 nonaginta
3118 1670 3320 1719 unum;

1759 1749 1841 1803 his
1910 1763 2121 1804 rursum
2169 1749 2570 1819 quatuordecim
2623 1757 2678 1803 et
2732 1748 3027 1815 quindecim
3075 1758 3128 1802 et
3163 1748 3322 1801 sede-

1754 1843 1890 1906 cim,
1943 1851 1995 1894 et
2044 1841 2169 1898 ﬁant
2208 1853 2420 1896 centum
2483 1841 2690 1910 triginta
2730 1855 2867 1905 sex;
2925 1841 3047 1894 huic
3095 1855 3320 1894 numero

1755 1935 1891 1989 adde
1932 1935 2076 1989 illum
2119 1935 2208 2004 qui
2239 1945 2402 1988 restat
2442 1933 2508 1989 de
2537 1950 2640 2000 quo
2667 1935 2866 2002 agitur,
2899 1934 2948 1985 id
2979 1943 3079 1995 est,
3128 1933 3317 1986 decem

1757 2037 1810 2080 et
1857 2035 2085 2096 septem,
2141 2035 2196 2081 et
2240 2025 2457 2095 piscium
2511 2040 2759 2078 numerus
2819 2025 2906 2077 ille
2948 2025 3320 2091 complebitur.

1756 2117 1868 2171 Non
1911 2131 2038 2185 ergo
2105 2116 2475 2170 tantummodo
2534 2124 2746 2170 centum
2793 2115 3168 2184 quinquaginta
3211 2123 3321 2168 tres

1755 2209 1926 2264 sancti
1966 2209 2031 2262 ad
2059 2210 2223 2262 vitam
2253 2212 2598 2263 resurrecturi
2644 2207 3006 2278 signiﬁcantur
3039 2217 3316 2270 mternam,

1753 2301 1839 2368 qni
1886 2314 2136 2353 numerus
2167 2310 2248 2353 ter
2281 2300 2437 2353 habet
2479 2301 2636 2352 etiam
2683 2298 3189 2367 quinquagenarium
3222 2314 3318 2349 nn-

1754 2407 1981 2455 merum,
2017 2402 2070 2444 et
2101 2392 2319 2460 insuper
2350 2393 2460 2458 ipsa
2494 2391 2588 2443 tria
2621 2401 2835 2459 propter
2863 2390 3177 2458 mysterium
3201 2388 3320 2442 Tri-

1755 2485 1952 2536 uitatis.
1981 2483 2470 2551 Quiuquagenarius
2495 2492 2690 2546 autem,
2723 2479 3088 2548 multiplicatis
3112 2489 3315 2548 septem

1755 2592 1850 2645 per
1877 2585 2104 2644 septem,
2131 2584 2182 2628 et
2203 2575 2356 2628 unius
2385 2573 2699 2641 adjectioiie,
2729 2574 3038 2640 completur.
3087 2572 3213 2626 Nam
3238 2587 3319 2627 se.

1755 2669 1890 2736 pties
1920 2678 2121 2735 septem
2164 2669 2291 2720 ﬁunt
2321 2667 2662 2734 quadraginta
2708 2679 2920 2718 novem.
2973 2664 3117 2718 Unus
3144 2675 3316 2716 autem

1753 2759 1984 2820 additur,
2013 2767 2068 2810 ut
2089 2772 2152 2811 eo
2177 2758 2501 2825 signiﬁcetur
2529 2769 2685 2808 unum
2711 2769 2832 2808 esse
2859 2755 2946 2822 qui
2973 2769 3063 2822 per
3087 2762 3310 2818 septem,

1753 2859 1967 2921 propter
1995 2851 2354 2914 operationem
2401 2847 2750 2914 septenariam
2800 2844 3216 2898 demonstratur.
3252 2842 3320 2896 Et

1753 2941 1992 2992 novimus
2021 2938 2274 3005 Spiritum
2297 2947 2533 2989 sant-tum
2566 2943 2682 3004 post
2713 2933 3078 2988 ascensionem
3104 2932 3318 2988 Domini

1751 3034 2194 3103 quinquagesimo
2219 3031 2304 3086 die
2331 3032 2569 3095 missum,
2599 3046 2754 3100 quem
2779 3029 3019 3097 discipuli
3043 3028 3170 3094 jussi
3196 3035 3318 3080 sunt

1752 3131 2062 3192 exspectare
2078 3125 2390 3190 promissum
2410 3123 2541 3192 (Act.
2564 3137 2599 3186 I,
2617 3137 2673 3184 ll;
2696 3117 2998 3185 Luc.xxtv).
3025 3118 3136 3170 Non
3159 3115 3316 3185 igitur

1753 3215 1944 3267 frustra
1984 3213 2108 3266 dicti
2150 3221 2272 3267 sunt
2317 3213 2368 3264 hi
2402 3212 2569 3278 pisces
2599 3220 2651 3263 et
2677 3220 2752 3263 tot
2791 3219 2843 3263 et
2872 3209 3020 3267 tanti,
3047 3208 3097 3260 id
3128 3215 3241 3269 est,
3263 3213 3320 3259 et

1749 3313 1964 3360 centum
1980 3305 2354 3374 quinquaginta
2376 3312 2502 3363 tres,
2518 3314 2570 3355 et
2587 3301 2777 3370 magni.
2799 3300 2886 3355 Sic
2902 3300 3040 3352 enim
3063 3299 3317 3364 scriptum

1749 3406 1832 3452 est
1852 3414 1865 3451 ε
1885 3394 1948 3448 Et
1971 3406 2231 3449 traxerunt
2253 3406 2351 3448 rete
2369 3397 2416 3447 in
2437 3404 2638 3458 terram,
2664 3397 2866 3465 plenum
2889 3394 3080 3463 magnis
3105 3390 3320 3458 piscibus

1750 3498 1947 3542 centum
1991 3488 2358 3555 quinquaginta
2390 3487 2567 3539 tribus.
2612 3485 2741 3538 Cum
2777 3487 2916 3539 enim
2967 3483 3188 3538 dixisset
3214 3482 3320 3537 Do-

1748 3579 1922 3632 minus
1950 3595 1964 3631 :
1998 3575 2118 3630 Non
2140 3578 2255 3630 veni
2277 3577 2435 3646 legem
2459 3578 2664 3638 solvere,
2691 3577 2774 3628 sed
2797 3576 3070 3642 adimplere
3101 3573 3314 3641 (Matth.

1747 3669 1824 3736 v),
1857 3669 2076 3721 daturus
2123 3666 2304 3734 utique
2348 3665 2643 3734 Spiritum,
2696 3680 2788 3732 per
2831 3679 2987 3733 quem
3032 3664 3111 3717 lex
3154 3664 3321 3733 possit

1749 3759 1978 3825 impleri,
2013 3767 2258 3826 tanquam
2290 3766 2490 3825 septem
2538 3757 2812 3810 additurus
2857 3757 2921 3809 ad
2945 3759 3153 3821 decem,
3187 3771 3315 3823 pau-

1748 3850 1974 3903 cissimis
2019 3850 2189 3902 verbis
2237 3849 2590 3916 interpositis,
2637 3849 2747 3901 ait:
2803 3848 2902 3912 Qui
2951 3865 3068 3916 ergo
3113 3848 3316 3901 solverit

1746 3955 1901 3990 unum
1924 3940 1986 3991 dc
2014 3939 2266 3991 mandatis
2293 3940 2401 3992 istis
2432 3940 2651 3991 minimis
2679 3978 2692 4001 ,
2723 3947 2767 3991 et
2795 3938 3016 3991 docuerit
3048 3940 3118 3991 sic
3149 3941 3313 3991 Itomi-

1747 4045 1851 4090 nes,
1883 4029 2118 4082 minimus
2155 4029 2413 4080 vocabitur
2444 4029 2493 4080 in
2523 4044 2679 4094 regno
2710 4029 2945 4081 calorum
2972 4027 3177 4097 (lbid.).
3215 4029 3315 4083 Iste

1746 4132 1871 4185 ergo
1901 4119 2093 4186 poterit
2123 4120 2387 4185 pertinere
2437 4118 2500 4169 ad
2540 4134 2815 4171 numerum
2849 4118 3064 4186 piscium
3100 4136 3318 4189 magno-

1749 4222 1898 4269 rum;
1936 4208 2182 4260 minimus
2211 4219 2382 4260 autem
2413 4208 2530 4271 ille,
2562 4207 2648 4276 qui
2679 4209 2835 4261 solvit
2867 4210 3014 4263 lactis
3046 4210 3184 4276 quod
3213 4211 3312 4265 do-

1746 4306 1831 4350 cet
1862 4299 2057 4362 verbis,
2095 4300 2143 4350 in
2176 4299 2262 4350 tali
2292 4297 2529 4351 Ecclesia
2560 4307 2732 4363 potest
2754 4314 2890 4364 esse,
2918 4301 3123 4367 qualem
3152 4299 3318 4368 signi-

1749 4386 1868 4438 ﬁcat
1899 4388 2116 4455 piscium
2151 4389 2314 4452 prima
2343 4386 2428 4438 illa
2461 4397 2697 4452 captura,
2735 4387 3015 4440 habentem
3061 4389 3228 4442 bonos
3258 4399 3315 4445 et

97 4491 222 4543 diem
255 4491 560 4560 septimum,
609 4491 661 4542 in
702 4504 805 4558 quo
847 4487 1108 4557 requievit
1152 4487 1217 4539 ab
1245 4486 1493 4552 eperibus
1537 4484 1646 4538 suis
1682 4506 1726 4564 υ
1754 4479 1945 4541 malos,
1976 4479 2094 4547 quia
2138 4489 2189 4530 et
2228 4481 2334 4544 ipsa
2379 4479 2575 4530 dicitur
2607 4495 2825 4547 regnum
2873 4479 3153 4544 caelorum,
3187 4497 3314 4547 pro-

97 4579 232 4636 t'Gen.
275 4580 355 4647 ιι).
407 4579 797 4634 Convenienter
851 4577 1009 4648 igitur
1059 4577 1366 4647 septenario
1426 4592 1649 4632 numero

98 4671 407 4739 signiﬁcatur
434 4670 666 4739 Spiritus
693 4679 926 4723 sanctus.
961 4669 1118 4721 Isaias
1145 4677 1318 4720 autem
1349 4668 1607 4736 Propheta
1631 4684 1644 4720 :

102 4758 374 4826 llequiescet
407 4761 459 4810 in
509 4774 586 4820 eo,
638 4756 826 4824 inquit,
867 4757 1078 4823 spiritus
1120 4753 1326 4806 Domini
1365 4755 1519 4825 (lsai.
1550 4763 1643 4822 x1),

100 4863 308 4917 eumque
335 4850 590 4916 deinceps
620 4846 996 4902 commendans
1035 4847 1100 4900 ab
1127 4861 1286 4913 opere
1315 4847 1394 4900 vel
1429 4863 1648 4902 munere

101 4938 402 5004 septenario,
444 4937 691 5002 Spiritus,
741 4937 929 5004 inquit,
958 4938 1223 5002 sapientia:
1253 4946 1300 4989 et
1342 4939 1641 5004 intellectus,

102 5027 290 5088 spiritus
337 5027 538 5080 consilii
588 5036 635 5080 et
682 5028 1025 5094 fortitudinis,
1077 5029 1285 5093 spiritus
1331 5011 1557 5082 scientiae
1601 5041 1646 5084 et

105 5118 314 5180 pietatis;
364 5126 410 5169 et
459 5117 689 5184 implebit
737 5119 884 5170 illum
952 5121 1157 5188 spiritus
1206 5121 1398 5172 timoris
1443 5121 1648 5175 Domini

101 5207 292 5277 (Ibit).
334 5208 509 5274 Quid?
539 5207 591 5262 in
623 5208 938 5277 Apocalypsi
975 5226 1151 5264 nonne
1182 5219 1384 5277 septem
1432 5213 1647 5278 spiritus

106 5299 187 5352 Dei
232 5299 471 5354 dicuntur
517 5299 696 5367 (Apoc.
732 5297 793 5365 i),
843 5315 963 5353 cum
1010 5303 1077 5353 sit
1127 5317 1261 5355 unus
1309 5310 1466 5370 atque
1505 5302 1642 5357 idem

104 5396 339 5461 spiritus,
407 5397 653 5450 dividens
713 5396 923 5463 propria
981 5397 1262 5465 unicuique
1324 5407 1478 5465 prout
1535 5398 1646 5450 vult

106 5486 148 5554 (l
171 5488 278 5540 Cor.
304 5487 427 5558 xu)?
448 5486 551 5542 Sed
576 5485 811 5555 operatio
833 5487 1129 5552 septenaria
1155 5486 1307 5538 unius
1330 5487 1544 5552 spiritus
1571 5487 1645 5540 sic

108 5578 340 5644 appellata
368 5587 450 5632 est
474 5579 544 5631 ab
567 5577 751 5631 eodem
797 5577 979 5645 spiritu
1014 5577 1099 5643 qui
1155 5575 1409 5629 scribenti
1457 5577 1642 5643 adluit,

110 5678 158 5716 ut
184 5678 371 5736 septem
402 5669 619 5735 spiritus
650 5667 966 5722 dicerentur.
1015 5667 1144 5719 Cum
1177 5668 1353 5736 itaque
1399 5670 1528 5736 legis
1553 5670 1646 5723 de-

111 5761 239 5815 nario
276 5762 499 5833 Spiritus
551 5746 763 5817 sanctus
815 5778 907 5832 per
953 5763 1309 5832 septenarium
1367 5778 1643 5819 numerum

1752 4579 1864 4637 pter
1911 4570 2046 4637 quod
2095 4570 2159 4621 ait
2199 4588 2208 4621 :
2261 4568 2441 4623 Simile
2472 4580 2541 4622 est
2573 4587 2777 4636 regnum
2827 4572 3064 4624 caelorum
3112 4591 3314 4643 sugente

1751 4662 1918 4712 missae
1939 4662 1987 4712 in
2018 4676 2173 4720 mare,
2204 4670 2247 4711 et
2277 4676 2339 4712 es:
2367 4661 2502 4712 omni
2537 4677 2714 4730 genere
2746 4662 2953 4727 piscium
2985 4668 3312 4731 congreganti

1751 4751 1962 4822 (Matth.
1990 4751 2130 4816 xm),
2160 4750 2241 4801 ubi
2273 4753 2380 4801 vult
2406 4751 2627 4818 intelligi
2656 4751 2813 4802 etiam
2841 4753 3005 4803 bonos
3035 4765 3088 4805 et
3119 4756 3306 4820 malos,

1749 4857 1882 4911 quos
1910 4842 2033 4894 dicit
2070 4843 2116 4892 in
2144 4840 2316 4894 littore
2368 4841 2451 4893 vel
2503 4841 2554 4892 iu
2598 4842 2698 4894 ﬁne
2736 4844 2915 4894 sa'culi
2964 4848 3309 4909 separandos.

1751 4934 1982 5000 Denique
2010 4942 2064 4984 ut
2094 4931 2399 4984 ostenderet
2429 4932 2554 4983 istos
2601 4933 2844 4983 minimos
2875 4937 3127 4997 reprobus
3159 4949 3302 5000 esse,

1747 5027 1832 5095 qui
1865 5026 2048 5079 docent
2082 5024 2216 5077 bona
2244 5021 2525 5091 loquendo,
2559 5038 2676 5092 quae
2715 5024 2928 5076 solvunt
2957 5025 3089 5076 male
3119 5025 3304 5079 viven-

1746 5119 1833 5179 do,
1883 5130 1977 5170 nec
2004 5115 2151 5184 quasi
2196 5112 2442 5166 minimos
2474 5117 2523 5164 in
2566 5117 2666 5164 vita
2713 5124 2908 5166 aeterna
2962 5115 3180 5175 futuros,
3213 5117 3304 5170 sed

1746 5210 1962 5261 omnino
1992 5207 2059 5260 ibi
2095 5221 2196 5258 non
2227 5207 2449 5268 futuros,
2480 5219 2598 5256 cum
2629 5204 2847 5257 dixisset
2875 5222 2886 5255 :
2942 5203 3180 5257 Minimus
3208 5222 3309 5257 vo-

1746 5301 1939 5354 cabitur
1967 5299 2018 5350 in
2040 5313 2194 5366 regno
2239 5296 2473 5349 caelorum
2512 5294 2721 5364 (Matth.
2755 5294 2830 5362 v),
2881 5295 3129 5348 continuo
3175 5299 3304 5348 suh-

1742 5395 1907 5464 jecit:
1942 5393 2068 5445 Dico
2094 5403 2259 5444 autem
2289 5393 2422 5442 vobis
2466 5390 2585 5459 quia
2624 5392 2716 5440 nisi
2756 5389 3078 5441 abundaverit
3103 5391 3304 5458 justitia

1745 5497 1907 5537 vestra
1933 5487 2047 5552 plus
2074 5499 2220 5549 quam
2245 5483 2526 5538 scribarum
2574 5489 2620 5532 et
2658 5479 3053 5542 Pharisaeorum,
3100 5496 3198 5530 non
3228 5484 3305 5530 in-

1746 5577 1940 5630 trabitis
1987 5578 2038 5628 in
2065 5591 2268 5645 regnum
2299 5573 2534 5625 cmlorum
2585 5570 2791 5642 (Ibid).
2841 5571 3183 5637 Consequens
3223 5579 3307 5623 est

1746 5685 1890 5739 ergo,
1924 5679 1979 5723 ut
2008 5671 2092 5737 qui
2124 5669 2369 5722 minimus
2409 5678 2489 5722 est
2536 5667 2587 5720 in
2635 5681 2793 5735 regno
2841 5666 3091 5720 etrlorum
3133 5660 3306 5732 qualis

1748 5776 1884 5817 nunc
1923 5771 2001 5815 est
2045 5760 2294 5824 Ecclesia,
2349 5776 2452 5814 non
2485 5761 2647 5816 intret
2692 5761 2741 5815 in
2782 5773 3000 5826 regnum
3047 5758 3304 5813 calorum
