3884 6232
548 316 651 370 9'27

976 320 1178 376 BEDXE
1224 322 1441 380 \‘ENER
1459 327 1664 385 \BILIS
1701 330 1848 387 OPP.
1892 329 2068 386 PARS
2108 326 2168 383 ll.
2194 327 2384 387 SECT.
2420 333 2460 389 ι.
2502 366 2571 379 --
2597 336 2990 423 EXEGETICA
3021 342 3345 403 GENUINA.

3721 358 3809 415 9‘38

550 435 721 502 qualis
775 441 900 489 tunc
939 436 1043 499 erit
1090 436 1349 505 Ecclesia,
1392 444 1642 511 quoniam
1695 445 1940 501 docendo
1981 446 2121 515 quod
2156 444 2201 502 Α
2234 443 2284 497 id
2315 454 2413 513 est,
2448 452 2595 516 quasi
2625 453 3107 524 quadragenarium
3149 477 3377 521 numero
3404 469 3635 525 denano
3662 486 3809 541 coim-

548 527 728 591 solvit,
760 527 823 579 ad
858 542 1043 581 eurum
1072 530 1387 586 societatem
1414 535 1501 601 qui
1534 534 1733 591 iaciunt
1763 537 1905 605 quod
1945 538 2140 593 docent

554 634 659 672 non
688 619 969 687 pertinebit
995 635 1012 687 ;
1041 631 1095 676 et
1126 622 1247 677 ideo
1272 642 1378 680 nun
1410 627 1510 681 erit
1553 627 1606 681 in
1634 645 1861 685 numero
1905 632 2136 701 piscium

553 723 890 777 magnorum,
925 713 1171 781 quoniam
1215 717 1304 785 qui
1329 718 1503 786 fecerit
1552 730 1600 773 et
1630 722 1874 790 decurrit,
1925 741 2139 792 magnus

554 803 812 856 vocabitur
841 806 893 857 in
923 821 1077 876 regno
1107 810 1346 863 (telorum
1386 809 1609 883 (Ibid);
1653 823 1705 869 et
1747 815 1867 883 quia
1884 816 1985 871 hic
2028 833 2143 871 ma-

552 906 691 961 gnus
713 894 835 962 erit,
860 895 980 950 ideo
1010 896 1080 951 ibi
1114 900 1363 955 minimus
1386 901 1476 957 ille
1502 919 1606 958 non
1632 905 1757 961 erit.
1800 906 1980 977 Usque
2004 909 2140 963 adeo

554 988 750 1057 quippe
781 988 851 1042 ibi
883 990 1060 1059 magni
1092 1003 1267 1059 erunt,
1299 1004 1354 1049 ut
1380 996 1468 1065 qui
1512 996 1586 1052 ibi
1630 998 1804 1054 minor
1826 1010 1925 1066 est,
1970 1001 2142 1070 major

555 1080 627 1136 sit
651 1096 716 1136 eo
746 1097 853 1152 quo
883 1082 968 1139 hic
999 1101 1157 1143 nemo
1199 1088 1368 1158 major
1416 1099 1518 1146 est.
1569 1078 1681 1147 Sed
1724 1102 1899 1148 tamen
1933 1096 2019 1151 hic
2048 1096 2139 1165 qui

556 1172 732 1240 magni
760 1183 907 1238 sunt,
960 1175 1011 1229 id
1039 1185 1143 1243 est,
1188 1179 1276 1247 qui
1323 1180 1375 1233 in
1408 1178 1508 1234 hoc
1549 1196 1715 1250 regno
1758 1183 2017 1241 caelorum
2052 1186 2137 1242 ubi

555 1276 751 1333 sagenr.
781 1278 1068 1337 congregat
1100 1270 1266 1323 bonus
1292 1278 1346 1323 et
1370 1270 1817 1344 malos,,faciunt
1846 1276 1985 1330 bona
2019 1293 2138 1345 quas

557 1352 784 1423 docent,
808 1356 905 1424 ipsi
935 1368 1091 1413 erunt
1143 1358 1195 1411 in
1243 1360 1329 1413 illa
1362 1362 1510 1430 regni
1542 1364 1802 1419 cmlorutn
1838 1367 2139 1422 a-tcrnitate

558 1445 817 1515 majores,
851 1462 985 1516 quos
1033 1448 1117 1503 isti
1160 1450 1226 1504 ad
1268 1452 1562 1520 dexteram,
1605 1464 1657 1509 et
1698 1456 1764 1510 ad
1795 1457 2139 1515 resurrectio-

564 1553 689 1593 nem
718 1538 841 1594 vita:
883 1543 1209 1610 pertinentes
1244 1546 1481 1617 indicant
1526 1548 1714 1617 pisces.
1746 1551 1923 1605 Potest
1979 1554 2136 1608 etiam

561 1625 612 1680 si
640 1643 897 1684 numerus
928 1631 1024 1685 iste
1051 1634 1441 1703 consideretur,
1470 1653 1755 1696 occurrere
1785 1642 1849 1695 ad
1886 1643 2138 1699 Ecclesia:

559 1723 919 1787 sanctitatem,
940 1740 1059 1792 qua:
1082 1741 1176 1794 per
1200 1726 1482 1783 Dominum
1510 1744 1749 1787 nostrum
1772 1733 1952 1789 Jesum
1982 1734 2140 1791 Citri-

559 1821 701 1867 stum
732 1816 867 1867 lacta
897 1826 1003 1885 est,
1034 1826 1090 1871 ut
1118 1820 1367 1886 quaniatn
1403 1824 1707 1891 septenario
1732 1841 1954 1881 numero
1983 1842 2131 1882 crea-
2165 1809 2210 1869 Β

564 1916 682 1961 tura
711 1916 939 1975 constat,
971 1924 1089 1965 cum
1124 1914 1386 1968 lernarius
1431 1914 1646 1983 animae,
1679 1928 1732 1972 et
1768 1923 2139 1987 quaternarins

558 2000 769 2069 corpori
803 2002 1065 2069 tribuitur,
1090 2006 1357 2075 susceptio
1382 2007 1492 2077 ipsa
1527 2008 1756 2065 hominis
1786 2013 2135 2079 signiﬁcetur,

558 2089 927 2162 duranturque
958 2095 1053 2149 tria
1081 2097 1294 2165 septies,
1325 2101 1443 2169 quia
1480 2099 1636 2155 Pater
1668 2106 1811 2157 misit
1842 2106 2055 2173 Filium,
2086 2116 2142 2163 et

560 2182 719 2238 Pater
764 2186 815 2238 in
846 2183 979 2239 Filio
1010 2195 1112 2254 est,
1164 2197 1218 2244 et
1259 2190 1401 2245 dono
1446 2191 1675 2261 Spiritus
1724 2196 1894 2250 sancti
1933 2198 2001 2252 de
2034 2200 2140 2252 vir-

560 2275 683 2343 gine
716 2284 868 2330 natus
895 2286 994 2331 est.
1048 2278 1172 2334 [late
1220 2289 1346 2335 sunt
1394 2283 1513 2348 tria,
1557 2284 1734 2349 Pater,
1783 2296 1837 2340 et
1870 2288 2057 2355 Filius,
2088 2300 2141 2344 et

560 2364 785 2433 Spiritus
813 2376 1049 2423 sanctus.
1104 2370 1314 2439 Septies
1354 2382 1529 2427 autem
1580 2373 1694 2443 ipse
1737 2377 1898 2432 homo
1929 2389 2139 2449 tempo—

560 2457 658 2511 rali
686 2457 1083 2527 dispensatione
1129 2473 1425 2533 susceptus,
1460 2476 1516 2518 ut
1558 2465 1707 2522 ﬁeret
1757 2470 2138 2539 sempiternus.

560 2547 646 2603 Fit
665 2564 801 2619 ergo
829 2565 1036 2606 summa
1088 2555 1293 2609 numeri
1326 2555 1513 2626 viginti
1563 2574 1746 2622 unum,
1802 2562 1883 2615 vel
1928 2561 2023 2615 tria
2051 2577 2138 2616 se-

561 2640 715 2709 pties.
750 2641 872 2695 "ch
900 2652 1076 2698 autem
1107 2644 1339 2701 hominis
1365 2650 1637 2718 susceptio
1663 2652 1725 2704 ad
1768 2652 2139 2709 liberationem

563 2835 775 2895 propter
796 2826 1026 2881 animam
1057 2838 1109 2884 et
1136 2844 1330 2899 corpus
1372 2832 1424 2885 in
1455 2831 1644 2887 eodem
1690 2836 1991 2903 septenario
2040 2852 2140 2890 nu-

561 2932 709 2971 mero
755 2920 1043 2988 reperitur.
1098 2921 1369 2977 Ducantur
1409 2924 1586 2995 itaque
1618 2923 1796 2996 viginti
1825 2942 1985 2981 unum
2017 2928 2139 2981 item

565 3007 763 3076 septies
794 3021 1012 3079 propter
1041 3025 1134 3066 eos
1172 3012 1259 3083 qui
1293 3029 1388 3083 per
1418 3015 1685 3071 hominem
1718 3018 2045 3072 dominicum
2082 3020 2143 3073 li-

562 3096 835 3165 berantur,
866 3110 919 3155 et
948 3100 1080 3156 ﬁunt
1106 3103 1261 3157 simul
1292 3120 1491 3173 CXLVII,
1522 3111 1605 3163 cui
1654 3109 1865 3164 additur
1895 3109 2139 3165 senarius

2240 539 2331 592 lat.
2362 540 2484 596 Haec
2510 553 2685 600 autem
2719 546 2979 617 Ecclesia,
3006 553 3072 607 ad
3098 568 3251 623 quam
3297 560 3532 628 pertinet
3561 539 3810 634 quinqus.

2236 632 2483 699 genarius
2512 650 2785 705 numerus,
2836 641 2960 711 quia
2990 657 3055 699 ex
3088 647 3255 703 tribus
3302 653 3597 720 generibus
3651 632 3805 711 homi-

2238 739 2362 778 num
2392 726 2622 796 eligitur,
2654 730 2871 801 Judzeis,
2915 738 3181 806 gentibus,
3226 750 3280 797 et
3318 748 3628 803 carnalibus
3670 746 3812 805 Chri-

2237 818 2446 885 stianis,
2499 820 2614 875 sive
2653 824 2776 891 quia
2825 837 3163 885 sacramento
3209 831 3486 891 Trinitatis
3534 838 3809 901 imbuitur.

2239 924 2463 966 numero
2490 928 2596 980 quo
2622 915 2952 985 signiﬁcatur
2982 921 3047 976 ad
3072 926 3438 982 centenarium
3466 938 3519 984 et
3559 931 3811 1001 quinqua-

2242 1005 2510 1071 genarium
2565 1011 2837 1078 pervenit;
2893 1014 3271 1089 quinquaginta
3328 1023 3470 1077 enim
3526 1034 3618 1080 ter
3668 1025 3811 1081 ducta

2242 1094 2379 1153 ﬁunt
2399 1107 2612 1175 centum
2653 1101 3069 1173 quinquaginta;
3114 1122 3223 1179 quo
3252 1125 3374 1168 cum
3401 1114 3686 1171 addideris
3714 1118 3811 1184 ipsa

2242 1186 2359 1250 tria,
2408 1188 2528 1256 quia
2579 1184 2783 1260 insigne
2820 1202 2875 1248 et
2918 1197 3163 1252 eminens
3202 1199 3359 1257 debet
3401 1218 3540 1270 esse,
3598 1208 3741 1277 quod
3769 1210 3810 1261 in

2240 1278 2456 1334 nomine
2481 1278 2669 1346 Patris,
2703 1293 2756 1336 et
2780 1282 2919 1351 Filii,
2959 1298 3013 1343 et
3042 1287 3271 1358 Spiritus
3300 1297 3466 1351 sancti
3498 1298 3716 1355 lavacro
3741 1316 3810 1355 re-

2239 1372 2596 1436 generationis
2655 1372 2923 1443 abluitur,
2974 1379 3109 1436 ﬁunt
3161 1393 3375 1439 centum
3435 1388 3807 1459 quinquaginta

2242 1460 2379 1527 tria;
2429 1463 2515 1532 qui
2544 1479 2795 1537 numerus
2839 1467 3059 1536 piscium
3109 1472 3393 1541 invenitur,
3440 1478 3565 1554 quia
3612 1480 3666 1532 in
3692 1479 3809 1533 dex.

2242 1561 2410 1607 teram
2465 1569 2665 1624 partem
2696 1560 2857 1614 missa
2886 1572 3009 1615 sunt
3039 1564 3169 1617 retia
3193 1606 3208 1631 ,
3240 1576 3294 1621 et
3340 1568 3461 1624 ideo
3488 1585 3736 1640 magnos,
3767 1571 3807 1624 id

2240 1658 2343 1711 est,
2376 1648 2657 1716 perfectos,
2704 1661 2756 1706 et
2784 1669 2947 1722 regno
2986 1657 3242 1711 cmlorum
3294 1672 3444 1727 aptos
3494 1660 3697 1727 habet;
3731 1666 3805 1715 ubi

2238 1736 2346 1804 jam
2376 1742 2791 1809 conquiescente
2814 1744 3229 1812 dispensatione,
3254 1764 3373 1817 qua:
3395 1752 3809 1823 quadragenarin

2240 1843 2461 1883 numero
2487 1830 2835 1912 signiﬁcatur,
2882 1834 3133 1893 denarius
3173 1848 3439 1903 remanet,
3489 1857 3652 1912 quam
3685 1860 3807 1899 mer-

2240 1918 2423 1973 cedem
2451 1922 2621 1976 sancti
2648 1925 2737 1993 qui
2766 1908 3053 1994 operantur
3081 1929 3132 1984 in
3162 1931 3312 1985 vinea
3344 1937 3654 2004 percepturi
3676 1951 3804 1991 sunt.

2241 2007 2456 2063 Peracta
2486 2012 2681 2081 quippe
2713 2014 2800 2067 illa
2832 2015 3121 2085 piscatione
3143 2061 3158 2085 ,
3191 2020 3325 2076 dixit
3351 2022 3435 2077 eis
3460 2023 3619 2081 Jesus
3644 2044 3658 2080 :

2320 2098 2516 2166 Venite,
2550 2105 2811 2169 prandete.
2858 2106 2919 2159 Et
2951 2124 3095 2162 nemo
3137 2112 3355 2165 audebat
3400 2115 3809 2172 discumbentium

2243 2192 2549 2263 interregure
2597 2211 2731 2259 eunt,
2778 2196 2853 2250 Tu
2896 2198 3007 2266 quis
3038 2201 3131 2254 rs?
3171 2204 3386 2257 scientes
3414 2209 3537 2275 quia
3568 2206 3810 2262 Dominus

2240 2294 2332 2336 est.
2367 2278 2422 2338 Si
2453 2300 2579 2354 ergo
2606 2286 2881 2354 sciebant,
2915 2290 3042 2359 quid
3089 2308 3224 2361 opus
3253 2307 3366 2349 erat
3388 2336 3405 2362 ,
3446 2308 3503 2351 ut
3531 2297 3809 2370 interroga-

2242 2377 2398 2429 rent?
2447 2378 2505 2432 Si
2557 2391 2733 2435 autem
2786 2397 2891 2437 non
2944 2397 3077 2452 opus
3110 2396 3249 2452 erat,
3289 2403 3459 2458 quare
3503 2391 3700 2446 dictum
3739 2408 3805 2447 est

2242 2465 2356 2519 Non
2390 2469 2678 2534 audebant,
2728 2474 2876 2537 quasi
2905 2489 3039 2542 opus
3071 2487 3236 2544 esset,
3282 2477 3376 2533 sed
3411 2481 3601 2537 timore
3644 2484 3807 2551 aliqua

2244 2574 2348 2613 non
2381 2560 2685 2616 auderent?
2728 2561 2930 2618 Sensus
2956 2580 3083 2635 ergo
3108 2568 3192 2622 hic
3218 2580 3299 2621 est
3325 2588 3337 2621 :
3370 2569 3538 2625 Tanta
3565 2581 3681 2645 erat
3713 2574 3803 2628 evi-

2212 2698 2223 2728 ι
2243 2650 2422 2705 dentia
2457 2650 2699 2707 veritatis
2731 2669 2831 2723 qua
2862 2654 3018 2710 Jesus
3050 2656 3153 2711 illis
3201 2658 3484 2729 discipulis
3513 2665 3802 2731 apparebat,

559 2729 721 2783 valuit
748 2730 1022 2800 Ecclesiae,
1052 2735 1137 2789 cui
1168 2735 1257 2790 ille
1301 2749 1467 2807 caput
1490 2751 1591 2794 est.
1651 2743 1727 2795 Ac
1754 2741 1865 2811 ipsa
1901 2743 2142 2799 Ecclesia
2211 2736 2219 2743 ’

2246 2750 2302 2794 ut
2327 2755 2511 2795 eorum
2562 2758 2665 2797 non
2698 2744 2874 2799 solum
2904 2761 3118 2814 negare,
3171 2750 3266 2803 sed
3301 2766 3367 2804 ne
3411 2751 3662 2808 dubitare
3708 2756 3801 2824 qui-

2244 2830 2365 2887 dem
2392 2826 2566 2887 nu'llus
2596 2835 2840 2901 auderet,
2872 2840 3120 2904 quoniam
3152 2842 3196 2893 si
3227 2843 3509 2911 quisquam
3534 2846 3803 2911 dubitaret,

2244 2924 2428 2993 utique
2470 2924 2805 2995 interrogare
2848 2927 3093 2985 deberet.
3141 2930 3229 2986 Sic
3280 2946 3413 3003 ergo
3459 2934 3654 2989 dictum
3696 2948 3801 2991 est:

2248 3017 2413 3074 Nemo
2437 3020 2654 3074 audebat
2677 3021 3011 3092 interrogare.
3048 3023 3090 3076 1'
3094 3042 3124 3077 tt
3152 3029 3266 3093 quis
3296 3042 3349 3080 es
3379 3028 3405 3081 Ρ
3453 3042 3516 3082 ac
3548 3030 3589 3083 si
3616 3027 3801 3086 dicere-

2251 3121 2369 3166 tur:
2402 3112 2568 3182 Piemo
2597 3112 2827 3168 audebat
2855 3113 3096 3168 dubitare
3124 3115 3252 3184 quin
3282 3116 3401 3185 ipse
3432 3129 3593 3174 esset.

562 3203 811 3244 numerus
838 3190 1047 3261 signum
1074 3196 1430 3263 perfectionis,
1462 3200 1585 3269 quia
1620 3202 1856 3270 partibus
1879 3206 1990 3259 suis
2012 3221 2134 3274 qua:

2318 3199 2385 3254 Et
2417 3178 2564 3255 venit.
2593 3200 2765 3268 Iesus,
2806 3211 2852 3256 et
2892 3206 3085 3274 accepit
3133 3222 3337 3274 panem,
3392 3220 3439 3263 et
3469 3209 3602 3264 dedit
3632 3212 3721 3275 eis,
3767 3226 3802 3264 rt

565 3281 713 3335 illum
764 3284 1068 3352 metiuntur,
1119 3296 1326 3342 constat
1372 3289 1444 3343 ita
1498 3301 1552 3345 ut
1579 3292 1709 3346 nihil
1759 3295 1957 3362 minus,
2005 3298 2137 3351 nihil

563 3374 792 3442 amplius
821 3374 1137 3432 inveniatur.
1167 3378 1382 3435 Metitur
1411 3383 1604 3451 quippe
1624 3383 1771 3439 illum
1802 3401 1963 3441 unum
1994 3389 2137 3459 quod

563 3465 728 3522 habes
756 3468 951 3538 sexies,
1006 3478 1060 3525 et
1082 3470 1209 3537 duo,
1258 3488 1377 3543 qute
1425 3475 1583 3531 habet
1631 3485 1733 3547 ter,
1777 3486 1831 3533 ct
1856 3480 1975 3547 tria,
2018 3498 2138 3552 qua:

562 3559 723 3613 habet
760 3558 864 3627 bis,
908 3577 1025 3631 quae
1056 3564 1210 3620 simul
1238 3567 1393 3621 ducta
1436 3586 1618 3637 unum,
1664 3580 1721 3628 et
1758 3572 1884 3640 duo,
1931 3585 1983 3631 et
2014 3578 2133 3643 tria,

562 3666 656 3706 sex
685 3652 837 3705 liunt.
870 3652 1020 3719 Quod
1045 3654 1287 3712 fortassis
1315 3658 1378 3712 ad
1404 3660 1533 3737 illud
1554 3664 1717 3716 etiam
1741 3677 2133 3721 sacramentum

562 3743 844 3812 pertineat,
872 3746 1011 3815 quod
1042 3744 1181 3802 Deus
1201 3759 1347 3804 sexta
1375 3752 1463 3806 die
1496 3752 1715 3825 perfecit
1754 3759 1931 3810 omnia
1968 3772 2131 3827 opera

560 3851 653 3888 sua
686 3834 838 3907 (Gen.
869 3834 953 3906 tt).
988 3838 1067 3894 Ad
1106 3849 1319 3895 centum
1362 3842 1521 3912 igitur
1566 3857 1618 3900 et
1661 3847 2007 3919 quadraginta
2051 3866 2137 3905 se-

563 3936 705 3993 ptem
735 3942 855 3983 cum
900 3944 992 3984 sex
1025 3932 1313 4001 addideris,
1365 3936 1505 4005 quod
1535 3937 1745 4007 signum
1794 3942 2137 4009 perfectionis

562 4028 665 4081 est,
694 4019 823 4074 ﬁunt
845 4033 1054 4077 centum
1077 4026 1359 4095 quingenta
1380 4029 1474 4081 tria
1495 4046 1507 4081 :
1532 4033 1617 4098 qui
1637 4047 1888 4087 numerus
1912 4036 2133 4103 piscium

561 4108 829 4165 invenitur
859 4124 1203 4184 posteaquam
1227 4120 1373 4185 jussu
1401 4117 1603 4175 Domini
1634 4123 1686 4175 in
1712 4124 1987 4179 dexteram
2016 4142 2134 4194 par-

563 4211 670 4256 tem
703 4203 861 4257 missa
894 4215 1017 4259 sunt
1047 4208 1206 4271 retia,
1252 4208 1339 4263 ubi
1390 4221 1715 4277 peccatores,
1758 4215 1845 4280 qui
1894 4216 1957 4268 ad
2006 4217 2134 4271 sini-

561 4306 726 4349 stram
760 4296 1045 4364 pertinent,
1080 4316 1183 4354 non
1216 4301 1575 4358 inveniuntur.
1605 4303 1839 4361 Peractis
1868 4322 1995 4378 ergo
2028 4309 2132 4363 Do-

562 4384 736 4440 minus
765 4387 1113 4457 quadraginta
1152 4390 1340 4446 diehus
1391 4404 1508 4461 post
1537 4398 1980 4453 resurrectionem
2012 4414 2130 4454 cum

2243 3298 2433 3362 piscem
2466 3298 2726 3351 similiter.
2777 3298 2920 3354 Ecce
2951 3300 3146 3355 dictum
3187 3313 3270 3357 est
3308 3305 3468 3359 etiam
3510 3307 3632 3375 quid
3662 3322 3798 3374 pran-

2239 3386 2445 3454 det-int;
2479 3390 2545 3443 de
2568 3404 2672 3456 quo
2706 3391 2929 3460 prandio
2958 3391 3155 3461 aliquid
3186 3408 3357 3450 suave
3390 3411 3453 3450 ac
3498 3397 3711 3454 salubre
3733 3400 3800 3453 di-

2239 3494 2424 3535 cemus
2467 3488 2524 3535 et
2551 3496 2666 3547 nos,
2717 3481 2762 3536 si
2792 3494 2971 3552 pascat
2998 3493 3052 3537 et
3093 3497 3211 3539 nos.
3263 3483 3525 3556 Superius
3549 3501 3800 3544 narratum

2238 3582 2322 3627 est
2346 3573 2483 3642 quod
2509 3573 2595 3628 isti
2620 3574 2865 3643 discipuli
2885 3577 3097 3645 quando
3115 3577 3507 3635 descenderunt
3530 3583 3578 3635 in
3598 3592 3799 3645 terram,

2239 3663 2467 3715 viderunt
2490 3679 2683 3733 prunas
2703 3666 2916 3735 positas,
2942 3674 2990 3719 et
3017 3668 3205 3733 piscem
3233 3671 3621 3739 superpositum,
3656 3682 3698 3726 et
3725 3690 3799 3741 pa.

2239 3770 2372 3808 nem.
2405 3753 2503 3810 Ubi
2528 3771 2635 3809 non
2675 3765 2757 3810 est
2790 3756 3190 3827 intelligendum
3245 3760 3405 3815 etiam
3436 3774 3620 3829 panem
3654 3763 3799 3817 [nisi

2237 3846 2631 3914 superpositum
2683 3850 2909 3915 prunis,
2967 3850 3060 3904 sed
3114 3860 3320 3907 tantum
3366 3855 3797 3915 subaudiendum.

2237 3936 2512 3991 viderunt:
2561 3937 2700 4007 quod
2749 3941 2969 3994 verbum
2999 3940 3043 3994 si
3092 3952 3397 4009 repetamus
3442 3959 3505 3998 ex
3557 3946 3673 4001 loco
3724 3949 3794 3999 ubi

2237 4031 2657 4086 subaudiendum
2689 4042 2769 4087 est
2797 4072 2812 4098 ,
2846 4034 2916 4087 ita
2947 4042 3113 4088 totum
3145 4035 3247 4088 dici
3281 4046 3496 4105 potest:
3550 4038 3788 4093 Viderunt

2238 4137 2434 4192 prunas
2466 4124 2684 4192 positas,
2715 4134 2768 4177 et
2818 4126 3015 4192 piscem
3050 4129 3474 4195 superpositum,
3518 4139 3571 4183 et
3611 4148 3787 4198 panem

2237 4213 2501 4267 viderunt.
2554 4213 2645 4267 Vel
2675 4214 2744 4266 ita
2784 4215 2999 4281 potius:
3049 4214 3303 4270 Viderunt
3349 4233 3545 4285 prunas
3587 4224 3791 4289 positas,

2234 4318 2287 4363 et
2316 4309 2510 4378 piscem
2539 4308 2953 4374 superpositum,
2978 4309 3221 4363 viderunt
3257 4318 3311 4363 et
3343 4325 3555 4380 panem.
3584 4314 3795 4368 iubente

2234 4400 2391 4463 etiam
2420 4398 2641 4452 Domino
2666 4398 2957 4455 attulerunt
2999 4408 3051 4452 et
3078 4400 3142 4453 de
3167 4399 3397 4467 piscibus
3430 4420 3562 4471 quos
3591 4405 3687 4472 ipsi
3715 4420 3792 4459 ce—

562 4480 836 4545 discipulis
874 4482 1005 4548 suis,
1050 4483 1101 4537 id
1127 4492 1240 4547 est,
1286 4488 1667 4543 commendans
1715 4491 1815 4555 eis,
1865 4492 2001 4560 quod
2036 4509 2129 4560 pro
2164 4527 2211 4584 D
2238 4502 2443 4560 perant.
2495 4490 2645 4557 Quod
2675 4505 2767 4544 eos
2800 4489 3022 4584 leciS-se.
3067 4492 3310 4584 q09m_ViS
3342 4506 3373 4545 ³
3416 4506 3661 4548 "manu?
3704 4512 3791 4549 "0“

563 4573 717 4628 nobis
747 4574 1107 4637 temporaliter
1148 4586 1355 4644 gestum
1400 4588 1501 4645 est,
1548 4581 1788 4635 ascendit
1833 4583 1884 4636 in
1913 4584 2128 4648 caelum,

560 4672 763 4730 etpost
807 4663 939 4718 alios
979 4666 1324 4736 quadraginta
1367 4668 1482 4723 dies
1528 4671 1668 4725 misit
1716 4671 1970 4740 Spititunt
2004 4689 2130 4727 san-

561 4770 726 4820 ctum,
769 4771 874 4827 quo
924 4758 1305 4826 perﬁcerentur
1343 4762 1688 4829 spiritualiter
1737 4766 1800 4819 ad
1849 4768 2130 4822 invisibilia

561 4847 840 4916 capienda,
888 4849 975 4917 qui
1006 4849 1301 4905 visibilibus
1354 4855 1837 4925 tetnpuralihusque
1883 4859 2133 4913 credide~

564 4948 702 5004 rant,
733 4941 880 5009 ipsis,
923 4942 1187 5007 videlicet,
1219 4944 1401 4998 decem
1434 4944 1642 5009 diebus,
1677 4959 1793 5015 post
1821 4966 1954 5018 quos
1990 4952 2132 5006 misit

564 5033 819 5101 Spiritum
849 5046 1112 5101 sanctum,
1164 5018 1404 5092 eamdem
1435 5039 1835 5106 perfectionem,
1881 5060 1997 5110 qua:
2040 5062 2135 5114 per

568 5126 1094 5194 Spiritumsanctum
1126 5130 1414 5192 confertur.
1445 5131 1664 5185 denario
1696 5134 1958 5191 indicans.
1996 5136 2133 5205 Ergo

562 5206 808 5283 quoniam
843 5217 1118 5287 perfectio,
1170 5235 1288 5289 qnze
1340 5221 1395 5276 lit
1429 5238 1521 5291 per
1566 5224 1819 5291 Spiritum
1864 5235 2128 5286 sanctum,

566 5308 793 5375 qnandiu
835 5310 1008 5364 adhuc
1055 5311 1105 5364 in
1132 5325 1292 5367 carne
1335 5314 1687 5383 ambulamus,
1733 5319 1977 5384 quamvis
2026 5335 2128 5372 non

563 5400 802 5453 vivamus
828 5402 1127 5465 carnaliter,
1156 5419 1276 5458 cum
1317 5405 1429 5475 ipsa
1465 5409 1743 5476 temporali
1774 5408 2132 5478 dispensatio-

564 5504 630 5543 ne
660 5492 933 5557 c0pnletur
954 5534 969 5557 ,
1012 5504 1153 5549 recte
1188 5496 1396 5551 videtur
1424 5501 1911 5569 quinquagenarius
1943 5518 2131 5557 nume-

562 5596 654 5641 l'us
685 5584 750 5638 ad
782 5586 1070 5641 Ecclesiatn
1100 5589 1384 5657 pertinere,
1416 5593 1509 5647 sed
1533 5592 1642 5663 jam
1673 5604 1947 5665 purgatam
1972 5607 2129 5667 atque

566 5675 869 5743 perlectam,
904 5695 1019 5748 quae
1058 5682 1361 5747 temporalis
1389 5683 1799 5756 dispensationis
1828 5687 2007 5755 ﬁdem,
2044 5696 2126 5742 at-

569 5780 670 5832 que
697 5768 1003 5823 a-ternitatis
1045 5769 1235 5828 futura:
1283 5787 1431 5843 spem
1470 5775 1728 5832 charitate
1768 5776 2123 5847 amplectitur,

2234 4591 2314 4637 est
2342 4596 2676 4649 expressum,
2707 4589 2883 4634 tamen
2910 4578 3190 4635 Dominum
3215 4581 3440 4651 jussisse
3463 4600 3566 4639 non
3590 4588 3791 4640 tacitum

2186 4740 2189 4743 γ
2232 4686 2311 4730 est
2337 4693 2350 4735 ;
2382 4677 2455 4728 ait
2482 4675 2624 4728 enim
2656 4690 2669 4726 :
2722 4672 2915 4740 A/I'erte
2941 4674 3002 4727 de
3023 4675 3241 4745 piscibus
3266 4693 3391 4745 quos
3440 4695 3574 4732 nunc
3606 4683 3792 4747 prendi.

2235 4769 2400 4821 distis.
2451 4767 2516 4819 Et
2562 4767 2741 4834 utique
2782 4764 3002 4834 jubente
3041 4766 3129 4818 illo
3172 4782 3264 4821 eos
3304 4782 3409 4822 non
3461 4770 3651 4827 fecisse
3686 4778 3791 4841 quis

2236 4858 2459 4915 credat?
2491 4858 2621 4912 llinc
2648 4874 2772 4926 ergo
2805 4858 2928 4912 fecit
2974 4860 3249 4927 prandium
3303 4860 3559 4917 Dominus
3592 4866 3687 4919 illis
3714 4882 3788 4920 se-

2237 4964 2376 5021 ptem
2409 4952 2679 5019 discipulis
2704 4950 2835 5012 suis,
2876 4952 2947 5011 de
2986 4950 3152 5018 pisce,
3183 4951 3407 5015 scilicet,
3437 4969 3595 5021 quem
3627 4960 3790 5026 prunis

2235 5046 2622 5114 superpositum
2654 5044 2915 5108 viderant,
2967 5043 3087 5097 huic
3118 5043 3411 5115 adjungeus
3440 5064 3505 5103 ex
3536 5052 3637 5105 illis
3676 5066 3790 5121 quos

2235 5146 2504 5206 ceperant.
2540 5137 2613 5190 De
2640 5151 2775 5202 pane
2817 5134 3029 5201 quidem
3080 5136 3429 5191 nihilominus
3478 5156 3571 5195 eos
3612 5144 3789 5196 vidisse

2237 5238 2500 5283 narratum
2533 5236 2632 5280 est.
2665 5225 2830 5280 Piscis
2852 5240 3021 5291 assus,
3052 5226 3295 5280 Christus
3326 5240 3410 5283 est
3440 5246 3660 5299 passus:
3694 5236 3788 5301 ipse

2234 5328 2286 5373 et
2316 5319 2461 5385 panis
2483 5318 2567 5385 qui
2598 5317 2663 5368 de
2689 5315 2826 5369 coelo
2865 5314 3159 5371 descendit.
3213 5316 3345 5371 lluic
3391 5334 3787 5394 concorporatur

2236 5407 2467 5462 Ecclesia
2520 5406 2585 5458 ad
2641 5405 3057 5473 participaudum
3107 5406 3487 5463 beatitudinem
3535 5412 3789 5480 sempiter-

2234 5513 2375 5553 nam.
2400 5498 2619 5564 Propter
2638 5496 2776 5563 quod
2802 5495 2997 5548 dictum
3023 5504 3130 5549 est:
3149 5495 3336 5563 Alfene
3358 5499 3425 5552 ds
3442 5501 3659 5570 piscibus
3680 5518 3786 5571 quos

2233 5592 2729 5661 pren=.'idistisnunc,
2767 5598 2824 5643 ut
2865 5603 3050 5642 omnes
3093 5590 3178 5656 qui
3210 5590 3347 5645 hanc
3376 5607 3524 5661 spem
3555 5596 3779 5663 gerimus

2232 5699 2326 5752 per
2357 5682 2503 5735 illum
2553 5678 2910 5749 septenarium
2953 5694 3233 5733 numerum
3279 5682 3675 5751 discipulorum,
3705 5701 3784 5751 per

2232 5790 2387 5846 quem
2426 5782 2599 5845 potest
2629 5774 2729 5828 hoc
2760 5772 2876 5827 loco
2907 5778 3086 5826 nostra
3135 5772 3455 5828 universitas
3500 5776 3706 5847 intelligi
3733 5777 3783 5829 ﬁ-
