3884 6232
67 346 168 398 θεσι
981 329 1044 383 IN
1085 329 1120 380 ε

1183 327 1300 382 10A
1311 323 1464 380 NNIS
1505 320 1947 377 EVANGEIJUM
1994 320 2369 378 EXPOSITIO.

3207 326 3314 384 950

67 458 267 521 gurata,
299 456 451 502 tanto
499 451 832 499 sacramento
883 455 978 494 nos
1007 438 1400 492 communicare
1451 447 1634 487 oosse-
1668 439 1706 487 Α
1740 444 1871 485 oves
1900 432 2064 501 pasci.
2119 432 2373 487 Redditur
2401 434 2664 501 negationi
2696 435 2848 491 trina:
2879 437 3014 491 trina
3042 437 3317 494 confessio

71 554 205 605 mus,
239 547 294 592 et
321 537 494 591 eidem
525 531 829 587 beatitudini
860 528 1073 584 sociari.
1111 527 1220 580 Hoc
1251 523 1457 580 Domini
1482 538 1638 591 pran-

69 630 207 682 dium
239 639 316 682 est
344 641 465 680 cum
497 623 766 692 discipulis
813 621 944 685 suis,
995 635 1100 688 quo
1129 619 1358 672 Joannes
1391 615 1639 682 Evange-

71 721 191 772 lium
223 733 399 780 suum,
438 731 559 771 cum
594 716 810 768 haberet
855 713 920 766 de
947 710 1158 764 Christo
1203 711 1304 763 alia
1333 710 1494 761 multa
1520 720 1638 774 quae

70 812 284 872 diceret,
339 823 549 877 magna,
606 816 660 858 ut
706 804 971 867 existimo,
1020 812 1075 858 et
1103 818 1278 856 rerum
1330 813 1637 870 magnarum

70 903 520 970 mutetnplatioue
559 900 849 952 concludit.
906 898 999 951 llic
1025 899 1164 951 enim
1199 895 1437 949 Ecclesia
1468 893 1639 962 qualis

72 1009 121 1045 tn
148 993 278 1044 solis
308 990 460 1044 bobis
499 991 669 1042 futura
709 999 809 1052 est,
855 989 1183 1057 signiﬁcatur
1228 1002 1321 1054 per
1367 996 1636 1052 capturam

73 1092 282 1135 centum
327 1081 706 1150 quinquaginta
737 1080 891 1133 trium
945 1080 1163 1146 piscium
1212 1085 1266 1131 et
1293 1077 1370 1128 eis
1407 1076 1494 1144 qui
1527 1076 1640 1129 hmc

71 1174 312 1237 eredunt,
344 1181 583 1238 sperant,
631 1172 874 1238 diligunt,
928 1169 1256 1239 partitzipatio
1288 1175 1447 1221 tanta:
1475 1167 1640 1222 beati-

74 1264 265 1316 tudinis
299 1279 386 1330 per
420 1265 519 1316 hoc
562 1265 858 1331 prandium.

140 1352 252 1405 Hoc
269 1356 382 1420 jam
406 1355 571 1417 tertio,
606 1355 792 1420 inquit,
822 1352 1172 1420 manifestam:
1204 1358 1275 1402 est
1307 1349 1456 1404 Jestts
1487 1350 1639 1403 disci-

72 1447 200 1510 pulis
228 1447 335 1498 suis
363 1462 476 1497 cum
509 1445 860 1498 resurrexisset
907 1460 938 1496 α
983 1443 1212 1496 mortuis.
1245 1443 1393 1507 Quod
1439 1459 1541 1495 non
1572 1441 1637 1495 ad

74 1536 210 1603 ipsas
238 1537 746 1603 demonstrationes,
778 1535 870 1590 sed
902 1535 965 1588 ad
996 1534 1109 1589 dies
1135 1535 1332 1589 referre
1361 1535 1635 1599 debemus,

74 1630 124 1680 id
157 1641 258 1693 εει,
309 1631 478 1696 primo
519 1629 604 1683 die
650 1644 767 1682 cum
797 1627 1106 1691 resurrexit,
1152 1634 1205 1680 et
1234 1634 1348 1694 post
1378 1624 1490 1679 dies
1519 1635 1640 1678 octo

71 1721 277 1786 quando
305 1721 594 1788 discipulus
621 1720 850 1773 Thomas
880 1719 1009 1773 vidit
1046 1729 1098 1782 et
1126 1717 1370 1779 credidit,
1403 1727 1454 1770 et
1485 1717 1638 1770 hodie

71 1813 274 1877 quando
309 1810 409 1864 hoc
451 1813 516 1865 de
544 1811 776 1878 piscibus
806 1808 948 1865 fecit.
1001 1809 1123 1863 Post
1163 1817 1294 1876 quot
1323 1816 1494 1861 autem
1528 1807 1640 1860 dies

73 1904 116 1953 id
149 1902 353 1964 fecerit,
375 1902 577 1956 dictum
606 1918 711 1954 non
742 1911 844 1954 est.
896 1901 1024 1954 Nam
1051 1900 1166 1966 ipso
1212 1899 1380 1967 primo
1421 1899 1507 1952 die
1537 1913 1640 1950 non

73 1996 228 2048 semel
259 1996 409 2048 visus
436 2003 535 2060 est,
577 1994 714 2048 sicut
743 1993 1188 2063 evangelistarum
1230 1992 1462 2044 omnium
1497 1993 1644 2044 testi-

76 2090 241 2142 monia
273 2089 464 2142 collata
512 2088 901 2148 demonstrant.
949 2088 1062 2151 sed,
1114 2087 1250 2140 sicut
1294 2088 1489 2139 dictum
1539 2097 1640 2150 εει,

77 2181 414 2234 numeranda
459 2189 583 2234 sunt
625 2176 1076 2233 manilestationes
1125 2177 1275 2248 ejus,
1330 2187 1383 2230 ut
1429 2177 1524 2231 ista
1574 2178 1646 2231 sit

80 2272 242 2326 tertia.
297 2271 474 2327 Prima
518 2274 715 2341 quippe
767 2271 1007 2324 habenda
1058 2280 1140 2325 est
1168 2272 1459 2340 eademque
1508 2287 1642 2338 una,

81 2373 282 2429 propter
315 2377 477 2415 unum
512 2363 654 2415 diem
685 2363 1111 2432 quotiescunque
1135 2378 1214 2423 se,
1243 2371 1297 2414 et
1325 2362 1636 2430 quibuscun-

82 2466 174 2515 que
198 2460 252 2503 et
276 2451 366 2505 die
397 2453 486 2505 illo
514 2467 621 2520 quo
653 2453 959 2515 resurrexit,
985 2451 1246 2516 ostendit;
1276 2453 1503 2505 secunda
1531 2462 1645 2518 post

80 2541 183 2592 dies
212 2551 368 2606 octo;
421 2549 475 2596 et
501 2542 614 2594 haec
647 2542 833 2605 tertia;
886 2552 937 2595 et
966 2541 1158 2595 deinde
1205 2543 1410 2608 quoties
1457 2543 1642 2607 voluit,

82 2648 234 2702 usque
262 2634 330 2687 ad
361 2636 499 2689 diem
522 2636 1014 2704 quadragesimum,
1063 2651 1167 2703 quo
1192 2636 1431 2690 ascendit
1462 2636 1512 2690 in
1535 2651 1641 2691 cte-

81 2726 198 2788 lum,
239 2726 481 2793 quamvis
515 2741 618 2778 non
645 2727 838 2794 scripta
883 2727 988 2781 sint
1017 2727 1216 2780 omnia.

144 2813 265 2866 Cum
313 2831 434 2884 ergo
471 2817 788 2882 prendisset,
840 2815 959 2868 dicit
1001 2817 1201 2870 Simoni
1244 2815 1438 2871 Petro':
1465 2817 1643 2873 Simon

81 2901 304 2969 Joannis,
337 2907 508 2974 diligis
531 2923 608 2960 me
633 2909 746 2976 plus
768 2907 889 2962 Itis?
911 2917 1014 2963 etc.
1042 2911 1190 2964 Hunc
1221 2912 1412 2964 invenit
1443 2912 1643 2966 exitum

87 2999 161 3050 ille
188 3007 426 3066 negator,
463 3012 514 3052 et
545 3013 750 3054 amator
777 3003 1146 3068 praesumendo
1181 3002 1370 3068 elatus,
1405 3004 1644 3072 negando

87 3098 390 3154 prostratus,
417 3089 596 3143 ﬂendo
627 3100 898 3159 purgatus,
926 3093 1226 3146 cOoﬁtentlo
1252 3094 1520 3161 probatus,
1554 3110 1644 3161 pa-

88 3177 246 3230 tiendo
276 3190 582 3233 coronatus.
616 3181 763 3235 llunc
795 3183 998 3236 invenit
1039 3185 1264 3252 exitum,
1295 3194 1346 3237 ut
1393 3198 1490 3252 pro
1531 3185 1645 3253 ejus

87 3270 284 3323 nomine
314 3271 552 3337 perlecta
587 3273 872 3326 dilectione
923 3285 1250 3337 moreretur,
1299 3290 1418 3328 cum
1451 3291 1555 3344 quo
1586 3290 1644 3329 se

91 3359 391 3412 moriturum
426 3377 670 3426 perversa
718 3362 1053 3417 festinatione
1102 3367 1432 3431 promiserat.
1471 3365 1647 3421 Faciet

89 3447 190 3512 ejus
219 3451 611 3504 resurrectione
645 3452 902 3513 ﬁrmatus,
944 3453 1080 3520 quod
1119 3455 1393 3507 immature
1426 3456 1662 3522 pollice-.

93 3547 227 3592 tatur
258 3542 527 3597 iullrmus.
587 3545 696 3598 lloc
724 3546 861 3598 enim
906 3547 1214 3614 oportebat,
1249 3555 1302 3597 ut
1328 3546 1472 3611 prius
1498 3545 1647 3599 Chri-

92 3640 189 3682 stus
219 3647 310 3698 pro
351 3631 492 3686 Petri
528 3634 716 3697 salute,
740 3634 928 3688 deinde
959 3636 1145 3688 Petrus
1177 3649 1268 3702 pro
1291 3634 1484 3688 Christi
1516 3651 1647 3702 prato

93 3721 339 3776 dicatrune
389 3734 706 3778 moreretur.
739 3724 1122 3794 Praeposterum
1171 3727 1266 3778 luit
1296 3727 1431 3794 quod
1456 3728 1649 3780 audere

93 3824 305 3880 mperat
350 3813 579 3868 humana
617 3817 908 3878 temeritas,
959 3831 1078 3869 cum
1111 3817 1263 3868 ismm
1305 3817 1649 3884 όίμροευίεειιι

95 3905 316 3958 ordinem
369 3907 584 3959 veritas.
639 3905 880 3959 Animam
929 3920 1076 3958 suam
1129 3906 1420 3973 positurum
1467 3921 1523 3959 se
1555 3921 1648 3972 pro

98 3993 291 4048 Christo
342 3996 532 4049 Petrus
564 3996 797 4064 putabat,
849 4011 944 4063 pro
990 3995 1274 4049 liberatore
1323 3996 1643 4060 liberandus,

97 4097 199 4134 cum
228 4081 471 4136 Christus
512 4084 740 4136 venisset
785 4083 1018 4135 animam
1057 4098 1204 4134 suam
1257 4085 1523 4150 positurus
1553 4099 1647 4152 pro

97 4173 192 4225 suis
217 4175 485 4236 omnibus,
529 4175 581 4226 in
611 4173 800 4241 quibus
848 4182 964 4226 erat
1003 4182 1055 4225 et
1102 4173 1288 4226 Petrus
1310 4215 1322 4235 ,
1355 4175 1493 4242 quod
1524 4189 1648 4229 ecce

99 4265 184 4328 iam
212 4265 404 4318 factum
433 4274 533 4319 est.
592 4264 740 4317 Nunc
768 4263 874 4332 jam
925 4265 1141 4316 ﬁrmitas
1184 4265 1358 4319 cordis
1386 4265 1450 4317 ad
1482 4267 1649 4319 susci-

103 4355 322 4416 piendam
371 4363 600 4408 mortem
644 4368 736 4420 pro
763 4354 975 4407 nomine
1009 4353 1212 4407 Domini
1260 4370 1380 4409 vera
1413 4356 1527 4423 ipso
1556 4357 1650 4408 do-

1743 537 1807 574 ne
1841 523 2014 576 minus
2044 524 2213 578 amori
2248 524 2424 591 lingua
2454 525 2674 591 serviat,
2697 543 2854 596 quam
2885 530 3088 594 timori,
3113 539 3167 584 et
3193 530 3314 597 plus

1740 614 1886 668 vocis
1918 615 2164 670 elicuisse
2207 615 2447 670 videatur
2495 631 2638 670 mors
2681 617 2963 675 imminens
3013 607 3168 692 quam
3209 627 3316 676 vlta

1743 720 2000 773 przesens.
2057 706 2144 760 Sic
2176 707 2376 760 amoris
2423 707 2682 773 ofﬁciunt,
2729 724 2949 778 pascere
2991 713 3319 768 dominicum

1741 812 1953 866 gregem
1978 838 1992 863 ,
2046 799 2089 852 si
2121 799 2217 852 fuit
2246 799 2452 854 timoris
2501 800 2752 856 indicium
2801 817 2995 870 negare
3025 813 3313 870 pastorem.

1739 889 1838 954 Qui
1872 889 1971 943 hoc
2001 890 2181 946 animo
2213 902 2433 960 pascunt
2474 907 2600 946 oves
2649 893 2846 947 Cltristi
2869 932 2884 958 ,
2918 904 2971 946 ut
2999 908 3124 948 suas
3153 894 3320 948 velint

1740 996 1881 1048 e~se,
1917 998 2020 1035 non
2046 982 2264 1046 Chri~ti,
2299 999 2358 1038 se
2379 985 2764 1040 convincuntur
2791 1001 2995 1051 a-nare,
3031 1002 3133 1040 non
3156 985 3281 1041 Chri
3301 1004 3319 1027 ι

1740 1084 1904 1140 stum,
1935 1075 2014 1129 vel
2056 1075 2340 1144 gloriandi,
2393 1077 2830 1154 vel‘dominaudi,
2882 1081 2965 1133 vel
3006 1081 3317 1149 acquirendi

1740 1164 2048 1231 cupiditate,
2085 1181 2186 1219 non
2218 1167 2500 1222 ohediendi
2529 1177 2583 1221 et
2608 1170 2950 1223 subveniendi
2980 1182 3031 1224 et
3060 1173 3167 1224 Deo
3200 1170 3314 1239 pla-

1740 1254 1896 1308 cendi
1931 1255 2212 1309 cltaritate.
2244 1259 2441 1312 Contra
2472 1259 2575 1313 hoc
2602 1274 2727 1328 ergo
2762 1260 2943 1328 vigilat
2975 1262 3128 1314 toties
3149 1260 3320 1315 incul-

1741 1354 1856 1398 cata
1886 1346 1982 1399 ista
2018 1362 2112 1400 vox
2138 1346 2357 1416 Christi,
2389 1364 2520 1418 quos
2551 1349 2836 1419 Apostolus
2864 1352 3024 1421 gemit
3049 1366 3140 1406 sua
3172 1367 3320 1422 qua!-

1743 1453 1882 1506 rere,
1918 1453 2022 1492 non
2051 1455 2166 1508 qua:
2197 1441 2320 1496 Jesu
2346 1442 2541 1495 Christi
2575 1441 2832 1513 (Philipp.
2857 1442 2940 1513 tt).
2967 1443 3210 1510 Nunquid
3234 1453 3316 1497 est

1742 1531 1882 1583 aliud
1918 1531 2101 1599 Diligis
2129 1535 2246 1586 me?
2276 1550 2424 1600 pasce
2455 1551 2568 1588 oves
2619 1550 2754 1593 meas
2773 1577 2788 1601 ,
2833 1549 2989 1604 quam
3040 1535 3084 1589 si
3114 1534 3316 1588 dicere-

1744 1629 1862 1673 tur:
1894 1621 1948 1674 Si
1978 1638 2063 1675 me
2089 1624 2284 1692 diligis,
2342 1640 2447 1678 non
2477 1637 2547 1689 te,
2597 1640 2815 1692 pascere
2863 1635 2932 1690 te,
2983 1628 3155 1696 cogita
3186 1641 3320 1679 oves

1745 1730 1919 1781 meas;
1948 1724 2002 1769 et
2045 1718 2182 1772 sicut
2221 1733 2365 1772 meas
2406 1733 2584 1790 pasce,
2622 1735 2724 1772 non
2754 1719 2890 1773 sicut
2915 1728 3062 1783 tuas;
3097 1720 3318 1790 gloriam

1747 1821 1914 1859 meam
1968 1808 2017 1860 in
2045 1809 2121 1862 eis
2170 1825 2371 1877 quaere,
2425 1825 2528 1863 non
2563 1819 2738 1874 tuam;
2789 1810 3071 1864 Dominum
3117 1824 3318 1875 meum,

1746 1913 1848 1950 non
1883 1908 2076 1963 tuum;
2129 1900 2274 1953 lucra
2305 1915 2443 1966 mea,
2503 1916 2606 1955 non
2655 1911 2774 1966 tua;
2827 1916 2892 1955 ne
2920 1903 2993 1955 sis
3043 1901 3095 1954 in
3135 1916 3320 1956 eorum

1745 1989 1998 2042 societate
2021 1991 2108 2058 qui
2135 1991 2397 2059 pertinent
2424 1993 2487 2044 ad
2515 2001 2750 2060 tempora
2775 1992 3093 2060 periculosa,
3119 1993 3324 2060 seipsos

1744 2089 2004 2147 amantes,
2061 2092 2113 2134 et
2145 2092 2333 2137 caetera
2383 2097 2503 2151 qua:
2536 2083 2657 2136 huic
2704 2082 2966 2137 malorum
3000 2082 3152 2137 iuitio
3188 2097 3321 2136 con-

1747 2181 2025 2222 ιιεοιιιιιιιιι·
2055 2169 2144 2238 (ll
2177 2170 2310 2224 Tim.
2331 2173 2446 2248 ἰιι).
2478 2173 2627 2239 Quod
2662 2173 2844 2226 vitium
2876 2175 3103 2228 maxime
3129 2188 3324 2228 caven-

1745 2264 1867 2315 dum
1891 2273 1969 2316 est
1992 2265 2068 2316 eis
2089 2264 2175 2330 qui
2209 2276 2427 2330 pascunt
2454 2280 2581 2319 oves
2605 2264 2823 2329 Christi,
2845 2281 2911 2318 ne
2933 2280 3026 2319 sua
3055 2275 3322 2335 qurerant,

1747 2369 1850 2406 non
1882 2369 1997 2421 qua:
2022 2353 2148 2407 Jesu
2175 2355 2390 2421 Christi,
2411 2367 2462 2410 et
2491 2357 2540 2409 ιιι
2572 2372 2697 2412 usus
2720 2357 3070 2426 cupiditatum
3101 2373 3317 2411 suarum

1746 2443 2046 2508 conferant,
2072 2461 2165 2509 pro
2189 2445 2378 2513 quibus
2405 2448 2620 2514 sanguis
2645 2447 2792 2500 lusus
2815 2457 2897 2501 est
2915 2447 3134 2501 Christi.
3158 2446 3322 2516 Cujus

1746 2548 1898 2586 amor
1943 2535 1992 2586 in
2025 2550 2090 2588 eo
2136 2538 2223 2602 qui
2257 2537 2426 2605 pascit
2469 2552 2597 2592 oves
2645 2537 2780 2606 ejus,
2833 2537 2884 2591 in
2918 2547 3021 2590 tam
3074 2553 3323 2607 magnum

1748 2627 1904 2681 debet
1933 2627 2262 2695 spiritualem
2292 2645 2530 2684 crescere
2558 2631 2802 2684 ardorem
2823 2670 2838 2696 ,
2871 2641 2926 2684 ttt
2960 2632 3133 2685 vincat
3159 2633 3318 2686 etiam

1748 2719 1932 2770 mortis
1984 2719 2276 2772 naturalem
2323 2720 2587 2786 timorem,
2636 2736 2740 2790 quo
2782 2723 2916 2775 mori
2969 2723 3236 2789 nolumus,
3268 2732 3323 2778 et

1746 2807 1957 2875 quando
1988 2822 2109 2861 cum
2140 2808 2353 2860 Christo
2395 2809 2573 2862 vivere
2617 2809 2882 2865 volumus.
2941 2812 3070 2865 Nam
3116 2822 3166 2865 et
3195 2827 3326 2881 apo-

1747 2895 1923 2948 stolus
1973 2897 2166 2949 Paulus
2193 2897 2321 2950 dicit
2362 2913 2419 2952 se
2447 2899 2642 2954 habere
2684 2901 3170 2969 concupiscentiam
3219 2903 3324 2957 dis-

1747 2986 1878 3038 solvi
1918 2995 1969 3038 et
1997 3001 2115 3040 esse
2142 3002 2264 3041 cum
2297 2987 2512 3042 Christo
2544 3007 2554 3041 :
2590 2991 2676 3058 ing
2699 2993 2884 3045 miscit
2918 3002 3090 3046 tamen
3134 3009 3327 3062 grava-

1750 3087 1834 3130 tus
1863 3119 1876 3141 ,
1911 3087 1964 3132 et
1993 3093 2097 3133 non
2128 3080 2240 3134 vult
2261 3082 2499 3150 spoliari,
2534 3083 2624 3135 sed
2659 3085 3026 3151 supervestiri,
3057 3095 3112 3140 ttt
3143 3085 3328 3140 absor-

1751 3169 1936 3221 beatur
1985 3172 2210 3225 mortale
2260 3185 2289 3225 a
2321 3172 2422 3225 vita
2473 3170 2692 3244 (Philip.
2722 3175 2780 3239 t).
2825 3173 2888 3227 Et
2925 3174 3046 3228 huic
3076 3175 3329 3230 Dominus

1747 3259 1988 3313 dilectori
2021 3276 2140 3314 suo.

1817 3349 1942 3403 Cum
1971 3352 2220 3417 senueria,
2260 3352 2450 3423 inquit,
2482 3353 2716 3408 extendes
2749 3371 2927 3408 manus
2959 3365 3093 3417 tuas,
3123 3368 3166 3406 et
3197 3356 3330 3408 alius

1749 3451 1795 3493 te
1824 3442 2009 3509 cinget,
2037 3454 2082 3495 et
2108 3444 2254 3496 ducet
2278 3460 2375 3511 quo
2403 3461 2500 3496 non
2530 3448 2620 3498 vis.
2649 3444 2760 3497 lloc
2782 3447 2911 3498 enim
2934 3448 3063 3499 dixit
3085 3448 3150 3509 ei,
3179 3448 3330 3516 signi-

1748 3534 1906 3600 ﬁcans
1930 3552 2030 3601 qua
2059 3546 2220 3588 morte
2249 3538 2623 3603 clari/icatttrus
2672 3548 2780 3591 erat
2813 3537 2993 3592 Deum.
3045 3539 3329 3604 Extendes,

1751 3626 1946 3693 inquit,
1972 3643 2153 3680 manus
2177 3638 2310 3690 tuas,
2333 3629 2434 3681 hoc
2454 3639 2536 3682 est
2557 3631 2897 3698 cruciﬁgeris.
2925 3631 3001 3684 Ad
3029 3631 3128 3685 hoc
3151 3643 3330 3688 autem

1751 3727 1804 3770 ut
1836 3719 2034 3782 venias,
2071 3718 2201 3771 alius
2233 3730 2278 3771 te
2305 3722 2500 3789 cinget,
2545 3731 2591 3774 et
2632 3723 2777 3774 ducet
2823 3737 2926 3776 non
2955 3737 3059 3790 quo
3091 3725 3203 3790 vis,
3237 3726 3329 3780 sed

1748 3821 1849 3873 quo
1881 3823 1979 3858 non
2006 3807 2098 3859 vis.
2135 3806 2286 3860 Prius
2307 3809 2444 3860 dixit
2491 3809 2628 3875 quod
2658 3809 2830 3872 ﬁeret,
2881 3819 2935 3863 et
2964 3811 3164 3866 deinde
3189 3828 3327 3880 quo-

1750 3899 1909 3951 modo
1942 3901 2110 3951 lieret.
2143 3899 2267 3951 Non
2288 3899 2428 3952 enim
2460 3901 2746 3954 cruciﬁxus
2772 3941 2787 3966 ,
2819 3901 2912 3955 sed
2946 3902 3125 3972 utique
3154 3905 3330 3960 cruci-

1748 3988 2008 4057 ﬁgendos,
2042 4004 2146 4057 quo
2176 3989 2339 4043 nollet
2367 3997 2448 4042 est
2470 3988 2677 4044 ductus.
2709 3989 2836 4045 Nam
2878 3993 3182 4059 cruciﬁxus,
3213 4011 3319 4052 non

1748 4095 1855 4148 quo
1888 4079 2104 4133 nolebat
2135 4080 2285 4143 abiit,
2335 4079 2428 4132 sed
2459 4081 2634 4147 potius
2683 4095 2788 4150 quo
2838 4083 3067 4136 volebat.
3109 4083 3328 4140 Solutus

1749 4169 1946 4237 quippe
1974 4183 2002 4220 a
2027 4184 2276 4236 corpore.
2308 4169 2522 4223 volebat
2553 4185 2669 4224 esse
2698 4187 2816 4224 cunt
2849 4171 3102 4238 Christo;
3134 4174 3250 4239 sed,
3279 4176 3327 4231 si

1751 4261 1861 4314 ﬁeri
1901 4273 2116 4327 posset,
2151 4274 2340 4327 prmler
2371 4263 2554 4314 mortis
2584 4263 2903 4339 molestiam,
2937 4265 3094 4317 vitam
3131 4280 3329 4321 concu-

1750 4356 1988 4424 pisci-bat
2011 4362 2266 4407 aeternam
2293 4371 2307 4407 :
2337 4354 2402 4408 ad
2431 4371 2586 4421 quam
2615 4357 2909 4412 molestiam
2933 4360 3120 4414 nolens
3139 4361 3327 4416 ductus

101 4456 238 4498 uante
264 4456 527 4508 sumatur,
581 4461 682 4498 non
726 4445 853 4498 falsa
902 4445 1053 4498 nobis
1103 4447 1401 4501 errantibus
1452 4463 1647 4516 pra-su-
1683 4467 1727 4524 ο
1753 4457 1854 4508 est,
1887 4447 1977 4499 sed
2005 4447 2068 4500 ab
2094 4462 2154 4500 ea
2183 4446 2364 4500 volens
2386 4447 2606 4500 eductus
2629 4457 2729 4501 est.
2763 4447 2958 4504 Nolens
2986 4449 3051 4504 ad
3080 4465 3196 4505 eam
3232 4467 3326 4507 ve-

101 4547 269 4590 matur.
299 4537 445 4590 Nunc
477 4544 559 4588 cst
591 4545 646 4587 ut
678 4536 797 4588 vita:
833 4535 986 4602 hujus
1022 4551 1126 4588 non
1158 4545 1453 4590 metuamus
1483 4539 1646 4590 inter-

104 4634 239 4704 itum,
265 4630 406 4694 quia,
440 4635 752 4695 resurgente
799 4626 1038 4690 Domino,
1089 4629 1208 4680 vita:
1255 4628 1473 4681 alterius
1517 4645 1649 4695 prce-

103 4722 239 4773 cessit
265 4723 586 4787 exemplum.
642 4720 789 4773 Nunc
819 4731 917 4782 est,
964 4720 1135 4782 Petre,
1187 4729 1241 4773 ιιι
1288 4731 1513 4774 mortem
1547 4738 1649 4774 non

106 4811 268 4866 timeas
296 4831 307 4864 :
354 4815 486 4867 vivit
509 4827 669 4880 quem
715 4822 976 4866 mortuum
1009 4813 1256 4877 dolebas;
1288 4823 1343 4866 et
1372 4829 1524 4880 quem
1558 4829 1652 4881 pro

104 4904 236 4958 nobis
264 4907 392 4960 mori
422 4906 621 4959 carnali
652 4921 833 4960 amore
877 4905 1179 4972 prohibeas,
1229 4921 1389 4960 ausus
1419 4922 1475 4960 es
1515 4922 1649 4974 prm-

108 4996 263 5048 venire
291 4999 586 5060 doctorem,
613 4996 910 5050 formidasti
942 4998 1057 5066 ejus
1089 5007 1504 5066 persecutorem.
1536 5000 1650 5052 Jaut

107 5089 253 5152 pretio
280 5105 371 5158 pro
398 5101 449 5145 te
481 5089 617 5154 fuso,
665 5104 804 5144 nunc
850 5101 931 5143 est
977 5100 1032 5143 ut
1063 5091 1306 5158 sequaris
1356 5101 1648 5156 emptorem

109 5178 296 5240 (llatttt.
329 5183 436 5252 xvt)
457 5224 472 5247 ,
506 5192 560 5237 et
603 5181 842 5250 sequeris
881 5183 1100 5234 omnino
1128 5191 1288 5248 utque
1328 5180 1392 5233 ad
1426 5191 1649 5234 mortem

111 5271 281 5323 trucis.
321 5271 494 5325 Verba
519 5273 634 5340 ejus
661 5272 851 5326 audisti
881 5315 895 5335 ,
925 5288 1078 5340 quem
1110 5273 1214 5341 jam
1248 5287 1486 5326 veracem
1533 5291 1652 5342 pro-

113 5359 248 5412 basti.
277 5361 559 5416 Passurum
605 5371 655 5417 te
682 5365 794 5431 ipse
825 5364 1062 5431 prmdixit
1089 5405 1103 5426 ,
1136 5364 1224 5431 qui
1258 5373 1307 5415 te
1339 5364 1653 5426 pra-dixerat

114 5462 414 5516 negaturum.
446 5454 548 5509 Sed
580 5456 722 5521 prius
767 5454 1017 5507 Dominus
1069 5456 1206 5522 quod
1241 5455 1442 5508 sciebat
1490 5457 1651 5508 inter-

113 5555 262 5612 rogat,
292 5562 385 5601 nec
413 5549 602 5609 semel,
634 5547 726 5600 sed
759 5548 946 5601 iterum
973 5561 1033 5598 ac
1057 5550 1233 5611 tertio,
1263 5558 1438 5599 utrum
1466 5547 1651 5600 Petrus

69 5655 74 5660 ·
114 5649 219 5688 ειη)
245 5638 445 5707 diligat;
483 5654 580 5692 nec
609 5641 748 5692 aliud
782 5640 937 5692 toties
963 5639 1105 5692 audit
1145 5655 1172 5691 a
1208 5639 1384 5701 Petro,
1417 5653 1570 5706 quam
1596 5653 1652 5692 se

121 5725 276 5793 diligi;
305 5745 398 5783 nec
421 5730 561 5784 aliud
593 5733 746 5786 toties
773 5731 1106 5785 commendat
1139 5730 1316 5791 Petro,
1343 5745 1496 5798 quam
1531 5745 1650 5784 suas

1755 4541 1854 4602 nit,
1886 4539 1975 4590 sed
2004 4540 2188 4590 volens
2217 4553 2333 4590 eam
2368 4537 2517 4602 vicit,
2568 4547 2622 4591 et
2651 4539 2865 4608 reliquit
2913 4541 3052 4596 hunc
3091 4541 3316 4596 inﬁrmi-

1754 4632 1872 4684 tatis
1903 4630 2173 4693 all'ectum,
2203 4647 2304 4698 quo
2347 4646 2501 4685 nemo
2525 4631 2629 4684 vult
2661 4632 2812 4696 muri,
2847 4648 3011 4701 usque
3055 4636 3190 4687 adeo
3225 4650 3318 4688 na-

1754 4724 1999 4786 turalem,
2050 4729 2106 4774 ut
2133 4737 2250 4775 cum
2281 4724 2434 4775 beato
2472 4722 2627 4776 Petro
2676 4737 2772 4777 nec
2811 4731 3058 4778 senectus
3105 4726 3321 4781 auferre

1755 4816 1975 4880 potuerit
2002 4856 2015 4878 ,
2049 4815 2131 4866 cui
2160 4813 2356 4867 dictum
2382 4823 2464 4868 est
2490 4833 2502 4866 :
2530 4813 2658 4868 Cum
2703 4816 2949 4878 senueris,
2994 4817 3194 4870 duceris
3223 4833 3326 4885 quo

1754 4923 1852 4958 non
1885 4908 1973 4959 vis.
2027 4907 2194 4972 Quem
2238 4907 2452 4975 quidem
2496 4906 2736 4960 aﬁ‘ectum
2773 4919 2984 4976 propter
3014 4923 3109 4962 nos
3134 4923 3327 4964 conso-

1759 4998 1943 5050 landtts
1989 4999 2146 5050 etiam
2198 5000 2248 5051 in
2279 5012 2337 5051 se
2371 4996 2758 5066 transﬁguravit
2810 4997 2925 5065 ipse
2973 4997 3213 5053 Salvator
3243 4999 3324 5052 di-

1752 5104 1917 5146 cens:
1951 5089 2105 5144 Pater
2128 5129 2142 5153 ,
2190 5093 2233 5143 si
2255 5091 2370 5160 ﬁeri
2394 5102 2574 5159 potest,
2629 5102 2850 5147 transeat
2901 5110 2930 5144 a
2960 5110 3038 5146 me
3072 5095 3206 5146 calix
3233 5095 3327 5147 iste

1756 5179 1966 5249 (Matth.
2003 5184 2149 5250 xxvi)
2179 5199 2192 5246 ;
2223 5183 2312 5250 qui
2344 5185 2524 5248 utique
2572 5185 2705 5237 ntori
2735 5195 2982 5252 venerat,
3014 5197 3064 5237 et
3098 5185 3326 5239 habebat

1757 5273 1942 5325 mortis
1975 5274 2370 5339 necessitatem,
2424 5275 2514 5328 sed
2557 5277 2853 5330 voluntaria
2884 5286 3147 5344 potestate
3177 5280 3320 5346 posio

1755 5373 1904 5417 tttrns
1929 5367 2165 5418 animam
2195 5381 2366 5430 suam,
2394 5374 2446 5420 et
2470 5381 2649 5420 rursus
2672 5367 2858 5420 eadem
2892 5375 3149 5434 potestate
3177 5381 3323 5420 sum-

1754 5468 1962 5525 ptttrtts.
1989 5457 2094 5511 Sed
2124 5459 2365 5511 molestia
2401 5467 2802 5527 quantacunque
2828 5459 2896 5510 sit
2928 5459 3133 5523 mortis;
3163 5458 3321 5512 debet

1756 5563 1870 5599 cam
1904 5549 2114 5603 vincere
2167 5550 2244 5603 vis
2274 5551 2497 5615 amoris,
2548 5565 2655 5618 quo
2685 5557 2888 5600 amatur
2938 5547 3027 5601 ille
3057 5550 3164 5616 qui,
3196 5563 3316 5600 cum

1755 5641 1822 5692 sit
1857 5640 1960 5691 vita
2004 5651 2207 5707 nostra,
2251 5644 2407 5694 etiam
2459 5651 2682 5695 mortem
2728 5641 2893 5694 voluit
2941 5640 3175 5708 perferre
3230 5656 3325 5702 pro

1758 5733 1930 5786 nobis.
1962 5731 2088 5786 Nam
2122 5735 2164 5786 si
2198 5734 2337 5788 nulla
2367 5743 2508 5787 esset
2538 5732 2724 5787 mortis
2753 5733 2832 5786 vel
2866 5747 3022 5801 parva
3057 5731 3320 5794 molestis,
