3884 6232
558 356 654 413 εει

1004 349 1205 406 ΒΕΒΑΞ
1249 342 1698 402 VENERABILIS
1741 340 1888 397 OPP.
1932 332 2102 392 PARS

2232 333 2417 390 SECT.
2465 333 2503 386 Ι.
2543 364 2609 373 —-
2639 330 3019 388 EXEGETICA
3058 324 3380 386 GENUINA.
3698 337 3783 394 03!

562 486 669 527 ηοη
698 475 839 524 esset
864 474 968 519 iam
999 474 1183 528 magna
1207 458 1371 527 gloria
1403 466 1711 527 martyrum.
1744 452 1846 507 Sed
1873 450 1918 505 si
1943 458 2122 517 pastor
2150 446 2198 504 Α
2226 452 2317 523 θείς
2358 442 2635 507 Christus,
2679 453 2726 497 et
2768 450 2878 510 post
2927 444 3038 513 ejus
3082 443 3505 495 resurrectionem
3554 459 3783 513 apparue-

563 562 737 616 bonus
767 556 856 626 qui
902 552 1076 624 posuit
1108 548 1341 602 animam
1370 562 1519 601 suam
1554 559 1649 613 pro
1677 542 1867 596 ovibus
1896 539 2031 604 suis,
2062 552 2127 590 ex

562 649 894 723 ipsisovibus
918 656 1023 699 tam
1046 644 1243 697 multos
1272 651 1531 711 martyres
1561 636 1700 700 fecit,
1731 644 1927 705 quanto
1960 630 2128 697 magis

562 744 757 796 debent
803 752 967 808 usque
1008 735 1069 785 nil
1120 745 1347 788 mortem
1394 746 1491 799 pro
1523 730 1628 781 ver'
1660 738 1743 780 ate
1792 734 2026 789 certare,
2075 732 2127 775 et

565 848 731 897 usque
758 832 822 883 ad
851 826 1161 893 sanguinein
1190 826 1441 878 adversus
1464 828 1763 889 pet-catum,
1785 816 1976 885 quibus
2000 828 2131 867 oves

566 923 709 992 ipsas
754 919 1065 990 pascendos,
1124 919 1227 971 hoc
1271 925 1371 977 est,
1421 911 1681 967 ducendas
1736 907 2127 976 regendasque,

559 1012 879 1071 committit?
922 1013 1007 1067 ,Ac
1049 1024 1144 1077 per
1175 1010 1277 1063 hoc
1324 1005 1660 1076 praecedente
1706 999 1969 1070 passionis
2017 997 2131 1065 ejus

564 1104 827 1171 exemplo.
855 1102 973 1172 quis
999 1116 1106 1156 non
1130 1100 1303 1154 videat
1333 1098 1500 1167 magis
1529 1096 1726 1149 debere
1754 1090 2008 1145 imitando
2040 1103 2131 1154 pa-

562 1198 692 1252 stori
724 1194 925 1248 haerere
957 1204 1215 1261 pastores,
1250 1190 1294 1243 si
1339 1204 1457 1243 eum
1491 1187 1668 1239 multm
1708 1185 1865 1237 etiam
1916 1181 2132 1234 imitatae

563 1297 686 1343 sunt
714 1286 877 1343 oves?
905 1284 1007 1339 sub
1030 1300 1134 1353 quo
1162 1264 1367 1351 tiastore
1397 1296 1521 1342 uno,
1551 1280 1601 1332 iii
1624 1292 1782 1347 grege
1806 1289 1932 1340 uno,
1960 1283 2010 1327 et
2038 1286 2130 1341 pa-

564 1386 735 1432 stores
766 1375 865 1440 ipsi
892 1383 1020 1428 sunt
1044 1388 1193 1427 oves.
1225 1371 1421 1426 Omnes
1451 1369 1645 1438 quippe
1679 1366 1803 1419 fecit
1833 1379 1957 1418 suas
1980 1376 2128 1426 oves,

565 1478 663 1533 pro
692 1463 888 1531 quibus
928 1472 1012 1517 est
1038 1461 1283 1515 omnibus
1326 1471 1533 1526 passus,
1580 1455 1701 1524 quia
1729 1464 1781 1505 et
1808 1452 1921 1520 ipse
1953 1462 2009 1503 ut
2039 1464 2132 1518 pro

565 1556 718 1609 nobis
744 1564 1012 1613 pateretur
1053 1553 1166 1607 ovis
1192 1561 1273 1605 est
1314 1548 1504 1601 factus.
1553 1544 1685 1598 Cum
1715 1557 1839 1611 ergo
1887 1555 2134 1610 praenun-

564 1648 755 1700 tiassct
779 1645 1030 1699 Dominus
1052 1642 1208 1697 Petro
1228 1656 1330 1709 qua
1365 1646 1534 1692 morte
1572 1636 1957 1689 clarillcaturus
1991 1639 2134 1684 esset

566 1736 755 1801 Deum,
788 1737 912 1790 dicit
939 1737 985 1789 ei
1012 1756 1023 1786 :
1058 1733 1279 1802 Sequere
1315 1746 1410 1795 nte,
1443 1740 1569 1792 ete.,
1603 1740 1769 1795 usque
1800 1723 1904 1779 Sed
1943 1724 1987 1774 si
2014 1738 2129 1775 eum

2230 545 2348 588 runt
2399 534 2573 587 multis
2626 534 2679 587 in
2724 544 2918 597 sancta,
2967 534 3105 586 sicut
3152 533 3406 600 scriptum
3455 543 3560 597 est,
3610 536 3785 591 ciuitate

2234 624 2439 696 (Matth.
2475 624 2660 691 xxvtt).
2694 624 2799 678 Sed
2832 624 3063 693 nunquid
3097 623 3218 676 hinc
3250 633 3391 676 tanta
3442 624 3543 677 ista
3584 624 3783 681 solvitur

2238 717 2480 784 quaestio,
2508 716 2551 768 si
2581 730 2775 784 magno
2798 714 3075 778 miraculo,
3094 714 3263 783 qualia
3284 722 3462 783 potest
3486 712 3783 767 facereotn-

2233 807 2500 873 nipotens,
2525 805 2707 858 taitdin
2730 806 2901 858 vivum
2926 820 3120 869 corpus
3145 805 3193 857 in
3210 819 3403 872 sopore
3425 804 3525 856 sub
3544 814 3680 857 terra
3697 816 3780 870 est,

2235 898 2405 951 donec
2441 896 2623 949 veniat
2652 896 2911 949 terminus
2948 896 3164 947 saeculi?
3206 894 3456 961 Quinitno
3485 895 3545 947 lit
3584 896 3783 962 amplior

2234 998 2288 1042 et
2316 988 2609 1053 difficilior,
2654 1002 2749 1041 cur
2781 987 3040 1055 discipuio
3072 986 3227 1041 Jesus
3260 1003 3417 1057 quem
3454 1002 3566 1055 pra:
3601 991 3781 1043 exteris

2236 1079 2507 1147 diligebat,
2538 1079 2589 1132 in
2617 1088 2819 1131 tantum
2844 1090 2898 1131 ut
2922 1092 3079 1144 supra
3113 1090 3297 1145 pectus
3323 1079 3439 1147 ejus
3468 1079 3781 1135 discumbere

2234 1181 2554 1235 mereretur,
2594 1184 2688 1239 pro
2740 1184 2931 1239 magno
2978 1184 3199 1222 munere
3228 1170 3439 1239 longum
3486 1170 3540 1223 in
3589 1186 3781 1237 corpore

2233 1263 2512 1318 donaverit
2557 1278 2827 1325 somnum,
2886 1276 3005 1316 cum
3054 1261 3263 1315 beatum
3315 1263 3531 1315 Petrum
3586 1279 3675 1331 per
3721 1265 3784 1316 iii-

2238 1364 2448 1423 gentem
2500 1355 2737 1423 martyrii
2787 1352 3014 1421 gloriam
3044 1352 3110 1405 ab
3141 1366 3303 1405 onere
3352 1354 3527 1421 ipsius
3574 1360 3781 1423 corporis

2238 1446 2482 1510 solverit,
2505 1446 2662 1515 eique
2693 1445 3017 1500 concesserit
3043 1444 3182 1511 quod
3210 1446 3482 1507 apostolus
3516 1445 3705 1501 Paulus
3739 1463 3784 1502 se

2235 1536 2555 1603 cencupisse
2598 1536 2734 1587 dixit
2781 1544 2833 1588 et
2883 1535 3128 1603 scripsit,
3170 1534 3391 1588 dissolvi
3422 1545 3475 1589 et
3526 1549 3646 1589 esse
3688 1550 3782 1590 cuiu

2236 1628 2450 1683 Christo
2480 1626 2703 1697 (Philip.
2736 1628 2813 1693 t)?
2838 1625 2893 1680 Si
2923 1636 3123 1689 autem,
3166 1626 3307 1694 quod
3339 1626 3507 1693 magis
3550 1616 3781 1691 creditur,

2236 1719 2358 1773 ideo
2385 1729 2600 1772 sanctus
2638 1719 2871 1773 Joannes
2900 1720 2976 1770 ait
3021 1732 3125 1770 non
3157 1716 3356 1772 dixisse
3390 1719 3664 1773 Dominum
3692 1736 3781 1771 non

562 1829 677 1882 uoto
706 1842 905 1880 manere
944 1826 1101 1878 donec
1126 1823 1340 1883 veniam,
1372 1820 1493 1887 quid
1514 1818 1581 1869 ad
1611 1817 1703 1870 te?
1744 1812 1850 1868 Cur
1879 1814 2017 1866 enim
2046 1811 2131 1864 dio
2160 1803 2206 1861 B
2237 1808 2474 1872 ntoritur,
2507 1824 2572 1861 ne
2606 1808 2709 1861 illis
2755 1808 2929 1860 verbis
2961 1822 3076 1875 qua:
3102 1804 3234 1859 dixit
3262 1806 3362 1861 hoc
3389 1807 3623 1864 voluisse
3649 1808 3782 1863 intel-

572 1919 707 1972 citnr
740 1918 893 1971 Petro
921 1915 1141 1984 Sequere
1170 1928 1267 1977 me,
1296 1925 1392 1965 nec
1415 1909 1607 1961 dicitur
1632 1906 1838 1960 caeteris
1865 1903 1953 1971 qui
1981 1900 2133 1955 simul

575 2010 813 2075 aderant,
857 2017 910 2060 et
938 2005 1172 2075 profecto
1214 2017 1333 2055 eum
1368 2000 1503 2053 sicut
1542 1998 1849 2064 magistrum
1895 1992 2134 2060 discipuli

574 2095 972 2165 sequebantur?
1016 2093 1141 2149 Etsi
1173 2091 1237 2145 ad
1261 2090 1556 2160 passionem
1605 2083 2002 2155 intelligendum
2030 2090 2132 2145 est,

573 2186 807 2255 nunquid
829 2186 973 2238 solus
1011 2198 1104 2251 pro
1127 2180 1425 2235 Christiana
1456 2178 1678 2232 veritate
1714 2190 1897 2245 passus
1927 2184 2008 2227 est
2039 2173 2135 2226 Pe-

566 2278 916 2333 trusinonne
944 2275 1013 2327 ibi
1045 2285 1157 2327 erat
1188 2273 1239 2325 in
1270 2272 1371 2324 illis
1400 2280 1601 2338 septem
1632 2268 1763 2321 alius
1796 2265 1933 2320 ﬁlius
1966 2264 2134 2318 Zebe-

562 2372 683 2432 dei.
733 2369 894 2422 frater
923 2363 1165 2429 Joannis,
1218 2364 1302 2431 qui
1339 2373 1460 2429 post
1501 2362 1616 2429 ejus
1660 2359 2022 2413 ascensionem
2066 2355 2133 2410 ab

564 2460 769 2515 llerode
810 2456 1175 2511 manifestatur
1198 2453 1447 2508 occisus?
1479 2453 1670 2507 Verum
1696 2450 1890 2517 aliquid
1914 2449 2131 2514 dixerit,

563 2554 812 2620 quoniam
846 2564 947 2601 non
980 2557 1061 2601 est
1087 2545 1315 2600 Jaeobus
1345 2544 1650 2603 crucifixus,
1702 2538 1891 2593 merito
1933 2539 2129 2593 dietutn

560 2657 682 2698 esse
712 2642 867 2696 Petro
913 2655 1115 2708 sequere
1154 2654 1250 2702 me,
1293 2637 1379 2705 qui
1412 2651 1515 2688 non
1548 2636 1717 2687 solum
1763 2643 2006 2694 mortem,
2036 2632 2130 2685 sed

563 2732 723 2786 etiam
768 2740 990 2785 mortem
1023 2728 1216 2793 crucis,
1263 2727 1399 2780 sicut
1428 2725 1698 2789 Christus,
1754 2734 2001 2793 expertus
2027 2731 2127 2775 est.

561 2822 618 2874 Si
644 2819 743 2873 hoc
769 2829 823 2873 et
842 2819 971 2873 nihil
999 2818 1139 2871 aliud
1170 2817 1306 2885 quod
1335 2818 1404 2869 sit
1445 2812 1848 2869 convenientius
1900 2813 2131 2881 potuerit

559 2910 810 2974 inveniri,
862 2924 955 2962 cur
983 2922 1110 2975 ergo
1136 2906 1203 2961 de
1250 2905 1454 2960 Joanne
1505 2904 1706 2958 dictum
1754 2912 1884 2955 cst:
1927 2901 1988 2956 Si
2017 2917 2129 2953 eum

558 3000 672 3054 vola
714 3014 919 3051 manere
947 2998 1104 3050 donec
1127 2996 1342 3060 veniam,
1389 2995 1512 3064 quid
1549 2995 1613 3046 ad
1642 2995 1734 3046 te?
1766 3003 1817 3046 et
1848 2994 2125 3061 repetitum

561 3100 671 3155 est,
702 3088 778 3142 Tu
806 3105 883 3141 me
909 3104 1114 3157 sequere
1133 3128 1146 3151 ,
1181 3097 1428 3155 tanquam
1462 3085 1549 3138 ille
1589 3084 1709 3137 ideo
1736 3100 1839 3136 non
1869 3098 2122 3150 sequere-

2241 1899 2330 1967 ligi
2363 1907 2659 1966 putaretur,
2692 1911 2993 1965 corpusque
3023 1896 3139 1965 cjus
3171 1897 3224 1950 in
3254 1898 3497 1965 sepulcro
3537 1900 3648 1966 ejus
3673 1914 3776 1952 exa-

2244 1990 2407 2052 nime,
2438 1989 2577 2041 sicut
2604 1989 2829 2041 aliorum
2882 1996 3235 2051 mortuorum,
3264 1988 3424 2055 jacet,
3457 1997 3623 2042 restat
3666 1998 3715 2042 ut
3744 1972 3795 2042 si

2247 2096 2375 2134 vere
2405 2081 2477 2133 ibi
2507 2081 2598 2143 sit,
2624 2080 2765 2147 quod
2795 2079 2988 2147 sparsit
3010 2080 3145 2131 fama
3170 2078 3236 2132 de
3268 2090 3407 2132 terra
3439 2094 3557 2148 quin
3584 2078 3785 2133 subinde

2244 2172 2419 2225 ablata
2439 2173 2750 2235 succrescit,
2778 2182 2866 2223 aut
2887 2171 3006 2223 ideo
3037 2170 3148 2235 fiat,
3178 2180 3233 2222 ut
3254 2185 3319 2224 eo
3343 2171 3501 2223 modo
3530 2185 3780 2226 commen-

2238 2264 2394 2317 detur
2424 2262 2655 2331 pretiosa
2703 2275 2849 2315 mors
2897 2261 3036 2329 ejus,
3077 2259 3325 2328 quoniam
3361 2276 3466 2313 non
3512 2275 3624 2314 eam
3651 2276 3783 2315 com-

2235 2355 2451 2409 mendat
2482 2355 2797 2423 martyrium
2828 2355 2957 2421 (non
2990 2353 3131 2406 enim
3174 2367 3294 2406 eum
3330 2366 3425 2419 pro
3464 2351 3566 2405 fide
3606 2352 3781 2405 Christi

2238 2456 2555 2516 persecutor
2585 2444 2824 2513 occidit),
2865 2456 2954 2497 aut
2986 2454 3199 2513 propter
3230 2445 3430 2513 aliquid
3471 2444 3631 2511 aliud,
3659 2450 3780 2509 quod

2235 2553 2333 2592 nos
2364 2538 2511 2599 latet.
2546 2548 2723 2592 manet
2750 2546 2922 2591 tamen
2948 2537 3167 2605 quaestio
3188 2551 3284 2591 cur
3304 2537 3500 2592 dixerit
3523 2537 3778 2592 Dominum

2236 2628 2306 2682 de
2340 2626 2559 2682 homine
2591 2628 2851 2681 morituro
2880 2644 2891 2679 :
2922 2626 2984 2681 Si
3011 2643 3126 2679 eum
3164 2627 3275 2679 volo
3304 2643 3507 2679 manere
3536 2629 3685 2679 donec
3712 2644 3778 2679 re-

2232 2717 2392 2770 ninm.
2442 2717 2573 2771 Illud
2606 2719 2765 2772 etiam
2810 2718 2863 2771 in
2891 2717 2973 2771 bis
3016 2717 3223 2771 duobus
3281 2721 3536 2786 apostolis
3566 2718 3711 2771 Petro
3736 2732 3780 2771 et

2231 2806 2436 2861 Joanne
2458 2824 2615 2877 quem
2648 2823 2753 2863 non
2786 2818 2995 2862 moveat
3020 2808 3085 2863 ad
3116 2809 3485 2879 quaerendum,
3510 2824 3601 2864 cur
3633 2810 3779 2865 Jo:iu-

2230 2913 2351 2951 netn
2405 2900 2523 2965 plus
2563 2900 2811 2954 dilexerit
2858 2902 3130 2965 Dominus,
3162 2917 3281 2957 cum
3312 2905 3484 2972 ipsum
3523 2903 3778 2959 Dominum

2232 2991 2347 3057 plus
2379 2989 2631 3044 dilexerit
2674 2992 2906 3046 Petrus?
2933 2992 3233 3062 ubicunque
3275 2994 3413 3048 enim
3463 3009 3521 3048 se
3563 3008 3778 3047 comme-

2230 3088 2407 3133 morat
2432 3079 2688 3145 Juaunes,
2727 3092 2782 3135 ut
2822 3082 3036 3136 nomine
3062 3097 3159 3137 suo
3186 3085 3346 3137 tacito
3378 3085 3491 3153 ipse
3524 3084 3680 3153 possit
3709 3085 3776 3137 in-

560 3192 662 3247 tttr,
692 3180 939 3249 quoniam
962 3194 1080 3233 eum
1112 3192 1327 3231 manere
1356 3176 1517 3245 voluit
1545 3174 1715 3228 donec
1745 3174 1965 3227 veniat?
1996 3175 2123 3238 Quis
2154 3144 2199 3205 ο
2232 3174 2417 3241 telligi,
2468 3174 2568 3226 hoc
2598 3172 2747 3226 addit
2790 3175 2931 3244 quod
2979 3192 3098 3229 cum
3130 3176 3385 3244 diligebat
3423 3175 3593 3245 Jesus,
3642 3178 3778 3245 quasi

558 3274 710 3327 facile
762 3272 899 3326 aliud
942 3272 1136 3324 dictum
1171 3282 1288 3322 esse
1320 3268 1522 3330 credat,
1552 3280 1709 3335 quam
1752 3264 1892 3333 quod
1938 3264 2126 3318 fratres

562 3364 925 3426 crediderunt,
958 3362 1046 3432 qui
1079 3370 1201 3414 tunc
1230 3368 1400 3424 etant,
1432 3357 1568 3427 quod
1599 3358 1802 3411 scilicet
1854 3372 1958 3409 non
1986 3366 2127 3409 esset

559 3456 850 3523 discipulus
880 3454 971 3508 ille
1002 3455 1311 3516 moriturus,
1359 3451 1453 3504 sed
1501 3450 1670 3503 donec
1712 3448 1867 3501 Jesus
1900 3450 2121 3515 veniret,

561 3546 659 3599 iste
688 3536 925 3598 maneret
953 3545 1005 3595 in
1036 3542 1174 3596 vita?
1226 3540 1329 3596 Sed
1372 3542 1507 3592 hanc
1534 3540 1838 3607 opinionem
1889 3537 2125 3591 Joannes

558 3637 671 3702 ipse
702 3633 937 3697 abstulit,
974 3648 1076 3684 non
1110 3627 1433 3684 hoe'dixisse
1484 3630 1760 3709 Domitium
1792 3643 1839 3691 a,
1861 3637 1973 3679 erta
2000 3642 2126 3680 con-

558 3726 877 3779 tradictione
906 3725 1202 3779 declarans.
1236 3724 1342 3776 Cur
1371 3723 1513 3775 enim
1545 3722 1890 3789 sulijungeret
1918 3739 1929 3772 :

632 3816 751 3869 Non
781 3816 908 3867 dixit
953 3812 1123 3877 Jesus,
1171 3828 1271 3864 non
1316 3812 1561 3874 moritur,
1616 3812 1713 3863 nisi
1761 3825 1826 3864 ne
1857 3810 2125 3863 hominum

556 3904 807 3961 (ποιώδης
836 3905 972 3974 quod
1005 3904 1191 3955 falsum
1220 3902 1389 3956 fuerat
1421 3900 1742 3955 inhaereret?
1773 3902 1876 3955 Sed
1900 3901 1987 3954 cui
2017 3902 2127 3968 pla-

556 4008 661 4063 cet,
692 3996 864 4052 adbuc
908 3996 1144 4061 resistat,
1194 4004 1247 4049 et
1290 3995 1433 4047 dicat
1473 4009 1658 4048 verum
1705 4009 1829 4048 esse
1872 3994 2011 4060 quod
2055 3992 2129 4045 ait

557 4089 811 4153 Joannes,
865 4105 967 4141 non
992 4088 1185 4142 dixisse
1223 4086 1504 4141 Dominum
1551 4086 1690 4154 quod
1722 4087 2010 4155 discipulus
2041 4086 2127 4139 ille

560 4196 667 4234 non
693 4181 939 4244 moritur,
963 4178 1055 4232 sed
1088 4183 1186 4231 hoc
1218 4188 1390 4231 tamen
1416 4178 1761 4245 significatum
1784 4193 1903 4231 esse
1933 4178 2127 4231 talibus

562 4271 756 4335 verbis,
790 4271 961 4339 qualia
989 4285 1110 4323 eum
1134 4269 1333 4322 dixisse
1361 4268 1592 4321 narravit
1617 4285 1630 4333 ;
1662 4278 1713 4322 et
1737 4279 1940 4321 asserat
1965 4268 2126 4322 Joan-

559 4378 681 4417 nem
731 4363 1025 4430 apostolum
1068 4360 1268 4426 vivere,
1320 4352 1490 4427 atque'
1524 4362 1573 4413 in
1607 4361 1693 4413 illo
1740 4365 1984 4429 sepulcro
2013 4363 2128 4430 ejus

2232 3267 2403 3319 solum
2433 3265 2697 3333 diligeret,
2731 3277 2787 3320 ut
2828 3268 2930 3321 hoc
2968 3270 3119 3336 signo
3163 3268 3559 3326 discerperetur
3584 3285 3609 3321 a
3632 3280 3778 3323 caete.

2228 3359 2327 3419 ris,
2355 3370 2488 3424 quos
2506 3371 2691 3410 omnes
2716 3357 2896 3425 utique
2923 3356 3200 3427 diligebat.
3226 3358 3363 3425 Quid
3404 3375 3531 3428 ergo
3559 3360 3653 3413 nisi
3676 3375 3776 3413 auio

2231 3452 2367 3517 plius
2405 3466 2463 3505 se
2505 3453 2785 3515 dilectum,
2817 3468 2939 3506 cum
2987 3453 3086 3508 hoc
3129 3454 3357 3522 diceret,
3393 3458 3599 3511 volebat
3639 3458 3773 3509 intel-

2230 3543 2315 3612 ligi
2339 3544 2361 3596 ἲ
2388 3544 2527 3612 quod
2557 3546 2695 3598 absit
2726 3555 2780 3597 ut
2810 3547 3140 3601 mendaciter
3170 3546 3390 3601 diceret.
3443 3549 3591 3612 Quod
3621 3557 3774 3600 autem

2228 3638 2401 3702 majus
2440 3635 2567 3687 dare
2593 3637 2763 3701 potuit
2789 3634 2946 3689 Jesus
2978 3637 3196 3703 majoris
3223 3652 3348 3706 erga
3390 3652 3511 3691 eum
3541 3654 3643 3691 sua:
3671 3638 3778 3690 dile-

2228 3724 2425 3777 ctionis
2458 3725 2735 3790 indicium,
2760 3741 2919 3793 quam
2950 3738 3005 3779 ut
3037 3727 3194 3781 homo
3232 3742 3352 3781 cum
3384 3728 3588 3782 exteris
3616 3728 3775 3783 condio

2226 3814 2450 3881 scipulis
2480 3815 2589 3867 suis
2612 3816 2787 3868 socius
2816 3825 2973 3869 tanta:
3008 3818 3214 3883 salutis,
3250 3820 3397 3872 solus
3428 3830 3601 3873 tamen
3638 3835 3772 3873 reen-

2227 3906 2402 3960 buerit
2449 3922 2611 3973 super
2644 3920 2827 3974 pectus
2876 3908 3042 3975 ipsius
3084 3908 3419 3963 Salvatoris?
3468 3910 3626 3964 Porro
3658 3910 3771 3977 quod

2229 3998 2507 4064 apostolus
2540 3997 2727 4051 Petrus
2757 4000 2873 4065 plus
2912 3999 3030 4053 aliis
3079 3999 3327 4053 dilexerit
3358 3999 3646 4063 Christum,
3677 4013 3773 4067 pos-

2228 4098 2350 4141 sunt
2378 4088 2595 4156 quidem
2618 4090 2937 4143 documenta
2968 4093 3131 4143 multa
3162 4092 3387 4160 proferri
3410 4109 3423 4154 ;
3450 4093 3544 4145 sed
3572 4104 3626 4146 ut
3647 4094 3774 4158 longe

2229 4178 2282 4231 iit
2317 4180 2417 4231 alia
2464 4194 2568 4233 non
2600 4196 2804 4245 camus,
2854 4181 2905 4234 iit
2952 4180 3119 4249 ipsius
3153 4182 3321 4235 tertiae
3354 4180 3773 4235 manifestationix

2228 4274 2385 4339 paulo
2432 4273 2683 4340 superius
2736 4273 2961 4328 lectione
2992 4290 3110 4341 qua:
3157 4274 3309 4327 istam
3344 4275 3620 4340 prmcedit,
3668 4276 3772 4327 satis

2228 4361 2500 4414 evidenter
2530 4373 2781 4428 apparet,
2819 4362 2909 4415 ubi
2944 4366 3279 4432 interrogans
3315 4380 3437 4417 eum
3470 4364 3639 4417 dixit:
3667 4364 3769 4415 Dili-

560 4455 701 4523 quod
731 4462 813 4507 est
838 4455 975 4521 apud
1006 4452 1293 4520 Ephesum,
1326 4452 1559 4505 dormire
1593 4452 1765 4521 potius
1793 4468 1942 4516 eum,
1968 4470 2122 4522 quam
2154 4491 2209 4551 Β
2233 4452 2307 4519 gis
2334 4466 2410 4502 me
2440 4452 2553 4517 plus
2582 4452 2701 4502 his?
2732 4452 2873 4518 quod
2899 4454 3075 4521 utique
3101 4456 3325 4520 sciebat,
3351 4466 3405 4508 et
3436 4466 3607 4509 tamen
3633 4455 3771 4507 inter-

561 4554 828 4599 mtirtuum
875 4543 1051 4612 jacere
1096 4544 1422 4606 contendat,
1474 4555 1808 4612 assumatque
1859 4545 1909 4597 in
1963 4561 2121 4612 argu-

558 4646 792 4690 mentum
815 4637 956 4705 quod
983 4636 1091 4689 illic
1114 4644 1253 4689 terra
1278 4639 1474 4688 sensim
1502 4649 1706 4689 scatere
1726 4650 1779 4691 et
1804 4638 1953 4704 quasi
1979 4638 2124 4690 ebul-

560 4729 656 4781 lire
687 4730 1010 4795 perhibetur,
1063 4737 1223 4796 atque
1270 4730 1370 4781 hoc
1417 4726 1534 4797 ejus
1581 4728 1812 4779 anhelitu
1844 4729 1978 4792 ﬁeri,
2012 4727 2127 4782 sive

557 4827 883 4880 constanter,
930 4819 1041 4870 sive
1094 4819 1453 4886 pertinaciter,
1502 4827 1791 4872 asseveret.
1839 4817 1951 4871 Noa
1982 4818 2123 4871 enim

562 4923 782 4979 possunt
810 4912 997 4967 deesse
1028 4914 1111 4979 qui
1146 4912 1385 4975 credant,
1412 4914 1453 4963 si
1486 4928 1587 4964 non
1622 4913 1813 4964 desunt
1852 4914 1939 4979 qui
1966 4912 2123 4965 etiam

559 5004 772 5075 Moysen
801 5016 1037 5057 asserant
1068 5006 1269 5067 vivere,
1312 5006 1431 5072 quia
1475 5007 1725 5071 scriptum
1761 5013 1861 5068 est,
1893 5004 2007 5073 ejus
2036 5019 2125 5057 se~

565 5098 801 5163 puleium
834 5110 937 5147 non
970 5094 1192 5147 inveniri
1219 5094 1371 5163 (Cen.
1416 5105 1624 5163 xxxiv),
1655 5107 1707 5148 et
1734 5110 1977 5162 appai'utt
2005 5110 2125 5148 cum

562 5186 785 5242 Domino
830 5188 882 5241 in
928 5198 1103 5239 monte
1152 5188 1236 5240 ubi
1288 5200 1340 5241 et
1388 5190 1529 5241 tlias
1570 5193 1665 5241 fuit
1715 5187 1923 5257 (Matth.
1971 5190 2123 5257 xvn),

561 5294 713 5346 quem
760 5289 1021 5331 mortuum
1071 5279 1291 5346 legimus
1335 5297 1437 5333 non
1480 5296 1620 5347 esse,
1663 5283 1753 5335 sed
1781 5294 1982 5349 raptum
2016 5283 2117 5353 (IV

564 5370 689 5439 lleg.
720 5369 799 5437 ii).
831 5370 988 5433 Quasi
1018 5370 1183 5440 Moysi
1210 5386 1399 5437 corpus
1433 5390 1535 5423 non
1570 5375 1797 5439 potuerit
1827 5376 2019 5427 alicubi
2050 5374 2128 5427 sic

562 5461 811 5513 abscondi
841 5478 853 5524 ;
885 5472 937 5513 ut
968 5476 1182 5529 prorsus
1228 5464 1469 5515 homines
1519 5463 1706 5517 lateret
1734 5467 1816 5517 ubi
1850 5477 2012 5531 eSsel,
2044 5478 2125 5519 at-

563 5571 663 5620 que
692 5555 813 5607 inde
858 5556 919 5607 ad
950 5556 1130 5607 horam
1162 5556 1414 5609 divinitus
1454 5557 1694 5621 excitari,
1746 5562 1958 5626 quando
2004 5578 2124 5615 cum

562 5647 771 5700 Christo
800 5647 942 5700 Elias
971 5657 1024 5701 et
1054 5650 1164 5715 ipse
1193 5663 1315 5704 sunt
1347 5652 1445 5705 vlsi
1472 5695 1485 5717 ,
1516 5652 1651 5706 sicut
1678 5652 1742 5706 ad
1775 5653 1959 5707 horam
1990 5656 2124 5708 mul-

560 5749 611 5789 at
666 5750 951 5792 sanctorum
1007 5757 1219 5809 corpora
1275 5757 1603 5803 suii'exci'unt
1672 5748 1881 5817 quando
1936 5762 2125 5817 passus

2234 4542 2479 4611 rogabat,
2516 4544 2753 4596 utetiam
2786 4560 2883 4597 nos
2915 4546 3002 4612 qui
3032 4546 3250 4613 legimus
3284 4546 3627 4614 Evangelium
3651 4557 3768 4596 ante

2226 4648 2339 4686 rem
2371 4633 2511 4685 l’elri
2545 4648 2668 4701 erga
2724 4634 3028 4697 Dominum,
3083 4645 3137 4689 et
3187 4635 3279 4689 illo
3314 4642 3689 4706 interrogante,
3730 4646 3769 4684 cl

2234 4726 2335 4776 isto
2366 4728 2752 4792 respondente,
2788 4740 3085 4780 nossemus.
3114 4727 3261 4794 Quod
3290 4739 3468 4780 autem
3502 4731 3635 4781 ineo
3655 4727 3769 4794 quod

2229 4817 2504 4882 respondit
2533 4817 2738 4881 Petrus,
2788 4819 2915 4869 Anio
2948 4830 3015 4882 te,
3063 4836 3165 4871 non
3206 4821 3351 4872 addit
3381 4822 3497 4889 plus
3544 4821 3649 4884 his;
3691 4822 3771 4869 hoc

2228 4908 2501 4973 respondit
2547 4909 2687 4974 quod
2730 4909 2795 4963 de
2826 4912 3007 4979 seipso
3044 4911 3264 4965 sciebat.
3310 4912 3428 4967 Non
3457 4914 3598 4965 enim
3627 4926 3768 4980 quan-

2230 5004 2337 5047 tutn
2383 4998 2448 5049 ab
2477 4998 2584 5049 alio
2630 5000 2865 5066 quolibet
2910 5001 3221 5068 diligeretur
3267 5002 3407 5056 scire
3442 5015 3663 5069 poterat,
3700 5000 3768 5067 qui

2228 5100 2319 5154 cor
2341 5086 2557 5138 alterius
2592 5090 2769 5141 videte
2814 5104 2917 5139 non
2949 5099 3187 5155 poterat;
3219 5088 3313 5141 sed
3346 5100 3525 5144 tamen
3558 5108 3767 5159 superine

2228 5180 2374 5231 ribus
2402 5182 2577 5232 verbis
2608 5180 2831 5233 dicendo
2858 5198 2869 5230 :
2898 5178 3087 5247 Etiam,
3127 5182 3371 5248 Domine,
3420 5193 3475 5235 tu
3521 5187 3637 5249 scis,
3664 5191 3767 5233 satis

2228 5279 2279 5323 et
2322 5272 2435 5339 ipse
2488 5272 2777 5325 declaravit
2820 5272 3078 5326 scientem
3115 5273 3394 5325 Dominum
3442 5275 3766 5340 ittterrOgassc

2227 5364 2365 5431 quod
2416 5364 2778 5430 interrogavit.
2814 5365 3030 5417 Sciebat
3062 5366 3218 5432 igitur
3263 5364 3519 5415 Dominus
3563 5377 3658 5414 non
3699 5378 3769 5410 su-

2228 5455 2333 5505 lum
2365 5454 2505 5520 quod
2535 5454 2801 5520 diligeret,
2830 5470 3010 5506 verum
3038 5455 3199 5507 etiam
3233 5453 3374 5520 quod
3399 5455 3515 5519 plus
3548 5452 3643 5504 iliis
3667 5466 3764 5501 eam

2227 5545 2469 5616 diligeret
2500 5548 2721 5610 Petrus;
2769 5557 2823 5599 et
2862 5556 3041 5597 tamen
3085 5544 3131 5597 si
3177 5561 3533 5611 propinamus
3560 5558 3763 5613 qumreiiv

2230 5650 2328 5705 tes,
2361 5642 2476 5705 quis
2503 5637 2726 5691 duorum
2761 5636 2825 5689 sit
2869 5638 3083 5702 melior,
3116 5649 3290 5688 utrum
3318 5636 3409 5702 qui
3442 5636 3578 5703 plus,
3608 5650 3667 5685 an
3692 5630 3765 5697 qui

2226 5734 2403 5791 minus
2454 5732 2630 5802 diligit
2667 5735 2963 5797 Christum,
2997 5731 3114 5801 quis
3155 5730 3416 5786 dubitabit
3470 5730 3763 5800 respomlrrc
