  <div class='ocr_page' id='page_1' title='image "/cluster/home/n/w/nwhite01/storage/ocr_20150623/92-93/uva.x000827076/474.png"; bbox 0 0 3884 6232; ppageno 0'>
   <div class='ocr_carea' id='block_1_1' title="bbox 121 369 220 424">
    <p class='ocr_par' dir='ltr' id='par_1_1' title="bbox 121 369 220 424">
     <span class='ocr_line' id='line_1_1' title="bbox 121 369 220 424; baseline 0.01 -1"><span class='ocrx_word' id='word_1_1' title='bbox 121 369 220 424; x_wconf 71' lang='grc' dir='ltr'><strong>Ωδῦ</strong></span> 
     </span>
    </p>
   </div>
   <div class='ocr_carea' id='block_1_2' title="bbox 1072 366 2430 430">
    <p class='ocr_par' dir='ltr' id='par_1_2' title="bbox 1072 366 2430 430">
     <span class='ocr_line' id='line_1_2' title="bbox 1072 366 2430 430; baseline -0.001 -5"><span class='ocrx_word' id='word_1_2' title='bbox 1072 372 1133 426; x_wconf 73' lang='lat' dir='ltr'><strong>IN</strong></span> <span class='ocrx_word' id='word_1_3' title='bbox 1173 375 1227 428; x_wconf 88' lang='lat' dir='ltr'><strong>S.</strong></span> <span class='ocrx_word' id='word_1_4' title='bbox 1269 373 1548 430; x_wconf 78' lang='lat' dir='ltr'><strong>JOANNIS</strong></span> <span class='ocrx_word' id='word_1_5' title='bbox 1580 366 2012 427; x_wconf 72' lang='lat' dir='ltr'><strong>EVANGELIUM</strong></span> <span class='ocrx_word' id='word_1_6' title='bbox 2054 370 2430 426; x_wconf 75' lang='lat' dir='ltr'><strong>EXPOSITIU.</strong></span> 
     </span>
    </p>
   </div>
   <div class='ocr_carea' id='block_1_3' title="bbox 3223 377 3328 431">
    <p class='ocr_par' dir='ltr' id='par_1_3' title="bbox 3223 377 3328 431">
     <span class='ocr_line' id='line_1_3' title="bbox 3223 377 3328 431; baseline -0.01 0"><span class='ocrx_word' id='word_1_7' title='bbox 3223 377 3328 431; x_wconf 70' lang='grc' dir='ltr'><strong>οδι</strong></span> 
     </span>
    </p>
   </div>
   <div class='ocr_carea' id='block_1_4' title="bbox 118 479 3329 558">
    <p class='ocr_par' dir='ltr' id='par_1_4' title="bbox 118 479 3329 558">
     <span class='ocr_line' id='line_1_4' title="bbox 118 479 3329 558; baseline 0.003 -24"><span class='ocrx_word' id='word_1_8' title='bbox 118 498 237 534; x_wconf 85' lang='lat' dir='ltr'><strong>eum</strong></span> <span class='ocrx_word' id='word_1_9' title='bbox 264 481 354 550; x_wconf 85' lang='lat' dir='ltr'><strong>qui</strong></span> <span class='ocrx_word' id='word_1_10' title='bbox 388 482 506 550; x_wconf 82' lang='lat' dir='ltr'><strong>plus</strong></span> <span class='ocrx_word' id='word_1_11' title='bbox 535 479 705 549; x_wconf 89' lang='lat' dir='ltr'><strong>diligit</strong></span> <span class='ocrx_word' id='word_1_12' title='bbox 736 494 853 536; x_wconf 86' lang='lat' dir='ltr'><strong>esse</strong></span> <span class='ocrx_word' id='word_1_13' title='bbox 906 482 1222 536; x_wconf 81' lang='lat' dir='ltr'><strong>meliorem?</strong></span> <span class='ocrx_word' id='word_1_14' title='bbox 1255 483 1381 538; x_wconf 91' lang='lat' dir='ltr'><strong>Item</strong></span> <span class='ocrx_word' id='word_1_15' title='bbox 1419 485 1463 537; x_wconf 94' lang='lat' dir='ltr'><strong>si</strong></span> <span class='ocrx_word' id='word_1_16' title='bbox 1498 497 1686 550; x_wconf 85' lang='lat' dir='ltr'><strong>propo-</strong></span> <span class='ocrx_word' id='word_1_17' title='bbox 1719 482 1963 541; x_wconf 82' lang='lat' dir='ltr'><strong>APetrus</strong></span> <span class='ocrx_word' id='word_1_18' title='bbox 1993 489 2269 555; x_wconf 84' lang='lat' dir='ltr'><strong>apostolus</strong></span> <span class='ocrx_word' id='word_1_19' title='bbox 2305 498 2523 556; x_wconf 78' lang='lat' dir='ltr'><strong>propter</strong></span> <span class='ocrx_word' id='word_1_20' title='bbox 2560 489 2894 556; x_wconf 73' lang='lat' dir='ltr'><strong>apostolatus</strong></span> <span class='ocrx_word' id='word_1_21' title='bbox 2922 489 3005 545; x_wconf 86' lang='lat' dir='ltr'><strong>sui</strong></span> <span class='ocrx_word' id='word_1_22' title='bbox 3040 488 3329 558; x_wconf 83' lang='lat' dir='ltr'><strong>primatum</strong></span> 
     </span>
    </p>
   </div>
   <div class='ocr_carea' id='block_1_5' title="bbox 119 574 1684 642">
    <p class='ocr_par' dir='ltr' id='par_1_5' title="bbox 119 574 1684 642">
     <span class='ocr_line' id='line_1_5' title="bbox 119 574 1684 642; baseline 0.002 -17"><span class='ocrx_word' id='word_1_23' title='bbox 119 589 306 626; x_wconf 79' lang='lat' dir='ltr'><strong>namus</strong></span> <span class='ocrx_word' id='word_1_24' title='bbox 331 575 451 641; x_wconf 85' lang='lat' dir='ltr'><strong>quis</strong></span> <span class='ocrx_word' id='word_1_25' title='bbox 478 574 705 626; x_wconf 89' lang='lat' dir='ltr'><strong>duorum</strong></span> <span class='ocrx_word' id='word_1_26' title='bbox 747 575 816 626; x_wconf 87' lang='lat' dir='ltr'><strong>sit</strong></span> <span class='ocrx_word' id='word_1_27' title='bbox 844 574 1051 637; x_wconf 89' lang='lat' dir='ltr'><strong>melior,</strong></span> <span class='ocrx_word' id='word_1_28' title='bbox 1097 585 1272 628; x_wconf 92' lang='lat' dir='ltr'><strong>utrum</strong></span> <span class='ocrx_word' id='word_1_29' title='bbox 1301 591 1456 642; x_wconf 82' lang='lat' dir='ltr'><strong>quem</strong></span> <span class='ocrx_word' id='word_1_30' title='bbox 1484 578 1684 640; x_wconf 88' lang='lat' dir='ltr'><strong>minus,</strong></span> 
     </span>
    </p>
   </div>
   <div class='ocr_carea' id='block_1_6' title="bbox 118 666 1689 736">
    <p class='ocr_par' dir='ltr' id='par_1_6' title="bbox 118 666 1689 736">
     <span class='ocr_line' id='line_1_6' title="bbox 118 666 1689 736; baseline 0.001 -18"><span class='ocrx_word' id='word_1_31' title='bbox 118 683 180 718; x_wconf 86' lang='lat' dir='ltr'><strong>an</strong></span> <span class='ocrx_word' id='word_1_32' title='bbox 213 680 373 734; x_wconf 83' lang='lat' dir='ltr'><strong>quem</strong></span> <span class='ocrx_word' id='word_1_33' title='bbox 398 667 516 734; x_wconf 87' lang='lat' dir='ltr'><strong>plus</strong></span> <span class='ocrx_word' id='word_1_34' title='bbox 546 666 715 734; x_wconf 79' lang='lat' dir='ltr'><strong>diligit</strong></span> <span class='ocrx_word' id='word_1_35' title='bbox 735 666 1001 732; x_wconf 86' lang='lat' dir='ltr'><strong>Christus,</strong></span> <span class='ocrx_word' id='word_1_36' title='bbox 1024 681 1144 720; x_wconf 91' lang='lat' dir='ltr'><strong>eum</strong></span> <span class='ocrx_word' id='word_1_37' title='bbox 1178 668 1266 734; x_wconf 86' lang='lat' dir='ltr'><strong>qui</strong></span> <span class='ocrx_word' id='word_1_38' title='bbox 1300 669 1415 736; x_wconf 90' lang='lat' dir='ltr'><strong>plus</strong></span> <span class='ocrx_word' id='word_1_39' title='bbox 1445 668 1689 735; x_wconf 81' lang='lat' dir='ltr'><strong>diligitur</strong></span> 
     </span>
    </p>
   </div>
   <div class='ocr_carea' id='block_1_7' title="bbox 119 755 1685 825">
    <p class='ocr_par' dir='ltr' id='par_1_7' title="bbox 119 755 1685 825">
     <span class='ocr_line' id='line_1_7' title="bbox 119 755 1685 825; baseline 0.001 -18"><span class='ocrx_word' id='word_1_40' title='bbox 119 772 144 807; x_wconf 84' lang='lat' dir='ltr'><strong>a</strong></span> <span class='ocrx_word' id='word_1_41' title='bbox 175 757 391 808; x_wconf 76' lang='lat' dir='ltr'><strong>Christo</strong></span> <span class='ocrx_word' id='word_1_42' title='bbox 424 755 699 809; x_wconf 83' lang='lat' dir='ltr'><strong>meliorem</strong></span> <span class='ocrx_word' id='word_1_43' title='bbox 731 755 911 825; x_wconf 84' lang='lat' dir='ltr'><strong>procul</strong></span> <span class='ocrx_word' id='word_1_44' title='bbox 942 756 1103 810; x_wconf 91' lang='lat' dir='ltr'><strong>dubio</strong></span> <span class='ocrx_word' id='word_1_45' title='bbox 1133 758 1594 824; x_wconf 85' lang='lat' dir='ltr'><strong>respondebimus.</strong></span> <span class='ocrx_word' id='word_1_46' title='bbox 1633 757 1685 809; x_wconf 92' lang='lat' dir='ltr'><strong>ln</strong></span> 
     </span>
    </p>
   </div>
   <div class='ocr_carea' id='block_1_8' title="bbox 124 847 1687 918">
    <p class='ocr_par' dir='ltr' id='par_1_8' title="bbox 124 847 1687 918">
     <span class='ocr_line' id='line_1_8' title="bbox 124 847 1687 918; baseline -0.001 -18"><span class='ocrx_word' id='word_1_47' title='bbox 124 847 213 901; x_wconf 86' lang='lat' dir='ltr'><strong>illa</strong></span> <span class='ocrx_word' id='word_1_48' title='bbox 246 863 374 916; x_wconf 87' lang='lat' dir='ltr'><strong>ergo</strong></span> <span class='ocrx_word' id='word_1_49' title='bbox 415 849 814 916; x_wconf 85' lang='lat' dir='ltr'><strong>comparatione</strong></span> <span class='ocrx_word' id='word_1_50' title='bbox 846 863 1002 916; x_wconf 80' lang='lat' dir='ltr'><strong>quam</strong></span> <span class='ocrx_word' id='word_1_51' title='bbox 1037 851 1178 915; x_wconf 89' lang='lat' dir='ltr'><strong>prius</strong></span> <span class='ocrx_word' id='word_1_52' title='bbox 1203 849 1475 918; x_wconf 90' lang='lat' dir='ltr'><strong>proposui,</strong></span> <span class='ocrx_word' id='word_1_53' title='bbox 1504 848 1687 900; x_wconf 76' lang='lat' dir='ltr'><strong>Petrus</strong></span> 
     </span>
    </p>
   </div>
   <div class='ocr_carea' id='block_1_9' title="bbox 120 937 1687 1006">
    <p class='ocr_par' dir='ltr' id='par_1_9' title="bbox 120 937 1687 1006">
     <span class='ocr_line' id='line_1_9' title="bbox 120 937 1687 1006; baseline -0.002 -15"><span class='ocrx_word' id='word_1_54' title='bbox 120 939 336 999; x_wconf 85' lang='lat' dir='ltr'><strong>Joanni,</strong></span> <span class='ocrx_word' id='word_1_55' title='bbox 371 937 422 990; x_wconf 93' lang='lat' dir='ltr'><strong>in</strong></span> <span class='ocrx_word' id='word_1_56' title='bbox 472 937 571 991; x_wconf 89' lang='lat' dir='ltr'><strong>hac</strong></span> <span class='ocrx_word' id='word_1_57' title='bbox 600 953 725 991; x_wconf 89' lang='lat' dir='ltr'><strong>vero</strong></span> <span class='ocrx_word' id='word_1_58' title='bbox 771 938 936 991; x_wconf 88' lang='lat' dir='ltr'><strong>altera</strong></span> <span class='ocrx_word' id='word_1_59' title='bbox 966 939 1570 1006; x_wconf 75' lang='lat' dir='ltr'><strong>JommeS&#39;ameponitur</strong></span> <span class='ocrx_word' id='word_1_60' title='bbox 1604 937 1687 988; x_wconf 59' lang='lat' dir='ltr'><strong>Pes</strong></span> 
     </span>
    </p>
   </div>
   <div class='ocr_carea' id='block_1_10' title="bbox 124 1025 1684 1096">
    <p class='ocr_par' dir='ltr' id='par_1_10' title="bbox 124 1025 1684 1096">
     <span class='ocr_line' id='line_1_10' title="bbox 124 1025 1684 1096; baseline -0.004 -16"><span class='ocrx_word' id='word_1_61' title='bbox 124 1038 223 1080; x_wconf 91' lang='lat' dir='ltr'><strong>tro.</strong></span> <span class='ocrx_word' id='word_1_62' title='bbox 259 1027 490 1080; x_wconf 83' lang='lat' dir='ltr'><strong>Proinde</strong></span> <span class='ocrx_word' id='word_1_63' title='bbox 524 1029 733 1080; x_wconf 86' lang='lat' dir='ltr'><strong>tertiam</strong></span> <span class='ocrx_word' id='word_1_64' title='bbox 765 1028 843 1080; x_wconf 90' lang='lat' dir='ltr'><strong>sic</strong></span> <span class='ocrx_word' id='word_1_65' title='bbox 870 1029 1223 1096; x_wconf 80' lang='lat' dir='ltr'><strong>proponimus</strong></span> <span class='ocrx_word' id='word_1_66' title='bbox 1253 1045 1264 1080; x_wconf 92' lang='lat'><strong>:</strong></span> <span class='ocrx_word' id='word_1_67' title='bbox 1295 1027 1423 1092; x_wconf 89' lang='lat' dir='ltr'><strong>Quis</strong></span> <span class='ocrx_word' id='word_1_68' title='bbox 1453 1036 1533 1079; x_wconf 89' lang='lat' dir='ltr'><strong>est</strong></span> <span class='ocrx_word' id='word_1_69' title='bbox 1557 1025 1684 1076; x_wconf 92' lang='lat' dir='ltr'><strong>duo-</strong></span> 
     </span>
    </p>
   </div>
   <div class='ocr_carea' id='block_1_11' title="bbox 123 1113 1683 1186">
    <p class='ocr_par' dir='ltr' id='par_1_11' title="bbox 123 1113 1683 1186">
     <span class='ocr_line' id='line_1_11' title="bbox 123 1113 1683 1186; baseline -0.004 -15"><span class='ocrx_word' id='word_1_70' title='bbox 123 1135 234 1171; x_wconf 86' lang='lat' dir='ltr'><strong>rum</strong></span> <span class='ocrx_word' id='word_1_71' title='bbox 276 1118 654 1185; x_wconf 90' lang='lat' dir='ltr'><strong>discipulurum</strong></span> <span class='ocrx_word' id='word_1_72' title='bbox 707 1119 916 1179; x_wconf 86' lang='lat' dir='ltr'><strong>melior,</strong></span> <span class='ocrx_word' id='word_1_73' title='bbox 953 1119 1040 1186; x_wconf 90' lang='lat' dir='ltr'><strong>qui</strong></span> <span class='ocrx_word' id='word_1_74' title='bbox 1089 1119 1262 1171; x_wconf 90' lang='lat' dir='ltr'><strong>minus</strong></span> <span class='ocrx_word' id='word_1_75' title='bbox 1302 1131 1458 1184; x_wconf 91' lang='lat' dir='ltr'><strong>quam</strong></span> <span class='ocrx_word' id='word_1_76' title='bbox 1495 1113 1683 1168; x_wconf 79' lang='lat' dir='ltr'><strong>condi-</strong></span> 
     </span>
    </p>
   </div>
   <div class='ocr_carea' id='block_1_12' title="bbox 125 1207 1682 1279">
    <p class='ocr_par' dir='ltr' id='par_1_12' title="bbox 125 1207 1682 1279">
     <span class='ocr_line' id='line_1_12' title="bbox 125 1207 1682 1279; baseline -0.001 -18"><span class='ocrx_word' id='word_1_77' title='bbox 125 1210 362 1276; x_wconf 87' lang='lat' dir='ltr'><strong>scipulus</strong></span> <span class='ocrx_word' id='word_1_78' title='bbox 405 1210 522 1278; x_wconf 86' lang='lat' dir='ltr'><strong>ejus</strong></span> <span class='ocrx_word' id='word_1_79' title='bbox 550 1211 718 1278; x_wconf 77' lang='lat' dir='ltr'><strong>diligit</strong></span> <span class='ocrx_word' id='word_1_80' title='bbox 749 1209 1037 1273; x_wconf 81' lang='lat' dir='ltr'><strong>Christum,</strong></span> <span class='ocrx_word' id='word_1_81' title='bbox 1087 1221 1136 1264; x_wconf 90' lang='lat' dir='ltr'><strong>et</strong></span> <span class='ocrx_word' id='word_1_82' title='bbox 1168 1211 1285 1279; x_wconf 89' lang='lat' dir='ltr'><strong>plus</strong></span> <span class='ocrx_word' id='word_1_83' title='bbox 1314 1224 1471 1278; x_wconf 91' lang='lat' dir='ltr'><strong>quam</strong></span> <span class='ocrx_word' id='word_1_84' title='bbox 1500 1207 1682 1262; x_wconf 85' lang='lat' dir='ltr'><strong>condi-</strong></span> 
     </span>
    </p>
   </div>
   <div class='ocr_carea' id='block_1_13' title="bbox 118 1296 1681 1367">
    <p class='ocr_par' dir='ltr' id='par_1_13' title="bbox 118 1296 1681 1367">
     <span class='ocr_line' id='line_1_13' title="bbox 118 1296 1681 1367; baseline -0.001 -17"><span class='ocrx_word' id='word_1_85' title='bbox 118 1299 351 1364; x_wconf 83' lang='lat' dir='ltr'><strong>scipulus</strong></span> <span class='ocrx_word' id='word_1_86' title='bbox 373 1298 486 1366; x_wconf 84' lang='lat' dir='ltr'><strong>ejus</strong></span> <span class='ocrx_word' id='word_1_87' title='bbox 507 1299 740 1367; x_wconf 79' lang='lat' dir='ltr'><strong>diligitur</strong></span> <span class='ocrx_word' id='word_1_88' title='bbox 770 1315 799 1352; x_wconf 93' lang='lat' dir='ltr'><strong>a</strong></span> <span class='ocrx_word' id='word_1_89' title='bbox 827 1299 1079 1363; x_wconf 89' lang='lat' dir='ltr'><strong>Christo;</strong></span> <span class='ocrx_word' id='word_1_90' title='bbox 1111 1313 1174 1351; x_wconf 90' lang='lat' dir='ltr'><strong>an</strong></span> <span class='ocrx_word' id='word_1_91' title='bbox 1207 1298 1297 1352; x_wconf 89' lang='lat' dir='ltr'><strong>ille</strong></span> <span class='ocrx_word' id='word_1_92' title='bbox 1320 1313 1476 1366; x_wconf 85' lang='lat' dir='ltr'><strong>quem</strong></span> <span class='ocrx_word' id='word_1_93' title='bbox 1510 1296 1681 1350; x_wconf 90' lang='lat' dir='ltr'><strong>minus</strong></span> 
     </span>
    </p>
   </div>
   <div class='ocr_carea' id='block_1_14' title="bbox 115 1386 1679 1457">
    <p class='ocr_par' dir='ltr' id='par_1_14' title="bbox 115 1386 1679 1457">
     <span class='ocr_line' id='line_1_14' title="bbox 115 1386 1679 1457; baseline 0.001 -19"><span class='ocrx_word' id='word_1_94' title='bbox 115 1402 270 1453; x_wconf 85' lang='lat' dir='ltr'><strong>quam</strong></span> <span class='ocrx_word' id='word_1_95' title='bbox 304 1388 726 1456; x_wconf 85' lang='lat' dir='ltr'><strong>eundiscipulum</strong></span> <span class='ocrx_word' id='word_1_96' title='bbox 773 1388 888 1457; x_wconf 84' lang='lat' dir='ltr'><strong>ejus</strong></span> <span class='ocrx_word' id='word_1_97' title='bbox 915 1388 1083 1456; x_wconf 91' lang='lat' dir='ltr'><strong>diligit</strong></span> <span class='ocrx_word' id='word_1_98' title='bbox 1116 1387 1380 1452; x_wconf 87' lang='lat' dir='ltr'><strong>Christus,</strong></span> <span class='ocrx_word' id='word_1_99' title='bbox 1415 1402 1534 1442; x_wconf 89' lang='lat' dir='ltr'><strong>cum</strong></span> <span class='ocrx_word' id='word_1_100' title='bbox 1565 1386 1679 1455; x_wconf 86' lang='lat' dir='ltr'><strong>plus</strong></span> 
     </span>
    </p>
   </div>
   <div class='ocr_carea' id='block_1_15' title="bbox 116 1475 1680 1545">
    <p class='ocr_par' dir='ltr' id='par_1_15' title="bbox 116 1475 1680 1545">
     <span class='ocr_line' id='line_1_15' title="bbox 116 1475 1680 1545; baseline 0.002 -19"><span class='ocrx_word' id='word_1_101' title='bbox 116 1479 222 1540; x_wconf 69' lang='lat' dir='ltr'><strong>ipse</strong></span> <span class='ocrx_word' id='word_1_102' title='bbox 245 1491 402 1540; x_wconf 88' lang='lat' dir='ltr'><strong>quam</strong></span> <span class='ocrx_word' id='word_1_103' title='bbox 434 1492 564 1530; x_wconf 90' lang='lat' dir='ltr'><strong>suus</strong></span> <span class='ocrx_word' id='word_1_104' title='bbox 594 1475 990 1545; x_wconf 87' lang='lat' dir='ltr'><strong>condiscipulus</strong></span> <span class='ocrx_word' id='word_1_105' title='bbox 1014 1477 1198 1543; x_wconf 76' lang='lat' dir='ltr'><strong>diligat</strong></span> <span class='ocrx_word' id='word_1_106' title='bbox 1226 1475 1545 1530; x_wconf 85' lang='lat' dir='ltr'><strong>Christum?</strong></span> <span class='ocrx_word' id='word_1_107' title='bbox 1585 1476 1680 1529; x_wconf 88' lang='lat' dir='ltr'><strong>llic</strong></span> 
     </span>
    </p>
   </div>
   <div class='ocr_carea' id='block_1_16' title="bbox 115 1563 1673 1632">
    <p class='ocr_par' dir='ltr' id='par_1_16' title="bbox 115 1563 1673 1632">
     <span class='ocr_line' id='line_1_16' title="bbox 115 1563 1673 1632; baseline 0.001 -18"><span class='ocrx_word' id='word_1_108' title='bbox 115 1565 265 1629; x_wconf 65' lang='lat' dir='ltr'><strong>plane</strong></span> <span class='ocrx_word' id='word_1_109' title='bbox 323 1573 601 1617; x_wconf 84' lang='lat' dir='ltr'><strong>cunctatur</strong></span> <span class='ocrx_word' id='word_1_110' title='bbox 655 1565 970 1631; x_wconf 89' lang='lat' dir='ltr'><strong>responsio,</strong></span> <span class='ocrx_word' id='word_1_111' title='bbox 1039 1573 1092 1617; x_wconf 90' lang='lat' dir='ltr'><strong>et</strong></span> <span class='ocrx_word' id='word_1_112' title='bbox 1146 1573 1371 1632; x_wconf 78' lang='lat' dir='ltr'><strong>augetur</strong></span> <span class='ocrx_word' id='word_1_113' title='bbox 1431 1563 1673 1630; x_wconf 65' lang='lat' dir='ltr'><strong>quaestio.</strong></span> 
     </span>
    </p>
   </div>
   <div class='ocr_carea' id='block_1_17' title="bbox 113 1655 1676 1724">
    <p class='ocr_par' dir='ltr' id='par_1_17' title="bbox 113 1655 1676 1724">
     <span class='ocr_line' id='line_1_17' title="bbox 113 1655 1676 1724; baseline 0.001 -20"><span class='ocrx_word' id='word_1_114' title='bbox 113 1659 375 1719; x_wconf 84' lang='lat' dir='ltr'><strong>Quantum</strong></span> <span class='ocrx_word' id='word_1_115' title='bbox 405 1665 581 1710; x_wconf 88' lang='lat' dir='ltr'><strong>autem</strong></span> <span class='ocrx_word' id='word_1_116' title='bbox 613 1655 725 1722; x_wconf 88' lang='lat' dir='ltr'><strong>ipse</strong></span> <span class='ocrx_word' id='word_1_117' title='bbox 771 1656 940 1724; x_wconf 89' lang='lat' dir='ltr'><strong>sapio,</strong></span> <span class='ocrx_word' id='word_1_118' title='bbox 984 1655 1258 1709; x_wconf 90' lang='lat' dir='ltr'><strong>meliorem</strong></span> <span class='ocrx_word' id='word_1_119' title='bbox 1290 1656 1379 1724; x_wconf 91' lang='lat' dir='ltr'><strong>qui</strong></span> <span class='ocrx_word' id='word_1_120' title='bbox 1415 1657 1529 1721; x_wconf 87' lang='lat' dir='ltr'><strong>plus</strong></span> <span class='ocrx_word' id='word_1_121' title='bbox 1560 1655 1676 1707; x_wconf 91' lang='lat' dir='ltr'><strong>dili-</strong></span> 
     </span>
    </p>
   </div>
   <div class='ocr_carea' id='block_1_18' title="bbox 111 1745 1677 1815">
    <p class='ocr_par' dir='ltr' id='par_1_18' title="bbox 111 1745 1677 1815">
     <span class='ocr_line' id='line_1_18' title="bbox 111 1745 1677 1815; baseline 0 -18"><span class='ocrx_word' id='word_1_122' title='bbox 111 1750 179 1815; x_wconf 82' lang='lat' dir='ltr'><strong>git</strong></span> <span class='ocrx_word' id='word_1_123' title='bbox 207 1747 504 1810; x_wconf 90' lang='lat' dir='ltr'><strong>Christum,</strong></span> <span class='ocrx_word' id='word_1_124' title='bbox 540 1747 828 1800; x_wconf 89' lang='lat' dir='ltr'><strong>feliciorem</strong></span> <span class='ocrx_word' id='word_1_125' title='bbox 857 1761 984 1800; x_wconf 91' lang='lat' dir='ltr'><strong>vero</strong></span> <span class='ocrx_word' id='word_1_126' title='bbox 1003 1763 1158 1814; x_wconf 86' lang='lat' dir='ltr'><strong>quem</strong></span> <span class='ocrx_word' id='word_1_127' title='bbox 1193 1747 1309 1815; x_wconf 89' lang='lat' dir='ltr'><strong>plus</strong></span> <span class='ocrx_word' id='word_1_128' title='bbox 1331 1747 1499 1814; x_wconf 76' lang='lat' dir='ltr'><strong>diligit</strong></span> <span class='ocrx_word' id='word_1_129' title='bbox 1519 1745 1677 1799; x_wconf 90' lang='lat' dir='ltr'><strong>Chri-</strong></span> 
     </span>
    </p>
   </div>
   <div class='ocr_carea' id='block_1_19' title="bbox 108 1819 1748 1905">
    <p class='ocr_par' dir='ltr' id='par_1_19' title="bbox 108 1819 1748 1905">
     <span class='ocr_line' id='line_1_19' title="bbox 108 1819 1748 1905; baseline 0.001 -18"><span class='ocrx_word' id='word_1_130' title='bbox 108 1846 242 1902; x_wconf 83' lang='lat' dir='ltr'><strong>stus,</strong></span> <span class='ocrx_word' id='word_1_131' title='bbox 301 1837 455 1889; x_wconf 81' lang='lat' dir='ltr'><strong>facrle</strong></span> <span class='ocrx_word' id='word_1_132' title='bbox 514 1837 921 1905; x_wconf 85' lang='lat' dir='ltr'><strong>responderem,</strong></span> <span class='ocrx_word' id='word_1_133' title='bbox 978 1835 1022 1888; x_wconf 92' lang='lat' dir='ltr'><strong>si</strong></span> <span class='ocrx_word' id='word_1_134' title='bbox 1070 1837 1327 1903; x_wconf 89' lang='lat' dir='ltr'><strong>justitiam</strong></span> <span class='ocrx_word' id='word_1_135' title='bbox 1378 1819 1748 1889; x_wconf 84' lang='lat' dir='ltr'><strong>liberatorisB</strong></span> 
     </span>
    </p>
   </div>
   <div class='ocr_carea' id='block_1_20' title="bbox 114 1927 1670 1996">
    <p class='ocr_par' dir='ltr' id='par_1_20' title="bbox 114 1927 1670 1996">
     <span class='ocr_line' id='line_1_20' title="bbox 114 1927 1670 1996; baseline -0.001 -15"><span class='ocrx_word' id='word_1_136' title='bbox 114 1928 276 1981; x_wconf 85' lang='lat' dir='ltr'><strong>nostri</strong></span> <span class='ocrx_word' id='word_1_137' title='bbox 308 1927 483 1980; x_wconf 88' lang='lat' dir='ltr'><strong>minus</strong></span> <span class='ocrx_word' id='word_1_138' title='bbox 512 1943 632 1981; x_wconf 91' lang='lat' dir='ltr'><strong>eum</strong></span> <span class='ocrx_word' id='word_1_139' title='bbox 666 1927 933 1996; x_wconf 78' lang='lat' dir='ltr'><strong>diligentis</strong></span> <span class='ocrx_word' id='word_1_140' title='bbox 980 1942 1008 1978; x_wconf 92' lang='lat' dir='ltr'><strong>a</strong></span> <span class='ocrx_word' id='word_1_141' title='bbox 1037 1942 1141 1996; x_wconf 89' lang='lat' dir='ltr'><strong>quo</strong></span> <span class='ocrx_word' id='word_1_142' title='bbox 1185 1928 1302 1996; x_wconf 91' lang='lat' dir='ltr'><strong>plus</strong></span> <span class='ocrx_word' id='word_1_143' title='bbox 1331 1927 1587 1995; x_wconf 80' lang='lat' dir='ltr'><strong>diligitur,</strong></span> <span class='ocrx_word' id='word_1_144' title='bbox 1617 1937 1670 1982; x_wconf 88' lang='lat' dir='ltr'><strong>et</strong></span> 
     </span>
    </p>
   </div>
   <div class='ocr_carea' id='block_1_21' title="bbox 112 2018 1669 2087">
    <p class='ocr_par' dir='ltr' id='par_1_21' title="bbox 112 2018 1669 2087">
     <span class='ocr_line' id='line_1_21' title="bbox 112 2018 1669 2087; baseline 0 -15"><span class='ocrx_word' id='word_1_145' title='bbox 112 2036 227 2072; x_wconf 88' lang='lat' dir='ltr'><strong>eum</strong></span> <span class='ocrx_word' id='word_1_146' title='bbox 260 2019 379 2085; x_wconf 85' lang='lat' dir='ltr'><strong>plus</strong></span> <span class='ocrx_word' id='word_1_147' title='bbox 409 2033 569 2086; x_wconf 86' lang='lat' dir='ltr'><strong>aquo</strong></span> <span class='ocrx_word' id='word_1_148' title='bbox 601 2019 774 2072; x_wconf 89' lang='lat' dir='ltr'><strong>minus</strong></span> <span class='ocrx_word' id='word_1_149' title='bbox 811 2018 1069 2087; x_wconf 80' lang='lat' dir='ltr'><strong>diligitur,</strong></span> <span class='ocrx_word' id='word_1_150' title='bbox 1099 2018 1543 2087; x_wconf 87' lang='lat' dir='ltr'><strong>quemadmodum</strong></span> <span class='ocrx_word' id='word_1_151' title='bbox 1576 2021 1669 2072; x_wconf 88' lang='lat' dir='ltr'><strong>de-</strong></span> 
     </span>
    </p>
   </div>
   <div class='ocr_carea' id='block_1_22' title="bbox 113 2108 1676 2177">
    <p class='ocr_par' dir='ltr' id='par_1_22' title="bbox 113 2108 1676 2177">
     <span class='ocr_line' id='line_1_22' title="bbox 113 2108 1676 2177; baseline 0.001 -18"><span class='ocrx_word' id='word_1_152' title='bbox 113 2108 378 2162; x_wconf 88' lang='lat' dir='ltr'><strong>fenderem</strong></span> <span class='ocrx_word' id='word_1_153' title='bbox 410 2108 762 2175; x_wconf 73' lang='lat' dir='ltr'><strong>perviderem.</strong></span> <span class='ocrx_word' id='word_1_154' title='bbox 797 2108 1088 2177; x_wconf 87' lang='lat' dir='ltr'><strong>Aggrediar</strong></span> <span class='ocrx_word' id='word_1_155' title='bbox 1119 2118 1292 2163; x_wconf 89' lang='lat' dir='ltr'><strong>tamen</strong></span> <span class='ocrx_word' id='word_1_156' title='bbox 1322 2109 1387 2163; x_wconf 87' lang='lat' dir='ltr'><strong>de</strong></span> <span class='ocrx_word' id='word_1_157' title='bbox 1412 2110 1676 2163; x_wconf 81' lang='lat' dir='ltr'><strong>solvenda</strong></span> 
     </span>
    </p>
   </div>
   <div class='ocr_carea' id='block_1_23' title="bbox 110 2199 1672 2269">
    <p class='ocr_par' dir='ltr' id='par_1_23' title="bbox 110 2199 1672 2269">
     <span class='ocr_line' id='line_1_23' title="bbox 110 2199 1672 2269; baseline 0.002 -19"><span class='ocrx_word' id='word_1_158' title='bbox 110 2201 402 2264; x_wconf 74' lang='lat' dir='ltr'><strong>quaestione</strong></span> <span class='ocrx_word' id='word_1_159' title='bbox 447 2210 551 2251; x_wconf 85' lang='lat' dir='ltr'><strong>tam</strong></span> <span class='ocrx_word' id='word_1_160' title='bbox 586 2199 806 2267; x_wconf 84' lang='lat' dir='ltr'><strong>ingenti,</strong></span> <span class='ocrx_word' id='word_1_161' title='bbox 835 2214 929 2266; x_wconf 91' lang='lat' dir='ltr'><strong>pro</strong></span> <span class='ocrx_word' id='word_1_162' title='bbox 978 2200 1180 2253; x_wconf 86' lang='lat' dir='ltr'><strong>viribus</strong></span> <span class='ocrx_word' id='word_1_163' title='bbox 1212 2214 1342 2267; x_wconf 88' lang='lat' dir='ltr'><strong>quas</strong></span> <span class='ocrx_word' id='word_1_164' title='bbox 1367 2201 1478 2269; x_wconf 87' lang='lat' dir='ltr'><strong>ipse</strong></span> <span class='ocrx_word' id='word_1_165' title='bbox 1507 2202 1672 2254; x_wconf 89' lang='lat' dir='ltr'><strong>dona-</strong></span> 
     </span>
    </p>
   </div>
   <div class='ocr_carea' id='block_1_24' title="bbox 110 2289 1668 2359">
    <p class='ocr_par' dir='ltr' id='par_1_24' title="bbox 110 2289 1668 2359">
     <span class='ocr_line' id='line_1_24' title="bbox 110 2289 1668 2359; baseline 0.004 -21"><span class='ocrx_word' id='word_1_166' title='bbox 110 2289 260 2354; x_wconf 79' lang='lat' dir='ltr'><strong>verit,</strong></span> <span class='ocrx_word' id='word_1_167' title='bbox 292 2289 586 2357; x_wconf 78' lang='lat' dir='ltr'><strong>diSputare.</strong></span> <span class='ocrx_word' id='word_1_168' title='bbox 643 2289 924 2358; x_wconf 80' lang='lat' dir='ltr'><strong>[lucusque</strong></span> <span class='ocrx_word' id='word_1_169' title='bbox 953 2291 1094 2344; x_wconf 87' lang='lat' dir='ltr'><strong>enim</strong></span> <span class='ocrx_word' id='word_1_170' title='bbox 1131 2291 1402 2359; x_wconf 87' lang='lat' dir='ltr'><strong>proposita</strong></span> <span class='ocrx_word' id='word_1_171' title='bbox 1427 2300 1529 2354; x_wconf 90' lang='lat' dir='ltr'><strong>est,</strong></span> <span class='ocrx_word' id='word_1_172' title='bbox 1562 2306 1668 2344; x_wconf 92' lang='lat' dir='ltr'><strong>non</strong></span> 
     </span>
    </p>
   </div>
   <div class='ocr_carea' id='block_1_25' title="bbox 106 2380 1664 2450">
    <p class='ocr_par' dir='ltr' id='par_1_25' title="bbox 106 2380 1664 2450">
     <span class='ocr_line' id='line_1_25' title="bbox 106 2380 1664 2450; baseline 0.004 -20"><span class='ocrx_word' id='word_1_173' title='bbox 106 2381 365 2444; x_wconf 75' lang='lat' dir='ltr'><strong>exposita.</strong></span> <span class='ocrx_word' id='word_1_174' title='bbox 417 2380 758 2446; x_wconf 67' lang='lat' dir='ltr'><strong>Exponenda:</strong></span> <span class='ocrx_word' id='word_1_175' title='bbox 813 2398 938 2434; x_wconf 92' lang='lat' dir='ltr'><strong>vero</strong></span> <span class='ocrx_word' id='word_1_176' title='bbox 984 2382 1099 2450; x_wconf 86' lang='lat' dir='ltr'><strong>ejus</strong></span> <span class='ocrx_word' id='word_1_177' title='bbox 1131 2384 1230 2436; x_wconf 91' lang='lat' dir='ltr'><strong>hoc</strong></span> <span class='ocrx_word' id='word_1_178' title='bbox 1277 2383 1344 2436; x_wconf 92' lang='lat' dir='ltr'><strong>sit</strong></span> <span class='ocrx_word' id='word_1_179' title='bbox 1369 2384 1664 2447; x_wconf 78' lang='lat' dir='ltr'><strong>exordium,</strong></span> 
     </span>
    </p>
   </div>
   <div class='ocr_carea' id='block_1_26' title="bbox 107 2471 1669 2539">
    <p class='ocr_par' dir='ltr' id='par_1_26' title="bbox 107 2471 1669 2539">
     <span class='ocr_line' id='line_1_26' title="bbox 107 2471 1669 2539; baseline 0.003 -21"><span class='ocrx_word' id='word_1_180' title='bbox 107 2481 155 2518; x_wconf 90' lang='lat' dir='ltr'><strong>ut</strong></span> <span class='ocrx_word' id='word_1_181' title='bbox 201 2471 605 2521; x_wconf 81' lang='lat' dir='ltr'><strong>meminerimus</strong></span> <span class='ocrx_word' id='word_1_182' title='bbox 658 2471 710 2521; x_wconf 90' lang='lat' dir='ltr'><strong>iu</strong></span> <span class='ocrx_word' id='word_1_183' title='bbox 759 2471 858 2522; x_wconf 91' lang='lat' dir='ltr'><strong>hoc</strong></span> <span class='ocrx_word' id='word_1_184' title='bbox 897 2471 1216 2538; x_wconf 82' lang='lat' dir='ltr'><strong>corruptibili</strong></span> <span class='ocrx_word' id='word_1_185' title='bbox 1265 2487 1496 2539; x_wconf 84' lang='lat' dir='ltr'><strong>corpore,</strong></span> <span class='ocrx_word' id='word_1_186' title='bbox 1534 2472 1669 2536; x_wconf 86' lang='lat' dir='ltr'><strong>quod</strong></span> 
     </span>
    </p>
   </div>
   <div class='ocr_carea' id='block_1_27' title="bbox 103 2562 1672 2631">
    <p class='ocr_par' dir='ltr' id='par_1_27' title="bbox 103 2562 1672 2631">
     <span class='ocr_line' id='line_1_27' title="bbox 103 2562 1672 2631; baseline 0.006 -21"><span class='ocrx_word' id='word_1_187' title='bbox 103 2573 342 2630; x_wconf 70' lang='lat' dir='ltr'><strong>aggravas</strong></span> <span class='ocrx_word' id='word_1_188' title='bbox 392 2563 618 2613; x_wconf 81' lang='lat' dir='ltr'><strong>animum</strong></span> <span class='ocrx_word' id='word_1_189' title='bbox 649 2562 802 2630; x_wconf 86' lang='lat' dir='ltr'><strong>(Sap.</strong></span> <span class='ocrx_word' id='word_1_190' title='bbox 836 2566 933 2631; x_wconf 80' lang='grc' dir='ltr'>ιι),</span> <span class='ocrx_word' id='word_1_191' title='bbox 969 2565 1130 2616; x_wconf 82' lang='lat' dir='ltr'><strong>vitam</strong></span> <span class='ocrx_word' id='word_1_192' title='bbox 1178 2580 1273 2618; x_wconf 89' lang='lat' dir='ltr'><strong>nos</strong></span> <span class='ocrx_word' id='word_1_193' title='bbox 1313 2565 1561 2619; x_wconf 88' lang='lat' dir='ltr'><strong>miseram</strong></span> <span class='ocrx_word' id='word_1_194' title='bbox 1594 2567 1672 2619; x_wconf 86' lang='lat' dir='ltr'><strong>vi-</strong></span> 
     </span>
    </p>
   </div>
   <div class='ocr_carea' id='block_1_28' title="bbox 103 2650 1666 2720">
    <p class='ocr_par' dir='ltr' id='par_1_28' title="bbox 103 2650 1666 2720">
     <span class='ocr_line' id='line_1_28' title="bbox 103 2650 1666 2720; baseline 0.003 -19"><span class='ocrx_word' id='word_1_195' title='bbox 103 2664 241 2713; x_wconf 85' lang='lat' dir='ltr'><strong>vere,</strong></span> <span class='ocrx_word' id='word_1_196' title='bbox 274 2650 368 2703; x_wconf 80' lang='lat' dir='ltr'><strong>sed</strong></span> <span class='ocrx_word' id='word_1_197' title='bbox 399 2651 487 2718; x_wconf 89' lang='lat' dir='ltr'><strong>qui</strong></span> <span class='ocrx_word' id='word_1_198' title='bbox 517 2651 625 2718; x_wconf 83' lang='lat' dir='ltr'><strong>jam</strong></span> <span class='ocrx_word' id='word_1_199' title='bbox 669 2652 927 2718; x_wconf 86' lang='lat' dir='ltr'><strong>redempti</strong></span> <span class='ocrx_word' id='word_1_200' title='bbox 960 2668 1053 2720; x_wconf 89' lang='lat' dir='ltr'><strong>per</strong></span> <span class='ocrx_word' id='word_1_201' title='bbox 1082 2653 1428 2707; x_wconf 84' lang='lat' dir='ltr'><strong>Mediatorem</strong></span> <span class='ocrx_word' id='word_1_202' title='bbox 1462 2668 1666 2716; x_wconf 90' lang='lat' dir='ltr'><strong>sumus,</strong></span> 
     </span>
    </p>
   </div>
   <div class='ocr_carea' id='block_1_29' title="bbox 103 2740 1669 2809">
    <p class='ocr_par' dir='ltr' id='par_1_29' title="bbox 103 2740 1669 2809">
     <span class='ocr_line' id='line_1_29' title="bbox 103 2740 1669 2809; baseline 0 -15"><span class='ocrx_word' id='word_1_203' title='bbox 103 2756 151 2794; x_wconf 87' lang='lat' dir='ltr'><strong>et</strong></span> <span class='ocrx_word' id='word_1_204' title='bbox 191 2740 450 2809; x_wconf 86' lang='lat' dir='ltr'><strong>Spiritum</strong></span> <span class='ocrx_word' id='word_1_205' title='bbox 492 2749 735 2794; x_wconf 88' lang='lat' dir='ltr'><strong>sanctum</strong></span> <span class='ocrx_word' id='word_1_206' title='bbox 762 2743 949 2809; x_wconf 82' lang='lat' dir='ltr'><strong>pignus</strong></span> <span class='ocrx_word' id='word_1_207' title='bbox 991 2745 1313 2808; x_wconf 86' lang='lat' dir='ltr'><strong>accepimus,</strong></span> <span class='ocrx_word' id='word_1_208' title='bbox 1358 2743 1565 2797; x_wconf 89' lang='lat' dir='ltr'><strong>beatam</strong></span> <span class='ocrx_word' id='word_1_209' title='bbox 1592 2743 1669 2794; x_wconf 79' lang='lat' dir='ltr'><strong>vi—</strong></span> 
     </span>
    </p>
   </div>
   <div class='ocr_carea' id='block_1_30' title="bbox 103 2832 1664 2900">
    <p class='ocr_par' dir='ltr' id='par_1_30' title="bbox 103 2832 1664 2900">
     <span class='ocr_line' id='line_1_30' title="bbox 103 2832 1664 2900; baseline 0.001 -18"><span class='ocrx_word' id='word_1_210' title='bbox 103 2843 200 2883; x_wconf 80' lang='lat' dir='ltr'><strong>tam</strong></span> <span class='ocrx_word' id='word_1_211' title='bbox 232 2833 281 2885; x_wconf 91' lang='lat' dir='ltr'><strong>iu</strong></span> <span class='ocrx_word' id='word_1_212' title='bbox 325 2847 419 2900; x_wconf 88' lang='lat' dir='ltr'><strong>spe</strong></span> <span class='ocrx_word' id='word_1_213' title='bbox 445 2832 721 2895; x_wconf 81' lang='lat' dir='ltr'><strong>habemus,</strong></span> <span class='ocrx_word' id='word_1_214' title='bbox 765 2833 861 2887; x_wconf 90' lang='lat' dir='ltr'><strong>etsi</strong></span> <span class='ocrx_word' id='word_1_215' title='bbox 907 2848 963 2886; x_wconf 91' lang='lat' dir='ltr'><strong>re</strong></span> <span class='ocrx_word' id='word_1_216' title='bbox 990 2834 1101 2900; x_wconf 85' lang='lat' dir='ltr'><strong>ipsa</strong></span> <span class='ocrx_word' id='word_1_217' title='bbox 1134 2833 1366 2886; x_wconf 90' lang='lat' dir='ltr'><strong>nondum</strong></span> <span class='ocrx_word' id='word_1_218' title='bbox 1394 2843 1664 2887; x_wconf 88' lang='lat' dir='ltr'><strong>tenemus.</strong></span> 
     </span>
    </p>
   </div>
   <div class='ocr_carea' id='block_1_31' title="bbox 104 2924 1666 2992">
    <p class='ocr_par' dir='ltr' id='par_1_31' title="bbox 104 2924 1666 2992">
     <span class='ocr_line' id='line_1_31' title="bbox 104 2924 1666 2992; baseline 0 -15"><span class='ocrx_word' id='word_1_219' title='bbox 104 2924 226 2987; x_wconf 83' lang='lat' dir='ltr'><strong>Spes</strong></span> <span class='ocrx_word' id='word_1_220' title='bbox 253 2934 423 2976; x_wconf 85' lang='lat' dir='ltr'><strong>autem</strong></span> <span class='ocrx_word' id='word_1_221' title='bbox 455 2941 569 2991; x_wconf 80' lang='lat' dir='ltr'><strong>qute</strong></span> <span class='ocrx_word' id='word_1_222' title='bbox 595 2924 794 2978; x_wconf 84' lang='lat' dir='ltr'><strong>videtur</strong></span> <span class='ocrx_word' id='word_1_223' title='bbox 829 2941 924 2976; x_wconf 88' lang='lat' dir='ltr'><strong>non</strong></span> <span class='ocrx_word' id='word_1_224' title='bbox 948 2935 1018 2976; x_wconf 78' lang='lat' dir='ltr'><strong>est</strong></span> <span class='ocrx_word' id='word_1_225' title='bbox 1046 2940 1192 2991; x_wconf 81' lang='lat' dir='ltr'><strong>spes;</strong></span> <span class='ocrx_word' id='word_1_226' title='bbox 1216 2926 1350 2992; x_wconf 88' lang='lat' dir='ltr'><strong>quod</strong></span> <span class='ocrx_word' id='word_1_227' title='bbox 1379 2926 1509 2978; x_wconf 88' lang='lat' dir='ltr'><strong>enim</strong></span> <span class='ocrx_word' id='word_1_228' title='bbox 1538 2925 1666 2977; x_wconf 77' lang='lat' dir='ltr'><strong>videt</strong></span> 
     </span>
    </p>
   </div>
   <div class='ocr_carea' id='block_1_32' title="bbox 100 3013 1664 3081">
    <p class='ocr_par' dir='ltr' id='par_1_32' title="bbox 100 3013 1664 3081">
     <span class='ocr_line' id='line_1_32' title="bbox 100 3013 1664 3081; baseline 0.004 -20"><span class='ocrx_word' id='word_1_229' title='bbox 100 3017 222 3077; x_wconf 81' lang='lat' dir='ltr'><strong>quis,</strong></span> <span class='ocrx_word' id='word_1_230' title='bbox 246 3015 368 3080; x_wconf 80' lang='lat' dir='ltr'><strong>quid</strong></span> <span class='ocrx_word' id='word_1_231' title='bbox 395 3014 613 3080; x_wconf 84' lang='lat' dir='ltr'><strong>sperat?</strong></span> <span class='ocrx_word' id='word_1_232' title='bbox 643 3013 702 3067; x_wconf 84' lang='lat' dir='ltr'><strong>Si</strong></span> <span class='ocrx_word' id='word_1_233' title='bbox 732 3024 900 3067; x_wconf 88' lang='lat' dir='ltr'><strong>autem</strong></span> <span class='ocrx_word' id='word_1_234' title='bbox 930 3014 1065 3079; x_wconf 84' lang='lat' dir='ltr'><strong>quod</strong></span> <span class='ocrx_word' id='word_1_235' title='bbox 1095 3031 1194 3066; x_wconf 90' lang='lat' dir='ltr'><strong>non</strong></span> <span class='ocrx_word' id='word_1_236' title='bbox 1223 3016 1448 3068; x_wconf 81' lang='lat' dir='ltr'><strong>videmus</strong></span> <span class='ocrx_word' id='word_1_237' title='bbox 1488 3032 1664 3081; x_wconf 85' lang='lat' dir='ltr'><strong>spera-</strong></span> 
     </span>
    </p>
   </div>
   <div class='ocr_carea' id='block_1_33' title="bbox 103 3103 1660 3172">
    <p class='ocr_par' dir='ltr' id='par_1_33' title="bbox 103 3103 1660 3172">
     <span class='ocr_line' id='line_1_33' title="bbox 103 3103 1660 3172; baseline 0.003 -18"><span class='ocrx_word' id='word_1_238' title='bbox 103 3121 220 3165; x_wconf 85' lang='lat' dir='ltr'><strong>mus,</strong></span> <span class='ocrx_word' id='word_1_239' title='bbox 271 3121 359 3170; x_wconf 84' lang='lat' dir='ltr'><strong>per</strong></span> <span class='ocrx_word' id='word_1_240' title='bbox 403 3105 699 3172; x_wconf 81' lang='lat' dir='ltr'><strong>patientium</strong></span> <span class='ocrx_word' id='word_1_241' title='bbox 741 3114 1091 3172; x_wconf 72' lang='lat' dir='ltr'><strong>exspectamus</strong></span> <span class='ocrx_word' id='word_1_242' title='bbox 1127 3105 1298 3172; x_wconf 81' lang='lat' dir='ltr'><strong>(Rom.</strong></span> <span class='ocrx_word' id='word_1_243' title='bbox 1341 3103 1476 3170; x_wconf 84' lang='lat' dir='ltr'><strong>vui).</strong></span> <span class='ocrx_word' id='word_1_244' title='bbox 1519 3106 1660 3159; x_wconf 88' lang='lat' dir='ltr'><strong>llanc</strong></span> 
     </span>
    </p>
   </div>
   <div class='ocr_carea' id='block_1_34' title="bbox 104 3195 1662 3262">
    <p class='ocr_par' dir='ltr' id='par_1_34' title="bbox 104 3195 1662 3262">
     <span class='ocr_line' id='line_1_34' title="bbox 104 3195 1662 3262; baseline 0.003 -18"><span class='ocrx_word' id='word_1_245' title='bbox 104 3197 266 3258; x_wconf 76' lang='lat' dir='ltr'><strong>itaque</strong></span> <span class='ocrx_word' id='word_1_246' title='bbox 313 3199 502 3257; x_wconf 83' lang='lat' dir='ltr'><strong>vitam,</strong></span> <span class='ocrx_word' id='word_1_247' title='bbox 558 3195 623 3248; x_wconf 89' lang='lat' dir='ltr'><strong>de</strong></span> <span class='ocrx_word' id='word_1_248' title='bbox 668 3209 768 3262; x_wconf 91' lang='lat' dir='ltr'><strong>qua</strong></span> <span class='ocrx_word' id='word_1_249' title='bbox 813 3197 1065 3262; x_wconf 86' lang='lat' dir='ltr'><strong>scriptum</strong></span> <span class='ocrx_word' id='word_1_250' title='bbox 1111 3205 1192 3247; x_wconf 83' lang='lat' dir='ltr'><strong>est</strong></span> <span class='ocrx_word' id='word_1_251' title='bbox 1226 3213 1236 3245; x_wconf 93' lang='lat'>:</span> <span class='ocrx_word' id='word_1_252' title='bbox 1271 3195 1519 3262; x_wconf 78' lang='lat' dir='ltr'><strong>Nunquid</strong></span> <span class='ocrx_word' id='word_1_253' title='bbox 1564 3212 1662 3249; x_wconf 87' lang='lat' dir='ltr'><strong>non</strong></span> 
     </span>
    </p>
   </div>
   <div class='ocr_carea' id='block_1_35' title="bbox 103 3285 1662 3354">
    <p class='ocr_par' dir='ltr' id='par_1_35' title="bbox 103 3285 1662 3354">
     <span class='ocr_line' id='line_1_35' title="bbox 103 3285 1662 3354; baseline 0.003 -18"><span class='ocrx_word' id='word_1_254' title='bbox 103 3287 295 3338; x_wconf 72' lang='lat' dir='ltr'><strong>teutatio</strong></span> <span class='ocrx_word' id='word_1_255' title='bbox 337 3298 409 3338; x_wconf 87' lang='lat' dir='ltr'><strong>est</strong></span> <span class='ocrx_word' id='word_1_256' title='bbox 452 3289 554 3338; x_wconf 88' lang='lat' dir='ltr'><strong>vita</strong></span> <span class='ocrx_word' id='word_1_257' title='bbox 586 3295 810 3339; x_wconf 79' lang='lat' dir='ltr'><strong>humana</strong></span> <span class='ocrx_word' id='word_1_258' title='bbox 859 3302 1009 3352; x_wconf 81' lang='lat' dir='ltr'><strong>super</strong></span> <span class='ocrx_word' id='word_1_259' title='bbox 1057 3296 1241 3338; x_wconf 87' lang='lat' dir='ltr'><strong>terram</strong></span> <span class='ocrx_word' id='word_1_260' title='bbox 1272 3285 1411 3353; x_wconf 86' lang='lat' dir='ltr'><strong>(Job.</strong></span> <span class='ocrx_word' id='word_1_261' title='bbox 1447 3288 1576 3354; x_wconf 78' lang='lat' dir='ltr'><strong>vn)?</strong></span> <span class='ocrx_word' id='word_1_262' title='bbox 1612 3291 1662 3340; x_wconf 87' lang='lat' dir='ltr'><strong>in</strong></span> 
     </span>
    </p>
   </div>
   <div class='ocr_carea' id='block_1_36' title="bbox 102 3377 1662 3444">
    <p class='ocr_par' dir='ltr' id='par_1_36' title="bbox 102 3377 1662 3444">
     <span class='ocr_line' id='line_1_36' title="bbox 102 3377 1662 3444; baseline 0.003 -18"><span class='ocrx_word' id='word_1_263' title='bbox 102 3393 190 3441; x_wconf 77' lang='lat' dir='ltr'><strong>qua</strong></span> <span class='ocrx_word' id='word_1_264' title='bbox 213 3377 451 3444; x_wconf 88' lang='lat' dir='ltr'><strong>quotidie</strong></span> <span class='ocrx_word' id='word_1_265' title='bbox 476 3377 769 3429; x_wconf 84' lang='lat' dir='ltr'><strong>clamamus</strong></span> <span class='ocrx_word' id='word_1_266' title='bbox 812 3377 875 3429; x_wconf 93' lang='lat' dir='ltr'><strong>ad</strong></span> <span class='ocrx_word' id='word_1_267' title='bbox 911 3378 1072 3430; x_wconf 88' lang='lat' dir='ltr'><strong>Deum</strong></span> <span class='ocrx_word' id='word_1_268' title='bbox 1101 3395 1112 3428; x_wconf 88' lang='lat'><strong>:</strong></span> <span class='ocrx_word' id='word_1_269' title='bbox 1145 3377 1326 3430; x_wconf 87' lang='lat' dir='ltr'><strong>Libera</strong></span> <span class='ocrx_word' id='word_1_270' title='bbox 1351 3394 1444 3430; x_wconf 85' lang='lat' dir='ltr'><strong>nos</strong></span> <span class='ocrx_word' id='word_1_271' title='bbox 1468 3396 1498 3429; x_wconf 91' lang='lat' dir='ltr'><strong>a</strong></span> <span class='ocrx_word' id='word_1_272' title='bbox 1525 3379 1662 3430; x_wconf 84' lang='lat' dir='ltr'><strong>malo</strong></span> 
     </span>
    </p>
   </div>
   <div class='ocr_carea' id='block_1_37' title="bbox 103 3463 1663 3535">
    <p class='ocr_par' dir='ltr' id='par_1_37' title="bbox 103 3463 1663 3535">
     <span class='ocr_line' id='line_1_37' title="bbox 103 3463 1663 3535; baseline 0.004 -19"><span class='ocrx_word' id='word_1_273' title='bbox 103 3463 307 3534; x_wconf 72' lang='lat' dir='ltr'><strong>(Matth.</strong></span> <span class='ocrx_word' id='word_1_274' title='bbox 335 3468 436 3533; x_wconf 87' lang='lat' dir='ltr'><strong>vt),</strong></span> <span class='ocrx_word' id='word_1_275' title='bbox 487 3469 693 3535; x_wconf 87' lang='lat' dir='ltr'><strong>cogitur</strong></span> <span class='ocrx_word' id='word_1_276' title='bbox 739 3468 898 3520; x_wconf 90' lang='lat' dir='ltr'><strong>homo</strong></span> <span class='ocrx_word' id='word_1_277' title='bbox 945 3468 1176 3522; x_wconf 90' lang='lat' dir='ltr'><strong>tolerare</strong></span> <span class='ocrx_word' id='word_1_278' title='bbox 1215 3469 1376 3523; x_wconf 90' lang='lat' dir='ltr'><strong>etiam</strong></span> <span class='ocrx_word' id='word_1_279' title='bbox 1426 3471 1663 3522; x_wconf 78' lang='lat' dir='ltr'><strong>remissis</strong></span> 
     </span>
    </p>
   </div>
   <div class='ocr_carea' id='block_1_38' title="bbox 105 3556 1657 3624">
    <p class='ocr_par' dir='ltr' id='par_1_38' title="bbox 105 3556 1657 3624">
     <span class='ocr_line' id='line_1_38' title="bbox 105 3556 1657 3624; baseline 0.001 -17"><span class='ocrx_word' id='word_1_280' title='bbox 105 3557 339 3620; x_wconf 73' lang='lat' dir='ltr'><strong>peccatis,</strong></span> <span class='ocrx_word' id='word_1_281' title='bbox 369 3557 616 3624; x_wconf 81' lang='lat' dir='ltr'><strong>quamvis</strong></span> <span class='ocrx_word' id='word_1_282' title='bbox 649 3566 703 3609; x_wconf 92' lang='lat' dir='ltr'><strong>ut</strong></span> <span class='ocrx_word' id='word_1_283' title='bbox 751 3556 802 3609; x_wconf 91' lang='lat' dir='ltr'><strong>in</strong></span> <span class='ocrx_word' id='word_1_284' title='bbox 845 3571 961 3610; x_wconf 89' lang='lat' dir='ltr'><strong>eam</strong></span> <span class='ocrx_word' id='word_1_285' title='bbox 994 3557 1200 3611; x_wconf 85' lang='lat' dir='ltr'><strong>veniret</strong></span> <span class='ocrx_word' id='word_1_286' title='bbox 1228 3558 1516 3620; x_wconf 87' lang='lat' dir='ltr'><strong>miseriam,</strong></span> <span class='ocrx_word' id='word_1_287' title='bbox 1552 3559 1657 3624; x_wconf 87' lang='lat' dir='ltr'><strong>pri-</strong></span> 
     </span>
    </p>
   </div>
   <div class='ocr_carea' id='block_1_39' title="bbox 104 3647 1655 3716">
    <p class='ocr_par' dir='ltr' id='par_1_39' title="bbox 104 3647 1655 3716">
     <span class='ocr_line' id='line_1_39' title="bbox 104 3647 1655 3716; baseline 0.005 -21"><span class='ocrx_word' id='word_1_288' title='bbox 104 3664 232 3699; x_wconf 82' lang='lat' dir='ltr'><strong>mum</strong></span> <span class='ocrx_word' id='word_1_289' title='bbox 255 3647 415 3701; x_wconf 88' lang='lat' dir='ltr'><strong>fuerit</strong></span> <span class='ocrx_word' id='word_1_290' title='bbox 441 3662 604 3700; x_wconf 74' lang='lat' dir='ltr'><strong>causa</strong></span> <span class='ocrx_word' id='word_1_291' title='bbox 631 3651 862 3715; x_wconf 85' lang='lat' dir='ltr'><strong>peccati;</strong></span> <span class='ocrx_word' id='word_1_292' title='bbox 901 3648 1206 3715; x_wconf 88' lang='lat' dir='ltr'><strong>productior</strong></span> <span class='ocrx_word' id='word_1_293' title='bbox 1228 3657 1311 3702; x_wconf 89' lang='lat' dir='ltr'><strong>est</strong></span> <span class='ocrx_word' id='word_1_294' title='bbox 1335 3650 1473 3702; x_wconf 87' lang='lat' dir='ltr'><strong>enim</strong></span> <span class='ocrx_word' id='word_1_295' title='bbox 1500 3664 1655 3716; x_wconf 74' lang='lat' dir='ltr'><strong>poma</strong></span> 
     </span>
    </p>
   </div>
   <div class='ocr_carea' id='block_1_40' title="bbox 106 3739 1657 3807">
    <p class='ocr_par' dir='ltr' id='par_1_40' title="bbox 106 3739 1657 3807">
     <span class='ocr_line' id='line_1_40' title="bbox 106 3739 1657 3807; baseline 0.002 -19"><span class='ocrx_word' id='word_1_296' title='bbox 106 3753 247 3802; x_wconf 81' lang='lat' dir='ltr'><strong>quam</strong></span> <span class='ocrx_word' id='word_1_297' title='bbox 275 3740 454 3806; x_wconf 86' lang='lat' dir='ltr'><strong>culpa,</strong></span> <span class='ocrx_word' id='word_1_298' title='bbox 489 3754 556 3792; x_wconf 91' lang='lat' dir='ltr'><strong>ne</strong></span> <span class='ocrx_word' id='word_1_299' title='bbox 587 3754 744 3806; x_wconf 90' lang='lat' dir='ltr'><strong>parva</strong></span> <span class='ocrx_word' id='word_1_300' title='bbox 797 3748 1074 3806; x_wconf 75' lang='lat' dir='ltr'><strong>putaretur</strong></span> <span class='ocrx_word' id='word_1_301' title='bbox 1102 3739 1278 3807; x_wconf 90' lang='lat' dir='ltr'><strong>culpa,</strong></span> <span class='ocrx_word' id='word_1_302' title='bbox 1327 3739 1371 3792; x_wconf 89' lang='lat' dir='ltr'><strong>si</strong></span> <span class='ocrx_word' id='word_1_303' title='bbox 1403 3755 1524 3793; x_wconf 92' lang='lat' dir='ltr'><strong>cum</strong></span> <span class='ocrx_word' id='word_1_304' title='bbox 1569 3741 1657 3793; x_wconf 89' lang='lat' dir='ltr'><strong>illa</strong></span> 
     </span>
    </p>
   </div>
   <div class='ocr_carea' id='block_1_41' title="bbox 99 3827 1653 3896">
    <p class='ocr_par' dir='ltr' id='par_1_41' title="bbox 99 3827 1653 3896">
     <span class='ocr_line' id='line_1_41' title="bbox 99 3827 1653 3896; baseline 0.002 -19"><span class='ocrx_word' id='word_1_305' title='bbox 99 3828 330 3884; x_wconf 73' lang='lat' dir='ltr'><strong>tiuiretur</strong></span> <span class='ocrx_word' id='word_1_306' title='bbox 359 3841 411 3881; x_wconf 90' lang='lat' dir='ltr'><strong>et</strong></span> <span class='ocrx_word' id='word_1_307' title='bbox 455 3843 629 3894; x_wconf 60' lang='lat' dir='ltr'><strong>paena.</strong></span> <span class='ocrx_word' id='word_1_308' title='bbox 667 3827 788 3886; x_wconf 70' lang='lat' dir='ltr'><strong>[hec</strong></span> <span class='ocrx_word' id='word_1_309' title='bbox 815 3837 899 3881; x_wconf 85' lang='lat' dir='ltr'><strong>est</strong></span> <span class='ocrx_word' id='word_1_310' title='bbox 930 3827 1150 3880; x_wconf 87' lang='lat' dir='ltr'><strong>istorum</strong></span> <span class='ocrx_word' id='word_1_311' title='bbox 1177 3827 1404 3893; x_wconf 89' lang='lat' dir='ltr'><strong>dierum,</strong></span> <span class='ocrx_word' id='word_1_312' title='bbox 1437 3843 1572 3896; x_wconf 90' lang='lat' dir='ltr'><strong>quos</strong></span> <span class='ocrx_word' id='word_1_313' title='bbox 1603 3829 1653 3881; x_wconf 92' lang='lat' dir='ltr'><strong>in</strong></span> 
     </span>
    </p>
   </div>
   <div class='ocr_carea' id='block_1_42' title="bbox 114 3915 1660 3985">
    <p class='ocr_par' dir='ltr' id='par_1_42' title="bbox 114 3915 1660 3985">
     <span class='ocr_line' id='line_1_42' title="bbox 114 3915 1660 3985; baseline 0.001 -18"><span class='ocrx_word' id='word_1_314' title='bbox 114 3917 199 3968; x_wconf 78' lang='lat' dir='ltr'><strong>hac</strong></span> <span class='ocrx_word' id='word_1_315' title='bbox 228 3917 552 3970; x_wconf 80' lang='lat' dir='ltr'><strong>mortalitate</strong></span> <span class='ocrx_word' id='word_1_316' title='bbox 573 3917 778 3984; x_wconf 86' lang='lat' dir='ltr'><strong>agimus</strong></span> <span class='ocrx_word' id='word_1_317' title='bbox 805 3918 994 3978; x_wconf 87' lang='lat' dir='ltr'><strong>malos,</strong></span> <span class='ocrx_word' id='word_1_318' title='bbox 1020 3916 1263 3985; x_wconf 86' lang='lat' dir='ltr'><strong>quamvis</strong></span> <span class='ocrx_word' id='word_1_319' title='bbox 1287 3915 1339 3969; x_wconf 90' lang='lat' dir='ltr'><strong>in</strong></span> <span class='ocrx_word' id='word_1_320' title='bbox 1370 3917 1448 3969; x_wconf 88' lang='lat' dir='ltr'><strong>eis</strong></span> <span class='ocrx_word' id='word_1_321' title='bbox 1473 3915 1660 3984; x_wconf 80' lang='lat' dir='ltr'><strong>diliga-</strong></span> 
     </span>
    </p>
   </div>
   <div class='ocr_carea' id='block_1_43' title="bbox 106 4005 1661 4074">
    <p class='ocr_par' dir='ltr' id='par_1_43' title="bbox 106 4005 1661 4074">
     <span class='ocr_line' id='line_1_43' title="bbox 106 4005 1661 4074; baseline 0.001 -18"><span class='ocrx_word' id='word_1_322' title='bbox 106 4022 210 4058; x_wconf 84' lang='lat' dir='ltr'><strong>mus</strong></span> <span class='ocrx_word' id='word_1_323' title='bbox 249 4007 432 4060; x_wconf 84' lang='lat' dir='ltr'><strong>videre</strong></span> <span class='ocrx_word' id='word_1_324' title='bbox 458 4005 574 4058; x_wconf 89' lang='lat' dir='ltr'><strong>dies</strong></span> <span class='ocrx_word' id='word_1_325' title='bbox 604 4007 792 4069; x_wconf 90' lang='lat' dir='ltr'><strong>bonos,</strong></span> <span class='ocrx_word' id='word_1_326' title='bbox 834 4005 1007 4059; x_wconf 83' lang='lat' dir='ltr'><strong>ﬂenda</strong></span> <span class='ocrx_word' id='word_1_327' title='bbox 1041 4006 1273 4074; x_wconf 89' lang='lat' dir='ltr'><strong>quidem,</strong></span> <span class='ocrx_word' id='word_1_328' title='bbox 1317 4006 1410 4058; x_wconf 88' lang='lat' dir='ltr'><strong>sed</strong></span> <span class='ocrx_word' id='word_1_329' title='bbox 1441 4021 1547 4058; x_wconf 93' lang='lat' dir='ltr'><strong>non</strong></span> <span class='ocrx_word' id='word_1_330' title='bbox 1581 4023 1661 4059; x_wconf 89' lang='lat' dir='ltr'><strong>re-</strong></span> 
     </span>
    </p>
   </div>
   <div class='ocr_carea' id='block_1_44' title="bbox 111 4092 1660 4163">
    <p class='ocr_par' dir='ltr' id='par_1_44' title="bbox 111 4092 1660 4163">
     <span class='ocr_line' id='line_1_44' title="bbox 111 4092 1660 4163; baseline 0.003 -17"><span class='ocrx_word' id='word_1_331' title='bbox 111 4094 473 4158; x_wconf 82' lang='lat' dir='ltr'><strong>prehendenda</strong></span> <span class='ocrx_word' id='word_1_332' title='bbox 522 4092 943 4161; x_wconf 85' lang='lat' dir='ltr'><strong>conditio(Psat.</strong></span> <span class='ocrx_word' id='word_1_333' title='bbox 973 4094 1185 4163; x_wconf 77' lang='lat' dir='ltr'><strong>xxxut).</strong></span> <span class='ocrx_word' id='word_1_334' title='bbox 1221 4094 1378 4148; x_wconf 79' lang='lat' dir='ltr'><strong>Venit</strong></span> <span class='ocrx_word' id='word_1_335' title='bbox 1424 4096 1565 4148; x_wconf 90' lang='lat' dir='ltr'><strong>enim</strong></span> <span class='ocrx_word' id='word_1_336' title='bbox 1594 4095 1660 4150; x_wconf 90' lang='lat' dir='ltr'><strong>de</strong></span> 
     </span>
    </p>
   </div>
   <div class='ocr_carea' id='block_1_45' title="bbox 107 4188 1660 4258">
    <p class='ocr_par' dir='ltr' id='par_1_45' title="bbox 107 4188 1660 4258">
     <span class='ocr_line' id='line_1_45' title="bbox 107 4188 1660 4258; baseline 0.003 -19"><span class='ocrx_word' id='word_1_337' title='bbox 107 4191 173 4239; x_wconf 86' lang='lat' dir='ltr'><strong>ira</strong></span> <span class='ocrx_word' id='word_1_338' title='bbox 203 4189 290 4242; x_wconf 85' lang='lat' dir='ltr'><strong>Dei</strong></span> <span class='ocrx_word' id='word_1_339' title='bbox 325 4189 494 4256; x_wconf 84' lang='lat' dir='ltr'><strong>justa,</strong></span> <span class='ocrx_word' id='word_1_340' title='bbox 526 4189 594 4243; x_wconf 87' lang='lat' dir='ltr'><strong>de</strong></span> <span class='ocrx_word' id='word_1_341' title='bbox 639 4205 739 4257; x_wconf 89' lang='lat' dir='ltr'><strong>qua</strong></span> <span class='ocrx_word' id='word_1_342' title='bbox 787 4188 1058 4257; x_wconf 88' lang='lat' dir='ltr'><strong>Scriptura</strong></span> <span class='ocrx_word' id='word_1_343' title='bbox 1103 4188 1286 4258; x_wconf 89' lang='lat' dir='ltr'><strong>legens</strong></span> <span class='ocrx_word' id='word_1_344' title='bbox 1313 4208 1324 4242; x_wconf 91' lang='lat'>:</span> <span class='ocrx_word' id='word_1_345' title='bbox 1351 4189 1545 4254; x_wconf 81' lang='lat' dir='ltr'><strong>Homo,</strong></span> <span class='ocrx_word' id='word_1_346' title='bbox 1583 4191 1660 4244; x_wconf 89' lang='lat' dir='ltr'><strong>in-</strong></span> 
     </span>
    </p>
   </div>
   <div class='ocr_carea' id='block_1_46' title="bbox 104 4278 1661 4346">
    <p class='ocr_par' dir='ltr' id='par_1_46' title="bbox 104 4278 1661 4346">
     <span class='ocr_line' id='line_1_46' title="bbox 104 4278 1661 4346; baseline 0.003 -18"><span class='ocrx_word' id='word_1_347' title='bbox 104 4279 220 4344; x_wconf 89' lang='lat' dir='ltr'><strong>quit,</strong></span> <span class='ocrx_word' id='word_1_348' title='bbox 272 4289 421 4330; x_wconf 87' lang='lat' dir='ltr'><strong>natus</strong></span> <span class='ocrx_word' id='word_1_349' title='bbox 481 4293 543 4330; x_wconf 82' lang='lat' dir='ltr'><strong>ea:</strong></span> <span class='ocrx_word' id='word_1_350' title='bbox 594 4278 823 4341; x_wconf 82' lang='lat' dir='ltr'><strong>muliere,</strong></span> <span class='ocrx_word' id='word_1_351' title='bbox 879 4279 1036 4331; x_wconf 86' lang='lat' dir='ltr'><strong>brevis</strong></span> <span class='ocrx_word' id='word_1_352' title='bbox 1073 4279 1206 4341; x_wconf 65' lang='lat' dir='ltr'><strong>vitae,</strong></span> <span class='ocrx_word' id='word_1_353' title='bbox 1251 4286 1297 4331; x_wconf 81' lang='lat' dir='ltr'><strong>et</strong></span> <span class='ocrx_word' id='word_1_354' title='bbox 1347 4280 1524 4346; x_wconf 86' lang='lat' dir='ltr'><strong>plenus</strong></span> <span class='ocrx_word' id='word_1_355' title='bbox 1571 4280 1661 4332; x_wconf 79' lang='lat' dir='ltr'><strong>ira:</strong></span> 
     </span>
    </p>
   </div>
   <div class='ocr_carea' id='block_1_47' title="bbox 111 4369 1657 4440">
    <p class='ocr_par' dir='ltr' id='par_1_47' title="bbox 111 4369 1657 4440">
     <span class='ocr_line' id='line_1_47' title="bbox 111 4369 1657 4440; baseline 0.005 -21"><span class='ocrx_word' id='word_1_356' title='bbox 111 4369 234 4434; x_wconf 81' lang='lat' dir='ltr'><strong>(Job.</strong></span> <span class='ocrx_word' id='word_1_357' title='bbox 262 4371 393 4438; x_wconf 80' lang='lat' dir='ltr'><strong>xw).</strong></span> <span class='ocrx_word' id='word_1_358' title='bbox 431 4370 486 4422; x_wconf 91' lang='lat' dir='ltr'><strong>lu</strong></span> <span class='ocrx_word' id='word_1_359' title='bbox 519 4371 618 4422; x_wconf 87' lang='lat' dir='ltr'><strong>hac</strong></span> <span class='ocrx_word' id='word_1_360' title='bbox 647 4372 720 4423; x_wconf 90' lang='lat' dir='ltr'><strong>ira</strong></span> <span class='ocrx_word' id='word_1_361' title='bbox 765 4385 856 4424; x_wconf 89' lang='lat' dir='ltr'><strong>sua</strong></span> <span class='ocrx_word' id='word_1_362' title='bbox 903 4373 1206 4438; x_wconf 90' lang='lat' dir='ltr'><strong>continens,</strong></span> <span class='ocrx_word' id='word_1_363' title='bbox 1236 4373 1372 4426; x_wconf 85' lang='lat' dir='ltr'><strong>sicut</strong></span> <span class='ocrx_word' id='word_1_364' title='bbox 1401 4375 1657 4440; x_wconf 87' lang='lat' dir='ltr'><strong>scriptum</strong></span> 
     </span>
    </p>
   </div>
   <div class='ocr_carea' id='block_1_48' title="bbox 1775 577 3330 647">
    <p class='ocr_par' dir='ltr' id='par_1_48' title="bbox 1775 577 3330 647">
     <span class='ocr_line' id='line_1_48' title="bbox 1775 577 3330 647; baseline 0.002 -15"><span class='ocrx_word' id='word_1_365' title='bbox 1775 578 1989 645; x_wconf 77' lang='lat' dir='ltr'><strong>gerebat</strong></span> <span class='ocrx_word' id='word_1_366' title='bbox 2019 577 2239 647; x_wconf 87' lang='lat' dir='ltr'><strong>figurata</strong></span> <span class='ocrx_word' id='word_1_367' title='bbox 2281 580 2626 646; x_wconf 82' lang='lat' dir='ltr'><strong>generalitate</strong></span> <span class='ocrx_word' id='word_1_368' title='bbox 2661 595 2965 647; x_wconf 90' lang='lat' dir='ltr'><strong>personam.</strong></span> <span class='ocrx_word' id='word_1_369' title='bbox 3004 581 3154 647; x_wconf 88' lang='lat' dir='ltr'><strong>Quod</strong></span> <span class='ocrx_word' id='word_1_370' title='bbox 3185 583 3330 636; x_wconf 89' lang='lat' dir='ltr'><strong>enim</strong></span> 
     </span>
    </p>
   </div>
   <div class='ocr_carea' id='block_1_49' title="bbox 1773 668 3328 738">
    <p class='ocr_par' dir='ltr' id='par_1_49' title="bbox 1773 668 3328 738">
     <span class='ocr_line' id='line_1_49' title="bbox 1773 668 3328 738; baseline 0.002 -16"><span class='ocrx_word' id='word_1_371' title='bbox 1773 668 1837 722; x_wconf 88' lang='lat' dir='ltr'><strong>ad</strong></span> <span class='ocrx_word' id='word_1_372' title='bbox 1869 668 2042 736; x_wconf 90' lang='lat' dir='ltr'><strong>ipsum</strong></span> <span class='ocrx_word' id='word_1_373' title='bbox 2073 671 2289 737; x_wconf 85' lang='lat' dir='ltr'><strong>proprie</strong></span> <span class='ocrx_word' id='word_1_374' title='bbox 2323 671 2574 737; x_wconf 87' lang='lat' dir='ltr'><strong>pertinet,</strong></span> <span class='ocrx_word' id='word_1_375' title='bbox 2605 681 2794 724; x_wconf 90' lang='lat' dir='ltr'><strong>natura</strong></span> <span class='ocrx_word' id='word_1_376' title='bbox 2833 688 2968 725; x_wconf 91' lang='lat' dir='ltr'><strong>unus</strong></span> <span class='ocrx_word' id='word_1_377' title='bbox 2998 673 3159 727; x_wconf 92' lang='lat' dir='ltr'><strong>homo</strong></span> <span class='ocrx_word' id='word_1_378' title='bbox 3189 681 3328 738; x_wconf 91' lang='lat' dir='ltr'><strong>erat,</strong></span> 
     </span>
    </p>
   </div>
   <div class='ocr_carea' id='block_1_50' title="bbox 1771 759 3329 831">
    <p class='ocr_par' dir='ltr' id='par_1_50' title="bbox 1771 759 3329 831">
     <span class='ocr_line' id='line_1_50' title="bbox 1771 759 3329 831; baseline 0.004 -20"><span class='ocrx_word' id='word_1_379' title='bbox 1771 761 1940 828; x_wconf 87' lang='lat' dir='ltr'><strong>gratia</strong></span> <span class='ocrx_word' id='word_1_380' title='bbox 1982 763 2122 812; x_wconf 83' lang='lat' dir='ltr'><strong>unus</strong></span> <span class='ocrx_word' id='word_1_381' title='bbox 2156 759 2518 823; x_wconf 89' lang='lat' dir='ltr'><strong>Christianus,</strong></span> <span class='ocrx_word' id='word_1_382' title='bbox 2548 762 2942 815; x_wconf 82' lang='lat' dir='ltr'><strong>abuntlantiore</strong></span> <span class='ocrx_word' id='word_1_383' title='bbox 2982 765 3149 831; x_wconf 83' lang='lat' dir='ltr'><strong>gratia</strong></span> <span class='ocrx_word' id='word_1_384' title='bbox 3186 780 3329 817; x_wconf 90' lang='lat' dir='ltr'><strong>unus</strong></span> 
     </span>
    </p>
   </div>
   <div class='ocr_carea' id='block_1_51' title="bbox 1771 848 3326 917">
    <p class='ocr_par' dir='ltr' id='par_1_51' title="bbox 1771 848 3326 917">
     <span class='ocr_line' id='line_1_51' title="bbox 1771 848 3326 917; baseline 0.001 -16"><span class='ocrx_word' id='word_1_385' title='bbox 1771 848 2016 916; x_wconf 86' lang='lat' dir='ltr'><strong>idemque</strong></span> <span class='ocrx_word' id='word_1_386' title='bbox 2043 849 2252 916; x_wconf 89' lang='lat' dir='ltr'><strong>primus</strong></span> <span class='ocrx_word' id='word_1_387' title='bbox 2285 850 2580 915; x_wconf 89' lang='lat' dir='ltr'><strong>apostolus.</strong></span> <span class='ocrx_word' id='word_1_388' title='bbox 2619 850 2720 902; x_wconf 86' lang='lat' dir='ltr'><strong>Sed</strong></span> <span class='ocrx_word' id='word_1_389' title='bbox 2756 851 2975 917; x_wconf 80' lang='lat' dir='ltr'><strong>quando</strong></span> <span class='ocrx_word' id='word_1_390' title='bbox 3027 850 3073 902; x_wconf 90' lang='lat' dir='ltr'><strong>ei</strong></span> <span class='ocrx_word' id='word_1_391' title='bbox 3121 850 3326 903; x_wconf 90' lang='lat' dir='ltr'><strong>dictum</strong></span> 
     </span>
    </p>
   </div>
   <div class='ocr_carea' id='block_1_52' title="bbox 1769 936 3327 1007">
    <p class='ocr_par' dir='ltr' id='par_1_52' title="bbox 1769 936 3327 1007">
     <span class='ocr_line' id='line_1_52' title="bbox 1769 936 3327 1007; baseline 0.001 -17"><span class='ocrx_word' id='word_1_392' title='bbox 1769 945 1852 991; x_wconf 85' lang='lat' dir='ltr'><strong>est</strong></span> <span class='ocrx_word' id='word_1_393' title='bbox 1877 954 1892 990; x_wconf 89' lang='lat'><strong>:</strong></span> <span class='ocrx_word' id='word_1_394' title='bbox 1922 936 2039 990; x_wconf 88' lang='lat' dir='ltr'><strong>Tibi</strong></span> <span class='ocrx_word' id='word_1_395' title='bbox 2067 939 2200 990; x_wconf 86' lang='lat' dir='ltr'><strong>dabo</strong></span> <span class='ocrx_word' id='word_1_396' title='bbox 2229 938 2396 992; x_wconf 84' lang='lat' dir='ltr'><strong>claves</strong></span> <span class='ocrx_word' id='word_1_397' title='bbox 2423 940 2569 1007; x_wconf 85' lang='lat' dir='ltr'><strong>regni</strong></span> <span class='ocrx_word' id='word_1_398' title='bbox 2592 939 2835 992; x_wconf 73' lang='lat' dir='ltr'><strong>caelorum</strong></span> <span class='ocrx_word' id='word_1_399' title='bbox 2874 956 2892 992; x_wconf 88' lang='lat'><strong><em>:</em></strong></span> <span class='ocrx_word' id='word_1_400' title='bbox 2921 940 3057 1007; x_wconf 77' lang='lat' dir='ltr'><strong>quod</strong></span> <span class='ocrx_word' id='word_1_401' title='bbox 3087 940 3327 1006; x_wconf 84' lang='lat' dir='ltr'><strong>ligaveris</strong></span> 
     </span>
    </p>
   </div>
   <div class='ocr_carea' id='block_1_53' title="bbox 1766 1032 3328 1100">
    <p class='ocr_par' dir='ltr' id='par_1_53' title="bbox 1766 1032 3328 1100">
     <span class='ocr_line' id='line_1_53' title="bbox 1766 1032 3328 1100; baseline -0.001 -16"><span class='ocrx_word' id='word_1_402' title='bbox 1766 1045 1922 1096; x_wconf 85' lang='lat' dir='ltr'><strong>super</strong></span> <span class='ocrx_word' id='word_1_403' title='bbox 1949 1040 2161 1092; x_wconf 89' lang='lat' dir='ltr'><strong>terram,</strong></span> <span class='ocrx_word' id='word_1_404' title='bbox 2189 1032 2288 1084; x_wconf 83' lang='lat' dir='ltr'><strong>erit</strong></span> <span class='ocrx_word' id='word_1_405' title='bbox 2318 1032 2537 1100; x_wconf 88' lang='lat' dir='ltr'><strong>ligatum</strong></span> <span class='ocrx_word' id='word_1_406' title='bbox 2569 1041 2615 1084; x_wconf 88' lang='lat' dir='ltr'><strong>et</strong></span> <span class='ocrx_word' id='word_1_407' title='bbox 2637 1033 2688 1083; x_wconf 86' lang='lat' dir='ltr'><strong>in</strong></span> <span class='ocrx_word' id='word_1_408' title='bbox 2714 1032 2892 1096; x_wconf 66' lang='lat' dir='ltr'><strong>car/is;</strong></span> <span class='ocrx_word' id='word_1_409' title='bbox 2914 1041 2962 1083; x_wconf 87' lang='lat' dir='ltr'><strong>et</strong></span> <span class='ocrx_word' id='word_1_410' title='bbox 2992 1033 3328 1099; x_wconf 81' lang='lat' dir='ltr'><strong>quodcunque</strong></span> 
     </span>
    </p>
   </div>
   <div class='ocr_carea' id='block_1_54' title="bbox 1767 1121 3326 1193">
    <p class='ocr_par' dir='ltr' id='par_1_54' title="bbox 1767 1121 3326 1193">
     <span class='ocr_line' id='line_1_54' title="bbox 1767 1121 3326 1193; baseline 0.001 -18"><span class='ocrx_word' id='word_1_411' title='bbox 1767 1121 1979 1175; x_wconf 82' lang='lat' dir='ltr'><strong>solveris</strong></span> <span class='ocrx_word' id='word_1_412' title='bbox 1999 1139 2152 1190; x_wconf 84' lang='lat' dir='ltr'><strong>super</strong></span> <span class='ocrx_word' id='word_1_413' title='bbox 2174 1133 2386 1185; x_wconf 85' lang='lat' dir='ltr'><strong>terram,</strong></span> <span class='ocrx_word' id='word_1_414' title='bbox 2417 1127 2515 1176; x_wconf 87' lang='lat' dir='ltr'><strong>erit</strong></span> <span class='ocrx_word' id='word_1_415' title='bbox 2540 1125 2768 1176; x_wconf 87' lang='lat' dir='ltr'><strong>solutum</strong></span> <span class='ocrx_word' id='word_1_416' title='bbox 2791 1135 2837 1177; x_wconf 86' lang='lat' dir='ltr'><strong>et</strong></span> <span class='ocrx_word' id='word_1_417' title='bbox 2865 1125 3077 1176; x_wconf 82' lang='lat' dir='ltr'><strong>in&#39;ccelt&#39;s</strong></span> <span class='ocrx_word' id='word_1_418' title='bbox 3106 1122 3326 1193; x_wconf 80' lang='lat' dir='ltr'><strong>(Matth.</strong></span> 
     </span>
    </p>
   </div>
   <div class='ocr_carea' id='block_1_55' title="bbox 1768 1215 3328 1285">
    <p class='ocr_par' dir='ltr' id='par_1_55' title="bbox 1768 1215 3328 1285">
     <span class='ocr_line' id='line_1_55' title="bbox 1768 1215 3328 1285; baseline -0.001 -15"><span class='ocrx_word' id='word_1_419' title='bbox 1768 1215 1904 1282; x_wconf 81' lang='lat' dir='ltr'><strong>xvt),</strong></span> <span class='ocrx_word' id='word_1_420' title='bbox 1934 1215 2238 1269; x_wconf 80' lang='lat' dir='ltr'><strong>universam</strong></span> <span class='ocrx_word' id='word_1_421' title='bbox 2272 1215 2608 1285; x_wconf 76' lang='lat' dir='ltr'><strong>significabat</strong></span> <span class='ocrx_word' id='word_1_422' title='bbox 2640 1216 2953 1277; x_wconf 79' lang='lat' dir='ltr'><strong>Ecelesiam,</strong></span> <span class='ocrx_word' id='word_1_423' title='bbox 2986 1231 3104 1282; x_wconf 73' lang='lat' dir='ltr'><strong>quae</strong></span> <span class='ocrx_word' id='word_1_424' title='bbox 3139 1216 3190 1268; x_wconf 90' lang='lat' dir='ltr'><strong>in</strong></span> <span class='ocrx_word' id='word_1_425' title='bbox 3226 1217 3328 1269; x_wconf 91' lang='lat' dir='ltr'><strong>hoc</strong></span> 
     </span>
    </p>
   </div>
   <div class='ocr_carea' id='block_1_56' title="bbox 1767 1305 3329 1369">
    <p class='ocr_par' dir='ltr' id='par_1_56' title="bbox 1767 1305 3329 1369">
     <span class='ocr_line' id='line_1_56' title="bbox 1767 1305 3329 1369; baseline 0 -11"><span class='ocrx_word' id='word_1_426' title='bbox 1767 1305 1964 1358; x_wconf 55' lang='lat' dir='ltr'><strong>sacculo</strong></span> <span class='ocrx_word' id='word_1_427' title='bbox 1988 1306 2215 1360; x_wconf 89' lang='lat' dir='ltr'><strong>diversis</strong></span> <span class='ocrx_word' id='word_1_428' title='bbox 2238 1307 2643 1369; x_wconf 90' lang='lat' dir='ltr'><strong>tentationibus,</strong></span> <span class='ocrx_word' id='word_1_429' title='bbox 2670 1308 2815 1360; x_wconf 91' lang='lat' dir='ltr'><strong>velut</strong></span> <span class='ocrx_word' id='word_1_430' title='bbox 2838 1306 3123 1369; x_wconf 83' lang='lat' dir='ltr'><strong>imbribus,</strong></span> <span class='ocrx_word' id='word_1_431' title='bbox 3155 1308 3329 1359; x_wconf 84' lang='lat' dir='ltr'><strong>llumi-</strong></span> 
     </span>
    </p>
   </div>
   <div class='ocr_carea' id='block_1_57' title="bbox 1768 1396 3324 1470">
    <p class='ocr_par' dir='ltr' id='par_1_57' title="bbox 1768 1396 3324 1470">
     <span class='ocr_line' id='line_1_57' title="bbox 1768 1396 3324 1470; baseline 0 -21"><span class='ocrx_word' id='word_1_432' title='bbox 1768 1397 1946 1463; x_wconf 90' lang='lat' dir='ltr'><strong>nibus,</strong></span> <span class='ocrx_word' id='word_1_433' title='bbox 1964 1401 2413 1454; x_wconf 65' lang='lat' dir='ltr'><strong>e&#39;ttentationibus</strong></span> <span class='ocrx_word' id='word_1_434' title='bbox 2429 1414 2533 1469; x_wconf 89' lang='lat' dir='ltr'><strong>qua</strong></span> <span class='ocrx_word' id='word_1_435' title='bbox 2552 1398 3024 1470; x_wconf 76' lang='lat' dir='ltr'><strong>utitur.[F.quibus</strong></span> <span class='ocrx_word' id='word_1_436' title='bbox 3041 1396 3324 1466; x_wconf 82' lang='lat' dir='ltr'><strong>quatitur],</strong></span> 
     </span>
    </p>
   </div>
   <div class='ocr_carea' id='block_1_58' title="bbox 1768 1489 3328 1558">
    <p class='ocr_par' dir='ltr' id='par_1_58' title="bbox 1768 1489 3328 1558">
     <span class='ocr_line' id='line_1_58' title="bbox 1768 1489 3328 1558; baseline 0 -17"><span class='ocrx_word' id='word_1_437' title='bbox 1768 1504 1874 1541; x_wconf 91' lang='lat' dir='ltr'><strong>non</strong></span> <span class='ocrx_word' id='word_1_438' title='bbox 1905 1489 2068 1551; x_wconf 89' lang='lat' dir='ltr'><strong>cadit,</strong></span> <span class='ocrx_word' id='word_1_439' title='bbox 2093 1490 2347 1558; x_wconf 88' lang='lat' dir='ltr'><strong>quoniam</strong></span> <span class='ocrx_word' id='word_1_440' title='bbox 2379 1489 2594 1543; x_wconf 88' lang='lat' dir='ltr'><strong>fundata</strong></span> <span class='ocrx_word' id='word_1_441' title='bbox 2633 1501 2716 1543; x_wconf 90' lang='lat' dir='ltr'><strong>est</strong></span> <span class='ocrx_word' id='word_1_442' title='bbox 2743 1505 2904 1558; x_wconf 83' lang='lat' dir='ltr'><strong>super</strong></span> <span class='ocrx_word' id='word_1_443' title='bbox 2934 1499 3158 1556; x_wconf 84' lang='lat' dir='ltr'><strong>petram,</strong></span> <span class='ocrx_word' id='word_1_444' title='bbox 3188 1489 3328 1541; x_wconf 89' lang='lat' dir='ltr'><strong>unde</strong></span> 
     </span>
    </p>
   </div>
   <div class='ocr_carea' id='block_1_59' title="bbox 1766 1578 3326 1648">
    <p class='ocr_par' dir='ltr' id='par_1_59' title="bbox 1766 1578 3326 1648">
     <span class='ocr_line' id='line_1_59' title="bbox 1766 1578 3326 1648; baseline 0.001 -18"><span class='ocrx_word' id='word_1_445' title='bbox 1766 1580 1959 1634; x_wconf 81' lang='lat' dir='ltr'><strong>Petrus</strong></span> <span class='ocrx_word' id='word_1_446' title='bbox 1982 1596 2181 1633; x_wconf 89' lang='lat' dir='ltr'><strong>nomen</strong></span> <span class='ocrx_word' id='word_1_447' title='bbox 2207 1580 2422 1648; x_wconf 86' lang='lat' dir='ltr'><strong>accipit.</strong></span> <span class='ocrx_word' id='word_1_448' title='bbox 2465 1581 2578 1632; x_wconf 70' lang='lat' dir='ltr'><strong>Non</strong></span> <span class='ocrx_word' id='word_1_449' title='bbox 2617 1581 2758 1632; x_wconf 90' lang='lat' dir='ltr'><strong>enim</strong></span> <span class='ocrx_word' id='word_1_450' title='bbox 2781 1595 2808 1632; x_wconf 86' lang='lat' dir='ltr'><strong>a</strong></span> <span class='ocrx_word' id='word_1_451' title='bbox 2834 1578 2995 1632; x_wconf 91' lang='lat' dir='ltr'><strong>Petro</strong></span> <span class='ocrx_word' id='word_1_452' title='bbox 3021 1589 3190 1647; x_wconf 87' lang='lat' dir='ltr'><strong>petra,</strong></span> <span class='ocrx_word' id='word_1_453' title='bbox 3233 1579 3326 1632; x_wconf 91' lang='lat' dir='ltr'><strong>sed</strong></span> 
     </span>
    </p>
   </div>
   <div class='ocr_carea' id='block_1_60' title="bbox 1766 1671 3326 1742">
    <p class='ocr_par' dir='ltr' id='par_1_60' title="bbox 1766 1671 3326 1742">
     <span class='ocr_line' id='line_1_60' title="bbox 1766 1671 3326 1742; baseline -0.001 -18"><span class='ocrx_word' id='word_1_454' title='bbox 1766 1672 1958 1728; x_wconf 81' lang='lat' dir='ltr'><strong>Petrus</strong></span> <span class='ocrx_word' id='word_1_455' title='bbox 1985 1689 2013 1726; x_wconf 92' lang='lat' dir='ltr'><strong>a</strong></span> <span class='ocrx_word' id='word_1_456' title='bbox 2034 1683 2217 1742; x_wconf 87' lang='lat' dir='ltr'><strong>petra;</strong></span> <span class='ocrx_word' id='word_1_457' title='bbox 2248 1673 2389 1726; x_wconf 88' lang='lat' dir='ltr'><strong>sicut</strong></span> <span class='ocrx_word' id='word_1_458' title='bbox 2420 1688 2524 1725; x_wconf 89' lang='lat' dir='ltr'><strong>non</strong></span> <span class='ocrx_word' id='word_1_459' title='bbox 2554 1673 2800 1726; x_wconf 89' lang='lat' dir='ltr'><strong>Christus</strong></span> <span class='ocrx_word' id='word_1_460' title='bbox 2822 1687 2850 1724; x_wconf 91' lang='lat' dir='ltr'><strong>a</strong></span> <span class='ocrx_word' id='word_1_461' title='bbox 2875 1671 3203 1733; x_wconf 86' lang='lat' dir='ltr'><strong>Christiano,</strong></span> <span class='ocrx_word' id='word_1_462' title='bbox 3233 1673 3326 1726; x_wconf 86' lang='lat' dir='ltr'><strong>sed</strong></span> 
     </span>
    </p>
   </div>
   <div class='ocr_carea' id='block_1_61' title="bbox 1762 1760 3328 1829">
    <p class='ocr_par' dir='ltr' id='par_1_61' title="bbox 1762 1760 3328 1829">
     <span class='ocr_line' id='line_1_61' title="bbox 1762 1760 3328 1829; baseline -0.004 -10"><span class='ocrx_word' id='word_1_463' title='bbox 1762 1763 2104 1819; x_wconf 89' lang='lat' dir='ltr'><strong>Christianus</strong></span> <span class='ocrx_word' id='word_1_464' title='bbox 2122 1780 2148 1816; x_wconf 88' lang='lat' dir='ltr'><strong>a</strong></span> <span class='ocrx_word' id='word_1_465' title='bbox 2175 1762 2391 1817; x_wconf 89' lang='lat' dir='ltr'><strong>Christo</strong></span> <span class='ocrx_word' id='word_1_466' title='bbox 2413 1773 2656 1816; x_wconf 90' lang='lat' dir='ltr'><strong>vocatur.</strong></span> <span class='ocrx_word' id='word_1_467' title='bbox 2682 1763 2804 1815; x_wconf 89' lang='lat' dir='ltr'><strong>Ideo</strong></span> <span class='ocrx_word' id='word_1_468' title='bbox 2828 1761 3026 1829; x_wconf 90' lang='lat' dir='ltr'><strong>quippe</strong></span> <span class='ocrx_word' id='word_1_469' title='bbox 3045 1761 3122 1813; x_wconf 88' lang='lat' dir='ltr'><strong>ait</strong></span> <span class='ocrx_word' id='word_1_470' title='bbox 3147 1760 3328 1813; x_wconf 82' lang='lat' dir='ltr'><strong>Domi-</strong></span> 
     </span>
    </p>
   </div>
   <div class='ocr_carea' id='block_1_62' title="bbox 1764 1851 3324 1923">
    <p class='ocr_par' dir='ltr' id='par_1_62' title="bbox 1764 1851 3324 1923">
     <span class='ocr_line' id='line_1_62' title="bbox 1764 1851 3324 1923; baseline -0.006 -13"><span class='ocrx_word' id='word_1_471' title='bbox 1764 1872 1865 1912; x_wconf 87' lang='lat' dir='ltr'><strong>uus</strong></span> <span class='ocrx_word' id='word_1_472' title='bbox 1897 1873 1911 1908; x_wconf 88' lang='lat'>:</span> <span class='ocrx_word' id='word_1_473' title='bbox 1942 1855 2109 1923; x_wconf 85' lang='lat' dir='ltr'><strong>Super</strong></span> <span class='ocrx_word' id='word_1_474' title='bbox 2132 1857 2265 1907; x_wconf 80' lang='lat' dir='ltr'><strong>hanc</strong></span> <span class='ocrx_word' id='word_1_475' title='bbox 2289 1864 2491 1922; x_wconf 88' lang='lat' dir='ltr'><strong>petrant</strong></span> <span class='ocrx_word' id='word_1_476' title='bbox 2521 1853 2792 1919; x_wconf 75' lang='lat' dir='ltr'><strong>aediﬁcabo</strong></span> <span class='ocrx_word' id='word_1_477' title='bbox 2820 1851 3109 1904; x_wconf 80' lang='lat' dir='ltr'><strong>Ecclesium</strong></span> <span class='ocrx_word' id='word_1_478' title='bbox 3134 1868 3324 1914; x_wconf 86' lang='lat' dir='ltr'><strong>meam,</strong></span> 
     </span>
    </p>
   </div>
   <div class='ocr_carea' id='block_1_63' title="bbox 1763 1941 3325 2015">
    <p class='ocr_par' dir='ltr' id='par_1_63' title="bbox 1763 1941 3325 2015">
     <span class='ocr_line' id='line_1_63' title="bbox 1763 1941 3325 2015; baseline -0.004 -16"><span class='ocrx_word' id='word_1_479' title='bbox 1763 1947 1888 2015; x_wconf 88' lang='lat' dir='ltr'><strong>quia</strong></span> <span class='ocrx_word' id='word_1_480' title='bbox 1927 1946 2134 1999; x_wconf 70' lang='lat' dir='ltr'><strong>dixerat</strong></span> <span class='ocrx_word' id='word_1_481' title='bbox 2165 1943 2358 1997; x_wconf 89' lang='lat' dir='ltr'><strong>Petrus</strong></span> <span class='ocrx_word' id='word_1_482' title='bbox 2385 1959 2402 1995; x_wconf 92' lang='lat'><strong><em>:</em></strong></span> <span class='ocrx_word' id='word_1_483' title='bbox 2429 1943 2502 1994; x_wconf 80' lang='grc' dir='ltr'>Τιι</span> <span class='ocrx_word' id='word_1_484' title='bbox 2537 1959 2587 2014; x_wconf 76' lang='lat' dir='ltr'><strong>es</strong></span> <span class='ocrx_word' id='word_1_485' title='bbox 2621 1941 2860 1995; x_wconf 83' lang='lat' dir='ltr'><strong>Christus</strong></span> <span class='ocrx_word' id='word_1_486' title='bbox 2892 1941 3062 1994; x_wconf 83' lang='lat' dir='ltr'><strong>Filius</strong></span> <span class='ocrx_word' id='word_1_487' title='bbox 3093 1941 3183 1994; x_wconf 85' lang='lat' dir='ltr'><strong>Dei</strong></span> <span class='ocrx_word' id='word_1_488' title='bbox 3204 1941 3325 2003; x_wconf 82' lang='lat' dir='ltr'><strong>vivi;</strong></span> 
     </span>
    </p>
   </div>
   <div class='ocr_carea' id='block_1_64' title="bbox 1762 2031 3324 2104">
    <p class='ocr_par' dir='ltr' id='par_1_64' title="bbox 1762 2031 3324 2104">
     <span class='ocr_line' id='line_1_64' title="bbox 1762 2031 3324 2104; baseline -0.004 -15"><span class='ocrx_word' id='word_1_489' title='bbox 1762 2052 1917 2104; x_wconf 87' lang='lat' dir='ltr'><strong>super</strong></span> <span class='ocrx_word' id='word_1_490' title='bbox 1943 2037 2075 2087; x_wconf 86' lang='lat' dir='ltr'><strong>hanc</strong></span> <span class='ocrx_word' id='word_1_491' title='bbox 2102 2049 2252 2101; x_wconf 89' lang='lat' dir='ltr'><strong>ergo,</strong></span> <span class='ocrx_word' id='word_1_492' title='bbox 2272 2033 2466 2100; x_wconf 90' lang='lat' dir='ltr'><strong>inquit,</strong></span> <span class='ocrx_word' id='word_1_493' title='bbox 2491 2042 2714 2099; x_wconf 87' lang='lat' dir='ltr'><strong>petram,</strong></span> <span class='ocrx_word' id='word_1_494' title='bbox 2738 2046 2897 2099; x_wconf 91' lang='lat' dir='ltr'><strong>quam</strong></span> <span class='ocrx_word' id='word_1_495' title='bbox 2921 2031 3202 2086; x_wconf 85' lang='lat' dir='ltr'><strong>confessus</strong></span> <span class='ocrx_word' id='word_1_496' title='bbox 3221 2041 3324 2093; x_wconf 89' lang='lat' dir='ltr'><strong>est,</strong></span> 
     </span>
    </p>
   </div>
   <div class='ocr_carea' id='block_1_65' title="bbox 1760 2122 3324 2194">
    <p class='ocr_par' dir='ltr' id='par_1_65' title="bbox 1760 2122 3324 2194">
     <span class='ocr_line' id='line_1_65' title="bbox 1760 2122 3324 2194; baseline -0.005 -12"><span class='ocrx_word' id='word_1_497' title='bbox 1760 2129 2031 2194; x_wconf 74' lang='lat' dir='ltr'><strong>tedi/icabo</strong></span> <span class='ocrx_word' id='word_1_498' title='bbox 2067 2125 2357 2179; x_wconf 79' lang='lat' dir='ltr'><strong>Ecclesium</strong></span> <span class='ocrx_word' id='word_1_499' title='bbox 2388 2141 2575 2177; x_wconf 86' lang='lat' dir='ltr'><strong>meam.</strong></span> <span class='ocrx_word' id='word_1_500' title='bbox 2599 2123 2754 2175; x_wconf 86' lang='lat' dir='ltr'><strong>Petra</strong></span> <span class='ocrx_word' id='word_1_501' title='bbox 2787 2125 2922 2176; x_wconf 88' lang='lat' dir='ltr'><strong>enim</strong></span> <span class='ocrx_word' id='word_1_502' title='bbox 2955 2135 3065 2176; x_wconf 86' lang='lat' dir='ltr'><strong>erat</strong></span> <span class='ocrx_word' id='word_1_503' title='bbox 3087 2122 3324 2177; x_wconf 77' lang='lat' dir='ltr'><strong>Christus</strong></span> 
     </span>
    </p>
   </div>
   <div class='ocr_carea' id='block_1_66' title="bbox 1761 2215 3324 2286">
    <p class='ocr_par' dir='ltr' id='par_1_66' title="bbox 1761 2215 3324 2286">
     <span class='ocr_line' id='line_1_66' title="bbox 1761 2215 3324 2286; baseline -0.004 -14"><span class='ocrx_word' id='word_1_504' title='bbox 1761 2219 1812 2282; x_wconf 87' lang='grc' dir='ltr'><strong>(Ι</strong></span> <span class='ocrx_word' id='word_1_505' title='bbox 1830 2219 1954 2273; x_wconf 90' lang='lat' dir='ltr'><strong>Cor.</strong></span> <span class='ocrx_word' id='word_1_506' title='bbox 1980 2220 2056 2286; x_wconf 70' lang='grc' dir='ltr'>ι),</span> <span class='ocrx_word' id='word_1_507' title='bbox 2083 2233 2241 2285; x_wconf 89' lang='lat' dir='ltr'><strong>super</strong></span> <span class='ocrx_word' id='word_1_508' title='bbox 2265 2216 2404 2284; x_wconf 91' lang='lat' dir='ltr'><strong>quod</strong></span> <span class='ocrx_word' id='word_1_509' title='bbox 2439 2215 2847 2268; x_wconf 82' lang='lat' dir='ltr'><strong>fundamentum</strong></span> <span class='ocrx_word' id='word_1_510' title='bbox 2872 2216 3028 2269; x_wconf 88' lang='lat' dir='ltr'><strong>etiam</strong></span> <span class='ocrx_word' id='word_1_511' title='bbox 3056 2216 3170 2284; x_wconf 88' lang='lat' dir='ltr'><strong>ipse</strong></span> <span class='ocrx_word' id='word_1_512' title='bbox 3195 2215 3291 2268; x_wconf 68' lang='lat' dir='ltr'><strong>{edi</strong></span> <span class='ocrx_word' id='word_1_513' title='bbox 3311 2244 3324 2255; x_wconf 86' lang='lat'><strong>-</strong></span> 
     </span>
    </p>
   </div>
   <div class='ocr_carea' id='block_1_67' title="bbox 1760 2304 3326 2373">
    <p class='ocr_par' dir='ltr' id='par_1_67' title="bbox 1760 2304 3326 2373">
     <span class='ocr_line' id='line_1_67' title="bbox 1760 2304 3326 2373; baseline -0.003 -11"><span class='ocrx_word' id='word_1_514' title='bbox 1760 2312 1948 2362; x_wconf 88' lang='lat' dir='ltr'><strong>ficatus</strong></span> <span class='ocrx_word' id='word_1_515' title='bbox 1973 2319 2052 2361; x_wconf 86' lang='lat' dir='ltr'><strong>est</strong></span> <span class='ocrx_word' id='word_1_516' title='bbox 2081 2310 2292 2361; x_wconf 88' lang='lat' dir='ltr'><strong>Petrus.</strong></span> <span class='ocrx_word' id='word_1_517' title='bbox 2325 2305 2750 2358; x_wconf 82' lang='lat' dir='ltr'><strong>Fundamentum</strong></span> <span class='ocrx_word' id='word_1_518' title='bbox 2774 2307 2964 2373; x_wconf 81' lang='lat' dir='ltr'><strong>quippe</strong></span> <span class='ocrx_word' id='word_1_519' title='bbox 2999 2304 3150 2358; x_wconf 84' lang='lat' dir='ltr'><strong>aliud</strong></span> <span class='ocrx_word' id='word_1_520' title='bbox 3178 2321 3326 2357; x_wconf 88' lang='lat' dir='ltr'><strong>nemo</strong></span> 
     </span>
    </p>
   </div>
   <div class='ocr_carea' id='block_1_68' title="bbox 1755 2394 3323 2464">
    <p class='ocr_par' dir='ltr' id='par_1_68' title="bbox 1755 2394 3323 2464">
     <span class='ocr_line' id='line_1_68' title="bbox 1755 2394 3323 2464; baseline -0.001 -19"><span class='ocrx_word' id='word_1_521' title='bbox 1755 2406 1920 2463; x_wconf 84' lang='lat' dir='ltr'><strong>potest</strong></span> <span class='ocrx_word' id='word_1_522' title='bbox 1956 2412 2159 2464; x_wconf 83' lang='lat' dir='ltr'><strong>ponere,</strong></span> <span class='ocrx_word' id='word_1_523' title='bbox 2193 2404 2380 2463; x_wconf 64' lang='grc' dir='ltr'><strong>χιι-(υτον</strong></span> <span class='ocrx_word' id='word_1_524' title='bbox 2414 2396 2467 2447; x_wconf 85' lang='lat' dir='ltr'><strong>id</strong></span> <span class='ocrx_word' id='word_1_525' title='bbox 2497 2394 2632 2462; x_wconf 85' lang='lat' dir='ltr'><strong>quod</strong></span> <span class='ocrx_word' id='word_1_526' title='bbox 2676 2396 2903 2458; x_wconf 88' lang='lat' dir='ltr'><strong>positum</strong></span> <span class='ocrx_word' id='word_1_527' title='bbox 2942 2403 3039 2457; x_wconf 87' lang='lat' dir='ltr'><strong>est,</strong></span> <span class='ocrx_word' id='word_1_528' title='bbox 3076 2395 3214 2462; x_wconf 85' lang='lat' dir='ltr'><strong>quod</strong></span> <span class='ocrx_word' id='word_1_529' title='bbox 3249 2403 3323 2446; x_wconf 81' lang='lat' dir='ltr'><strong>est</strong></span> 
     </span>
    </p>
   </div>
   <div class='ocr_carea' id='block_1_69' title="bbox 1756 2483 3324 2551">
    <p class='ocr_par' dir='ltr' id='par_1_69' title="bbox 1756 2483 3324 2551">
     <span class='ocr_line' id='line_1_69' title="bbox 1756 2483 3324 2551; baseline -0.003 -11"><span class='ocrx_word' id='word_1_530' title='bbox 1756 2486 1990 2540; x_wconf 84' lang='lat' dir='ltr'><strong>Christus</strong></span> <span class='ocrx_word' id='word_1_531' title='bbox 2007 2485 2160 2537; x_wconf 81' lang='lat' dir='ltr'><strong>Jesus</strong></span> <span class='ocrx_word' id='word_1_532' title='bbox 2181 2485 2229 2549; x_wconf 90' lang='grc' dir='ltr'><strong>(Ι</strong></span> <span class='ocrx_word' id='word_1_533' title='bbox 2246 2484 2367 2537; x_wconf 85' lang='lat' dir='ltr'><strong>Cor.</strong></span> <span class='ocrx_word' id='word_1_534' title='bbox 2394 2485 2499 2551; x_wconf 91' lang='grc' dir='ltr'>ιιι).</span> <span class='ocrx_word' id='word_1_535' title='bbox 2526 2483 2764 2536; x_wconf 86' lang='lat' dir='ltr'><strong>Ecclesia</strong></span> <span class='ocrx_word' id='word_1_536' title='bbox 2786 2497 2912 2550; x_wconf 89' lang='lat' dir='ltr'><strong>ergo</strong></span> <span class='ocrx_word' id='word_1_537' title='bbox 2933 2497 3050 2550; x_wconf 73' lang='lat' dir='ltr'><strong>quae</strong></span> <span class='ocrx_word' id='word_1_538' title='bbox 3066 2483 3324 2536; x_wconf 89' lang='lat' dir='ltr'><strong>fundatur</strong></span> 
     </span>
    </p>
   </div>
   <div class='ocr_carea' id='block_1_70' title="bbox 1758 2572 3330 2642">
    <p class='ocr_par' dir='ltr' id='par_1_70' title="bbox 1758 2572 3330 2642">
     <span class='ocr_line' id='line_1_70' title="bbox 1758 2572 3330 2642; baseline -0.001 -12"><span class='ocrx_word' id='word_1_539' title='bbox 1758 2578 1807 2630; x_wconf 91' lang='lat' dir='ltr'><strong>in</strong></span> <span class='ocrx_word' id='word_1_540' title='bbox 1836 2576 2071 2636; x_wconf 88' lang='lat' dir='ltr'><strong>Christo,</strong></span> <span class='ocrx_word' id='word_1_541' title='bbox 2097 2577 2272 2628; x_wconf 85' lang='lat' dir='ltr'><strong>claves</strong></span> <span class='ocrx_word' id='word_1_542' title='bbox 2291 2575 2357 2626; x_wconf 91' lang='lat' dir='ltr'><strong>ab</strong></span> <span class='ocrx_word' id='word_1_543' title='bbox 2382 2589 2445 2626; x_wconf 90' lang='lat' dir='ltr'><strong>eo</strong></span> <span class='ocrx_word' id='word_1_544' title='bbox 2470 2573 2618 2642; x_wconf 83' lang='lat' dir='ltr'><strong>regni</strong></span> <span class='ocrx_word' id='word_1_545' title='bbox 2645 2574 2903 2625; x_wconf 72' lang='lat' dir='ltr'><strong>cteloruiu</strong></span> <span class='ocrx_word' id='word_1_546' title='bbox 2933 2574 3140 2641; x_wconf 89' lang='lat' dir='ltr'><strong>accepit</strong></span> <span class='ocrx_word' id='word_1_547' title='bbox 3160 2574 3212 2625; x_wconf 93' lang='lat' dir='ltr'><strong>in</strong></span> <span class='ocrx_word' id='word_1_548' title='bbox 3232 2572 3330 2628; x_wconf 79' lang='lat' dir='ltr'><strong>Pe.</strong></span> 
     </span>
    </p>
   </div>
   <div class='ocr_carea' id='block_1_71' title="bbox 1757 2664 3318 2734">
    <p class='ocr_par' dir='ltr' id='par_1_71' title="bbox 1757 2664 3318 2734">
     <span class='ocr_line' id='line_1_71' title="bbox 1757 2664 3318 2734; baseline -0.001 -16"><span class='ocrx_word' id='word_1_549' title='bbox 1757 2679 1858 2728; x_wconf 86' lang='lat' dir='ltr'><strong>Iro,</strong></span> <span class='ocrx_word' id='word_1_550' title='bbox 1886 2668 1936 2720; x_wconf 92' lang='lat' dir='ltr'><strong>id</strong></span> <span class='ocrx_word' id='word_1_551' title='bbox 1971 2676 2071 2728; x_wconf 86' lang='lat' dir='ltr'><strong>est,</strong></span> <span class='ocrx_word' id='word_1_552' title='bbox 2104 2673 2417 2732; x_wconf 88' lang='lat' dir='ltr'><strong>potestatem</strong></span> <span class='ocrx_word' id='word_1_553' title='bbox 2448 2664 2687 2718; x_wconf 86' lang='lat' dir='ltr'><strong>solvendi</strong></span> <span class='ocrx_word' id='word_1_554' title='bbox 2727 2664 3038 2734; x_wconf 84' lang='lat' dir='ltr'><strong>ligandique</strong></span> <span class='ocrx_word' id='word_1_555' title='bbox 3077 2673 3318 2732; x_wconf 89' lang='lat' dir='ltr'><strong>peccata.</strong></span> 
     </span>
    </p>
   </div>
   <div class='ocr_carea' id='block_1_72' title="bbox 1753 2754 3320 2824">
    <p class='ocr_par' dir='ltr' id='par_1_72' title="bbox 1753 2754 3320 2824">
     <span class='ocr_line' id='line_1_72' title="bbox 1753 2754 3320 2824; baseline -0.002 -14"><span class='ocrx_word' id='word_1_556' title='bbox 1753 2759 1902 2823; x_wconf 86' lang='lat' dir='ltr'><strong>Quod</strong></span> <span class='ocrx_word' id='word_1_557' title='bbox 1926 2768 2010 2812; x_wconf 91' lang='lat' dir='ltr'><strong>est</strong></span> <span class='ocrx_word' id='word_1_558' title='bbox 2033 2757 2176 2809; x_wconf 91' lang='lat' dir='ltr'><strong>enim</strong></span> <span class='ocrx_word' id='word_1_559' title='bbox 2203 2772 2296 2824; x_wconf 90' lang='lat' dir='ltr'><strong>per</strong></span> <span class='ocrx_word' id='word_1_560' title='bbox 2321 2755 2698 2823; x_wconf 90' lang='lat' dir='ltr'><strong>proprietatem</strong></span> <span class='ocrx_word' id='word_1_561' title='bbox 2730 2757 2778 2808; x_wconf 93' lang='lat' dir='ltr'><strong>in</strong></span> <span class='ocrx_word' id='word_1_562' title='bbox 2802 2755 3014 2810; x_wconf 87' lang='lat' dir='ltr'><strong>Christo</strong></span> <span class='ocrx_word' id='word_1_563' title='bbox 3056 2754 3320 2818; x_wconf 85' lang='lat' dir='ltr'><strong>Ecclesia,</strong></span> 
     </span>
    </p>
   </div>
   <div class='ocr_carea' id='block_1_73' title="bbox 1757 2847 3322 2915">
    <p class='ocr_par' dir='ltr' id='par_1_73' title="bbox 1757 2847 3322 2915">
     <span class='ocr_line' id='line_1_73' title="bbox 1757 2847 3322 2915; baseline -0.003 -12"><span class='ocrx_word' id='word_1_564' title='bbox 1757 2851 1855 2903; x_wconf 92' lang='lat' dir='ltr'><strong>hoc</strong></span> <span class='ocrx_word' id='word_1_565' title='bbox 1895 2858 1978 2902; x_wconf 91' lang='lat' dir='ltr'><strong>est</strong></span> <span class='ocrx_word' id='word_1_566' title='bbox 2026 2863 2119 2915; x_wconf 88' lang='lat' dir='ltr'><strong>per</strong></span> <span class='ocrx_word' id='word_1_567' title='bbox 2170 2847 2625 2914; x_wconf 84' lang='lat' dir='ltr'><strong>significationem</strong></span> <span class='ocrx_word' id='word_1_568' title='bbox 2664 2847 2855 2900; x_wconf 85' lang='lat' dir='ltr'><strong>Petrus</strong></span> <span class='ocrx_word' id='word_1_569' title='bbox 2904 2847 2955 2898; x_wconf 91' lang='lat' dir='ltr'><strong>in</strong></span> <span class='ocrx_word' id='word_1_570' title='bbox 3003 2857 3172 2913; x_wconf 91' lang='lat' dir='ltr'><strong>petra,</strong></span> <span class='ocrx_word' id='word_1_571' title='bbox 3217 2861 3322 2913; x_wconf 86' lang='lat' dir='ltr'><strong>qua</strong></span> 
     </span>
    </p>
   </div>
   <div class='ocr_carea' id='block_1_74' title="bbox 1756 2937 3324 3007">
    <p class='ocr_par' dir='ltr' id='par_1_74' title="bbox 1756 2937 3324 3007">
     <span class='ocr_line' id='line_1_74' title="bbox 1756 2937 3324 3007; baseline -0.001 -15"><span class='ocrx_word' id='word_1_572' title='bbox 1756 2939 2152 3007; x_wconf 71' lang='lat' dir='ltr'><strong>significatione</strong></span> <span class='ocrx_word' id='word_1_573' title='bbox 2186 2938 2504 3007; x_wconf 84' lang='lat' dir='ltr'><strong>intelligitur</strong></span> <span class='ocrx_word' id='word_1_574' title='bbox 2533 2939 2779 2992; x_wconf 76' lang='lat' dir='ltr'><strong>Christus</strong></span> <span class='ocrx_word' id='word_1_575' title='bbox 2804 2950 2973 3006; x_wconf 86' lang='lat' dir='ltr'><strong>petra,</strong></span> <span class='ocrx_word' id='word_1_576' title='bbox 3002 2937 3188 2991; x_wconf 88' lang='lat' dir='ltr'><strong>Petrus</strong></span> <span class='ocrx_word' id='word_1_577' title='bbox 3222 2937 3324 2990; x_wconf 86' lang='lat' dir='ltr'><strong>Ec-</strong></span> 
     </span>
    </p>
   </div>
   <div class='ocr_carea' id='block_1_75' title="bbox 1721 3025 3322 3098">
    <p class='ocr_par' dir='ltr' id='par_1_75' title="bbox 1721 3025 3322 3098">
     <span class='ocr_line' id='line_1_75' title="bbox 1721 3025 3322 3098; baseline -0.006 -9"><span class='ocrx_word' id='word_1_578' title='bbox 1721 3030 1932 3089; x_wconf 77' lang='lat' dir='ltr'><strong>.clesia.</strong></span> <span class='ocrx_word' id='word_1_579' title='bbox 1965 3031 2088 3083; x_wconf 67' lang='lat' dir='ltr'><strong>Hmc</strong></span> <span class='ocrx_word' id='word_1_580' title='bbox 2135 3029 2296 3098; x_wconf 88' lang='lat' dir='ltr'><strong>igitur</strong></span> <span class='ocrx_word' id='word_1_581' title='bbox 2335 3028 2596 3088; x_wconf 84' lang='lat' dir='ltr'><strong>Ecclesia,</strong></span> <span class='ocrx_word' id='word_1_582' title='bbox 2638 3043 2798 3096; x_wconf 90' lang='lat' dir='ltr'><strong>quam</strong></span> <span class='ocrx_word' id='word_1_583' title='bbox 2838 3027 3175 3093; x_wconf 77' lang='lat' dir='ltr'><strong>significabat</strong></span> <span class='ocrx_word' id='word_1_584' title='bbox 3220 3025 3322 3079; x_wconf 89' lang='lat' dir='ltr'><strong>Pc-</strong></span> 
     </span>
    </p>
   </div>
   <div class='ocr_carea' id='block_1_76' title="bbox 1691 3115 3320 3211">
    <p class='ocr_par' dir='ltr' id='par_1_76' title="bbox 1691 3115 3320 3211">
     <span class='ocr_line' id='line_1_76' title="bbox 1691 3115 3320 3211; baseline -0.005 -35"><span class='ocrx_word' id='word_1_585' title='bbox 1691 3134 1890 3211; x_wconf 78' lang='lat' dir='ltr'><strong>Ctrus,</strong></span> <span class='ocrx_word' id='word_1_586' title='bbox 1931 3121 2170 3190; x_wconf 77' lang='lat' dir='ltr'><strong>quandiu</strong></span> <span class='ocrx_word' id='word_1_587' title='bbox 2203 3120 2347 3186; x_wconf 80' lang='lat' dir='ltr'><strong>degit</strong></span> <span class='ocrx_word' id='word_1_588' title='bbox 2376 3120 2428 3171; x_wconf 92' lang='lat' dir='ltr'><strong>in</strong></span> <span class='ocrx_word' id='word_1_589' title='bbox 2481 3119 2660 3179; x_wconf 84' lang='lat' dir='ltr'><strong>malis,</strong></span> <span class='ocrx_word' id='word_1_590' title='bbox 2695 3118 2925 3170; x_wconf 89' lang='lat' dir='ltr'><strong>amando</strong></span> <span class='ocrx_word' id='word_1_591' title='bbox 2956 3125 3011 3169; x_wconf 86' lang='lat' dir='ltr'><strong>et</strong></span> <span class='ocrx_word' id='word_1_592' title='bbox 3041 3115 3320 3184; x_wconf 85' lang='lat' dir='ltr'><strong>sequendo</strong></span> 
     </span>
    </p>
   </div>
   <div class='ocr_carea' id='block_1_77' title="bbox 1753 3207 3320 3276">
    <p class='ocr_par' dir='ltr' id='par_1_77' title="bbox 1753 3207 3320 3276">
     <span class='ocr_line' id='line_1_77' title="bbox 1753 3207 3320 3276; baseline -0.007 -9"><span class='ocrx_word' id='word_1_593' title='bbox 1753 3214 2051 3275; x_wconf 88' lang='lat' dir='ltr'><strong>Christum,</strong></span> <span class='ocrx_word' id='word_1_594' title='bbox 2087 3213 2342 3265; x_wconf 88' lang='lat' dir='ltr'><strong>liberatur</strong></span> <span class='ocrx_word' id='word_1_595' title='bbox 2383 3225 2410 3261; x_wconf 87' lang='lat' dir='ltr'><strong>a</strong></span> <span class='ocrx_word' id='word_1_596' title='bbox 2445 3209 2619 3261; x_wconf 91' lang='lat' dir='ltr'><strong>malis.</strong></span> <span class='ocrx_word' id='word_1_597' title='bbox 2658 3207 2828 3276; x_wconf 82' lang='lat' dir='ltr'><strong>Magis</strong></span> <span class='ocrx_word' id='word_1_598' title='bbox 2859 3216 3037 3259; x_wconf 90' lang='lat' dir='ltr'><strong>autem</strong></span> <span class='ocrx_word' id='word_1_599' title='bbox 3073 3207 3320 3271; x_wconf 88' lang='lat' dir='ltr'><strong>sequitur</strong></span> 
     </span>
    </p>
   </div>
   <div class='ocr_carea' id='block_1_78' title="bbox 1754 3296 3311 3371">
    <p class='ocr_par' dir='ltr' id='par_1_78' title="bbox 1754 3296 3311 3371">
     <span class='ocr_line' id='line_1_78' title="bbox 1754 3296 3311 3371; baseline -0.006 -15"><span class='ocrx_word' id='word_1_600' title='bbox 1754 3304 2047 3371; x_wconf 31' lang='lat' dir='ltr'><strong>ineis,vqui</strong></span> <span class='ocrx_word' id='word_1_601' title='bbox 2077 3311 2284 3358; x_wconf 82' lang='lat' dir='ltr'><strong>certant</strong></span> <span class='ocrx_word' id='word_1_602' title='bbox 2330 3317 2428 3370; x_wconf 89' lang='lat' dir='ltr'><strong>pro</strong></span> <span class='ocrx_word' id='word_1_603' title='bbox 2470 3301 2696 3352; x_wconf 87' lang='lat' dir='ltr'><strong>veritate</strong></span> <span class='ocrx_word' id='word_1_604' title='bbox 2735 3311 2906 3364; x_wconf 88' lang='lat' dir='ltr'><strong>usque</strong></span> <span class='ocrx_word' id='word_1_605' title='bbox 2959 3296 3025 3348; x_wconf 90' lang='lat' dir='ltr'><strong>ad</strong></span> <span class='ocrx_word' id='word_1_606' title='bbox 3060 3305 3311 3350; x_wconf 76' lang='lat' dir='ltr'><strong>mortem.</strong></span> 
     </span>
    </p>
   </div>
   <div class='ocr_carea' id='block_1_79' title="bbox 1755 3383 3319 3456">
    <p class='ocr_par' dir='ltr' id='par_1_79' title="bbox 1755 3383 3319 3456">
     <span class='ocr_line' id='line_1_79' title="bbox 1755 3383 3319 3456; baseline -0.008 -10"><span class='ocrx_word' id='word_1_607' title='bbox 1755 3393 1860 3446; x_wconf 91' lang='lat' dir='ltr'><strong>Sed</strong></span> <span class='ocrx_word' id='word_1_608' title='bbox 1893 3392 2228 3445; x_wconf 72' lang='lat' dir='ltr'><strong>universitati</strong></span> <span class='ocrx_word' id='word_1_609' title='bbox 2277 3391 2472 3444; x_wconf 90' lang='lat' dir='ltr'><strong>dicitur</strong></span> <span class='ocrx_word' id='word_1_610' title='bbox 2499 3388 2719 3456; x_wconf 83' lang='lat' dir='ltr'><strong>Sequere</strong></span> <span class='ocrx_word' id='word_1_611' title='bbox 2759 3402 2873 3448; x_wconf 86' lang='lat' dir='ltr'><strong>me;</strong></span> <span class='ocrx_word' id='word_1_612' title='bbox 2915 3401 3010 3452; x_wconf 89' lang='lat' dir='ltr'><strong>pro</strong></span> <span class='ocrx_word' id='word_1_613' title='bbox 3044 3398 3148 3451; x_wconf 88' lang='lat' dir='ltr'><strong>qua</strong></span> <span class='ocrx_word' id='word_1_614' title='bbox 3195 3383 3319 3435; x_wconf 83' lang='lat' dir='ltr'><strong>uui-</strong></span> 
     </span>
    </p>
   </div>
   <div class='ocr_carea' id='block_1_80' title="bbox 1751 3475 3316 3552">
    <p class='ocr_par' dir='ltr' id='par_1_80' title="bbox 1751 3475 3316 3552">
     <span class='ocr_line' id='line_1_80' title="bbox 1751 3475 3316 3552; baseline -0.008 -13"><span class='ocrx_word' id='word_1_615' title='bbox 1751 3486 2004 3540; x_wconf 77' lang='lat' dir='ltr'><strong>Versitate</strong></span> <span class='ocrx_word' id='word_1_616' title='bbox 2054 3499 2245 3552; x_wconf 78' lang='lat' dir='ltr'><strong>passus</strong></span> <span class='ocrx_word' id='word_1_617' title='bbox 2295 3491 2377 3535; x_wconf 92' lang='lat' dir='ltr'><strong>est</strong></span> <span class='ocrx_word' id='word_1_618' title='bbox 2428 3481 2695 3542; x_wconf 87' lang='lat' dir='ltr'><strong>Christus,</strong></span> <span class='ocrx_word' id='word_1_619' title='bbox 2743 3478 2808 3530; x_wconf 88' lang='lat' dir='ltr'><strong>de</strong></span> <span class='ocrx_word' id='word_1_620' title='bbox 2853 3491 2961 3544; x_wconf 90' lang='lat' dir='ltr'><strong>quo</strong></span> <span class='ocrx_word' id='word_1_621' title='bbox 3000 3476 3129 3528; x_wconf 89' lang='lat' dir='ltr'><strong>dicit</strong></span> <span class='ocrx_word' id='word_1_622' title='bbox 3177 3475 3316 3528; x_wconf 90' lang='lat' dir='ltr'><strong>idem</strong></span> 
     </span>
    </p>
   </div>
   <div class='ocr_carea' id='block_1_81' title="bbox 1753 3567 3319 3637">
    <p class='ocr_par' dir='ltr' id='par_1_81' title="bbox 1753 3567 3319 3637">
     <span class='ocr_line' id='line_1_81' title="bbox 1753 3567 3319 3637; baseline -0.01 -7"><span class='ocrx_word' id='word_1_623' title='bbox 1753 3577 1944 3630; x_wconf 84' lang='lat' dir='ltr'><strong>Petrus</strong></span> <span class='ocrx_word' id='word_1_624' title='bbox 1971 3592 1982 3626; x_wconf 92' lang='lat'><strong>:</strong></span> <span class='ocrx_word' id='word_1_625' title='bbox 2008 3575 2244 3628; x_wconf 62' lang='lat' dir='ltr'><strong>Christus</strong></span> <span class='ocrx_word' id='word_1_626' title='bbox 2280 3589 2370 3636; x_wconf 90' lang='lat' dir='ltr'><strong>pro</strong></span> <span class='ocrx_word' id='word_1_627' title='bbox 2395 3571 2541 3622; x_wconf 85' lang='lat' dir='ltr'><strong>nobis</strong></span> <span class='ocrx_word' id='word_1_628' title='bbox 2569 3585 2754 3637; x_wconf 83' lang='lat' dir='ltr'><strong>passus</strong></span> <span class='ocrx_word' id='word_1_629' title='bbox 2783 3577 2882 3626; x_wconf 84' lang='lat' dir='ltr'><strong>est.</strong></span> <span class='ocrx_word' id='word_1_630' title='bbox 2909 3567 3200 3632; x_wconf 81' lang='lat' dir='ltr'><strong>relinquens</strong></span> <span class='ocrx_word' id='word_1_631' title='bbox 3225 3580 3319 3616; x_wconf 56' lang='lat' dir='ltr'><strong>no.</strong></span> 
     </span>
    </p>
   </div>
   <div class='ocr_carea' id='block_1_82' title="bbox 1755 3653 3315 3730">
    <p class='ocr_par' dir='ltr' id='par_1_82' title="bbox 1755 3653 3315 3730">
     <span class='ocr_line' id='line_1_82' title="bbox 1755 3653 3315 3730; baseline -0.004 -16"><span class='ocrx_word' id='word_1_632' title='bbox 1755 3667 1831 3718; x_wconf 87' lang='lat' dir='ltr'><strong>bis</strong></span> <span class='ocrx_word' id='word_1_633' title='bbox 1860 3664 2171 3730; x_wconf 74' lang='lat' dir='ltr'><strong>exemplum,</strong></span> <span class='ocrx_word' id='word_1_634' title='bbox 2209 3671 2264 3714; x_wconf 90' lang='lat' dir='ltr'><strong>ut</strong></span> <span class='ocrx_word' id='word_1_635' title='bbox 2298 3676 2576 3729; x_wconf 81' lang='lat' dir='ltr'><strong>sequantur</strong></span> <span class='ocrx_word' id='word_1_636' title='bbox 2605 3658 2818 3724; x_wconf 87' lang='lat' dir='ltr'><strong>vestigia</strong></span> <span class='ocrx_word' id='word_1_637' title='bbox 2848 3656 2957 3720; x_wconf 81' lang='lat' dir='ltr'><strong>ejus</strong></span> <span class='ocrx_word' id='word_1_638' title='bbox 2985 3655 3035 3721; x_wconf 89' lang='lat' dir='ltr'><strong>(I</strong></span> <span class='ocrx_word' id='word_1_639' title='bbox 3068 3654 3210 3706; x_wconf 90' lang='lat' dir='ltr'><strong>Petr.</strong></span> <span class='ocrx_word' id='word_1_640' title='bbox 3232 3653 3315 3719; x_wconf 91' lang='grc' dir='ltr'>ιι).</span> 
     </span>
    </p>
   </div>
   <div class='ocr_carea' id='block_1_83' title="bbox 1755 3744 3315 3822">
    <p class='ocr_par' dir='ltr' id='par_1_83' title="bbox 1755 3744 3315 3822">
     <span class='ocr_line' id='line_1_83' title="bbox 1755 3744 3315 3822; baseline -0.008 -14"><span class='ocrx_word' id='word_1_641' title='bbox 1755 3754 1890 3809; x_wconf 86' lang='lat' dir='ltr'><strong>Ecce</strong></span> <span class='ocrx_word' id='word_1_642' title='bbox 1925 3764 2136 3822; x_wconf 88' lang='lat' dir='ltr'><strong>propter</strong></span> <span class='ocrx_word' id='word_1_643' title='bbox 2172 3751 2316 3820; x_wconf 86' lang='lat' dir='ltr'><strong>quod</strong></span> <span class='ocrx_word' id='word_1_644' title='bbox 2363 3754 2410 3804; x_wconf 90' lang='lat' dir='ltr'><strong>ei</strong></span> <span class='ocrx_word' id='word_1_645' title='bbox 2445 3751 2646 3803; x_wconf 90' lang='lat' dir='ltr'><strong>dictum</strong></span> <span class='ocrx_word' id='word_1_646' title='bbox 2692 3757 2772 3801; x_wconf 83' lang='lat' dir='ltr'><strong>est</strong></span> <span class='ocrx_word' id='word_1_647' title='bbox 2822 3747 3046 3815; x_wconf 80' lang='lat' dir='ltr'><strong>Sequere</strong></span> <span class='ocrx_word' id='word_1_648' title='bbox 3090 3761 3186 3797; x_wconf 89' lang='lat' dir='ltr'><strong>me.</strong></span> <span class='ocrx_word' id='word_1_649' title='bbox 3221 3744 3315 3796; x_wconf 80' lang='lat' dir='ltr'><strong>Est</strong></span> 
     </span>
    </p>
   </div>
   <div class='ocr_carea' id='block_1_84' title="bbox 1753 3834 3315 3905">
    <p class='ocr_par' dir='ltr' id='par_1_84' title="bbox 1753 3834 3315 3905">
     <span class='ocr_line' id='line_1_84' title="bbox 1753 3834 3315 3905; baseline -0.007 -8"><span class='ocrx_word' id='word_1_650' title='bbox 1753 3851 1928 3897; x_wconf 86' lang='lat' dir='ltr'><strong>autem</strong></span> <span class='ocrx_word' id='word_1_651' title='bbox 1973 3843 2075 3894; x_wconf 86' lang='lat' dir='ltr'><strong>alia</strong></span> <span class='ocrx_word' id='word_1_652' title='bbox 2106 3841 2210 3892; x_wconf 86' lang='lat' dir='ltr'><strong>vita</strong></span> <span class='ocrx_word' id='word_1_653' title='bbox 2257 3839 2596 3902; x_wconf 84' lang='lat' dir='ltr'><strong>immortalis,</strong></span> <span class='ocrx_word' id='word_1_654' title='bbox 2631 3853 2748 3905; x_wconf 72' lang='lat' dir='ltr'><strong>quae</strong></span> <span class='ocrx_word' id='word_1_655' title='bbox 2776 3851 2881 3889; x_wconf 88' lang='lat' dir='ltr'><strong>non</strong></span> <span class='ocrx_word' id='word_1_656' title='bbox 2930 3845 3012 3889; x_wconf 87' lang='lat' dir='ltr'><strong>est</strong></span> <span class='ocrx_word' id='word_1_657' title='bbox 3053 3837 3102 3887; x_wconf 93' lang='lat' dir='ltr'><strong>in</strong></span> <span class='ocrx_word' id='word_1_658' title='bbox 3139 3834 3315 3887; x_wconf 89' lang='lat' dir='ltr'><strong>malis.</strong></span> 
     </span>
    </p>
   </div>
   <div class='ocr_carea' id='block_1_85' title="bbox 1754 3925 3312 4001">
    <p class='ocr_par' dir='ltr' id='par_1_85' title="bbox 1754 3925 3312 4001">
     <span class='ocr_line' id='line_1_85' title="bbox 1754 3925 3312 4001; baseline -0.008 -14"><span class='ocrx_word' id='word_1_659' title='bbox 1754 3933 1836 3987; x_wconf 80' lang='lat' dir='ltr'><strong>Ibi</strong></span> <span class='ocrx_word' id='word_1_660' title='bbox 1860 3933 1994 4001; x_wconf 79' lang='lat' dir='ltr'><strong>facie</strong></span> <span class='ocrx_word' id='word_1_661' title='bbox 2024 3933 2089 3982; x_wconf 85' lang='lat' dir='ltr'><strong>ad</strong></span> <span class='ocrx_word' id='word_1_662' title='bbox 2125 3931 2308 3998; x_wconf 80' lang='lat' dir='ltr'><strong>facient</strong></span> <span class='ocrx_word' id='word_1_663' title='bbox 2341 3929 2646 3990; x_wconf 82' lang='lat' dir='ltr'><strong>videbimus,</strong></span> <span class='ocrx_word' id='word_1_664' title='bbox 2670 3927 2804 3996; x_wconf 86' lang='lat' dir='ltr'><strong>quod</strong></span> <span class='ocrx_word' id='word_1_665' title='bbox 2835 3928 2916 3978; x_wconf 78' lang='lat' dir='ltr'><strong>hic</strong></span> <span class='ocrx_word' id='word_1_666' title='bbox 2937 3943 3026 3993; x_wconf 84' lang='lat' dir='ltr'><strong>per</strong></span> <span class='ocrx_word' id='word_1_667' title='bbox 3054 3925 3312 3992; x_wconf 81' lang='lat' dir='ltr'><strong>speculum</strong></span> 
     </span>
    </p>
   </div>
   <div class='ocr_carea' id='block_1_86' title="bbox 1752 4017 3311 4091">
    <p class='ocr_par' dir='ltr' id='par_1_86' title="bbox 1752 4017 3311 4091">
     <span class='ocr_line' id='line_1_86' title="bbox 1752 4017 3311 4091; baseline -0.01 -10"><span class='ocrx_word' id='word_1_668' title='bbox 1752 4034 1802 4082; x_wconf 85' lang='lat' dir='ltr'><strong>et</strong></span> <span class='ocrx_word' id='word_1_669' title='bbox 1831 4025 1886 4078; x_wconf 85' lang='lat' dir='ltr'><strong>iu</strong></span> <span class='ocrx_word' id='word_1_670' title='bbox 1909 4024 2182 4091; x_wconf 71' lang='lat' dir='ltr'><strong>mitigatate</strong></span> <span class='ocrx_word' id='word_1_671' title='bbox 2207 4022 2411 4075; x_wconf 83' lang='lat' dir='ltr'><strong>videtur</strong></span> <span class='ocrx_word' id='word_1_672' title='bbox 2436 4019 2486 4088; x_wconf 79' lang='grc' dir='ltr'><strong>(Ι</strong></span> <span class='ocrx_word' id='word_1_673' title='bbox 2516 4019 2637 4072; x_wconf 87' lang='lat' dir='ltr'><strong>Cor.</strong></span> <span class='ocrx_word' id='word_1_674' title='bbox 2669 4028 2810 4087; x_wconf 77' lang='lat' dir='ltr'><strong>xiii),</strong></span> <span class='ocrx_word' id='word_1_675' title='bbox 2842 4017 3056 4087; x_wconf 88' lang='lat' dir='ltr'><strong>quando</strong></span> <span class='ocrx_word' id='word_1_676' title='bbox 3085 4017 3311 4068; x_wconf 87' lang='lat' dir='ltr'><strong>multum</strong></span> 
     </span>
    </p>
   </div>
   <div class='ocr_carea' id='block_1_87' title="bbox 1755 4105 3316 4180">
    <p class='ocr_par' dir='ltr' id='par_1_87' title="bbox 1755 4105 3316 4180">
     <span class='ocr_line' id='line_1_87' title="bbox 1755 4105 3316 4180; baseline -0.009 -12"><span class='ocrx_word' id='word_1_677' title='bbox 1755 4117 1808 4169; x_wconf 92' lang='lat' dir='ltr'><strong>in</strong></span> <span class='ocrx_word' id='word_1_678' title='bbox 1832 4113 2257 4180; x_wconf 89' lang='lat' dir='ltr'><strong>concupiscenda</strong></span> <span class='ocrx_word' id='word_1_679' title='bbox 2288 4112 2512 4164; x_wconf 87' lang='lat' dir='ltr'><strong>veritate</strong></span> <span class='ocrx_word' id='word_1_680' title='bbox 2542 4108 2838 4179; x_wconf 89' lang='lat' dir='ltr'><strong>proficitur.</strong></span> <span class='ocrx_word' id='word_1_681' title='bbox 2871 4107 3011 4159; x_wconf 89' lang='lat' dir='ltr'><strong>Duas</strong></span> <span class='ocrx_word' id='word_1_682' title='bbox 3041 4107 3220 4174; x_wconf 88' lang='lat' dir='ltr'><strong>itaque</strong></span> <span class='ocrx_word' id='word_1_683' title='bbox 3244 4105 3316 4157; x_wconf 74' lang='lat' dir='ltr'><strong>v3-</strong></span> 
     </span>
    </p>
   </div>
   <div class='ocr_carea' id='block_1_88' title="bbox 1753 4196 3316 4269">
    <p class='ocr_par' dir='ltr' id='par_1_88' title="bbox 1753 4196 3316 4269">
     <span class='ocr_line' id='line_1_88' title="bbox 1753 4196 3316 4269; baseline -0.006 -12"><span class='ocrx_word' id='word_1_684' title='bbox 1753 4215 1834 4258; x_wconf 87' lang='lat' dir='ltr'><strong>tas</strong></span> <span class='ocrx_word' id='word_1_685' title='bbox 1862 4202 1962 4257; x_wconf 86' lang='lat' dir='ltr'><strong>sibi</strong></span> <span class='ocrx_word' id='word_1_686' title='bbox 1990 4201 2251 4256; x_wconf 90' lang='lat' dir='ltr'><strong>divinitus</strong></span> <span class='ocrx_word' id='word_1_687' title='bbox 2298 4200 2613 4269; x_wconf 74' lang='lat' dir='ltr'><strong>prtedicatas</strong></span> <span class='ocrx_word' id='word_1_688' title='bbox 2645 4207 2696 4251; x_wconf 90' lang='lat' dir='ltr'><strong>et</strong></span> <span class='ocrx_word' id='word_1_689' title='bbox 2727 4197 3133 4252; x_wconf 85' lang='lat' dir='ltr'><strong>commendatas</strong></span> <span class='ocrx_word' id='word_1_690' title='bbox 3165 4196 3316 4247; x_wconf 85' lang='lat' dir='ltr'><strong>novit</strong></span> 
     </span>
    </p>
   </div>
   <div class='ocr_carea' id='block_1_89' title="bbox 1751 4284 3313 4359">
    <p class='ocr_par' dir='ltr' id='par_1_89' title="bbox 1751 4284 3313 4359">
     <span class='ocr_line' id='line_1_89' title="bbox 1751 4284 3313 4359; baseline -0.006 -13"><span class='ocrx_word' id='word_1_691' title='bbox 1751 4293 2011 4354; x_wconf 82' lang='lat' dir='ltr'><strong>Ecclesia,</strong></span> <span class='ocrx_word' id='word_1_692' title='bbox 2039 4306 2265 4359; x_wconf 89' lang='lat' dir='ltr'><strong>quarum</strong></span> <span class='ocrx_word' id='word_1_693' title='bbox 2306 4307 2407 4342; x_wconf 88' lang='lat' dir='ltr'><strong>una</strong></span> <span class='ocrx_word' id='word_1_694' title='bbox 2442 4298 2523 4341; x_wconf 90' lang='lat' dir='ltr'><strong>est</strong></span> <span class='ocrx_word' id='word_1_695' title='bbox 2556 4290 2606 4340; x_wconf 90' lang='lat' dir='ltr'><strong>in</strong></span> <span class='ocrx_word' id='word_1_696' title='bbox 2640 4287 2758 4346; x_wconf 84' lang='lat' dir='ltr'><strong>fide,</strong></span> <span class='ocrx_word' id='word_1_697' title='bbox 2799 4287 2966 4338; x_wconf 88' lang='lat' dir='ltr'><strong>altera</strong></span> <span class='ocrx_word' id='word_1_698' title='bbox 3005 4287 3057 4337; x_wconf 92' lang='lat' dir='ltr'><strong>in</strong></span> <span class='ocrx_word' id='word_1_699' title='bbox 3095 4284 3313 4351; x_wconf 86' lang='lat' dir='ltr'><strong>specie;</strong></span> 
     </span>
    </p>
   </div>
   <div class='ocr_carea' id='block_1_90' title="bbox 1751 4365 3315 4450">
    <p class='ocr_par' dir='ltr' id='par_1_90' title="bbox 1751 4365 3315 4450">
     <span class='ocr_line' id='line_1_90' title="bbox 1751 4365 3315 4450; baseline -0.007 -12"><span class='ocrx_word' id='word_1_700' title='bbox 1751 4399 1855 4438; x_wconf 90' lang='lat' dir='ltr'><strong>una</strong></span> <span class='ocrx_word' id='word_1_701' title='bbox 1889 4365 1950 4436; x_wconf 35' lang='lat' dir='ltr'><strong>in.</strong></span> <span class='ocrx_word' id='word_1_702' title='bbox 1978 4392 2216 4450; x_wconf 88' lang='lat' dir='ltr'><strong>tempore</strong></span> <span class='ocrx_word' id='word_1_703' title='bbox 2247 4377 2712 4449; x_wconf 83' lang='lat' dir='ltr'><strong>peregrinationis,</strong></span> <span class='ocrx_word' id='word_1_704' title='bbox 2745 4377 2908 4429; x_wconf 89' lang='lat' dir='ltr'><strong>altera</strong></span> <span class='ocrx_word' id='word_1_705' title='bbox 2938 4376 2988 4427; x_wconf 89' lang='lat' dir='ltr'><strong>in</strong></span> <span class='ocrx_word' id='word_1_706' title='bbox 3013 4375 3315 4427; x_wconf 70' lang='lat' dir='ltr'><strong>aeternitate</strong></span> 
     </span>
    </p>
   </div>
   <div class='ocr_carea' id='block_1_91' title="bbox 103 4457 1665 4542">
    <p class='ocr_par' dir='ltr' id='par_1_91' title="bbox 103 4457 1657 4534">
     <span class='ocr_line' id='line_1_91' title="bbox 103 4457 1657 4534; baseline 0.006 -24"><span class='ocrx_word' id='word_1_707' title='bbox 103 4471 189 4523; x_wconf 82' lang='lat' dir='ltr'><strong>est,</strong></span> <span class='ocrx_word' id='word_1_708' title='bbox 239 4462 609 4514; x_wconf 85' lang='lat' dir='ltr'><strong>miserationes</strong></span> <span class='ocrx_word' id='word_1_709' title='bbox 655 4477 779 4515; x_wconf 89' lang='lat' dir='ltr'><strong>suas</strong></span> <span class='ocrx_word' id='word_1_710' title='bbox 829 4463 968 4516; x_wconf 84' lang='lat' dir='ltr'><strong>Deus</strong></span> <span class='ocrx_word' id='word_1_711' title='bbox 1001 4463 1168 4533; x_wconf 81' lang='lat' dir='ltr'><strong>(Psat.</strong></span> <span class='ocrx_word' id='word_1_712' title='bbox 1222 4457 1440 4532; x_wconf 58' lang='lat' dir='ltr'><strong>LXXVI}:</strong></span> <span class='ocrx_word' id='word_1_713' title='bbox 1467 4475 1657 4534; x_wconf 75' lang='lat' dir='ltr'><strong>prazter</strong></span> 
     </span>
    </p>
   </div>
   <div class='ocr_carea' id='block_1_92' title="bbox 1755 4457 3311 4542">
    <p class='ocr_par' dir='ltr' id='par_1_92' title="bbox 1755 4466 3311 4536">
     <span class='ocr_line' id='line_1_92' title="bbox 1755 4466 3311 4536; baseline -0.006 -8"><span class='ocrx_word' id='word_1_714' title='bbox 1755 4475 2083 4536; x_wconf 89' lang='lat' dir='ltr'><strong>mansionis;</strong></span> <span class='ocrx_word' id='word_1_715' title='bbox 2119 4487 2224 4525; x_wconf 89' lang='lat' dir='ltr'><strong>una</strong></span> <span class='ocrx_word' id='word_1_716' title='bbox 2265 4472 2319 4524; x_wconf 91' lang='lat' dir='ltr'><strong>iu</strong></span> <span class='ocrx_word' id='word_1_717' title='bbox 2352 4471 2557 4531; x_wconf 89' lang='lat' dir='ltr'><strong>labore,</strong></span> <span class='ocrx_word' id='word_1_718' title='bbox 2597 4469 2764 4522; x_wconf 89' lang='lat' dir='ltr'><strong>altera</strong></span> <span class='ocrx_word' id='word_1_719' title='bbox 2798 4467 2852 4520; x_wconf 93' lang='lat' dir='ltr'><strong>in</strong></span> <span class='ocrx_word' id='word_1_720' title='bbox 2880 4466 3091 4534; x_wconf 90' lang='lat' dir='ltr'><strong>requie;</strong></span> <span class='ocrx_word' id='word_1_721' title='bbox 3125 4481 3230 4519; x_wconf 90' lang='lat' dir='ltr'><strong>una</strong></span> <span class='ocrx_word' id='word_1_722' title='bbox 3256 4466 3311 4518; x_wconf 92' lang='lat' dir='ltr'><strong>in</strong></span> 
     </span>
    </p>
   </div>
   <div class='ocr_carea' id='block_1_93' title="bbox 108 4553 1657 4624">
    <p class='ocr_par' dir='ltr' id='par_1_93' title="bbox 108 4553 1657 4624">
     <span class='ocr_line' id='line_1_93' title="bbox 108 4553 1657 4624; baseline 0.008 -25"><span class='ocrx_word' id='word_1_723' title='bbox 108 4553 194 4602; x_wconf 85' lang='lat' dir='ltr'><strong>alia</strong></span> <span class='ocrx_word' id='word_1_724' title='bbox 223 4554 404 4606; x_wconf 69' lang='lat' dir='ltr'><strong>solatia</strong></span> <span class='ocrx_word' id='word_1_725' title='bbox 450 4553 768 4606; x_wconf 86' lang='lat' dir='ltr'><strong>miscrorum</strong></span> <span class='ocrx_word' id='word_1_726' title='bbox 799 4569 918 4622; x_wconf 63' lang='lat' dir='ltr'><strong>quae</strong></span> <span class='ocrx_word' id='word_1_727' title='bbox 945 4556 1125 4624; x_wconf 87' lang='lat' dir='ltr'><strong>generi</strong></span> <span class='ocrx_word' id='word_1_728' title='bbox 1156 4555 1388 4610; x_wconf 89' lang='lat' dir='ltr'><strong>humano</strong></span> <span class='ocrx_word' id='word_1_729' title='bbox 1417 4560 1657 4623; x_wconf 71' lang='lat' dir='ltr'><strong>prtebcre</strong></span> 
     </span>
    </p>
   </div>
   <div class='ocr_carea' id='block_1_94' title="bbox 107 4643 1654 4715">
    <p class='ocr_par' dir='ltr' id='par_1_94' title="bbox 107 4643 1654 4715">
     <span class='ocr_line' id='line_1_94' title="bbox 107 4643 1654 4715; baseline 0.008 -26"><span class='ocrx_word' id='word_1_730' title='bbox 107 4657 195 4693; x_wconf 87' lang='lat' dir='ltr'><strong>non</strong></span> <span class='ocrx_word' id='word_1_731' title='bbox 223 4655 413 4707; x_wconf 79' lang='lat' dir='ltr'><strong>cessat,</strong></span> <span class='ocrx_word' id='word_1_732' title='bbox 441 4643 585 4695; x_wconf 88' lang='lat' dir='ltr'><strong>misit</strong></span> <span class='ocrx_word' id='word_1_733' title='bbox 615 4643 810 4696; x_wconf 84' lang='lat' dir='ltr'><strong>Filium</strong></span> <span class='ocrx_word' id='word_1_734' title='bbox 833 4659 982 4698; x_wconf 86' lang='lat' dir='ltr'><strong>suum</strong></span> <span class='ocrx_word' id='word_1_735' title='bbox 1007 4646 1350 4713; x_wconf 89' lang='lat' dir='ltr'><strong>unigenitum,</strong></span> <span class='ocrx_word' id='word_1_736' title='bbox 1381 4661 1474 4715; x_wconf 87' lang='lat' dir='ltr'><strong>per</strong></span> <span class='ocrx_word' id='word_1_737' title='bbox 1499 4663 1654 4715; x_wconf 86' lang='lat' dir='ltr'><strong>quem</strong></span> 
     </span>
    </p>
   </div>
   <div class='ocr_carea' id='block_1_95' title="bbox 104 4736 1656 4805">
    <p class='ocr_par' dir='ltr' id='par_1_95' title="bbox 104 4736 1656 4805">
     <span class='ocr_line' id='line_1_95' title="bbox 104 4736 1656 4805; baseline 0.007 -24"><span class='ocrx_word' id='word_1_738' title='bbox 104 4736 283 4787; x_wconf 79' lang='lat' dir='ltr'><strong>creavit</strong></span> <span class='ocrx_word' id='word_1_739' title='bbox 331 4736 607 4800; x_wconf 83' lang='lat' dir='ltr'><strong>universa,</strong></span> <span class='ocrx_word' id='word_1_740' title='bbox 656 4745 713 4787; x_wconf 88' lang='lat' dir='ltr'><strong>ut</strong></span> <span class='ocrx_word' id='word_1_741' title='bbox 751 4750 970 4790; x_wconf 89' lang='lat' dir='ltr'><strong>manens</strong></span> <span class='ocrx_word' id='word_1_742' title='bbox 1007 4737 1146 4789; x_wconf 84' lang='lat' dir='ltr'><strong>Deus</strong></span> <span class='ocrx_word' id='word_1_743' title='bbox 1191 4737 1341 4790; x_wconf 82' lang='lat' dir='ltr'><strong>ﬁeret</strong></span> <span class='ocrx_word' id='word_1_744' title='bbox 1379 4739 1561 4805; x_wconf 90' lang='lat' dir='ltr'><strong>homo,</strong></span> <span class='ocrx_word' id='word_1_745' title='bbox 1600 4751 1656 4792; x_wconf 93' lang='lat' dir='ltr'><strong>ut</strong></span> 
     </span>
    </p>
   </div>
   <div class='ocr_carea' id='block_1_96' title="bbox 102 4825 1655 4885">
    <p class='ocr_par' dir='ltr' id='par_1_96' title="bbox 102 4825 1655 4885">
     <span class='ocr_line' id='line_1_96' title="bbox 102 4825 1655 4885; baseline 0.006 -9"><span class='ocrx_word' id='word_1_746' title='bbox 102 4835 229 4877; x_wconf 72' lang='lat' dir='ltr'><strong>esset</strong></span> <span class='ocrx_word' id='word_1_747' title='bbox 274 4827 539 4881; x_wconf 85' lang='lat' dir='ltr'><strong>mediator</strong></span> <span class='ocrx_word' id='word_1_748' title='bbox 572 4825 661 4879; x_wconf 91' lang='lat' dir='ltr'><strong>Dei</strong></span> <span class='ocrx_word' id='word_1_749' title='bbox 709 4838 761 4880; x_wconf 88' lang='lat' dir='ltr'><strong>et</strong></span> <span class='ocrx_word' id='word_1_750' title='bbox 794 4827 1065 4882; x_wconf 89' lang='lat' dir='ltr'><strong>hominum</strong></span> <span class='ocrx_word' id='word_1_751' title='bbox 1098 4828 1257 4881; x_wconf 91' lang='lat' dir='ltr'><strong>homo</strong></span> <span class='ocrx_word' id='word_1_752' title='bbox 1302 4830 1542 4884; x_wconf 88' lang='lat' dir='ltr'><strong>Christus</strong></span> <span class='ocrx_word' id='word_1_753' title='bbox 1569 4831 1655 4885; x_wconf 88' lang='lat' dir='ltr'><strong>Je-</strong></span> 
     </span>
    </p>
   </div>
   <div class='ocr_carea' id='block_1_97' title="bbox 105 4916 1654 4989">
    <p class='ocr_par' dir='ltr' id='par_1_97' title="bbox 105 4916 1654 4989">
     <span class='ocr_line' id='line_1_97' title="bbox 105 4916 1654 4989; baseline 0.008 -25"><span class='ocrx_word' id='word_1_754' title='bbox 105 4929 180 4966; x_wconf 88' lang='lat' dir='ltr'><strong>sus</strong></span> <span class='ocrx_word' id='word_1_755' title='bbox 215 4936 226 4967; x_wconf 87' lang='lat'><strong>:</strong></span> <span class='ocrx_word' id='word_1_756' title='bbox 259 4916 310 4969; x_wconf 90' lang='lat' dir='ltr'><strong>in</strong></span> <span class='ocrx_word' id='word_1_757' title='bbox 343 4934 500 4986; x_wconf 86' lang='lat' dir='ltr'><strong>quem</strong></span> <span class='ocrx_word' id='word_1_758' title='bbox 532 4919 833 4983; x_wconf 87' lang='lat' dir='ltr'><strong>credentes,</strong></span> <span class='ocrx_word' id='word_1_759' title='bbox 886 4936 978 4988; x_wconf 87' lang='lat' dir='ltr'><strong>per</strong></span> <span class='ocrx_word' id='word_1_760' title='bbox 1008 4922 1272 4974; x_wconf 88' lang='lat' dir='ltr'><strong>lavacrum</strong></span> <span class='ocrx_word' id='word_1_761' title='bbox 1302 4926 1654 4989; x_wconf 81' lang='lat' dir='ltr'><strong>regeneratio-</strong></span> 
     </span>
    </p>
   </div>
   <div class='ocr_carea' id='block_1_98' title="bbox 106 5007 1649 5078">
    <p class='ocr_par' dir='ltr' id='par_1_98' title="bbox 106 5007 1649 5078">
     <span class='ocr_line' id='line_1_98' title="bbox 106 5007 1649 5078; baseline 0.008 -24"><span class='ocrx_word' id='word_1_762' title='bbox 106 5007 176 5055; x_wconf 87' lang='lat' dir='ltr'><strong>nis</strong></span> <span class='ocrx_word' id='word_1_763' title='bbox 200 5008 369 5060; x_wconf 85' lang='lat' dir='ltr'><strong>soluto</strong></span> <span class='ocrx_word' id='word_1_764' title='bbox 402 5019 553 5062; x_wconf 88' lang='lat' dir='ltr'><strong>reatu</strong></span> <span class='ocrx_word' id='word_1_765' title='bbox 584 5013 824 5062; x_wconf 90' lang='lat' dir='ltr'><strong>omnium</strong></span> <span class='ocrx_word' id='word_1_766' title='bbox 859 5023 1218 5078; x_wconf 80' lang='lat' dir='ltr'><strong>peccatorum,</strong></span> <span class='ocrx_word' id='word_1_767' title='bbox 1248 5013 1598 5066; x_wconf 86' lang='lat' dir='ltr'><strong>liberarentur</strong></span> <span class='ocrx_word' id='word_1_768' title='bbox 1622 5029 1649 5065; x_wconf 89' lang='lat' dir='ltr'><strong>a</strong></span> 
     </span>
    </p>
   </div>
   <div class='ocr_carea' id='block_1_99' title="bbox 105 5095 1652 5169">
    <p class='ocr_par' dir='ltr' id='par_1_99' title="bbox 105 5095 1652 5169">
     <span class='ocr_line' id='line_1_99' title="bbox 105 5095 1652 5169; baseline 0.006 -23"><span class='ocrx_word' id='word_1_769' title='bbox 105 5095 425 5152; x_wconf 85' lang='lat' dir='ltr'><strong>damnatione</strong></span> <span class='ocrx_word' id='word_1_770' title='bbox 453 5110 728 5164; x_wconf 87' lang='lat' dir='ltr'><strong>perpetua,</strong></span> <span class='ocrx_word' id='word_1_771' title='bbox 766 5109 817 5151; x_wconf 92' lang='lat' dir='ltr'><strong>et</strong></span> <span class='ocrx_word' id='word_1_772' title='bbox 862 5100 1099 5152; x_wconf 82' lang='lat' dir='ltr'><strong>viverent</strong></span> <span class='ocrx_word' id='word_1_773' title='bbox 1126 5099 1177 5152; x_wconf 86' lang='lat' dir='ltr'><strong>in</strong></span> <span class='ocrx_word' id='word_1_774' title='bbox 1208 5101 1330 5163; x_wconf 84' lang='lat' dir='ltr'><strong>fide,</strong></span> <span class='ocrx_word' id='word_1_775' title='bbox 1361 5112 1411 5155; x_wconf 87' lang='lat' dir='ltr'><strong>et</strong></span> <span class='ocrx_word' id='word_1_776' title='bbox 1452 5117 1565 5169; x_wconf 87' lang='lat' dir='ltr'><strong>spe,</strong></span> <span class='ocrx_word' id='word_1_777' title='bbox 1601 5113 1652 5156; x_wconf 87' lang='lat' dir='ltr'><strong>et</strong></span> 
     </span>
    </p>
   </div>
   <div class='ocr_carea' id='block_1_100' title="bbox 108 5187 1650 5256">
    <p class='ocr_par' dir='ltr' id='par_1_100' title="bbox 108 5187 1650 5256">
     <span class='ocr_line' id='line_1_100' title="bbox 108 5187 1650 5256; baseline 0.005 -20"><span class='ocrx_word' id='word_1_778' title='bbox 108 5187 361 5239; x_wconf 80' lang='lat' dir='ltr'><strong>ctiaritate.</strong></span> <span class='ocrx_word' id='word_1_779' title='bbox 395 5187 460 5239; x_wconf 83' lang='lat' dir='ltr'><strong>Et</strong></span> <span class='ocrx_word' id='word_1_780' title='bbox 491 5188 611 5253; x_wconf 87' lang='lat' dir='ltr'><strong>quia</strong></span> <span class='ocrx_word' id='word_1_781' title='bbox 646 5190 695 5239; x_wconf 91' lang='lat' dir='ltr'><strong>in</strong></span> <span class='ocrx_word' id='word_1_782' title='bbox 747 5190 861 5256; x_wconf 90' lang='lat' dir='ltr'><strong>ipso</strong></span> <span class='ocrx_word' id='word_1_783' title='bbox 891 5203 1101 5256; x_wconf 89' lang='lat' dir='ltr'><strong>quoque</strong></span> <span class='ocrx_word' id='word_1_784' title='bbox 1147 5190 1496 5252; x_wconf 86' lang='lat' dir='ltr'><strong>ambulantes,</strong></span> <span class='ocrx_word' id='word_1_785' title='bbox 1547 5207 1650 5244; x_wconf 90' lang='lat' dir='ltr'><strong>non</strong></span> 
     </span>
    </p>
   </div>
   <div class='ocr_carea' id='block_1_101' title="bbox 108 5279 1652 5346">
    <p class='ocr_par' dir='ltr' id='par_1_101' title="bbox 108 5279 1652 5346">
     <span class='ocr_line' id='line_1_101' title="bbox 108 5279 1652 5346; baseline 0.008 -19"><span class='ocrx_word' id='word_1_786' title='bbox 108 5285 214 5328; x_wconf 83' lang='lat' dir='ltr'><strong>sunt</strong></span> <span class='ocrx_word' id='word_1_787' title='bbox 256 5279 365 5330; x_wconf 90' lang='lat' dir='ltr'><strong>sine</strong></span> <span class='ocrx_word' id='word_1_788' title='bbox 409 5279 667 5344; x_wconf 85' lang='lat' dir='ltr'><strong>peccatis,</strong></span> <span class='ocrx_word' id='word_1_789' title='bbox 711 5293 829 5346; x_wconf 70' lang='lat' dir='ltr'><strong>quae</strong></span> <span class='ocrx_word' id='word_1_790' title='bbox 873 5279 939 5332; x_wconf 93' lang='lat' dir='ltr'><strong>de</strong></span> <span class='ocrx_word' id='word_1_791' title='bbox 984 5281 1139 5346; x_wconf 84' lang='lat' dir='ltr'><strong>hujus</strong></span> <span class='ocrx_word' id='word_1_792' title='bbox 1180 5282 1301 5334; x_wconf 60' lang='lat' dir='ltr'><strong>vita;</strong></span> <span class='ocrx_word' id='word_1_793' title='bbox 1345 5280 1652 5339; x_wconf 88' lang='lat' dir='ltr'><strong>infirmitate</strong></span> 
     </span>
    </p>
   </div>
   <div class='ocr_carea' id='block_1_102' title="bbox 109 5368 1649 5440">
    <p class='ocr_par' dir='ltr' id='par_1_102' title="bbox 109 5368 1649 5440">
     <span class='ocr_line' id='line_1_102' title="bbox 109 5368 1649 5440; baseline 0.007 -26"><span class='ocrx_word' id='word_1_794' title='bbox 109 5368 397 5433; x_wconf 83' lang='lat' dir='ltr'><strong>subrepunt,</strong></span> <span class='ocrx_word' id='word_1_795' title='bbox 433 5368 582 5419; x_wconf 88' lang='lat' dir='ltr'><strong>dedit</strong></span> <span class='ocrx_word' id='word_1_796' title='bbox 614 5370 1078 5437; x_wconf 84' lang='lat' dir='ltr'><strong>eleemosynarum</strong></span> <span class='ocrx_word' id='word_1_797' title='bbox 1115 5371 1347 5424; x_wconf 85' lang='lat' dir='ltr'><strong>remedia</strong></span> <span class='ocrx_word' id='word_1_798' title='bbox 1380 5374 1649 5440; x_wconf 79' lang='lat' dir='ltr'><strong>salutaria,</strong></span> 
     </span>
    </p>
   </div>
   <div class='ocr_carea' id='block_1_103' title="bbox 112 5455 1649 5523">
    <p class='ocr_par' dir='ltr' id='par_1_103' title="bbox 112 5455 1649 5523">
     <span class='ocr_line' id='line_1_103' title="bbox 112 5455 1649 5523; baseline 0.007 -21"><span class='ocrx_word' id='word_1_799' title='bbox 112 5455 276 5518; x_wconf 81' lang='lat' dir='ltr'><strong>quibus</strong></span> <span class='ocrx_word' id='word_1_800' title='bbox 304 5471 484 5508; x_wconf 88' lang='lat' dir='ltr'><strong>eorum</strong></span> <span class='ocrx_word' id='word_1_801' title='bbox 517 5455 864 5523; x_wconf 86' lang='lat' dir='ltr'><strong>adjuvaretur</strong></span> <span class='ocrx_word' id='word_1_802' title='bbox 888 5459 1082 5523; x_wconf 91' lang='lat' dir='ltr'><strong>oratio,</strong></span> <span class='ocrx_word' id='word_1_803' title='bbox 1115 5459 1202 5512; x_wconf 91' lang='lat' dir='ltr'><strong>ubi</strong></span> <span class='ocrx_word' id='word_1_804' title='bbox 1234 5474 1325 5513; x_wconf 85' lang='lat' dir='ltr'><strong>eos</strong></span> <span class='ocrx_word' id='word_1_805' title='bbox 1355 5461 1535 5515; x_wconf 89' lang='lat' dir='ltr'><strong>dicere</strong></span> <span class='ocrx_word' id='word_1_806' title='bbox 1558 5463 1649 5513; x_wconf 82' lang='lat' dir='ltr'><strong>do-</strong></span> 
     </span>
    </p>
   </div>
   <div class='ocr_carea' id='block_1_104' title="bbox 111 5546 1646 5613">
    <p class='ocr_par' dir='ltr' id='par_1_104' title="bbox 111 5546 1646 5613">
     <span class='ocr_line' id='line_1_104' title="bbox 111 5546 1646 5613; baseline 0.006 -19"><span class='ocrx_word' id='word_1_807' title='bbox 111 5546 239 5596; x_wconf 80' lang='lat' dir='ltr'><strong>etiit:</strong></span> <span class='ocrx_word' id='word_1_808' title='bbox 269 5546 465 5599; x_wconf 85' lang='lat' dir='ltr'><strong>Dimitte</strong></span> <span class='ocrx_word' id='word_1_809' title='bbox 496 5549 641 5599; x_wconf 85' lang='lat' dir='ltr'><strong>nobis</strong></span> <span class='ocrx_word' id='word_1_810' title='bbox 665 5549 831 5600; x_wconf 80' lang='lat' dir='ltr'><strong>debita</strong></span> <span class='ocrx_word' id='word_1_811' title='bbox 862 5560 1056 5613; x_wconf 85' lang='lat' dir='ltr'><strong>nostra,</strong></span> <span class='ocrx_word' id='word_1_812' title='bbox 1083 5551 1211 5602; x_wconf 87' lang='lat' dir='ltr'><strong>sicut</strong></span> <span class='ocrx_word' id='word_1_813' title='bbox 1243 5559 1289 5602; x_wconf 88' lang='lat' dir='ltr'><strong>et</strong></span> <span class='ocrx_word' id='word_1_814' title='bbox 1311 5567 1404 5603; x_wconf 84' lang='lat' dir='ltr'><strong>nos</strong></span> <span class='ocrx_word' id='word_1_815' title='bbox 1436 5554 1646 5604; x_wconf 87' lang='lat' dir='ltr'><strong>dimitti-</strong></span> 
     </span>
    </p>
   </div>
   <div class='ocr_carea' id='block_1_105' title="bbox 114 5637 1649 5710">
    <p class='ocr_par' dir='ltr' id='par_1_105' title="bbox 114 5637 1649 5710">
     <span class='ocr_line' id='line_1_105' title="bbox 114 5637 1649 5710; baseline 0.008 -29"><span class='ocrx_word' id='word_1_816' title='bbox 114 5649 209 5685; x_wconf 78' lang='lat' dir='ltr'><strong>mus</strong></span> <span class='ocrx_word' id='word_1_817' title='bbox 233 5638 528 5691; x_wconf 80' lang='lat' dir='ltr'><strong>debitoribus</strong></span> <span class='ocrx_word' id='word_1_818' title='bbox 558 5640 748 5691; x_wconf 84' lang='lat' dir='ltr'><strong>nostris</strong></span> <span class='ocrx_word' id='word_1_819' title='bbox 784 5637 990 5706; x_wconf 72' lang='lat' dir='ltr'><strong>(Matth.</strong></span> <span class='ocrx_word' id='word_1_820' title='bbox 1019 5639 1116 5710; x_wconf 83' lang='lat' dir='ltr'><strong>vi).</strong></span> <span class='ocrx_word' id='word_1_821' title='bbox 1149 5641 1256 5694; x_wconf 87' lang='lat' dir='ltr'><strong>Hoc</strong></span> <span class='ocrx_word' id='word_1_822' title='bbox 1286 5646 1392 5708; x_wconf 87' lang='lat' dir='ltr'><strong>agit</strong></span> <span class='ocrx_word' id='word_1_823' title='bbox 1419 5644 1649 5696; x_wconf 82' lang='lat' dir='ltr'><strong>Ecclesia</strong></span> 
     </span>
    </p>
   </div>
   <div class='ocr_carea' id='block_1_106' title="bbox 119 5730 1651 5800">
    <p class='ocr_par' dir='ltr' id='par_1_106' title="bbox 119 5730 1651 5800">
     <span class='ocr_line' id='line_1_106' title="bbox 119 5730 1651 5800; baseline 0.008 -23"><span class='ocrx_word' id='word_1_824' title='bbox 119 5740 196 5789; x_wconf 13' lang='lat' dir='ltr'><strong>:tV-e</strong></span> <span class='ocrx_word' id='word_1_825' title='bbox 240 5735 377 5783; x_wconf 79' lang='lat' dir='ltr'><strong>beata</strong></span> <span class='ocrx_word' id='word_1_826' title='bbox 430 5731 480 5783; x_wconf 87' lang='lat' dir='ltr'><strong>in</strong></span> <span class='ocrx_word' id='word_1_827' title='bbox 529 5732 628 5783; x_wconf 83' lang='lat' dir='ltr'><strong>hac</strong></span> <span class='ocrx_word' id='word_1_828' title='bbox 677 5730 781 5782; x_wconf 87' lang='lat' dir='ltr'><strong>vita</strong></span> <span class='ocrx_word' id='word_1_829' title='bbox 835 5730 1350 5800; x_wconf 64' lang='lat' dir='ltr'><strong>mrutnuosamnjus</strong></span> <span class='ocrx_word' id='word_1_830' title='bbox 1398 5730 1651 5790; x_wconf 73' lang='lat' dir='ltr'><strong>Ecclesia:</strong></span> 
     </span>
    </p>
   </div>
   <div class='ocr_carea' id='block_1_107' title="bbox 1749 4556 3308 4629">
    <p class='ocr_par' dir='ltr' id='par_1_107' title="bbox 1749 4556 3308 4629">
     <span class='ocr_line' id='line_1_107' title="bbox 1749 4556 3308 4629; baseline -0.007 -11"><span class='ocrx_word' id='word_1_831' title='bbox 1749 4566 1857 4628; x_wconf 80' lang='lat' dir='ltr'><strong>via,</strong></span> <span class='ocrx_word' id='word_1_832' title='bbox 1890 4565 2055 4616; x_wconf 89' lang='lat' dir='ltr'><strong>altera</strong></span> <span class='ocrx_word' id='word_1_833' title='bbox 2088 4563 2142 4615; x_wconf 91' lang='lat' dir='ltr'><strong>in</strong></span> <span class='ocrx_word' id='word_1_834' title='bbox 2186 4561 2386 4629; x_wconf 85' lang='lat' dir='ltr'><strong>patria;</strong></span> <span class='ocrx_word' id='word_1_835' title='bbox 2424 4575 2527 4612; x_wconf 90' lang='lat' dir='ltr'><strong>una</strong></span> <span class='ocrx_word' id='word_1_836' title='bbox 2573 4560 2624 4612; x_wconf 90' lang='lat' dir='ltr'><strong>in</strong></span> <span class='ocrx_word' id='word_1_837' title='bbox 2668 4573 2827 4626; x_wconf 88' lang='lat' dir='ltr'><strong>opere</strong></span> <span class='ocrx_word' id='word_1_838' title='bbox 2861 4557 3109 4617; x_wconf 89' lang='lat' dir='ltr'><strong>actionis,</strong></span> <span class='ocrx_word' id='word_1_839' title='bbox 3143 4556 3308 4608; x_wconf 87' lang='lat' dir='ltr'><strong>altera</strong></span> 
     </span>
    </p>
   </div>
   <div class='ocr_carea' id='block_1_108' title="bbox 1750 4646 3311 4718">
    <p class='ocr_par' dir='ltr' id='par_1_108' title="bbox 1750 4646 3311 4718">
     <span class='ocr_line' id='line_1_108' title="bbox 1750 4646 3311 4718; baseline -0.008 -11"><span class='ocrx_word' id='word_1_840' title='bbox 1750 4654 1804 4707; x_wconf 90' lang='lat' dir='ltr'><strong>in</strong></span> <span class='ocrx_word' id='word_1_841' title='bbox 1829 4654 2069 4707; x_wconf 89' lang='lat' dir='ltr'><strong>mercede</strong></span> <span class='ocrx_word' id='word_1_842' title='bbox 2085 4650 2580 4718; x_wconf 88' lang='lat' dir='ltr'><strong>contemplationis;</strong></span> <span class='ocrx_word' id='word_1_843' title='bbox 2608 4663 2713 4700; x_wconf 91' lang='lat' dir='ltr'><strong>una</strong></span> <span class='ocrx_word' id='word_1_844' title='bbox 2747 4647 2980 4700; x_wconf 89' lang='lat' dir='ltr'><strong>declinat</strong></span> <span class='ocrx_word' id='word_1_845' title='bbox 3013 4661 3042 4698; x_wconf 90' lang='lat' dir='ltr'><strong>a</strong></span> <span class='ocrx_word' id='word_1_846' title='bbox 3071 4646 3232 4708; x_wconf 89' lang='lat' dir='ltr'><strong>malo,</strong></span> <span class='ocrx_word' id='word_1_847' title='bbox 3258 4654 3311 4696; x_wconf 88' lang='lat' dir='ltr'><strong>et</strong></span> 
     </span>
    </p>
   </div>
   <div class='ocr_carea' id='block_1_109' title="bbox 1751 4735 3308 4804">
    <p class='ocr_par' dir='ltr' id='par_1_109' title="bbox 1751 4735 3308 4804">
     <span class='ocr_line' id='line_1_109' title="bbox 1751 4735 3308 4804; baseline -0.008 -6"><span class='ocrx_word' id='word_1_848' title='bbox 1751 4745 1881 4798; x_wconf 86' lang='lat' dir='ltr'><strong>facit</strong></span> <span class='ocrx_word' id='word_1_849' title='bbox 1912 4743 2111 4797; x_wconf 90' lang='lat' dir='ltr'><strong>bonum</strong></span> <span class='ocrx_word' id='word_1_850' title='bbox 2139 4781 2151 4804; x_wconf 92' lang='lat'><strong>,</strong></span> <span class='ocrx_word' id='word_1_851' title='bbox 2195 4742 2361 4795; x_wconf 87' lang='lat' dir='ltr'><strong>altera</strong></span> <span class='ocrx_word' id='word_1_852' title='bbox 2401 4739 2607 4792; x_wconf 90' lang='lat' dir='ltr'><strong>nullum</strong></span> <span class='ocrx_word' id='word_1_853' title='bbox 2663 4737 2820 4791; x_wconf 88' lang='lat' dir='ltr'><strong>habet</strong></span> <span class='ocrx_word' id='word_1_854' title='bbox 2871 4752 2899 4789; x_wconf 90' lang='lat' dir='ltr'><strong>a</strong></span> <span class='ocrx_word' id='word_1_855' title='bbox 2938 4752 3041 4804; x_wconf 90' lang='lat' dir='ltr'><strong>quo</strong></span> <span class='ocrx_word' id='word_1_856' title='bbox 3079 4735 3308 4788; x_wconf 89' lang='lat' dir='ltr'><strong>declinet</strong></span> 
     </span>
    </p>
   </div>
   <div class='ocr_carea' id='block_1_110' title="bbox 1748 4827 3306 4900">
    <p class='ocr_par' dir='ltr' id='par_1_110' title="bbox 1748 4827 3306 4900">
     <span class='ocr_line' id='line_1_110' title="bbox 1748 4827 3306 4900; baseline -0.008 -12"><span class='ocrx_word' id='word_1_857' title='bbox 1748 4836 1968 4897; x_wconf 74' lang='lat' dir='ltr'><strong>malum,</strong></span> <span class='ocrx_word' id='word_1_858' title='bbox 2014 4841 2066 4885; x_wconf 89' lang='lat' dir='ltr'><strong>et</strong></span> <span class='ocrx_word' id='word_1_859' title='bbox 2093 4846 2339 4900; x_wconf 90' lang='lat' dir='ltr'><strong>magnum</strong></span> <span class='ocrx_word' id='word_1_860' title='bbox 2379 4844 2485 4898; x_wconf 92' lang='lat' dir='ltr'><strong>quo</strong></span> <span class='ocrx_word' id='word_1_861' title='bbox 2531 4829 2741 4881; x_wconf 78' lang='lat' dir='ltr'><strong>fruatur</strong></span> <span class='ocrx_word' id='word_1_862' title='bbox 2781 4827 3002 4888; x_wconf 86' lang='lat' dir='ltr'><strong>bonum;</strong></span> <span class='ocrx_word' id='word_1_863' title='bbox 3038 4841 3143 4877; x_wconf 90' lang='lat' dir='ltr'><strong>una</strong></span> <span class='ocrx_word' id='word_1_864' title='bbox 3184 4839 3306 4877; x_wconf 90' lang='lat' dir='ltr'><strong>cum</strong></span> 
     </span>
    </p>
   </div>
   <div class='ocr_carea' id='block_1_111' title="bbox 1747 4918 3305 4991">
    <p class='ocr_par' dir='ltr' id='par_1_111' title="bbox 1747 4918 3305 4991">
     <span class='ocr_line' id='line_1_111' title="bbox 1747 4918 3305 4991; baseline -0.007 -14"><span class='ocrx_word' id='word_1_865' title='bbox 1747 4925 1900 4978; x_wconf 87' lang='lat' dir='ltr'><strong>hoste</strong></span> <span class='ocrx_word' id='word_1_866' title='bbox 1929 4923 2216 4991; x_wconf 82' lang='lat' dir='ltr'><strong>depugnat,</strong></span> <span class='ocrx_word' id='word_1_867' title='bbox 2253 4922 2418 4972; x_wconf 89' lang='lat' dir='ltr'><strong>altera</strong></span> <span class='ocrx_word' id='word_1_868' title='bbox 2450 4920 2565 4972; x_wconf 90' lang='lat' dir='ltr'><strong>sine</strong></span> <span class='ocrx_word' id='word_1_869' title='bbox 2602 4918 2751 4971; x_wconf 88' lang='lat' dir='ltr'><strong>hoste</strong></span> <span class='ocrx_word' id='word_1_870' title='bbox 2781 4925 3001 4985; x_wconf 86' lang='lat' dir='ltr'><strong>regnat;</strong></span> <span class='ocrx_word' id='word_1_871' title='bbox 3040 4931 3144 4968; x_wconf 90' lang='lat' dir='ltr'><strong>una</strong></span> <span class='ocrx_word' id='word_1_872' title='bbox 3183 4931 3305 4967; x_wconf 89' lang='lat' dir='ltr'><strong>car-</strong></span> 
     </span>
    </p>
   </div>
   <div class='ocr_carea' id='block_1_112' title="bbox 1747 5007 3308 5076">
    <p class='ocr_par' dir='ltr' id='par_1_112' title="bbox 1747 5007 3308 5076">
     <span class='ocr_line' id='line_1_112' title="bbox 1747 5007 3308 5076; baseline -0.007 -7"><span class='ocrx_word' id='word_1_873' title='bbox 1747 5017 1894 5069; x_wconf 89' lang='lat' dir='ltr'><strong>nales</strong></span> <span class='ocrx_word' id='word_1_874' title='bbox 1927 5015 2174 5067; x_wconf 89' lang='lat' dir='ltr'><strong>libidines</strong></span> <span class='ocrx_word' id='word_1_875' title='bbox 2212 5012 2404 5074; x_wconf 82' lang='lat' dir='ltr'><strong>frenat,</strong></span> <span class='ocrx_word' id='word_1_876' title='bbox 2443 5011 2609 5064; x_wconf 86' lang='lat' dir='ltr'><strong>altera</strong></span> <span class='ocrx_word' id='word_1_877' title='bbox 2639 5009 2971 5076; x_wconf 87' lang='lat' dir='ltr'><strong>spiritalibus</strong></span> <span class='ocrx_word' id='word_1_878' title='bbox 2997 5007 3308 5059; x_wconf 84' lang='lat' dir='ltr'><strong>delectatio-</strong></span> 
     </span>
    </p>
   </div>
   <div class='ocr_carea' id='block_1_113' title="bbox 1747 5097 3306 5168">
    <p class='ocr_par' dir='ltr' id='par_1_113' title="bbox 1747 5097 3306 5168">
     <span class='ocr_line' id='line_1_113' title="bbox 1747 5097 3306 5168; baseline -0.007 -6"><span class='ocrx_word' id='word_1_879' title='bbox 1747 5108 1901 5162; x_wconf 92' lang='lat' dir='ltr'><strong>nibus</strong></span> <span class='ocrx_word' id='word_1_880' title='bbox 1937 5114 2124 5168; x_wconf 90' lang='lat' dir='ltr'><strong>vacat;</strong></span> <span class='ocrx_word' id='word_1_881' title='bbox 2167 5118 2271 5155; x_wconf 90' lang='lat' dir='ltr'><strong>una</strong></span> <span class='ocrx_word' id='word_1_882' title='bbox 2306 5101 2555 5155; x_wconf 89' lang='lat' dir='ltr'><strong>subvenit</strong></span> <span class='ocrx_word' id='word_1_883' title='bbox 2599 5098 2883 5166; x_wconf 62' lang='lat' dir='ltr'><strong>indigenti,</strong></span> <span class='ocrx_word' id='word_1_884' title='bbox 2920 5097 3087 5148; x_wconf 85' lang='lat' dir='ltr'><strong>altera</strong></span> <span class='ocrx_word' id='word_1_885' title='bbox 3122 5097 3190 5148; x_wconf 92' lang='lat' dir='ltr'><strong>ibi</strong></span> <span class='ocrx_word' id='word_1_886' title='bbox 3224 5107 3306 5151; x_wconf 87' lang='lat' dir='ltr'><strong>est</strong></span> 
     </span>
    </p>
   </div>
   <div class='ocr_carea' id='block_1_114' title="bbox 1746 5185 3304 5256">
    <p class='ocr_par' dir='ltr' id='par_1_114' title="bbox 1746 5185 3304 5256">
     <span class='ocr_line' id='line_1_114' title="bbox 1746 5185 3304 5256; baseline -0.011 -6"><span class='ocrx_word' id='word_1_887' title='bbox 1746 5197 1834 5250; x_wconf 90' lang='lat' dir='ltr'><strong>ubi</strong></span> <span class='ocrx_word' id='word_1_888' title='bbox 1864 5195 2066 5248; x_wconf 89' lang='lat' dir='ltr'><strong>nullum</strong></span> <span class='ocrx_word' id='word_1_889' title='bbox 2095 5191 2299 5245; x_wconf 89' lang='lat' dir='ltr'><strong>invenit</strong></span> <span class='ocrx_word' id='word_1_890' title='bbox 2327 5189 2688 5256; x_wconf 86' lang='lat' dir='ltr'><strong>indigentem;</strong></span> <span class='ocrx_word' id='word_1_891' title='bbox 2723 5200 2825 5237; x_wconf 93' lang='lat' dir='ltr'><strong>una</strong></span> <span class='ocrx_word' id='word_1_892' title='bbox 2864 5185 3035 5236; x_wconf 87' lang='lat' dir='ltr'><strong>aliena</strong></span> <span class='ocrx_word' id='word_1_893' title='bbox 3067 5193 3304 5249; x_wconf 86' lang='lat' dir='ltr'><strong>peccata,</strong></span> 
     </span>
    </p>
   </div>
   <div class='ocr_carea' id='block_1_115' title="bbox 1747 5276 3306 5352">
    <p class='ocr_par' dir='ltr' id='par_1_115' title="bbox 1747 5276 3306 5352">
     <span class='ocr_line' id='line_1_115' title="bbox 1747 5276 3306 5352; baseline -0.011 -12"><span class='ocrx_word' id='word_1_894' title='bbox 1747 5297 1803 5340; x_wconf 93' lang='lat' dir='ltr'><strong>ut</strong></span> <span class='ocrx_word' id='word_1_895' title='bbox 1840 5300 1936 5339; x_wconf 88' lang='lat' dir='ltr'><strong>sua</strong></span> <span class='ocrx_word' id='word_1_896' title='bbox 1974 5285 2074 5338; x_wconf 90' lang='lat' dir='ltr'><strong>sibi</strong></span> <span class='ocrx_word' id='word_1_897' title='bbox 2109 5284 2480 5352; x_wconf 89' lang='lat' dir='ltr'><strong>ignoscantur,</strong></span> <span class='ocrx_word' id='word_1_898' title='bbox 2512 5276 2759 5346; x_wconf 86' lang='lat' dir='ltr'><strong>ignoscit,</strong></span> <span class='ocrx_word' id='word_1_899' title='bbox 2785 5276 2948 5326; x_wconf 87' lang='lat' dir='ltr'><strong>altera</strong></span> <span class='ocrx_word' id='word_1_900' title='bbox 2982 5289 3076 5326; x_wconf 86' lang='lat' dir='ltr'><strong>nec</strong></span> <span class='ocrx_word' id='word_1_901' title='bbox 3105 5276 3306 5339; x_wconf 90' lang='lat' dir='ltr'><strong>patitur</strong></span> 
     </span>
    </p>
   </div>
   <div class='ocr_carea' id='block_1_116' title="bbox 1743 5362 3300 5447">
    <p class='ocr_par' dir='ltr' id='par_1_116' title="bbox 1743 5362 3300 5447">
     <span class='ocr_line' id='line_1_116' title="bbox 1743 5362 3300 5447; baseline -0.013 -17"><span class='ocrx_word' id='word_1_902' title='bbox 1743 5379 1884 5447; x_wconf 89' lang='lat' dir='ltr'><strong>quod</strong></span> <span class='ocrx_word' id='word_1_903' title='bbox 1924 5377 2187 5440; x_wconf 71' lang='lat' dir='ltr'><strong>ignoscat,</strong></span> <span class='ocrx_word' id='word_1_904' title='bbox 2224 5387 2320 5425; x_wconf 91' lang='lat' dir='ltr'><strong>nec</strong></span> <span class='ocrx_word' id='word_1_905' title='bbox 2351 5371 2481 5423; x_wconf 86' lang='lat' dir='ltr'><strong>facit</strong></span> <span class='ocrx_word' id='word_1_906' title='bbox 2529 5368 2674 5435; x_wconf 89' lang='lat' dir='ltr'><strong>quod</strong></span> <span class='ocrx_word' id='word_1_907' title='bbox 2722 5365 2822 5418; x_wconf 85' lang='lat' dir='ltr'><strong>sibi</strong></span> <span class='ocrx_word' id='word_1_908' title='bbox 2861 5364 3034 5431; x_wconf 77' lang='lat' dir='ltr'><strong>poscit</strong></span> <span class='ocrx_word' id='word_1_909' title='bbox 3061 5362 3300 5430; x_wconf 79' lang='lat' dir='ltr'><strong>ignosci;</strong></span> 
     </span>
    </p>
   </div>
   <div class='ocr_carea' id='block_1_117' title="bbox 1741 5451 3302 5519">
    <p class='ocr_par' dir='ltr' id='par_1_117' title="bbox 1741 5451 3302 5519">
     <span class='ocr_line' id='line_1_117' title="bbox 1741 5451 3302 5519; baseline -0.012 -1"><span class='ocrx_word' id='word_1_910' title='bbox 1741 5482 1845 5519; x_wconf 87' lang='lat' dir='ltr'><strong>una</strong></span> <span class='ocrx_word' id='word_1_911' title='bbox 1878 5465 2016 5517; x_wconf 89' lang='lat' dir='ltr'><strong>bona</strong></span> <span class='ocrx_word' id='word_1_912' title='bbox 2045 5474 2100 5516; x_wconf 89' lang='lat' dir='ltr'><strong>et</strong></span> <span class='ocrx_word' id='word_1_913' title='bbox 2131 5464 2266 5514; x_wconf 89' lang='lat' dir='ltr'><strong>mala</strong></span> <span class='ocrx_word' id='word_1_914' title='bbox 2299 5459 2577 5518; x_wconf 87' lang='lat' dir='ltr'><strong>discernit,</strong></span> <span class='ocrx_word' id='word_1_915' title='bbox 2614 5455 2779 5507; x_wconf 88' lang='lat' dir='ltr'><strong>altera</strong></span> <span class='ocrx_word' id='word_1_916' title='bbox 2817 5467 2931 5517; x_wconf 70' lang='lat' dir='ltr'><strong>qum</strong></span> <span class='ocrx_word' id='word_1_917' title='bbox 2985 5451 3123 5503; x_wconf 89' lang='lat' dir='ltr'><strong>bona</strong></span> <span class='ocrx_word' id='word_1_918' title='bbox 3174 5458 3302 5502; x_wconf 90' lang='lat' dir='ltr'><strong>sunt</strong></span> 
     </span>
    </p>
   </div>
   <div class='ocr_carea' id='block_1_118' title="bbox 1741 5537 3301 5619">
    <p class='ocr_par' dir='ltr' id='par_1_118' title="bbox 1741 5537 3301 5619">
     <span class='ocr_line' id='line_1_118' title="bbox 1741 5537 3301 5619; baseline -0.012 -13"><span class='ocrx_word' id='word_1_919' title='bbox 1741 5553 1930 5606; x_wconf 76' lang='lat' dir='ltr'><strong>cernit.</strong></span> <span class='ocrx_word' id='word_1_920' title='bbox 1968 5551 2106 5619; x_wconf 84' lang='lat' dir='ltr'><strong>Ergo</strong></span> <span class='ocrx_word' id='word_1_921' title='bbox 2143 5564 2246 5603; x_wconf 90' lang='lat' dir='ltr'><strong>una</strong></span> <span class='ocrx_word' id='word_1_922' title='bbox 2269 5549 2414 5616; x_wconf 67' lang='lat' dir='ltr'><strong>bona</strong></span> <span class='ocrx_word' id='word_1_923' title='bbox 2446 5555 2547 5607; x_wconf 90' lang='lat' dir='ltr'><strong>est,</strong></span> <span class='ocrx_word' id='word_1_924' title='bbox 2579 5542 2671 5596; x_wconf 89' lang='lat' dir='ltr'><strong>sed</strong></span> <span class='ocrx_word' id='word_1_925' title='bbox 2702 5540 2874 5590; x_wconf 87' lang='lat' dir='ltr'><strong>adhuc</strong></span> <span class='ocrx_word' id='word_1_926' title='bbox 2899 5538 3114 5599; x_wconf 82' lang='lat' dir='ltr'><strong>misera,</strong></span> <span class='ocrx_word' id='word_1_927' title='bbox 3135 5537 3301 5599; x_wconf 78' lang='lat' dir='ltr'><strong>altera</strong></span> 
     </span>
    </p>
   </div>
   <div class='ocr_carea' id='block_1_119' title="bbox 1741 5629 3298 5707">
    <p class='ocr_par' dir='ltr' id='par_1_119' title="bbox 1741 5629 3298 5707">
     <span class='ocr_line' id='line_1_119' title="bbox 1741 5629 3298 5707; baseline -0.013 -10"><span class='ocrx_word' id='word_1_928' title='bbox 1741 5645 1950 5707; x_wconf 90' lang='lat' dir='ltr'><strong>melior,</strong></span> <span class='ocrx_word' id='word_1_929' title='bbox 1984 5653 2036 5694; x_wconf 90' lang='lat' dir='ltr'><strong>et</strong></span> <span class='ocrx_word' id='word_1_930' title='bbox 2069 5642 2243 5694; x_wconf 87' lang='lat' dir='ltr'><strong>beata.</strong></span> <span class='ocrx_word' id='word_1_931' title='bbox 2279 5641 2385 5692; x_wconf 87' lang='lat' dir='ltr'><strong>lsta</strong></span> <span class='ocrx_word' id='word_1_932' title='bbox 2428 5639 2723 5706; x_wconf 85' lang='lat' dir='ltr'><strong>signiticata</strong></span> <span class='ocrx_word' id='word_1_933' title='bbox 2759 5646 2840 5688; x_wconf 90' lang='lat' dir='ltr'><strong>est</strong></span> <span class='ocrx_word' id='word_1_934' title='bbox 2869 5649 2962 5702; x_wconf 89' lang='lat' dir='ltr'><strong>per</strong></span> <span class='ocrx_word' id='word_1_935' title='bbox 2996 5629 3298 5698; x_wconf 85' lang='lat' dir='ltr'><strong>apostolum</strong></span> 
     </span>
    </p>
   </div>
   <div class='ocr_carea' id='block_1_120' title="bbox 1740 5719 3299 5800">
    <p class='ocr_par' dir='ltr' id='par_1_120' title="bbox 1740 5719 3299 5800">
     <span class='ocr_line' id='line_1_120' title="bbox 1740 5719 3299 5800; baseline -0.014 -8"><span class='ocrx_word' id='word_1_936' title='bbox 1740 5737 1977 5800; x_wconf 83' lang='lat' dir='ltr'><strong>Petrum,</strong></span> <span class='ocrx_word' id='word_1_937' title='bbox 2011 5733 2097 5787; x_wconf 82' lang='lat' dir='ltr'><strong>illa</strong></span> <span class='ocrx_word' id='word_1_938' title='bbox 2126 5746 2215 5800; x_wconf 80' lang='lat' dir='ltr'><strong>per</strong></span> <span class='ocrx_word' id='word_1_939' title='bbox 2247 5727 2528 5784; x_wconf 81' lang='lat' dir='ltr'><strong>Joannem.</strong></span> <span class='ocrx_word' id='word_1_940' title='bbox 2563 5726 2694 5782; x_wconf 82' lang='lat' dir='ltr'><strong>Tota</strong></span> <span class='ocrx_word' id='word_1_941' title='bbox 2737 5727 2819 5780; x_wconf 83' lang='lat' dir='ltr'><strong>hic</strong></span> <span class='ocrx_word' id='word_1_942' title='bbox 2853 5723 3024 5793; x_wconf 88' lang='lat' dir='ltr'><strong>agitur</strong></span> <span class='ocrx_word' id='word_1_943' title='bbox 3073 5719 3169 5774; x_wconf 85' lang='lat' dir='ltr'><strong>ista</strong></span> <span class='ocrx_word' id='word_1_944' title='bbox 3207 5731 3299 5771; x_wconf 56' lang='lat' dir='ltr'><strong>uso</strong></span> 
     </span>
    </p>
   </div>
  </div>
