3884 6232
540 314 641 370 955

960 305 1163 359 BENE
1210 299 1653 356 \‘ENERABILIS
1692 297 1841 353 OPP.
1887 296 2064 353 PARS
2104 296 2165 350 ll.
2206 293 2399 350 SEC'I‘.
2444 291 2483 347 1.
2528 320 2592 333 -
2631 289 3011 345 EXECEI‘ICA
3052 289 3372 345 GENI‘lNA.
3668 296 3752 349 936

534 440 638 497 que
678 425 729 477 in
776 424 932 492 hujus
984 419 1162 473 amenti
1196 418 1378 477 ﬁnem,
1426 424 1481 469 et
1521 414 1628 467 illic
1667 413 1863 466 invenit
1907 410 2099 473 ﬁnem;
2133 409 2181 470 Α
2210 405 2379 475 xxiv),
2406 402 2680 455 miseriam
2713 410 2949 455 nostram
2992 410 3310 470 prmsentem
3345 416 3612 469 novimus,
3647 413 3751 474 quia

544 514 787 571 differtur
814 513 900 567 illa
929 508 1243 579 complenda
1270 516 1386 575 post
1408 504 1561 574 hujus
1587 502 1770 558 steculi
1802 502 1982 565 ﬁnem,
2008 500 2099 553 sed

543 609 598 663 in
631 607 807 668 futuro
834 603 1037 657 sarculo
1080 616 1181 655 non
1213 599 1368 652 habet
1400 597 1579 650 finem.
1608 596 1731 650 Ideo
1759 595 1950 648 dicitur
1982 592 2103 646 huic

547 701 767 766 Sequere
799 709 917 757 me;
941 692 1007 747 de
1046 691 1135 745 illo
1158 698 1331 743 autem
1359 704 1373 740 :
1399 688 1461 741 Si
1489 703 1603 741 eum
1638 687 1752 739 volo
1783 700 1984 737 ntanere
2012 684 2104 734 do—
2140 714 2147 722 ι

540 803 631 841 nec
655 788 879 854 veniam,
906 783 1029 855 quid
1054 782 1124 835 ad
1151 781 1237 835 te?
1259 790 1312 833 tu
1338 795 1416 832 me
1441 770 1666 847 sequere.
1707 776 1839 844 Quid
1887 775 2024 828 enim
2052 783 2104 828 et

544 878 665 938 hoc,
698 889 948 943 quantum
980 873 1149 941 sapio,
1194 881 1444 940 qnanturn
1490 870 1669 937 capio,
1701 866 1825 935 quid
1853 875 1935 921 est
1982 866 2102 928 hoc,

545 969 647 1023 nisi
678 968 754 1021 Tu
798 982 874 1019 me
900 980 1103 1033 sequere
1126 978 1219 1030 per
1249 962 1597 1015 imitationem
1631 958 1929 1027 perferendi
1972 966 2108 1011 tern-

543 1058 740 1127 puralia
788 1056 959 1121 mala;
1009 1055 1341 1108 ille‘maneat
1387 1050 1556 1104 donec
1598 1048 1920 1117 sempiterna
1949 1048 2107 1099 venio

543 1149 847 1203 redditurus
872 1146 1045 1201 bona?
1072 1144 1224 1212 Quod
1250 1142 1479 1211 apertius
1512 1143 1583 1195 ita
1610 1140 1714 1195 dici
1748 1148 1921 1209 potest
1946 1158 1957 1191 :
1985 1139 2108 1192 Per-

546 1241 681 1293 fecta
731 1255 813 1292 me
844 1246 1095 1306 sequatur
1139 1235 1298 1298 actio,
1346 1232 1624 1285 informata
1676 1245 1809 1284 mea:
1851 1228 2108 1297 passionis

550 1331 816 1398 exemplo,
852 1330 1098 1382 inchoata
1126 1340 1251 1381 vero
1280 1324 1658 1393 contemplatio
1689 1332 1899 1401 maneat
1940 1322 2107 1376 donec

550 1421 724 1485 venio,
763 1419 1087 1487 perficienda
1112 1432 1230 1469 cum
1264 1430 1481 1468 venero.
1514 1416 1762 1484 Sequitur
1792 1416 1931 1467 enim
1960 1411 2109 1466 Chri—

549 1522 688 1562 stum
740 1507 1053 1578 perveniens
1105 1522 1274 1575 usque
1318 1507 1382 1559 ad
1432 1517 1658 1561 mortem
1704 1506 1786 1573 pia
1838 1504 2109 1573 plenitudo

550 1603 818 1669 patientiae
845 1619 857 1665 ;
892 1612 1069 1655 manet
1092 1614 1266 1654 autem
1297 1602 1465 1653 donec
1497 1599 1670 1651 veniat
1693 1595 1960 1661 Christus,
1986 1604 2110 1648 tunc

557 1691 942 1745 manifestanda
966 1691 1235 1758 plenitudo
1258 1692 1514 1744 scientiae.
1542 1689 1637 1742 llic
1660 1689 1853 1757 quippe
1874 1688 2109 1741 toleran-

2203 498 2497 554 sentimus;
2531 504 2581 548 et
2612 493 2730 547 ideo
2757 493 3175 547 misericordiam
3210 492 3447 560 Domini,
3479 510 3635 563 quam
3667 514 3750 550 no-

2206 589 2283 642 bis
2306 589 2371 643 de
2397 586 2610 641 miseria
2636 585 2923 640 liberandis
2941 585 3180 640 exhiberi
3206 588 3468 650 volumus,
3496 588 3610 655 plus
3626 604 3751 643 arua.

2205 694 2342 744 mus,
2363 692 2586 746 eamque
2600 676 2833 743 quotidie
2847 678 3075 732 maxime
3094 687 3432 747 peccatorum
3458 680 3751 737 remissione

2206 770 2477 839 poscimus
2508 778 2560 823 et
2584 768 2863 823 habemus.
2899 767 3013 822 Hoc
3056 784 3151 837 per
3175 770 3388 825 Petrum
3427 770 3748 840 signiﬁcatum

2207 870 2288 914 est
2321 861 2440 929 plus
2470 868 2759 923 amantem,
2801 859 2894 912 sed
2927 860 3099 913 minus
3148 870 3406 927 amatum,
3436 864 3556 932 quia
3602 865 3750 919 minus

2209 968 2303 1006 nos
2353 959 2499 1004 amat
2541 951 2781 1005 Christus
2809 952 3040 1006 miseros
3078 968 3238 1021 quam
3287 954 3493 1009 beatos.
3528 954 3751 1010 Veritatis

2206 1047 2346 1099 enirn
2383 1045 2904 1113 contemplationem,
2950 1046 3123 1113 qualis
3154 1057 3279 1102 tunc
3320 1047 3493 1103 futura
3537 1061 3637 1116 est,
3666 1067 3749 1104 nn-

2208 1151 2307 1189 nus
2339 1150 2603 1202 amamus,
2635 1134 2757 1206 quia
2788 1136 3020 1190 noirdnm
3069 1138 3335 1204 novimus,
3371 1154 3467 1193 nec
3500 1140 3749 1194 habemus.

2209 1226 2332 1280 llzec
2370 1242 2466 1296 per
2504 1227 2762 1281 Joannem
2806 1227 3099 1296 signiﬁcata
3153 1236 3237 1282 est
3267 1228 3442 1284 minus
3492 1241 3751 1297 amantem,

2208 1329 2363 1387 atque
2391 1320 2509 1374 ideo
2536 1328 2588 1372 et
2615 1319 2681 1372 ad
2709 1319 2905 1388 ipsam,
2939 1329 2992 1374 et
3014 1320 3078 1372 ad
3112 1320 3228 1388 ejus
3262 1321 3314 1374 in
3340 1321 3495 1375 nobis
3523 1338 3750 1387 amorem,

2213 1409 2390 1476 qualis
2418 1411 2465 1464 ei
2512 1409 2761 1474 debetur,
2806 1410 3152 1478 implendam,
3184 1413 3353 1465 donec
3385 1412 3560 1467 veniat
3595 1412 3751 1467 Domi-

2216 1516 2336 1566 nus,
2366 1509 2792 1570 exspectantem,
2821 1503 2915 1556 sed
2963 1502 3081 1569 plus
3110 1514 3367 1567 amatum,
3407 1505 3529 1573 quia
3558 1505 3606 1559 id
3635 1509 3751 1574 quod

2211 1606 2304 1657 per
2340 1590 2487 1644 illum
2540 1592 2818 1661 figuratum
2852 1601 2955 1655 est,
2990 1591 3090 1644 hoc
3132 1590 3294 1645 efficit
3335 1594 3569 1647 beatum.
3615 1594 3753 1649 Neam

2212 1680 2346 1734 istos
2404 1691 2581 1736 tamen
2631 1682 2865 1751 insignes
2917 1684 3187 1750 apostolos
3223 1694 3464 1752 separat;
3511 1693 3564 1739 et
3614 1686 3660 1739 in
3700 1702 3755 1741 eo

548 1793 634 1837 tur
658 1784 792 1837 mala
826 1784 981 1849 hujus
1013 1783 1192 1835 mundi
1223 1784 1274 1834 in
1303 1791 1439 1835 terra
1466 1780 1827 1841 morientium,
1861 1779 1928 1831 ihi
1965 1778 2104 1833 vide-

2218 1771 2354 1837 quod
2389 1771 2999 1841 signiﬁcabatJuanncs,
3023 1772 3181 1826 ambo
3206 1773 3363 1827 futuri
3395 1783 3566 1828 erant.
3598 1774 3754 1845 Signi-

550 1870 745 1929 buntnr
774 1876 909 1928 bona
941 1874 1146 1928 Domini
1178 1877 1228 1927 in
1261 1885 1397 1929 terra
1430 1874 1740 1927 viventium.
1776 1872 1927 1937 Quod
1967 1872 2106 1925 enim

547 1970 655 2020 ait:
694 1966 821 2019 Volo
848 1968 980 2020 enim
1009 1983 1211 2021 manere
1242 1968 1399 2020 donec
1422 1968 1640 2030 veniam,
1674 1980 1778 2018 non
1802 1965 1878 2018 sic
1898 1965 2106 2025 intelli-

549 2061 779 2129 gendum
818 2068 900 2113 est
926 2060 1073 2127 quasi
1099 2058 1296 2111 dixerit
1338 2072 1632 2122 remanere,
1659 2057 1739 2111 vel
1773 2070 2108 2124 permanere,

553 2152 647 2205 sed
675 2161 1025 2218 exspectare:
1056 2150 1304 2217 qu0niam
1354 2147 1496 2217 quod
1537 2162 1629 2215 per
1674 2161 1795 2200 eum
1844 2145 2109 2213 signiﬁca-

549 2250 655 2307 tnr,
687 2255 792 2293 non
824 2242 1002 2308 utique
1031 2252 1193 2306 nunc,
1225 2238 1320 2291 sed
1343 2253 1462 2291 cum
1489 2238 1691 2290 venerit
1718 2236 1983 2300 Christus,
2015 2236 2111 2288 im-

546 2334 799 2401 plebitur.
843 2332 991 2397 Quod
1022 2341 1195 2384 autem
1228 2344 1321 2399 per
1359 2332 1499 2383 hunc
1531 2328 1876 2397 significatur,
1905 2327 1987 2381 cui
2031 2327 2112 2380 di-

547 2434 689 2475 etum
721 2434 820 2486 est,
856 2423 933 2475 Tu
956 2438 1033 2473 me
1054 2438 1276 2491 sequere,
1309 2420 1409 2473 nisi
1450 2436 1586 2472 nunc
1620 2432 1825 2487 agatur,
1854 2434 1949 2472 nec
1981 2433 2111 2486 per—

549 2512 793 2566 venietur
830 2513 893 2565 ad
940 2514 1067 2565 illud
1111 2512 1249 2579 quod
1292 2520 1647 2578 exspectatur.
1692 2510 1744 2561 In
1789 2512 1885 2562 hac
1934 2519 2111 2561 autem

549 2607 718 2659 aetiva
746 2605 847 2657 vita
878 2613 1077 2673 quanto
1110 2604 1279 2669 magis
1323 2602 1596 2655 Christum
1639 2600 1933 2668 diligimus,
1965 2609 2111 2653 tanto

554 2696 761 2750 facilius
793 2696 1077 2749 liberamur
1099 2708 1127 2747 a
1173 2692 1334 2746 malo.
1365 2691 1432 2745 At
1457 2692 1569 2761 ipse
1610 2705 1705 2745 nos
1734 2690 1909 2743 minus
1941 2689 2112 2759 diligit

555 2788 738 2853 quales
767 2799 905 2837 nunc
941 2798 1154 2844 sumus;
1186 2791 1241 2835 et
1267 2782 1387 2835 hinc
1414 2781 1535 2834 ideo
1571 2780 1777 2845 liberat,
1810 2794 1875 2833 ne
1903 2772 2113 2845 semper

551 2877 683 2929 tales
734 2877 921 2929 simus.
955 2874 1027 2928 lbi
1068 2888 1193 2926 vero
1233 2872 1456 2941 amplius
1498 2887 1593 2925 nos
1636 2871 1829 2939 diligit,
1861 2872 2111 2940 qn0niam

550 2968 687 3036 quod
718 2967 765 3021 ei
799 2967 1099 3034 displiceat,
1133 2976 1186 3021 et
1210 2966 1348 3034 quod
1376 2979 1405 3019 a
1445 2966 1597 3018 nobis
1620 2964 1844 3031 auferat,
1881 2978 1985 3018 non
2016 2964 2111 3016 lia-

554 3060 814 3114 bebimus.
857 3059 962 3114 Nec
991 3058 1059 3111 ob
1086 3058 1223 3113 aliud
1256 3058 1344 3112 hic
1372 3072 1469 3112 nos
1489 3057 1676 3127 diligit,
1710 3056 1811 3111 nisi
1841 3067 1895 3112 ut
1935 3068 2107 3121 sanet,

2218 1863 2426 1916 ticando
2478 1864 2804 1933 sequebatur
2859 1864 2977 1928 iste,
3035 1867 3285 1919 manebat
3339 1865 3446 1920 ille.
3506 1867 3755 1922 Cri-dendo

2218 1961 2394 2006 autem
2444 1956 2602 2006 ambo
2633 1957 2766 2006 mala
2814 1955 3092 2023 prmsentia
3141 1954 3297 2024 hujus
3326 1959 3553 2012 miseria:
3592 1960 3758 2013 tolera-

2217 2041 2366 2096 bant.
2400 2046 2571 2097 Ambo
2603 2044 2773 2099 futura
2829 2047 2965 2099 bona
3015 2045 3160 2101 illius
3208 2047 3544 2101 beatitudinis
3587 2064 3759 2114 exspe-

2214 2132 2449 2185 ctubant.
2495 2133 2600 2187 Nec
2632 2135 2728 2203 ipsi
2757 2134 2877 2199 soli,
2911 2133 3015 2188 Sed
3042 2119 3287 2189 universa
3326 2137 3426 2190 hoc
3454 2138 3570 2190 facit
3594 2150 3757 2193 sancta

2224 2222 2462 2275 Ecclesia
2528 2238 2721 2287 sponsu
2778 2224 3020 2292 Christi,
3104 2227 3169 2278 ab
3234 2226 3346 2279 istis
3412 2229 3757 2285 tentatiunibus

2216 2313 2475 2379 eruenda,
2505 2314 2554 2366 in
2578 2314 2674 2380 illa
2702 2312 2952 2369 felicitate
2998 2317 3256 2370 servanda
3284 2333 3300 2369 :
3330 2333 3461 2386 quas
3489 2319 3609 2371 duas
3640 2322 3755 2374 vitas

2221 2404 2410 2458 Petrus
2458 2414 2510 2458 et
2554 2403 2806 2470 Joannes,
2863 2405 3242 2473 ﬁguravernnt,
3292 2408 3487 2477 singuli
3528 2414 3753 2480 singulas,

2218 2510 2407 2549 verum
2455 2505 2511 2549 et
2558 2497 2609 2550 in
2663 2497 3149 2564 hactemporaliter
3178 2500 3581 2557 ambulaternnt
3622 2505 3756 2555 ambo

2227 2603 2319 2656 per
2348 2588 2528 2653 ﬁdem,
2571 2598 2626 2642 et
2668 2588 2751 2642 illa
2808 2591 2859 2641 in
2909 2600 3165 2644 aeternum
3212 2592 3451 2647 fruentur
3496 2594 3642 2648 ambo
3674 2610 3755 2665 per

2219 2678 2478 2746 speciem.
2526 2676 2781 2732 Omnibus
2822 2679 2978 2748 igitur
3022 2684 3217 2736 sanctis
3265 2683 3331 2737 ad
3369 2680 3558 2737 Christi
3585 2699 3751 2752 corpus

2225 2768 2649 2836 inseparabiliter
2706 2771 3123 2839 pertinentibus,
3186 2784 3405 2842 prepter
3458 2773 3607 2843 hujus
3655 2777 3754 2827 vita

2221 2865 2684 2933 procellosissimte
2734 2866 3168 2935 gubernaculum,
3211 2869 3274 2921 ad
3322 2868 3532 2937 liganda
3576 2877 3625 2922 et
3666 2870 3755 2921 sol-

2219 2954 2387 3009 venda
2420 2965 2667 3023 peccata,
2700 2957 2879 3012 claves
2926 2960 3071 3028 regni
3120 2959 3386 3014 enatorum
3426 2960 3622 3029 primus
3648 2975 3754 3027 apo-

2216 3045 2474 3097 stolorum
2508 3044 2699 3099 Petrus
2746 3046 2969 3115 accepit,
3018 3032 3329 3115 eisdemque
3356 3049 3614 3112 ,omnibus
3648 3064 3754 3103 sau-

558 3161 609 3203 ει
634 3151 921 3203 "austera,
945 3151 1011 3203 ab
1043 3150 1102 3202 iis
1134 3164 1250 3217 qua,
1274 3162 1380 3201 ηοη
1407 3147 1599 3219 diligit.
1632 3145 1728 3203 ῃίο
1757 3162 1883 3216 ergo
1914 3148 2109 3211 minus,
2140 3118 2184 3177 (ἶ
2218 3138 2341 3203 etis,
2393 3146 2609 3206 propter
2638 3139 2756 3191 vita:
2804 3139 2946 3193 illius
2975 3142 3353 3195 sacratissima:
3397 3144 3754 3212 quietissimum

553 3242 639 3294 ubi
683 3256 786 3295 non
835 3241 968 3305 vult,
1003 3255 1412 3305 remaneamus;
1468 3240 1536 3293 ibi
1566 3240 1817 3309 amplius,
1847 3254 1952 3309 quo
1981 3240 2110 3302 vult,

552 3345 904 3401 transeamus,
940 3346 993 3389 et
1021 3337 1155 3389 unde
1187 3352 1289 3390 non
1320 3337 1432 3389 vult
1462 3349 1760 3405 pereamus.
1804 3338 1962 3391 Amet
1990 3350 2115 3405 ergo

553 3440 671 3478 eum
706 3426 910 3488 Petrus,
949 3437 1004 3478 ut
1035 3424 1101 3478 ab
1129 3426 1225 3478 ista
1254 3425 1579 3480 mortalitate
1620 3426 1942 3490 liberemur;
1965 3441 2113 3479 ame-

558 3526 643 3570 tur
684 3516 750 3569 ab
793 3532 855 3569 eo
883 3516 1137 3583 Joannes,
1192 3526 1248 3569 ιιι
1278 3517 1328 3569 in
1359 3516 1444 3569 illa
1495 3515 1889 3570 immortalitate
1934 3530 2117 3570 serve-

560 3622 698 3661 mur.
732 3608 835 3661 Sed
865 3609 957 3659 ista
1006 3607 1211 3660 ratione
1247 3605 1374 3660 illud
1408 3605 1726 3671 ostenditur,
1758 3620 1868 3683 cur.
1891 3605 2119 3674 amplius

556 3695 813 3749 Joannem
842 3711 998 3764 quam
1048 3694 1261 3748 Petrum
1301 3696 1562 3748 amaverit
1592 3694 1857 3757 Christus,
1891 3710 1992 3748 non
2023 3710 2119 3749 cur

560 3788 784 3856 amplius
816 3787 1001 3841 Petrus
1049 3802 1204 3855 quam
1249 3786 1481 3840 Joannes
1519 3787 1776 3839 amaverit
1823 3785 2113 3840 Christum.

558 3877 741 3947 Neque
788 3877 929 3931 enim
956 3878 1031 3931 sic
1065 3877 1180 3946 plus
1228 3892 1324 3931 nos
1369 3876 1538 3945 diligit
1577 3876 1817 3929 Christus
1863 3876 1913 3929 in
1942 3874 2117 3928 futuro

556 3969 752 4024 smculo
778 3968 887 4037 (ubi
917 3982 1035 4022 cum
1062 3969 1153 4021 illo
1178 3968 1290 4022 sine
1318 3967 1421 4021 ﬁne
1443 3966 1701 4038 vivemus)
1734 3981 1891 4036 quam
1920 3969 1970 4020 in
1995 3966 2113 4030 isto,

560 4062 701 4116 unde
742 4063 1000 4125 eruimur,
1036 4072 1092 4116 ut
1121 4061 1227 4116 illic
1254 4076 1465 4130 semper
1510 4061 1710 4125 simus;
1741 4071 1793 4114 et
1836 4067 2115 4129 prepterea

561 4163 817 4217 nostnnc
845 4166 965 4205 eum
1017 4152 1190 4207 minus
1238 4150 1477 4205 dilecturi
1527 4166 1629 4203 non
1662 4166 1865 4215 sumus,
1908 4152 2118 4219 quando

562 4242 812 4296 meliores
838 4243 1056 4305 erimus,
1086 4257 1205 4294 cum
1257 4242 1504 4295 meliores
1527 4244 1724 4310 utique,
1758 4243 1858 4295 nisi
1892 4244 2116 4310 amplius

564 4348 686 4386 cum
714 4332 1005 4401 diligendo,
1036 4333 1177 4385 nullo
1210 4318 1367 4385 modo
1388 4346 1507 4386 esse
1538 4333 1819 4401 possimus.
1853 4330 1958 4386 Cur
1990 4349 2115 4401 ergo

558 4422 791 4477 Joannes
820 4425 995 4476 minus
1023 4438 1143 4477 eum
1192 4423 1443 4491 diligebat
1477 4438 1632 4489 quam
1664 4424 1873 4490 Petrus,
1906 4428 1947 4477 si
1997 4442 2109 4479 eam

560 4512 717 4567 vitam
748 4512 1084 4581 signiﬁcabat
1112 4512 1161 4566 in
1200 4529 1300 4577 qua
1334 4524 1412 4567 est
1444 4514 1610 4567 multo
1640 4516 1865 4583 amplius
1896 4517 2117 4586 diligen-

564 4604 684 4669 dus,
729 4605 827 4657 nisi
861 4608 980 4674 quia
1023 4614 1296 4675 propterea
1336 4604 1532 4659 dictum
1558 4616 1658 4669 est,
1698 4606 1824 4662 Volo
1861 4625 1973 4662 eum
2006 4627 2116 4662 ma-

558 4712 695 4761 nere,
742 4695 795 4749 id
824 4708 926 4762 est,
977 4708 1309 4765 exspectare,
1357 4700 1516 4751 donec
1558 4700 1717 4763 venio,
1769 4703 2016 4770 quoniam
2068 4715 2119 4757 ct

554 4788 729 4855 ipsnrn
779 4804 1033 4851 amorem,
1065 4790 1153 4857 qui
1203 4801 1324 4844 tunc
1353 4794 1578 4860 amplior
1603 4794 1726 4856 erit,
1761 4796 1987 4849 nondum
2029 4797 2120 4849 ha-

556 4876 771 4943 bemus,
800 4880 893 4932 sed
927 4881 1151 4933 futurum
1174 4892 1563 4949 exspectamus,
1595 4895 1650 4937 nt
1679 4900 1796 4937 cum
1824 4888 1933 4954 ipse
1956 4903 2115 4942 vene-

560 4969 649 5033 rit,
682 4968 1005 5024 babeamus?
1045 4972 1173 5025 Nam
1205 4974 1344 5027 sicut
1391 4975 1440 5026 in
1491 4977 1719 5044 Epistola
1749 4992 1838 5031 sua
1871 4980 2008 5034 idem
2040 4983 2119 5034 di-

554 5064 626 5114 cit
674 5064 960 5131 Apostolus
990 5084 999 5116 :
1035 5065 1279 5118 Nondum
1307 5070 1548 5137 apparuit
1577 5072 1707 5134 quod
1751 5072 1956 5124 erimus.
2002 5072 2117 5128 Sci-

554 5170 665 5206 mus
693 5155 935 5221 quoniam
978 5172 1091 5206 cum
1116 5158 1428 5225 apparuerit,
1461 5158 1651 5211 similes
1682 5160 1727 5212 ei
1758 5162 1963 5227 erimus,
1993 5180 2120 5232 quo-

553 5245 693 5296 niam
719 5246 992 5299 videbimus
1016 5262 1128 5298 eum
1154 5248 1300 5301 sicuti
1323 5259 1392 5301 est
1416 5247 1467 5320 (1
1494 5247 1646 5303 Joan.
1684 5252 1782 5318 tn).
1813 5251 1960 5306 Tunc
1988 5268 2117 5323 ergo

555 5344 783 5411 amplius
815 5344 957 5410 quod
988 5343 1304 5410 videbimus,
1336 5344 1635 5415 diligemus.
1664 5346 1779 5415 Ipse
1808 5360 1982 5403 autem
2014 5351 2117 5403 Do-

556 5437 730 5487 minus
763 5437 903 5487 illam
928 5449 1043 5503 quae
1070 5436 1241 5488 futura
1274 5445 1355 5490 est
1384 5438 1544 5490 vitam
1577 5449 1833 5506 nostram,
1862 5441 2033 5509 qualis
2063 5443 2113 5495 in

557 5526 709 5580 nobis
739 5527 910 5579 futura
952 5528 1039 5592 sit,
1074 5527 1247 5582 sciens
1291 5530 1775 5596 praedestinatione,
1807 5533 1925 5601 plus
1951 5545 2109 5601 amat,

555 5631 605 5669 nt
635 5620 697 5670 ad
730 5634 844 5672 eam
874 5635 969 5671 nos
999 5619 1223 5671 amando
1255 5620 1525 5689 perducat.
1559 5622 1832 5687 Quocirca,
1863 5626 2111 5693 quoniam

555 5711 797 5763 uitii-eme
843 5708 932 5760 vite
980 5707 1182 5763 Domini
1232 5713 1574 5767 misericordia
1621 5726 1666 5768 et
1708 5718 1889 5770 veritas
1934 5716 2106 5786 (1)εαί.

2152 4468 2199 4525 ι)

2215 3230 2417 3292 sinum,
2450 3242 2608 3295 super
2634 3240 2820 3296 pectus
2840 3228 3035 3283 Christi
3064 3231 3299 3286 Joannes
3330 3234 3644 3303 evangelista
3669 3234 3757 3286 dis.

2215 3318 2423 3381 cubuit,
2478 3319 2729 3386 quoniaru
2764 3335 2860 3374 nec
2910 3321 3011 3375 iate
3059 3323 3227 3388 solus,
3266 3324 3361 3377 sed
3405 3326 3643 3379 universa
3678 3326 3758 3379 Ec-

2216 3410 2375 3463 clesia
2406 3409 2530 3479 ligat
2560 3410 2828 3478 solvitque
2856 3423 3099 3479 peccata;
3134 3429 3229 3467 nec
3259 3414 3349 3469 ille
3382 3414 3451 3469 de
3482 3415 3663 3471 Christi
3689 3417 3758 3467 di-

2217 3500 2463 3563 vinitate,
2495 3507 2549 3552 et
2578 3500 2644 3553 de
2676 3503 2839 3554 totius
2865 3502 3158 3556 divinitatis
3190 3503 3455 3557 Trinitate
3493 3515 3640 3573 atque
3664 3505 3759 3558 uni-

2221 3598 2328 3643 tate
2373 3589 2601 3643 sublima
2634 3591 2778 3658 (quae
2838 3591 2889 3643 in
2938 3591 3028 3644 illo
3084 3607 3249 3659 regno
3300 3592 3436 3647 facie
3485 3595 3547 3646 ad
3598 3593 3759 3649 faciem

2222 3678 2655 3748 contemplanda,
2692 3695 2832 3735 nunc
2880 3692 3054 3735 autem
3102 3684 3272 3738 donec
3296 3686 3477 3739 veniat
3519 3686 3758 3746 Dominus.

2219 3770 2272 3823 in
2324 3773 2542 3838 speculo
2593 3782 2752 3839 atque
2802 3774 3083 3843 aenigmate
3132 3779 3431 3830 contuenda
3481 3785 3619 3846 sunt)
3662 3794 3759 3846 qua

2221 3877 2315 3929 pra
2336 3862 2565 3915 dicando
2598 3872 2830 3916 ructaret
2856 3864 2924 3916 de
2974 3864 3116 3918 fonte
3147 3867 3403 3921 dominici
3436 3870 3654 3937 pectoris
3690 3886 3758 3923 so.

2230 3954 2311 4006 lus
2344 3954 2493 4017 bibit,
2526 3954 2619 4007 sed
2660 3954 2774 4023 ipse
2808 3956 3057 4010 Dominus
3098 3959 3265 4025 ipsum
3322 3959 3656 4030 Evangelium
3685 3979 3758 4031 pro

2221 4059 2318 4097 sua
2352 4046 2613 4113 cujusque
2642 4046 2935 4114 capacitate
2963 4048 3206 4102 onmibus
3229 4051 3342 4103 suis
3373 4052 3647 4107 bibendum
3670 4063 3759 4106 tato

2222 4142 2483 4187 terrarum
2528 4137 2660 4190 orbe
2707 4136 2934 4192 diffudit.
2988 4140 3124 4193 Sttnt
3175 4142 3261 4209 qui
3310 4143 3594 4208 senserint,
3639 4155 3683 4197 et
3719 4144 3757 4196 lii

2221 4228 2434 4293 quidem
2472 4243 2574 4281 non
2601 4230 3031 4297 contemptibiles
3059 4233 3196 4285 sacri
3227 4232 3426 4302 eloquii
3457 4244 3758 4297 tractatores,

2220 4332 2247 4368 a
2282 4316 2497 4370 Christo
2525 4317 2785 4372 Joannem
2828 4320 3128 4389 aposmlum
3163 4333 3441 4389 propterea
3484 4324 3597 4391 plus
3636 4339 3757 4375 ama.

2226 4417 2357 4470 tum,
2406 4407 2548 4475 quod
2598 4423 2767 4476 neque
2816 4425 3035 4463 uxorem
3084 4411 3315 4477 duxerit,
3366 4422 3419 4466 et
3466 4413 3535 4467 ab
3578 4414 3759 4467 ineunte

2224 4500 2449 4565 pueritia
2500 4501 2831 4553 caStissimus
2881 4502 3096 4555 vixerit.
3152 4503 3263 4556 Hoc
3295 4504 3512 4573 quidem
3544 4504 3593 4557 in
3637 4504 3758 4559 Scri-

2223 4593 2396 4661 ptnris
2444 4593 2713 4648 canonicis
2765 4612 2867 4648 non
2898 4596 3171 4650 evidenter
3220 4608 3478 4667 apparet;
3529 4611 3759 4654 verumta-

2223 4698 2341 4737 men
2396 4685 2445 4737 id
2475 4700 2684 4753 quoque
2737 4687 2956 4740 multum
2985 4687 3197 4755 adjuvat
3242 4692 3639 4759 congruentiam
3676 4692 3755 4743 hu—

2217 4774 2368 4843 jusce
2418 4778 2721 4841 sententias,
2760 4779 2900 4846 quod
2934 4779 3021 4831 illa
3053 4780 3153 4832 vita
3188 4796 3280 4849 per
3324 4795 3446 4835 eum
3496 4781 3755 4851 significata

2222 4878 2321 4931 est,
2355 4868 2438 4921 ubi
2474 4885 2575 4921 non
2606 4880 2760 4923 erunt
2788 4872 3001 4937 nuptia'.

2292 4980 2393 5035 IIic
2428 4992 2502 5035 est
2530 4984 2809 5053 discipulus
2836 4988 2922 5053 qui
2954 4986 3300 5038 testimonium
3326 4987 3552 5056 perhibet
3590 4989 3647 5041 de
3672 4988 3753 5041 his.

2219 5085 2264 5125 et
2292 5074 2492 5138 scripsit
2516 5076 2661 5138 haec;
2710 5086 2756 5127 et
2786 5077 2971 5130 scimus
3001 5078 3119 5146 quia
3146 5094 3316 5132 verum
3345 5090 3417 5131 est
3445 5081 3752 5133 testimonium

2219 5168 2347 5235 ejus.
2383 5167 2517 5220 Sunt
2542 5180 2731 5234 autem,
2777 5169 2964 5238 inquit,
2994 5183 3039 5221 et
3086 5169 3190 5221 alia
3234 5172 3397 5224 multa
3426 5189 3536 5239 qua
3561 5175 3667 5236 fecit
3686 5170 3755 5221 Je-

2218 5273 2303 5310 sus
2334 5273 2350 5309 :
2380 5274 2492 5323 quae
2516 5261 2559 5311 si
2585 5259 2873 5312 scribantur
2899 5278 2987 5327 per
3010 5263 3230 5331 singula,
3264 5279 3350 5316 nec
3372 5264 3539 5333 ipsum
3564 5265 3754 5317 arbitror

2219 5354 2459 5405 mundum
2510 5370 2687 5422 capere
2734 5372 2879 5423 posse
2924 5372 3007 5408 eos
3035 5358 3121 5425 qui
3167 5359 3416 5412 scribendi
3460 5370 3573 5412 sunt
3600 5359 3750 5411 libros.

2218 5440 2329 5495 Non
2358 5444 2529 5510 spatio
2562 5446 2798 5499 locorum
2830 5447 3154 5501 credendum
3184 5460 3263 5504 est
3294 5453 3546 5505 mundum
3585 5466 3748 5519 capere

2217 5549 2320 5587 non
2357 5551 2512 5600 posse
2544 5553 2659 5603 quae
2690 5539 2740 5590 in
2789 5553 2853 5593 eo
2896 5540 3058 5596 scribi
3109 5543 3407 5611 quomodo
3453 5552 3679 5611 possent,
3721 5542 3751 5591 sl

2214 5630 2411 5698 scripta
2465 5646 2567 5685 non
2612 5631 2790 5696 ferret,
2844 5634 2936 5687 sed
2983 5639 3275 5703 capacitate
3307 5638 3589 5705 texentium
3634 5651 3755 5689 coni.

2216 5722 2475 5793 prehendi
2510 5724 2737 5781 fortasse
2781 5743 2882 5780 non
2918 5739 3169 5796 possent;
3214 5731 3474 5799 quamvis,
3515 5730 3651 5783 salva
3692 5742 3753 5780 rc-
