3884 6232
122 374 212 432 957
1017 373 1237 430 SUPER
1284 373 1459 428 ACTA
1505 372 2007 430 APUSTOLORUM
2053 369 2434 427 EXPOSITIO.

3250 367 3355 426 933

128 506 231 546 rum
274 489 406 556 ﬁde,
443 492 753 562 plerumque
803 491 963 547 verba
1011 492 1271 545 excedere
1305 490 1582 545 videantur
1627 489 1687 543 η-
1718 495 1768 553 Α
1796 489 2066 558 pi-rliolem
2097 498 2310 552 vocant,
2344 486 2432 556 qui
2477 486 2684 552 modus,
2721 486 2859 540 sicut
2889 485 2988 540 hoc
3030 486 3169 552 loco,
3202 489 3272 542 ita
3299 488 3356 545 in

126 582 234 636 dem
262 624 277 647 ,
305 582 456 650 quod
488 597 591 636 non
621 583 677 637 lit
707 582 916 651 quando
938 581 1133 650 aliquid
1171 580 1308 649 quod
1343 589 1458 634 erat
1487 581 1682 635 obscu-

124 685 228 726 rum
252 672 331 725 vel
355 673 604 736 dubium,
631 688 788 726 causa
810 681 866 726 et
888 672 1097 728 ratione
1120 672 1348 735 reddita,
1371 675 1681 739 exponitur,

128 764 210 817 sed
239 762 458 832 quando
492 762 542 816 id
596 762 736 830 quod
783 771 1024 832 apertum
1069 772 1175 826 est,
1205 763 1288 816 vel
1328 773 1570 831 augetur.
1603 764 1684 815 vel

128 863 451 916 extenuatur,
487 865 582 908 nec
616 862 789 908 tamen
840 867 869 906 a
916 855 1129 910 tramite
1157 853 1519 923 significanda:
1551 855 1688 908 veri-

130 946 238 997 tatis
264 952 503 1006 erratur,
547 944 796 1011 quoniam
843 944 920 997 sic
949 945 1105 998 verba
1135 958 1245 997 rem
1270 959 1387 1012 qua:
1425 943 1689 997 indicatur

130 1033 406 1095 excedunt,
453 1043 511 1087 ut
557 1033 798 1088 voluntas
845 1036 1108 1103 loquentis
1141 1049 1238 1089 nec
1270 1034 1498 1088 fallentis
1527 1048 1691 1102 appa-

131 1133 252 1188 reat,
276 1125 367 1193 qui
394 1125 540 1179 novit
563 1141 839 1194 quousque
868 1127 1135 1190 credatur,
1167 1141 1197 1179 a
1227 1141 1333 1194 quo
1367 1126 1501 1180 ultra
1530 1141 1690 1194 quam

131 1214 447 1268 credendum
490 1223 596 1279 est,
628 1216 710 1269 vel
759 1216 1017 1270 minuitur
1058 1215 1326 1283 loquendo
1354 1217 1576 1286 aliquid,
1607 1217 1691 1270 vel

1805 578 2072 633 nonnullis
2098 577 2212 630 aliis
2237 576 2432 630 divinis
2472 575 2664 629 litteris
2690 574 2975 642 invenitur,
3020 585 3076 629 ut
3104 587 3180 639 est
3211 592 3224 627 :
3258 575 3364 629 Po-

1792 679 1999 724 tuerunt
2028 669 2081 721 in
2120 667 2301 722 caelum
2354 683 2410 719 os
2458 683 2601 720 suum
2633 664 2808 736 (Psal.
2842 668 3031 735 Lxxtt),
3065 675 3119 721 et
3149 685 3160 719 :
3195 665 3364 721 Verti-

1792 775 1899 813 cem
1937 759 2112 826 capilli
2164 757 2620 827 perambulantium
2665 759 2717 810 in
2772 758 2984 815 delictis.
3019 760 3122 811 suis
3166 759 3186 825 (
3211 756 3364 814 Psal.

1797 850 1984 917 uvu),
2015 857 2068 901 et
2111 848 2272 900 multa
2333 844 2656 914 huiusmodi,
2684 862 2801 916 qua:
2833 847 3121 916 Scripturis
3167 848 3368 901 sanctis

1797 955 1902 993 non
1955 939 2170 1005 desunt,
2223 938 2366 993 sicut
2414 938 2502 992 alii
2547 939 2707 1006 tropi,
2752 938 2853 992 hoc
2905 946 2989 991 est
3039 938 3364 992 locutionum

1797 1032 1962 1096 modi,
1992 1031 2060 1086 de
2089 1031 2283 1100 quibus
2311 1030 2590 1100 operosius
2620 1030 2967 1097 disputarem,
2989 1028 3112 1094 nisi,
3141 1043 3368 1098 evange-

1797 1123 1919 1179 lista
1953 1123 2272 1178 terminante
2303 1122 2645 1191 Evangelium
2690 1135 2867 1186 suum,
2900 1118 3061 1175 etiam
3091 1119 3372 1188 compelle-

1795 1228 1885 1268 rer
1913 1227 2090 1268 meum
2121 1213 2408 1267 terminare
2436 1225 2759 1267 sermonem.

132 1313 357 1374 augetur.
408 1305 558 1359 llunc
589 1305 838 1375 loquendi
879 1305 1091 1360 modum
1123 1305 1311 1360 Graeco
1345 1307 1561 1359 nomine
1597 1305 1691 1376 hy-

206 1587 570 1665 Sequunlur
597 1587 857 1664 ejusdem
889 1585 1259 1665 venerabilis
1290 1586 1470 1645 Bede
1498 1584 1847 1665 presbyteri
1875 1628 1891 1652 .
1941 1582 2162 1660 [amuli
2215 1583 2493 1665 Christi,
2549 1581 2970 1665 egpositiones
3004 1579 3252 1665 optima;
3302 1580 3376 1638 in

134 1657 780 1742 Acta-apostolorum,
812 1665 1052 1723 decenti
1087 1664 1304 1722 ordine
1333 1672 1392 1722 el
1425 1657 1765 1742 quadranti
1800 1657 1976 1735 serie,
2013 1669 2144 1720 tum
2194 1661 2362 1739 quod
2393 1659 2478 1742 Aab
2516 1661 2718 1742 eodem
2755 1662 2919 1719 Luca
2968 1657 3373 1742 etiangelisla,

135 1765 167 1803 a
193 1762 303 1823 quo
340 1736 630 1820 proxime
660 1748 1010 1818 expositum
1051 1736 1488 1823 Evangelium,
1529 1743 1893 1823 conscripta
1926 1749 2099 1823 sunt,
2135 1736 2261 1799 non
2296 1739 2445 1823 quia
2479 1739 2695 1823 μὴν*ρεί
2756 1736 3121 1823 evangelici:
3163 1737 3377 1823 infami-

135 1815 217 1881 me
267 1815 544 1880 omnium
603 1815 1003 1882 consentiunt
1032 1865 1047 1884 .
1115 1815 1257 1879 tum'
1299 1821 1486 1879 etiam
1531 1821 1700 1897 quod
1729 1821 1824 1879 his
1859 1821 2023 1897 forte
2054 1819 2128 1879 de
2158 1815 2364 1878 causis
2398 1827 2540 1897 post
2575 1817 2923 1897 Evangelia
2955 1824 3008 1897 el
3046 1815 3374 1897 Epistolas

136 1900 338 1975 Pauli,
372 1903 440 1960 in
473 1917 624 1978 quas
651 1917 924 1959 seorsum
967 1901 1442 1977 Explicationes
1474 1893 1633 1960 idem
1663 1893 1888 1958 auctor
1920 1898 2197 1978 collegit,
2229 1900 2294 1978 in
2335 1893 2561 1956 Bibliis
2591 1893 2864 1978 pulgalis
2915 1896 3102 1978 citari
3151 1893 3376 1978 solent.

135 1981 278 2038 Post
322 1971 514 2056 'quc',
565 1981 767 2056 jua'la
818 1971 1187 2056 praedictum
1240 1978 1520 2056 ordinem
1554 1979 1620 2037 in
1675 1977 2003 2056 Epistolas
2035 1971 2374 2036 catholicas
2400 2020 2416 2044 ,
2461 1993 2534 2056 ac
2566 1971 2804 2034 demum
2831 1975 2900 2034 in
2927 1971 3374 2056 Apocalypsim

137 2056 260 2192 dlioi
296 2049 893 2146 Joannis'uddem'us
937 2055 1204 2134 ejusdem
1236 2049 1762 2131 Explanaliones',
1800 2055 1962 2140 hunc
2001 2061 2230 2115 tomum
2256 2097 2275 2128 ,
2326 2071 2456 2112 non
2484 2051 2824 2130 insperate,
2879 2049 2993 2111 nec
3045 2049 3380 2114 inﬁdeliter

137 2151 164 2192 c
189 2151 432 2192 ausuri.

135 2151 432 2197 σιααιιινι.

2831 2282 3379 2306 m

633 2406 1131 2534 SUPER
1211 2405 1632 2534 ACTA
1713 2407 2882 2535 APOSTOLORUM

1391 2639 2120 2742 EXPOSITIO.

717 2919 846 3000 AD
921 2921 1246 3002 ACCAM
1305 2919 1887 2999 EPISGOPUM
1946 2923 2230 3001 BEDfE
2306 2919 2810 3001 EPISTOLA

1046 3076 1110 3128 IN
1144 3073 1610 3126 EXPOSITIONEH
1656 3073 1910 3128 Αρτυυιι
1945 3072 2434 3127 APOSTOLORUM.

1611 3187 1855 3201 ψ

205 3294 422 3352 Omnino
446 3295 501 3348 in
520 3290 736 3346 Christo
754 3284 1208 3345 desideratissimo
1227 3297 1281 3343 et
1304 3301 1427 3342 vere
1454 3285 1701 3340 heatissi-
1733 3288 1778 3346 B
1811 3299 1930 3339 nem
1958 3283 2085 3339 mihi
2117 3284 2372 3347 tribuens,
2397 3281 2480 3336 vel
2531 3278 2634 3336 alia
2661 3294 2726 3338 ex
2783 3279 2863 3336 his
2919 3284 3246 3355 colligendi,
3287 3290 3374 3344 vel

144 3405 224 3440 mo
262 3388 411 3441 Acca:
440 3384 691 3454 episcopo
713 3422 728 3447 ,
760 3379 897 3435 Beda
919 3421 933 3446 ,
997 3389 1306 3450 perpetuam
1367 3373 1418 3430 in
1480 3375 1702 3430 Domino

145 3480 379 3531 salutem.

209 3566 399 3635 Accepi
429 3562 784 3619 creberrimas
815 3557 1154 3614 beatitudinis
1198 3567 1299 3610 tum
1330 3556 1555 3620 litteras,
1584 3554 1698 3621 qui.

145 3650 242 3712 tuis
262 3672 350 3712 me
393 3668 736 3710 commonere
768 3652 1008 3721 dignatus
1043 3664 1100 3702 es
1131 3662 1195 3702 ne
1236 3642 1430 3701 mentis
1477 3659 1700 3700 acumen

143 3752 286 3805 inerti
337 3749 444 3803 otio
489 3757 703 3813 torpere
758 3754 810 3795 et
837 3740 1141 3794 obdormire
1189 3736 1487 3804 permittam
1515 3777 1528 3800 ,
1608 3735 1702 3789 sed

142 3839 448 3895 meditandis
493 3833 906 3902 scrutandisque
965 3831 1204 3900 quotidie
1234 3824 1529 3895 Scripturis
1579 3826 1702 3893 vigil

142 3949 291 3999 atque
352 3929 650 3984 indefessus
706 3924 974 3985 insistam,
1032 3931 1086 3975 et
1142 3919 1699 3994 postexpositionem

144 4025 526 4092 Apocalypseos
551 4017 720 4072 sancti
750 4014 1084 4082 evangelista:
1123 4011 1366 4070 Joannis,
1410 4025 1567 4077 quam
1599 4009 1703 4060 ira-

142 4119 228 4169 tris
257 4115 418 4168 nostri
452 4108 667 4166 Eusebii
694 4119 880 4175 rogatu
926 4106 1091 4158 tribus
1138 4101 1291 4156 libris
1339 4100 1700 4165 complexam,

141 4222 252 4257 mox
301 4204 393 4256 tibi
447 4199 905 4254 lranscribemlam
939 4193 1194 4245 destinavi
1226 4231 1240 4254 ,
1283 4191 1334 4244 in
1367 4190 1699 4259 explanatio-

143 4311 253 4346 nem
285 4307 487 4361 quoque
519 4289 658 4342 beati
697 4285 1046 4352 Evangelista!
1073 4282 1251 4341 Lucae,
1281 4282 1426 4347 juxta
1475 4281 1699 4348 vestigia

147 4387 379 4447 Pnl'um,
409 4393 658 4451 quantum
691 4380 894 4431 valeam
938 4373 1145 4428 sudoris
1171 4373 1496 4440 impendam.
1548 4375 1699 4439 Quod

143 4478 257 4542 quia
281 4480 446 4529 lacere
475 4473 700 4527 necdum
724 4469 894 4537 potui,
919 4475 971 4519 et
994 4466 1168 4534 operis
1193 4461 1445 4520 videlicet
1467 4464 1696 4519 immen-

142 4572 286 4623 sitate
314 4568 643 4635 perterritus,
675 4573 726 4615 et
776 4558 1198 4624 obstrepentium
1232 4571 1511 4610 causarum
1539 4557 1695 4623 (quas

1808 3378 1996 3430 eadem
2030 3375 2244 3444 planius
2270 3375 2589 3442 exponendi.
2623 3379 2788 3430 Actus
2817 3371 2978 3444 igitur
3006 3380 3375 3447 apostolorum

1809 3469 1890 3538 (ut
1919 3469 2105 3522 beatus
2165 3461 2517 3538 llieronymns
2567 3469 2660 3535 ait)
2691 3469 2886 3522 nudam
2920 3471 3130 3538 quidem
3188 3488 3382 3530 sonare

1808 3558 2058 3610 videntur
2110 3557 2412 3622 historiam,
2446 3569 2497 3610 et
2521 3561 2789 3613 nascentis
2821 3559 3076 3614 Ecclesia;
3105 3561 3378 3618 infantiam

1812 3657 2030 3711 texere;
2065 3645 2157 3700 sed
2209 3647 2254 3701 si
2289 3650 2592 3701 noverimus
2622 3663 2807 3701 eorum
2840 3650 3153 3718 scriptorem
3187 3651 3381 3708 Lucam

1806 3751 1925 3790 esse
1955 3734 2241 3803 medicum,
2267 3731 2419 3807 cujus
2453 3740 2564 3791 laus
2590 3749 2670 3793 est
2706 3741 2755 3792 in
2791 3738 3102 3809 Evangelia,
3137 3745 3376 3798 animad-

1809 3832 2063 3882 vertimus
2092 3832 2291 3896 pariter
2319 3831 2499 3883 omnia
2527 3831 2684 3884 verba
2723 3833 2863 3886 illius
2891 3835 3083 3887 animat:
3113 3835 3376 3905 languen-

1807 3923 1875 3972 tis
1902 3934 2021 3973 esse
2051 3919 2394 3973 medicinam.
2433 3921 2496 3972 Et
2521 3921 2714 3989 quibus
2745 3916 2840 3976 nos
2872 3920 3045 3993 aliqua
3074 3925 3218 3995 justa
3251 3945 3379 3981 mo-

1807 4011 1989 4063 dulum
2017 4021 2214 4062 nostris
2244 4013 2516 4077 parvitatis
2543 4013 2858 4077 exposituri,
2887 4017 3057 4082 primo
3083 4018 3377 4073 admonere

1805 4101 2110 4154 curabimus
2159 4097 2333 4168 ipsum
2389 4102 2770 4171 evangelistam
2824 4102 3043 4171 Lucam,
3094 4115 3151 4161 ut
3179 4109 3379 4163 dictum

1805 4205 1913 4259 est,
1958 4194 2109 4263 juxta
2139 4174 2508 4248 ‘traditionem
2540 4207 2779 4250 veterum
2835 4198 3084 4254 ECCIesizn
3134 4211 3382 4257 tractato-

1806 4303 1925 4340 rum
1955 4327 1968 4351 ,
2005 4288 2279 4340 medicina:
2309 4291 2440 4341 artis
2473 4288 2636 4344 luisse
2678 4291 3081 4358 peritissimum,
3108 4304 3159 4350 et
3209 4298 3382 4368 magis

1805 4379 2016 4432 Graecas
2061 4379 2263 4432 litteras
2310 4382 2475 4434 scisse
2497 4397 2654 4448 quam
2706 4379 2976 4438 llcbrzeas.
3014 4386 3163 4441 Unde
3192 4405 3376 4444 sermo

1804 4461 1938 4537 ejus.
1977 4478 2081 4521 tam
2140 4471 2192 4523 in
2247 4464 2539 4540 Evangelio
2590 4487 2748 4540 quam
2776 4474 2826 4527 in
2860 4476 3079 4531 Actibus
3110 4483 3377 4546 apostolo-

1807 4574 1949 4626 rum,
1981 4557 2243 4626 comptior
2271 4568 2375 4622 est,
2426 4571 2478 4612 et
2507 4563 2841 4614 saecularium
2873 4565 3077 4618 redolet
3122 4568 3378 4636 eloquen-

147 4669 194 4711 tu
217 4633 398 4712 melius
427 4656 586 4723 nosti)
647 4653 969 4706 necessitate
1027 4647 1366 4716 praﬁpedtltls,
1424 4663 1490 4699 ne
1521 4658 1698 4701 tamen
1729 4633 1775 4696 ο
1811 4653 1955 4711 tiam,
1991 4652 2265 4718 magisque
2291 4653 2612 4704 testimoi-iis
2643 4650 2843 4707 Graecis
2889 4655 3054 4708 utitur
3079 4633 3239 4723 quam
3273 4661 3378 4715 lle-

146 4760 239 4803 [απ
294 4746 658 4818 postulationis
707 4751 1142 4796 contemneretur
1183 4740 1502 4798 auctoritas,
1557 4740 1695 4805 quod

145 4842 343 4895 interim
375 4837 662 4907 potnileci.
715 4832 830 4887 Misi
883 4833 1022 4886 enim
1072 4827 1381 4895 opusculum
1435 4829 1486 4878 in
1535 4827 1697 4881 Actus

145 4932 508 4999 apostolomm,
547 4925 691 4995 quod
719 4935 840 4976 ante
885 4936 988 4975 non
1022 4922 1213 4972 multos
1238 4919 1352 4969 dies
1381 4916 1606 4979 editum,
1641 4927 1693 4970 et

148 5022 458 5076 velocissime
497 5026 752 5088 quantum
780 5027 985 5081 tempus
1023 5012 1260 5072 dederat,
1300 5025 1364 5062 ne
1395 5020 1478 5061 tua
1518 5024 1696 5062 sacro-

146 5125 320 5168 sancta
351 5113 588 5166 voluntas
637 5109 1009 5174 impediretur,
1039 5104 1403 5165 emendatum,
1435 5102 1696 5154 membra-

148 5208 278 5261 nulis
308 5205 610 5260 indiderant.
649 5201 746 5255 Ubi
777 5215 836 5254 ea
868 5217 982 5268 qua:
1031 5201 1110 5251 vel
1143 5197 1365 5266 mystice
1420 5205 1566 5263 gesta
1614 5197 1693 5248 Vel

147 5299 406 5352 obscurius
454 5297 590 5351 dicta
626 5294 974 5352 videbantur,
1005 5300 1162 5357 prout
1213 5289 1358 5356 potui
1411 5287 1698 5342 dilucidare

152 5389 354 5442 tentari.
398 5388 447 5438 In
496 5401 600 5453 quo
647 5398 733 5436 me
777 5382 1034 5448 opusculo
1063 5395 1183 5432 cum
1215 5379 1299 5430 alii
1332 5376 1539 5454 plurimi
1576 5380 1694 5430 tidei

151 5479 404 5531 catholicae
430 5479 744 5544 scriptores,
781 5484 887 5526 tum
925 5470 1155 5522 maxime
1175 5468 1308 5536 jttvit
1342 5471 1536 5520 Arator
1579 5484 1698 5522 san-

151 5583 244 5623 cta
274 5569 506 5622 Romana:
537 5566 792 5622 Ecclesiae
837 5563 1194 5619 subdiaconus
1218 5602 1232 5625 ,
1287 5564 1374 5631 qui
1430 5563 1599 5630 ipsum
1634 5580 1695 5616 ex

154 5663 325 5716 ordine
346 5663 523 5717 librum
551 5661 766 5714 heroico
789 5659 1027 5712 carmine
1055 5672 1393 5724 percurrens,
1413 5658 1696 5710 nonnullos

156 5751 204 5803 in
231 5753 395 5807 eodem
418 5762 582 5806 metro
611 5750 884 5818 allegoria:
929 5748 1086 5804 liores
1115 5749 1418 5815 admiscuit,
1455 5751 1695 5803 occisio—

407 5871 667 5929 Ρλτειυί..
719 5867 905 5928 XCII.

1806 4743 1981 4796 hrmis.
2035 4744 2108 4805 Ex
2140 4758 2246 4810 quo
2273 4743 2464 4796 accidit
2493 4744 2633 4812 quod
2675 4745 2904 4800 maxime
2937 4750 3121 4813 miror,
3153 4760 3228 4812 et,
3259 4765 3381 4818 pro-

1804 4842 1921 4901 pter
1948 4833 2138 4902 ingenii
2160 4833 2492 4898 tarditatem,
2522 4835 2993 4890 vehementissimo
3015 4847 3233 4906 stupore
3252 4856 3376 4908 per-

1804 4925 2004 4987 culsus,
2040 4924 2218 4977 nescio
2247 4927 2605 4991 perscrutari,
2652 4941 2752 4991 qua
2801 4929 3007 4981 ratione
3037 4943 3156 4982 cum
3189 4930 3238 4981 in
3275 4931 3382 4985 lle-

1806 5016 1980 5067 hraica
2016 5015 2507 5068 veritatcadiluvio
2540 5031 2705 5084 usque
2757 5015 2819 5067 ad
2875 5018 3141 5071 Abraham
3194 5021 3376 5072 decem

1807 5109 2181 5179 generationes
2210 5109 2570 5171 inveniantur,
2606 5108 2715 5174 ipse
2745 5107 2910 5160 Lucas
2931 5148 2943 5168 ,
2999 5110 3085 5176 qui
3106 5151 3120 5174 ,
3176 5112 3377 5177 Spiritu

1809 5209 1992 5252 Sancto
2018 5198 2282 5253 calamum
2313 5207 2552 5265 regente,
2588 5197 2890 5250 nullatenus
2924 5197 3108 5250 falsum
3142 5203 3381 5257 scribere

1809 5291 1996 5358 potuit,
2056 5292 2299 5344 undecim
2355 5288 2769 5356 generationes,
2832 5293 2979 5355 juxta
3036 5293 3372 5360 septuaginta

1809 5383 2152 5451 Interpretes,
2208 5383 2415 5449 adjecto
2447 5381 2688 5443 Cainam,
2736 5381 2786 5434 in
2842 5380 3128 5450 Evangelio
3178 5398 3376 5450 ponere

1810 5474 2076 5528 maluerit.
2106 5473 2226 5527 ideo
2245 5485 2422 5526 autem
2451 5475 2499 5524 in
2524 5471 2793 5539 Evangelii
2826 5471 3090 5525 Prommio
3115 5471 3246 5526 dicit
3275 5475 3378 5529 sibi

1810 5566 1976 5617 visunt
2009 5579 2125 5619 esse
2153 5580 2215 5618 ex
2248 5564 2434 5616 ordine
2483 5562 2769 5630 diligenter
2821 5562 3090 5625 scribere,
3124 5565 3376 5630 quoniam

1809 5655 1908 5708 hoc
1939 5656 2086 5708 multi
2119 5658 2299 5708 conati
2351 5663 2494 5707 sunt.
2548 5653 2650 5706 Sed
2701 5666 2795 5707 eos
2829 5651 3086 5706 debemus
3136 5653 3382 5721 accipere

1808 5760 2032 5813 quorum
2060 5746 2110 5800 in
2145 5744 2381 5801 Ecclesia
2416 5744 2576 5799 multa
2606 5751 2780 5797 cvstat
2805 5743 3091 5796 auctoritas
3118 5783 3132 5810 ,
3173 5745 3293 5813 quia
3327 5745 3378 5803 itl

2865 5859 2942 5919 30
