3884 6232
559 344 658 395 930

947 340 1146 395 Ill-IDin
1183 337 1628 393 \'E.\'ER.\BILIS
1662 337 1806 393 OPP.
1843 337 2022 393 PARS
2065 337 2126 392 II.
2167 335 2357 392 SECT.
2403 337 2440 390 I.
2484 365 2551 376 --
2593 334 2969 390 I'LXI'ZCETICA
3017 335 3336 393 CENUIN-L
3657 341 3739 398 9I0

558 459 696 522 quod
746 455 918 508 conati
966 463 1088 508 sunt
1133 454 1354 521 implere
1397 453 1613 508 minime
1655 460 1961 522 potuerunt.
2006 452 2176 511 lstcA
2205 449 2340 516 cipis
2365 447 2553 500 Petrus
2584 449 2856 513 apostolus
2887 448 3106 501 Itomam
3164 450 3343 510 venit,
3406 460 3459 502 et
3511 447 3562 502 in
3583 465 3737 520 quarto

557 554 734 598 autem
774 560 876 598 non
932 545 1105 598 solum
1157 558 1328 613 usque
1391 544 1840 599 resurrectionem
1901 556 2108 597 assum-

554 637 902 708 ptiouemque
925 637 1132 691 Domini
1164 637 1408 702 perduxit
1449 638 1810 690 narrationem
1842 649 2012 695 suam,
2051 641 2110 686 ιιι

543 727 599 783 in
620 738 844 798 quatuor
865 730 1164 784 auctoribus
1207 729 1527 798 evangelica
1569 728 1853 796 Scripturae
1883 727 2097 794 dignum

544 833 639 871 suo
661 819 841 872 labore
871 821 1089 873 haberet
1109 819 1301 881 locum,
1334 820 1687 873 verumetiam
1707 819 1960 882 deinceps
1982 831 2099 884 qum

545 924 637 972 per
662 910 941 972 Apostolos
971 919 1114 975 gesta
1162 918 1303 972 sunt,
1341 925 1454 976 qua:
1506 909 1750 962 sufficere
1781 905 2002 960 credidit
2031 907 2096 960 ad

543 999 903 1052 aediﬁcandam
939 1000 1095 1051 fidem
1157 1001 1470 1066 legentium,
1525 998 1603 1050 vel
1654 998 1994 1060 audientium,
2029 998 2097 1050 ita

542 1087 775 1156 scripsit,
808 1097 863 1140 ut
885 1089 1030 1140 solus
1060 1087 1176 1156 ejus
1208 1087 1340 1141 librr
1369 1088 1469 1140 tidc
1499 1088 1689 1155 dignus
1734 1086 2016 1139 haberetur
2046 1086 2096 1139 in

547 1177 780 1231 Ecclesia
809 1178 874 1232 de
901 1179 1263 1246 apostolorum
1299 1180 1502 1231 actibus
1532 1177 1819 1242 narrantis,
1846 1178 2098 1244 reprobu-

539 1267 606 1321 tis
634 1268 880 1321 omnibus
905 1269 992 1334 qui
1021 1283 1124 1322 non
1155 1283 1214 1320 ea
1249 1267 1347 1320 llde
1372 1283 1473 1335 qua
1498 1269 1730 1331 Opottuit
1753 1266 1886 1320 facta
1933 1269 2099 1320 dicta-

538 1371 642 1422 que
670 1356 1027 1424 apostolorum
1057 1358 1299 1410 scribere
1333 1358 1444 1410 ausi
1473 1369 1615 1410 sunt.
1644 1358 1718 1411 Eo
1747 1360 1940 1427 quippe
1964 1369 2096 1410 tem-

538 1459 666 1514 pore
684 1447 1010 1514 scripserunt
1039 1449 1243 1499 Marcus
1291 1456 1345 1500 et
1396 1448 1565 1500 Lucas
1588 1487 1602 1510 ,
1656 1464 1759 1514 quo
1791 1464 1894 1501 non
1927 1448 2096 1501 solum

537 1537 603 1591 ab
634 1537 863 1592 Ecclesia
913 1535 1134 1602 Christi,
1188 1552 1371 1590 verum
1421 1537 1579 1590 etiam
1631 1536 1695 1590 ab
1751 1537 1878 1604 ipsis
1925 1537 2096 1590 adhuc

537 1625 590 1681 in
620 1640 779 1682 carne
822 1627 1157 1681 manentibus
1209 1627 1470 1694 apostolis
1522 1627 1732 1695 probari
1790 1636 2091 1694 potuerunt.

537 1715 666 1770 Nam
697 1715 902 1769 Domini
926 1726 1051 1768 nutu
1080 1717 1364 1785 gerebatur
1394 1725 1449 1769 ut
1489 1732 1596 1769 non
1649 1717 1818 1770 solum
1867 1717 2089 1783 apostoli

2210 555 2349 594 anno
2376 540 2512 593 tame
2540 539 2696 601 facta,
2723 550 2916 594 octavo
2937 555 3075 593 anno
3107 550 3226 594 sunt
3272 541 3441 595 Judaei
3476 544 3631 598 Itoma
3657 561 3734 600 ex-

2205 630 2361 698 pulsi.
2397 629 2522 682 Item
2544 629 2768 682 Neronis
2793 638 3017 693 quatuor
3041 645 3224 693 annos,
3255 647 3485 699 qttorum
3515 634 3638 685 duos
3664 648 3734 687 ex-

2206 732 2403 774 tremos
2427 721 2610 774 beatus
2641 720 2835 772 Paulus
2863 721 3041 773 ltomre
3067 723 3116 774 in
3143 723 3308 775 libera
3341 720 3533 773 mansit
3578 734 3737 777 custo-

2204 812 2311 866 dia.
2349 812 2422 864 Ex
2455 826 2558 876 quo
2591 811 2930 879 intelligimus
2963 813 3012 864 in
3049 815 3233 865 eadem
3258 814 3385 866 urbe
3420 814 3605 866 librum
3639 831 3735 869 esse

2207 902 2579 968 compositum.
2609 903 2841 969 Itemque
2861 911 2914 953 ιιι
2939 917 3030 968 per
3049 903 3354 957 Judmorum
3377 919 3583 971 quoque
3613 919 3739 974 reges

2202 995 2385 1048 eadem
2419 1003 2657 1060 tempora
2715 993 3035 1055 discernam,
3098 994 3373 1056 llerodes,
3408 995 3661 1064 Philippus
3698 1009 3738 1049 et

2202 1083 2452 1154 Lysanias
2480 1083 2761 1137 tetrarchae
2793 1083 3117 1151 prast'ncrunt
3169 1087 3321 1139 armis
3371 1099 3485 1139 sex.
3537 1085 3738 1140 Ilerodes

2205 1189 2324 1238 rex,
2377 1175 2464 1241 qui
2495 1183 2550 1226 et
2578 1174 2832 1240 Agrippa,
2859 1175 2946 1238 qui
2977 1171 3234 1227 Cursareze
3265 1177 3445 1243 per-iit,
3471 1189 3632 1228 annos
3668 1190 3734 1228 se-

2204 1273 2363 1332 ptem.
2399 1264 2648 1332 Agrippa,
2685 1262 2822 1317 lilius
2854 1263 2970 1332 ejus
2999 1302 3014 1327 ,
3046 1266 3143 1317 sub
3173 1280 3278 1332 quo
3309 1267 3500 1318 Paulus
3547 1267 3734 1318 Romam

2203 1355 2395 1407 missus
2427 1365 2541 1417 est,
2585 1369 2752 1407 annos
2789 1356 3114 1422 quindecim.
3147 1355 3310 1422 Cujus
3351 1365 3553 1409 restant
3600 1373 3736 1426 usque

2200 1445 2263 1495 ad
2315 1444 2715 1495 subversionem
2783 1444 3236 1512 JerOsolyntorutn
3291 1445 3412 1497 anui
3468 1446 3734 1498 duodecim.

2202 1535 2322 1586 llarc
2349 1534 2647 1586 distinctius
2691 1545 2970 1588 exsecutus
2999 1548 3149 1598 sum,
3181 1545 3233 1587 ut
3273 1551 3395 1587 cum
3438 1536 3662 1602 ejusdem
3690 1539 3737 1589 Ii-

2200 1623 2318 1677 helli
2351 1625 2590 1677 revolvas
2625 1623 2919 1687 historiam,
2953 1625 3076 1692 quid
3114 1625 3213 1676 sub
3241 1640 3346 1692 quo
3376 1636 3614 1692 tempore
3638 1641 3734 1694 ges-

2199 1724 2308 1767 tum
2349 1717 2437 1781 sit,
2469 1715 2743 1768 evidenter
2781 1730 3068 1784 agnoscere
3101 1717 3293 1783 possis.
3335 1716 3448 1769 illisi
3490 1727 3656 1769 autem
3694 1727 3736 1770 et

535 1805 623 1872 qui
652 1808 910 1870 viderant,
934 1810 1025 1860 sed
1075 1817 1128 1861 ct
1149 1807 1393 1875 discipuli
1426 1809 1513 1876 qui
1544 1807 1722 1861 auditu
1775 1807 2092 1875 didicerant,
2130 1796 2174 1854 Β
2201 1805 2722 1871 explauatiunculam
2776 1805 3027 1871 Epistolas
3082 1805 3373 1859 beatissimi
3431 1807 3736 1874 evangelista.-

538 1895 676 1951 facta
705 1896 894 1951 Christi
943 1898 1190 1964 dictaque
1239 1897 1674 1962 conscriberent,
1728 1907 1984 1966 quatenus
2011 1912 2097 1950 se-

545 1989 830 2059 quentibus
873 1987 1124 2042 Ecclesitc
1161 1989 1467 2043 doctoribus
1497 2004 1557 2042 ea
1587 2004 1702 2058 qua:
1730 2003 1833 2042 non
1861 1989 2096 2042 viderant

540 2077 858 2148 praedicandi
886 2081 1260 2148 scribendique
1294 2082 1479 2134 liducia
1504 2085 1702 2148 pariter
1731 2093 1781 2137 et
1807 2084 2095 2137 auctoritas

540 2173 885 2236 prmlteretttr,
920 2171 1081 2223 Actus
1110 2186 1235 2224 vero
1290 2172 1675 2239 apostolorum,
1725 2182 1778 2226 et
1827 2174 2090 2240 pracipue

541 2259 674 2312 beati
702 2258 870 2322 Pauli,
900 2258 1052 2327 cujus
1080 2259 1383 2313 individuus
1410 2261 1460 2313 in
1507 2261 1890 2329 peregrinando
1918 2275 2095 2315 cernes

537 2350 742 2404 exstitit
773 2350 955 2404 beatus
982 2350 1171 2416 Lucas,
1224 2353 1359 2405 sicut
1399 2351 1606 2406 viderat
1636 2353 1748 2421 ipse
1774 2353 2086 2421 composuit.

536 2438 771 2501 Quorum
818 2449 1097 2493 contextus
1129 2440 1324 2503 omnis,
1370 2449 1624 2507 quantum
1655 2456 1718 2495 ex
1753 2441 1977 2496 aliorum
2009 2441 2092 2496 bi-

538 2527 714 2581 storiis
729 2529 1159 2584 animadvertere
1179 2532 1464 2597 potuimus,
1480 2533 1714 2587 continet
1729 2549 1896 2586 annos
1913 2533 2092 2602 viginti

536 2623 678 2679 octo,
713 2617 762 2670 id
786 2625 884 2682 est,
918 2617 1112 2672 Tiberii
1160 2618 1389 2673 Caesaris
1419 2636 1587 2676 annos
1617 2637 1709 2675 sex
1737 2660 1754 2687 ,
1786 2623 1895 2677 Caii
1926 2639 2094 2681 annos

533 2716 776 2772 quatuor,
810 2707 1012 2762 Claudii
1044 2723 1210 2762 annos
1261 2711 1682 2777 quatuordecim.
1728 2711 1890 2781 Cujus
1945 2715 2090 2781 prin-

2203 1891 2441 1956 Joannis,
2473 1891 2626 1962 cujus
2655 1895 2942 1946 maximam
2986 1903 3188 1962 partem
3237 1909 3299 1947 ex
3335 1894 3566 1948 homiliis
3590 1900 3732 1948 sancti

2200 1984 2476 2054 Augustini
2527 1986 2785 2040 latissima
2838 1986 3099 2039 suavitate
3143 1986 3386 2052 diﬂusis,
3426 1987 3734 2052 compendio-

2199 2092 2288 2130 sus
2356 2078 2623 2132 breviatur
2701 2080 2961 2145 excerpsi.
3019 2079 3280 2132 Nonnulla
3334 2094 3458 2132 vero
3517 2080 3564 2132 in
3615 2079 3737 2132 calce

2200 2170 2356 2222 etiam
2395 2169 2609 2238 proprio
2671 2173 2868 2223 sudore
2923 2171 3195 2225 subtexui.
3272 2171 3326 2222 In
3386 2187 3489 2238 quo
3539 2180 3730 2237 utroque

2199 2274 2377 2327 opere,
2403 2261 2448 2314 si
2479 2261 2605 2329 quid
2630 2262 2876 2314 utilitatis
2921 2261 3207 2322 inveneris,
3236 2261 3328 2314 Dei
3354 2262 3507 2314 donis
3533 2263 3728 2324 ascribe;

2196 2351 2240 2402 si
2267 2350 2390 2418 quid
2421 2351 2694 2418 superﬂui,
2720 2366 2850 2405 mea:
2876 2351 3144 2420 lragilitati
3168 2361 3500 2421 compatere.
3527 2350 3722 2406 Interce-

2195 2442 2406 2496 dentem
2439 2457 2532 2509 pro
2587 2442 2743 2495 nobis
2789 2443 3171 2496 beatitudinem
3222 2454 3450 2496 vestram
3509 2442 3728 2495 Dominus

2197 2533 2540 2600 omnipotens
2566 2532 2630 2585 ad
2665 2533 2898 2600 regimen
2927 2532 3179 2586 Βοιιοειω
3210 2545 3462 2600 perpetuo
3478 2542 3728 2585 conserch

2201 2628 2539 2680 incolutnettt.

537 2870 2210 2896 -—————-——-—————————————_______.___.

1625 3019 2019 3096 INCIPIT
2078 3018 2651 3096 EXPOSITIO.

1040 3184 1260 3239 CAPUT
1304 3186 1588 3241 PRIMUM.

600 3294 827 3351 Primum
846 3297 1047 3366 quidem
1067 3312 1347 3350 sermonem
1377 3298 1472 3365 feci
1499 3299 1561 3351 de
1579 3298 1829 3364 omnibus,
1865 3315 1894 3351 ο
1924 3297 2091 3352 Theo—

527 3391 681 3462 phile,
711 3405 822 3459 qua:
841 3388 989 3456 capit
1011 3387 1158 3441 Iesus
1182 3392 1348 3457 facere
1376 3399 1421 3441 et
1442 3387 1638 3442 docere.
1672 3390 1744 3443 De
1767 3391 2014 3445 omnibus
2036 3405 2094 3445 se

533 3483 662 3534 dicit
691 3479 887 3533 Christi
921 3478 1072 3531 factis
1094 3486 1151 3531 et
1177 3477 1332 3531 dictis
1376 3478 1424 3530 in
1455 3480 1738 3548 Evangelio
1785 3481 2087 3548 scripsisse,

531 3587 635 3624 non
659 3571 795 3639 quod
818 3570 995 3622 omnia
1018 3568 1470 3636 comprehendere
1497 3571 1746 3638 potuerit,
1779 3587 1843 3626 ne
1873 3573 1938 3625 sit
1962 3587 2091 3624 cou-

535 3662 727 3715 trarius
781 3660 971 3714 Joanni
1021 3661 1109 3727 qui
1160 3660 1269 3711 ait:
1308 3659 1474 3713 Multa
1517 3664 1718 3728 quidem
1749 3674 1793 3717 et
1823 3663 1928 3716 alia
1951 3665 2094 3733 signa

531 3753 647 3818 fecit
685 3747 832 3803 Jesus
873 3749 924 3800 in
951 3758 1220 3816 conspectu
1251 3750 1619 3819 discipulorum
1669 3769 1878 3805 suorum
1905 3794 1918 3816 ,
1981 3769 2095 3823 qua:

529 3860 629 3894 non
651 3851 768 3894 sunt
793 3843 981 3910 scripta
1009 3843 1060 3894 in
1089 3843 1214 3895 libro
1236 3842 1328 3895 hoc
1357 3843 1534 3914 (Joan.
1568 3846 1684 3915 xx),
1714 3848 1806 3900 sed
1853 3848 1995 3914 quod
2027 3849 2093 3902 de

530 3933 775 3984 omnibus
806 3927 1196 3999 elegerit'unde
1229 3933 1430 3986 laceret
1455 3948 1779 4006 sermonem,
1805 3951 1921 4003 quae
1946 3937 2089 4004 judi-

531 4021 668 4073 cavit
699 4028 817 4088 apta
844 4027 900 4074 et
925 4035 1156 4088 congrua
1189 4021 1435 4076 sulliccre
1471 4023 1648 4076 ollicio
1678 4024 2090 4092 dispensationis

534 4126 666 4164 sum.
730 4110 1056 4178 Theophilus
1113 4111 1491 4179 interpretatur
1550 4113 1638 4167 Dei
1685 4127 1916 4182 a'ttator,
1961 4119 2090 4172 vela

531 4201 640 4254 Deo
670 4211 885 4255 amatus.
919 4201 1224 4268 Quicunque
1252 4218 1376 4270 ergo
1409 4203 1496 4256 Dei
1542 4218 1743 4258 amator
1773 4218 1882 4273 est,
1926 4211 1988 4261 ad
2033 4224 2091 4262 se

531 4294 783 4359 scriptum
815 4293 1031 4357 credat,
1089 4309 1301 4361 sumque
1344 4294 1425 4348 hic
1473 4297 1692 4360 animm,
1735 4299 1852 4366 quia
1921 4299 2086 4354 Lucas

2125 3197 2168 3256 C
2208 3214 2507 3280 passionem
2539 3228 2690 3268 suam
2746 3212 2898 3267 vivus
2927 3213 3192 3280 apparuit,
3231 3213 3380 3266 cibos
3409 3214 3580 3281 sumit,
3611 3231 3741 3270 cam-

2206 3305 2435 3373 demque
2454 3322 2608 3372 quam
2634 3319 2662 3358 a
2687 3305 2912 3384 mortuis
2935 3305 3287 3360 suscitaverat
3311 3308 3611 3375 palpandam
3631 3325 3726 3363 car-

2211 3409 2328 3447 uetn
2359 3395 2594 3448 exhibet.
2629 3395 2731 3448 Sed
2781 3395 2953 3448 altiori
2982 3395 3233 3464 mysterio
3262 3410 3357 3464 per
3383 3398 3511 3450 hanc
3535 3399 3733 3464 quadra-

2197 3483 2455 3550 gesimam
2521 3485 2726 3537 dierum
2784 3499 2902 3536 cum
2951 3485 3222 3553 discipulis
3284 3491 3729 3550 conversationem,

2199 3573 2460 3642 signiﬁcat
2494 3589 2551 3627 se
2606 3574 2813 3628 occulta
2847 3575 3127 3641 prmsentia
3159 3591 3278 3643 qua:
3310 3579 3614 3645 promiserat
3653 3581 3731 3631 im-

2198 3668 2481 3734 pleturum.
2507 3666 2635 3720 Ecce
2652 3682 2741 3735 ego
2761 3667 3010 3719 vobiscum
3025 3683 3138 3718 sum
3161 3669 3393 3720 omnibus
3420 3669 3583 3720 diebus
3604 3685 3732 3736 usqu

2196 3761 2261 3810 ad
2291 3758 2774 3810 consummationem
2807 3757 2982 3809 saeculi
3014 3756 3225 3825 (Matth.
3253 3759 3455 3828 xxvm).
3489 3759 3585 3813 Istc
3613 3760 3728 3814 enim

2200 3867 2449 3904 numerus
2492 3851 2626 3904 hanc
2653 3852 2997 3917 temporalem
3049 3859 3420 3921 terrenamque
3472 3853 3619 3906 vitam
3663 3855 3726 3906 vel

2197 3952 2415 4011 propter
2443 3952 2672 4009 quatuor
2702 3941 2823 3993 anni
2857 3950 3092 4010 tempora
3112 3982 3127 4006 ,
3156 3943 3236 3994 vel
3287 3956 3506 4008 propter
3534 3954 3729 4012 quatuor

2198 4040 2382 4082 ventos
2407 4030 2522 4083 εαξιὶ
2547 4030 2805 4097 designat.
2829 4029 2953 4082 Nam
2984 4041 3259 4098 postquam
3285 4034 3572 4096 consepulti
3599 4033 3730 4086 lueri-

2201 4135 2318 4172 tnus
2339 4135 2455 4172 cunt
2488 4118 2701 4172 Christo
2733 4135 2823 4187 per
2874 4121 3190 4186 baptismum
3243 4122 3293 4174 in
3338 4135 3579 4185 mortem,
3607 4126 3728 4190 quasi

2202 4213 2366 4264 lluhri
2401 4212 2560 4264 muris
2592 4212 2724 4264 calle
2757 4213 3002 4274 transito,
3031 4217 3397 4267 necessarium
3433 4216 3483 4266 iu
3510 4218 3595 4268 hac
3623 4217 3728 4267 soli-

2198 4303 2378 4354 tud.ne
2422 4302 2624 4355 Domini
2654 4303 2908 4356 habemus
2939 4305 3209 4367 ducatum,
3242 4306 3329 4372 qni
3374 4321 3469 4358 nos
3494 4307 3554 4360 ad
3597 4309 3730 4359 caele.

535 4385 773 4438 medicus
826 4385 1068 4451 scripsit,
1129 4385 1358 4438 inveniat
1403 4385 1645 4440 salutent.
1690 4387 1756 4439 Et
1807 4393 2086 4443 notandum
2124 4393 2168 4448 D
2199 4393 2297 4445 stia
2332 4394 2601 4460 perducat,
2637 4405 2688 4446 ct
2719 4395 2962 4460 imaginis
3014 4411 3122 4446 sua:
3151 4395 3372 4449 denario
3397 4409 3725 4454 remunerans.

534 4475 674 4542 quod
714 4476 786 4527 ait
827 4492 838 4527 :
883 4476 1007 4539 Quir:
1037 4478 1180 4543 carpit
1225 4474 1370 4528 Jestts
1413 4477 1576 4544 facere
1616 4489 1658 4530 et
1689 4479 1881 4530 docere.
1918 4480 2090 4534 Primo

531 4568 720 4630 facere,
767 4576 947 4631 postca
977 4565 1184 4619 doc-re.
1231 4568 1360 4631 Quia
1395 4567 1550 4619 Jesus
1594 4569 1785 4620 bonum
1818 4573 2086 4624 doctorem

531 4660 841 4721 instituens,
899 4659 1037 4710 nulla
1084 4657 1184 4710 nisi
1234 4672 1351 4724 qua:
1391 4655 1516 4710 fecit
1557 4657 1752 4711 docuit.

606 4749 773 4819 Usque
794 4750 846 4801 in
877 4749 1009 4801 diem
1035 4765 1137 4816 qua
1183 4747 1477 4817 pt'wcipiens
1507 4749 1751 4816 apostolis
1787 4765 1874 4820 per
1923 4751 2091 4815 Spiri-

532 4855 636 4894 tum
660 4851 1032 4907 eanctumquos
1049 4838 1195 4907 elegit
1221 4847 1509 4905 assumptus
1532 4848 1622 4890 est.
1646 4838 1740 4891 Per
1766 4839 2089 4908 hyperbaton

536 4930 810 4998 legendum
843 4945 996 4998 usque
1023 4929 1072 4980 in
1111 4930 1241 4981 diem
1269 4944 1367 4996 qua
1422 4939 1710 4996 assumptus
1741 4941 1812 4982 est
1837 4971 1850 4993 ,
1907 4932 2091 4998 prisci-

536 5025 685 5090 piens
713 5031 831 5075 ante
861 5021 1269 5088 assumptionetn
1302 5060 1316 5083 ,
1375 5020 1424 5072 id
1471 5029 1592 5081 est,
1649 5031 1906 5089 praerepta
1961 5022 2091 5076 dans

533 5119 824 5185 apostolis,
880 5133 993 5183 qum
1034 5117 1110 5167 vel
1154 5116 1236 5167 hic
1275 5115 1353 5165 vel
1401 5116 1448 5164 itt
1494 5112 1786 5181 Evangeliis
1831 5116 2090 5182 leguntur.

534 5211 624 5262 list
661 5224 786 5277 ergo
843 5222 1072 5260 sensus:
1109 5205 1301 5274 Scripsi
1349 5205 1415 5258 de
1465 5206 1587 5258 Jesu
1638 5221 1664 5255 a
1716 5216 1950 5272 tempore
1989 5223 2093 5272 quo

533 5304 694 5370 carpit
743 5303 887 5369 signa
930 5299 1099 5352 facere
1128 5309 1180 5350 et
1235 5298 1424 5350 docere
1476 5313 1636 5365 usque
1681 5298 1732 5349 in
1775 5298 1908 5352 diem
1951 5315 2049 5367 qua
2077 5340 2089 5362 ,

532 5395 731 5449 eisdem
772 5396 1172 5454 consummatis,
1214 5393 1348 5442 unde
1388 5400 1600 5442 venerat
1635 5390 1804 5442 rediit.

611 5485 712 5538 Per
744 5487 850 5538 dies
873 5484 1214 5552 quadraginta
1243 5497 1492 5551 apparens
1535 5484 1625 5544 eis,
1684 5492 1726 5532 et
1775 5483 1979 5549 loquens
2034 5483 2095 5534 de

535 5595 684 5646 regno
720 5578 828 5642 Dei,
864 5587 907 5629 et
932 5591 1243 5637 couvcsceus,
1271 5584 1370 5626 etc.
1406 5573 1481 5625 Atl
1517 5572 1875 5627 iusti-nendum
1904 5574 2082 5627 Domi-

536 5682 633 5722 nus
663 5671 814 5723 fidem
843 5684 949 5723 suae
1009 5665 1405 5722 resurrectionis
1425 5704 1439 5731 ,
1469 5665 1660 5732 Stl’pius
1691 5666 1938 5732 apostolis
1970 5683 2000 5733 p
2025 5677 2086 5718 :st

2210 4484 2488 4550 pt‘msentia
2519 4486 2683 4537 sancti
2715 4486 2945 4550 Spiritus
2998 4488 3146 4552 quasi
3189 4501 3310 4540 vera
3353 4486 3728 4556 jubihciquicte

2200 4576 2482 4629 Leatilicet.

2277 4667 2373 4719 Vos
2405 4680 2569 4720 autem
2623 4667 3004 4734 baptizabimini
3052 4667 3246 4734 Spiritu
3289 4681 3464 4722 sancto
3503 4685 3596 4721 non
3638 4675 3730 4736 post

2198 4760 2381 4811 multos
2419 4761 2507 4811 Iros
2531 4759 2657 4812 (lies.
2703 4759 2944 4810 Nondum
2981 4760 3189 4811 Inerant
3217 4760 3440 4828 apostoli
3492 4756 3728 4826 haptizati,

2199 4865 2301 4900 non
2332 4861 2505 4900 tamen
2529 4863 2684 4913 aqua,
2719 4864 2758 4899 si
2781 4849 2811 4899 d
2842 4847 3041 4911 Spiritu
3089 4860 3294 4912 sancto,
3342 4863 3476 4916 quos
3510 4847 3729 4914 intelligi-

2200 4955 2315 4990 lttllS
2344 4937 2451 5005 ];ιιιι
2485 4938 2646 4990 fuisse
2704 4938 3018 5003 ba,tizatos,
3066 4938 3183 4990 sive
3231 4938 3494 5003 baptismo
3541 4935 3729 4989 Joannis

2202 5035 2282 5093 (ut
2315 5030 2549 5080 nonnulli
2580 5026 2952 5094 arbitrantur),
2983 5045 3074 5081 seu
3107 5029 3268 5096 (quod
3303 5031 3470 5095 magis
3509 5026 3730 5081 credibile

2198 5128 2299 5186 est)
2333 5125 2591 5190 baptismo
2623 5123 2838 5176 Christi.
2877 5123 3053 5190 Neque
3099 5122 3239 5175 enim
3289 5123 3628 5176 ministerium
3656 5121 3729 5172 ba-

2203 5216 2431 5282 ptizandi
2463 5215 2632 5267 fuerat
2658 5224 2711 5265 ttt
2740 5215 2958 5268 haberet
2988 5216 3280 5281 baptizatos
3304 5230 3489 5268 servos
3517 5230 3601 5283 per
3620 5225 3730 5281 quos

2201 5315 2424 5357 caeteros
2490 5305 2813 5370 baptizaret,
2880 5305 2999 5372 quia
3035 5321 3138 5358 non
3184 5303 3353 5358 defuit
3405 5303 3729 5358 memorabi‘is

2205 5395 2345 5446 illius
2379 5396 2687 5446 humilitatis
2740 5397 3114 5455 ministerium,
3144 5396 3356 5464 quando
3389 5395 3465 5449 eis
3495 5396 3609 5448 lavit
3655 5407 3729 5458 pc.-

2198 5485 2314 5537 des.
2339 5485 2470 5536 Cum
2500 5501 2622 5552 ergo
2656 5487 2858 5538 tliccrct
2892 5487 3144 5538 Dominus
3188 5503 3199 5538 :
3237 5485 3370 5552 Quia
3399 5485 3613 5538 Joannes
3641 5497 3732 5546 απι-

2199 5577 2312 5626 tlrm
2340 5577 2606 5642 baptizavit
2635 5593 2786 5645 aqua,
2818 5592 3148 5644 nequaquam
3182 5578 3452 5646 subjunxit
3489 5596 3499 5627 :
3537 5573 3629 5626 Vos
3653 5586 3729 5618 au-

2204 5677 2306 5719 tctn
2343 5664 2695 5734 haptizabitis,
2745 5666 2838 5720 sed
2866 5683 2879 5717 :
2915 5664 3014 5719 Vos
3043 5675 3208 5721 autem
3235 5664 3604 5736 baptiaabimini
3630 5658 3731 5727 Spi-
