  <div class='ocr_page' id='page_1' title='image "/cluster/home/n/w/nwhite01/storage/ocr_20150623/92-93/uva.x000827076/478.png"; bbox 0 0 3884 6232; ppageno 0'>
   <div class='ocr_carea' id='block_1_1' title="bbox 148 424 2457 495">
    <p class='ocr_par' dir='ltr' id='par_1_1' title="bbox 148 424 2457 495">
     <span class='ocr_line' id='line_1_1' title="bbox 148 424 2457 495; baseline -0.002 0"><span class='ocrx_word' id='word_1_1' title='bbox 148 441 230 495; x_wconf 71' lang='lat' dir='ltr'><strong>Sll</strong></span> <span class='ocrx_word' id='word_1_2' title='bbox 1049 424 1266 494; x_wconf 68' lang='lat' dir='ltr'><strong>SUPER</strong></span> <span class='ocrx_word' id='word_1_3' title='bbox 1309 434 1486 492; x_wconf 71' lang='lat' dir='ltr'><strong>ACTA</strong></span> <span class='ocrx_word' id='word_1_4' title='bbox 1531 433 2037 490; x_wconf 78' lang='lat' dir='ltr'><strong>APU-STOLORUM</strong></span> <span class='ocrx_word' id='word_1_5' title='bbox 2077 435 2457 493; x_wconf 81' lang='lat' dir='ltr'><strong>EXPOSITIO.</strong></span> 
     </span>
    </p>
   </div>
   <div class='ocr_carea' id='block_1_2' title="bbox 3270 439 3376 497">
    <p class='ocr_par' dir='ltr' id='par_1_2' title="bbox 3270 439 3376 497">
     <span class='ocr_line' id='line_1_2' title="bbox 3270 439 3376 497; baseline 0.019 -2"><span class='ocrx_word' id='word_1_6' title='bbox 3270 439 3376 497; x_wconf 67' lang='lat' dir='ltr'><strong>Oli!</strong></span> 
     </span>
    </p>
   </div>
   <div class='ocr_carea' id='block_1_3' title="bbox 149 545 3371 618">
    <p class='ocr_par' dir='ltr' id='par_1_3' title="bbox 149 545 3371 618">
     <span class='ocr_line' id='line_1_3' title="bbox 149 545 3371 618; baseline 0 -12"><span class='ocrx_word' id='word_1_7' title='bbox 149 560 235 606; x_wconf 77' lang='lat' dir='ltr'><strong>r.’ts</strong></span> <span class='ocrx_word' id='word_1_8' title='bbox 261 559 455 604; x_wconf 81' lang='lat' dir='ltr'><strong>sancto.</strong></span> <span class='ocrx_word' id='word_1_9' title='bbox 491 549 626 616; x_wconf 83' lang='lat' dir='ltr'><strong>Quia</strong></span> <span class='ocrx_word' id='word_1_10' title='bbox 682 563 852 618; x_wconf 89' lang='lat' dir='ltr'><strong>neque</strong></span> <span class='ocrx_word' id='word_1_11' title='bbox 904 549 1151 616; x_wconf 80' lang='lat' dir='ltr'><strong>apostoli,</strong></span> <span class='ocrx_word' id='word_1_12' title='bbox 1210 562 1384 616; x_wconf 88' lang='lat' dir='ltr'><strong>neque</strong></span> <span class='ocrx_word' id='word_1_13' title='bbox 1440 558 1699 614; x_wconf 81' lang='lat' dir='ltr'><strong>sequaces</strong></span> <span class='ocrx_word' id='word_1_14' title='bbox 1731 549 1778 606; x_wconf 81' lang='grc' dir='ltr'><strong>Α</strong></span> <span class='ocrx_word' id='word_1_15' title='bbox 1806 555 1951 598; x_wconf 83' lang='lat' dir='ltr'><strong>verat</strong></span> <span class='ocrx_word' id='word_1_16' title='bbox 1981 547 2314 600; x_wconf 79' lang='lat' dir='ltr'><strong>sermonibus</strong></span> <span class='ocrx_word' id='word_1_17' title='bbox 2337 545 2580 615; x_wconf 77' lang='lat' dir='ltr'><strong>expletis,</strong></span> <span class='ocrx_word' id='word_1_18' title='bbox 2639 547 2918 603; x_wconf 87' lang='lat' dir='ltr'><strong>Dominum</strong></span> <span class='ocrx_word' id='word_1_19' title='bbox 2971 549 3276 607; x_wconf 76' lang='lat' dir='ltr'><strong>ascendisse</strong></span> <span class='ocrx_word' id='word_1_20' title='bbox 3304 553 3371 606; x_wconf 83' lang='lat' dir='ltr'><strong>sd</strong></span> 
     </span>
    </p>
   </div>
   <div class='ocr_carea' id='block_1_4' title="bbox 149 639 1701 713">
    <p class='ocr_par' dir='ltr' id='par_1_4' title="bbox 149 639 1701 713">
     <span class='ocr_line' id='line_1_4' title="bbox 149 639 1701 713; baseline -0.006 -13"><span class='ocrx_word' id='word_1_21' title='bbox 149 661 332 708; x_wconf 87' lang='lat' dir='ltr'><strong>eorum,</strong></span> <span class='ocrx_word' id='word_1_22' title='bbox 362 645 454 713; x_wconf 97' lang='lat' dir='ltr'><strong>qui</strong></span> <span class='ocrx_word' id='word_1_23' title='bbox 483 659 652 712; x_wconf 88' lang='lat' dir='ltr'><strong>usque</strong></span> <span class='ocrx_word' id='word_1_24' title='bbox 682 644 837 697; x_wconf 88' lang='lat' dir='ltr'><strong>hodie</strong></span> <span class='ocrx_word' id='word_1_25' title='bbox 869 642 1215 711; x_wconf 65' lang='lat' dir='ltr'><strong>baptizant‘in</strong></span> <span class='ocrx_word' id='word_1_26' title='bbox 1245 641 1501 703; x_wconf 72' lang='lat' dir='ltr'><strong>Ecclesia,</strong></span> <span class='ocrx_word' id='word_1_27' title='bbox 1537 639 1701 692; x_wconf 88' lang='lat' dir='ltr'><strong>aliter</strong></span> 
     </span>
    </p>
   </div>
   <div class='ocr_carea' id='block_1_5' title="bbox 151 734 1699 809">
    <p class='ocr_par' dir='ltr' id='par_1_5' title="bbox 151 734 1699 809">
     <span class='ocr_line' id='line_1_5' title="bbox 151 734 1699 809; baseline -0.003 -20"><span class='ocrx_word' id='word_1_28' title='bbox 151 754 284 809; x_wconf 74' lang='lat' dir='ltr'><strong>quam</strong></span> <span class='ocrx_word' id='word_1_29' title='bbox 307 738 580 800; x_wconf 86' lang='lat' dir='ltr'><strong>Joannes,</strong></span> <span class='ocrx_word' id='word_1_30' title='bbox 614 737 662 789; x_wconf 93' lang='lat' dir='ltr'><strong>id</strong></span> <span class='ocrx_word' id='word_1_31' title='bbox 695 747 809 800; x_wconf 75' lang='lat' dir='ltr'><strong>est,</strong></span> <span class='ocrx_word' id='word_1_32' title='bbox 843 735 893 788; x_wconf 91' lang='lat' dir='ltr'><strong>in</strong></span> <span class='ocrx_word' id='word_1_33' title='bbox 926 750 1058 801; x_wconf 83' lang='lat' dir='ltr'><strong>aqua</strong></span> <span class='ocrx_word' id='word_1_34' title='bbox 1087 736 1354 801; x_wconf 75' lang='lat' dir='ltr'><strong>baptizare</strong></span> <span class='ocrx_word' id='word_1_35' title='bbox 1389 734 1699 804; x_wconf 80' lang='lat' dir='ltr'><strong>prtcvalcnt,</strong></span> 
     </span>
    </p>
   </div>
   <div class='ocr_carea' id='block_1_6' title="bbox 152 823 1702 882">
    <p class='ocr_par' dir='ltr' id='par_1_6' title="bbox 152 823 1702 882">
     <span class='ocr_line' id='line_1_6' title="bbox 152 823 1702 882; baseline -0.005 0"><span class='ocrx_word' id='word_1_36' title='bbox 152 830 230 882; x_wconf 86' lang='lat' dir='ltr'><strong>sed</strong></span> <span class='ocrx_word' id='word_1_37' title='bbox 275 838 475 878; x_wconf 84' lang='lat' dir='ltr'><strong>tantum</strong></span> <span class='ocrx_word' id='word_1_38' title='bbox 532 827 784 880; x_wconf 83' lang='lat' dir='ltr'><strong>invocato</strong></span> <span class='ocrx_word' id='word_1_39' title='bbox 813 824 1009 878; x_wconf 75' lang='lat' dir='ltr'><strong>Christi</strong></span> <span class='ocrx_word' id='word_1_40' title='bbox 1044 823 1259 878; x_wconf 86' lang='lat' dir='ltr'><strong>nomine</strong></span> <span class='ocrx_word' id='word_1_41' title='bbox 1296 826 1449 877; x_wconf 88' lang='lat' dir='ltr'><strong>adest</strong></span> <span class='ocrx_word' id='word_1_42' title='bbox 1477 824 1702 876; x_wconf 90' lang='lat' dir='ltr'><strong>interior</strong></span> 
     </span>
    </p>
   </div>
   <div class='ocr_carea' id='block_1_7' title="bbox 148 916 1701 985">
    <p class='ocr_par' dir='ltr' id='par_1_7' title="bbox 148 916 1701 985">
     <span class='ocr_line' id='line_1_7' title="bbox 148 916 1701 985; baseline -0.001 -16"><span class='ocrx_word' id='word_1_43' title='bbox 148 923 292 971; x_wconf 87' lang='lat' dir='ltr'><strong>virtus</strong></span> <span class='ocrx_word' id='word_1_44' title='bbox 321 918 554 985; x_wconf 77' lang='lat' dir='ltr'><strong>Spiritus</strong></span> <span class='ocrx_word' id='word_1_45' title='bbox 576 919 768 981; x_wconf 77' lang='lat' dir='ltr'><strong>sancti,</strong></span> <span class='ocrx_word' id='word_1_46' title='bbox 801 932 921 985; x_wconf 70' lang='lat' dir='ltr'><strong>qua:</strong></span> <span class='ocrx_word' id='word_1_47' title='bbox 971 917 1186 972; x_wconf 80' lang='lat' dir='ltr'><strong>homine</strong></span> <span class='ocrx_word' id='word_1_48' title='bbox 1218 932 1405 984; x_wconf 86' lang='lat' dir='ltr'><strong>aquam</strong></span> <span class='ocrx_word' id='word_1_49' title='bbox 1435 916 1701 969; x_wconf 78' lang='lat' dir='ltr'><strong>tribuente</strong></span> 
     </span>
    </p>
   </div>
   <div class='ocr_carea' id='block_1_8' title="bbox 150 1010 1697 1078">
    <p class='ocr_par' dir='ltr' id='par_1_8' title="bbox 150 1010 1697 1078">
     <span class='ocr_line' id='line_1_8' title="bbox 150 1010 1697 1078; baseline 0 -18"><span class='ocrx_word' id='word_1_50' title='bbox 150 1012 510 1076; x_wconf 72' lang='lat' dir='ltr'><strong>lmptizatorum</strong></span> <span class='ocrx_word' id='word_1_51' title='bbox 571 1010 777 1063; x_wconf 87' lang='lat' dir='ltr'><strong>animas</strong></span> <span class='ocrx_word' id='word_1_52' title='bbox 846 1010 1003 1064; x_wconf 83' lang='lat' dir='ltr'><strong>simul</strong></span> <span class='ocrx_word' id='word_1_53' title='bbox 1051 1019 1105 1063; x_wconf 88' lang='lat' dir='ltr'><strong>et</strong></span> <span class='ocrx_word' id='word_1_54' title='bbox 1155 1025 1380 1078; x_wconf 86' lang='lat' dir='ltr'><strong>corp0ra</strong></span> <span class='ocrx_word' id='word_1_55' title='bbox 1434 1010 1697 1077; x_wconf 87' lang='lat' dir='ltr'><strong>puriticet,</strong></span> 
     </span>
    </p>
   </div>
   <div class='ocr_carea' id='block_1_9' title="bbox 148 1101 1699 1169">
    <p class='ocr_par' dir='ltr' id='par_1_9' title="bbox 148 1101 1699 1169">
     <span class='ocr_line' id='line_1_9' title="bbox 148 1101 1699 1169; baseline -0.001 -16"><span class='ocrx_word' id='word_1_56' title='bbox 148 1103 266 1167; x_wconf 88' lang='lat' dir='ltr'><strong>quod</strong></span> <span class='ocrx_word' id='word_1_57' title='bbox 297 1103 345 1153; x_wconf 91' lang='lat' dir='ltr'><strong>in</strong></span> <span class='ocrx_word' id='word_1_58' title='bbox 377 1101 601 1155; x_wconf 66' lang='lat' dir='ltr'><strong>Jonnuis</strong></span> <span class='ocrx_word' id='word_1_59' title='bbox 629 1103 893 1169; x_wconf 88' lang='lat' dir='ltr'><strong>baptismo</strong></span> <span class='ocrx_word' id='word_1_60' title='bbox 922 1118 1026 1154; x_wconf 92' lang='lat' dir='ltr'><strong>non</strong></span> <span class='ocrx_word' id='word_1_61' title='bbox 1061 1102 1239 1155; x_wconf 83' lang='lat' dir='ltr'><strong>ﬁebat.</strong></span> <span class='ocrx_word' id='word_1_62' title='bbox 1287 1101 1533 1160; x_wconf 82' lang='lat' dir='ltr'><strong>Nondum</strong></span> <span class='ocrx_word' id='word_1_63' title='bbox 1565 1104 1699 1152; x_wconf 82' lang='lat' dir='ltr'><strong>enim</strong></span> 
     </span>
    </p>
   </div>
   <div class='ocr_carea' id='block_1_10' title="bbox 145 1193 1698 1265">
    <p class='ocr_par' dir='ltr' id='par_1_10' title="bbox 145 1193 1698 1265">
     <span class='ocr_line' id='line_1_10' title="bbox 145 1193 1698 1265; baseline -0.001 -19"><span class='ocrx_word' id='word_1_64' title='bbox 145 1205 234 1246; x_wconf 74' lang='lat' dir='ltr'><strong>erat</strong></span> <span class='ocrx_word' id='word_1_65' title='bbox 263 1193 484 1262; x_wconf 84' lang='lat' dir='ltr'><strong>Spiritus</strong></span> <span class='ocrx_word' id='word_1_66' title='bbox 514 1199 688 1262; x_wconf 81' lang='lat' dir='ltr'><strong>datus,</strong></span> <span class='ocrx_word' id='word_1_67' title='bbox 715 1196 832 1264; x_wconf 88' lang='lat' dir='ltr'><strong>quia</strong></span> <span class='ocrx_word' id='word_1_68' title='bbox 865 1193 1017 1249; x_wconf 69' lang='lat' dir='ltr'><strong>Iesus</strong></span> <span class='ocrx_word' id='word_1_69' title='bbox 1047 1197 1276 1248; x_wconf 84' lang='lat' dir='ltr'><strong>nondum</strong></span> <span class='ocrx_word' id='word_1_70' title='bbox 1301 1196 1470 1264; x_wconf 79' lang='lat' dir='ltr'><strong>fuerat</strong></span> <span class='ocrx_word' id='word_1_71' title='bbox 1494 1195 1698 1265; x_wconf 84' lang='lat' dir='ltr'><strong>gloriﬁ-</strong></span> 
     </span>
    </p>
   </div>
   <div class='ocr_carea' id='block_1_11' title="bbox 146 1273 1382 1354">
    <p class='ocr_par' dir='ltr' id='par_1_11' title="bbox 146 1273 1382 1354">
     <span class='ocr_line' id='line_1_11' title="bbox 146 1273 1382 1354; baseline 0.01 -19"><span class='ocrx_word' id='word_1_72' title='bbox 146 1296 268 1338; x_wconf 78' lang='lat' dir='ltr'><strong>catus</strong></span> <span class='ocrx_word' id='word_1_73' title='bbox 294 1286 472 1354; x_wconf 80' lang='lat' dir='ltr'><strong>(Joau.</strong></span> <span class='ocrx_word' id='word_1_74' title='bbox 505 1289 625 1351; x_wconf 68' lang='lat' dir='ltr'><strong>VII).</strong></span> <span class='ocrx_word' id='word_1_75' title='bbox 1377 1273 1382 1282; x_wconf 35' lang='grc' dir='ltr'><em>Ι</em></span> 
     </span>
    </p>
   </div>
   <div class='ocr_carea' id='block_1_12' title="bbox 209 1402 1697 1472">
    <p class='ocr_par' dir='ltr' id='par_1_12' title="bbox 209 1402 1697 1472">
     <span class='ocr_line' id='line_1_12' title="bbox 209 1402 1697 1472; baseline 0.001 -18"><span class='ocrx_word' id='word_1_76' title='bbox 209 1403 367 1469; x_wconf 85' lang='lat' dir='ltr'><strong>Igitur</strong></span> <span class='ocrx_word' id='word_1_77' title='bbox 401 1405 488 1472; x_wconf 85' lang='lat' dir='ltr'><strong>qui</strong></span> <span class='ocrx_word' id='word_1_78' title='bbox 516 1414 850 1457; x_wconf 74' lang='lat' dir='ltr'><strong>convenerant</strong></span> <span class='ocrx_word' id='word_1_79' title='bbox 880 1403 1256 1472; x_wconf 85' lang='lat' dir='ltr'><strong>interrogabant</strong></span> <span class='ocrx_word' id='word_1_80' title='bbox 1285 1418 1400 1456; x_wconf 84' lang='lat' dir='ltr'><strong>eum</strong></span> <span class='ocrx_word' id='word_1_81' title='bbox 1430 1402 1650 1454; x_wconf 75' lang='lat' dir='ltr'><strong>dicentes</strong></span> <span class='ocrx_word' id='word_1_82' title='bbox 1677 1418 1697 1456; x_wconf 89' lang='lat'><strong><em>:</em></strong></span> 
     </span>
    </p>
   </div>
   <div class='ocr_carea' id='block_1_13' title="bbox 145 1491 1699 1562">
    <p class='ocr_par' dir='ltr' id='par_1_13' title="bbox 145 1491 1699 1562">
     <span class='ocr_line' id='line_1_13' title="bbox 145 1491 1699 1562; baseline 0.001 -18"><span class='ocrx_word' id='word_1_83' title='bbox 145 1493 356 1555; x_wconf 85' lang='lat' dir='ltr'><strong>Domine,</strong></span> <span class='ocrx_word' id='word_1_84' title='bbox 379 1495 423 1545; x_wconf 86' lang='lat' dir='ltr'><strong>si</strong></span> <span class='ocrx_word' id='word_1_85' title='bbox 451 1495 500 1544; x_wconf 87' lang='lat' dir='ltr'><strong>in</strong></span> <span class='ocrx_word' id='word_1_86' title='bbox 545 1504 768 1559; x_wconf 83' lang='lat' dir='ltr'><strong>tempore</strong></span> <span class='ocrx_word' id='word_1_87' title='bbox 812 1493 908 1545; x_wconf 86' lang='lat' dir='ltr'><strong>hoc</strong></span> <span class='ocrx_word' id='word_1_88' title='bbox 953 1494 1183 1546; x_wconf 86' lang='lat' dir='ltr'><strong>restitues</strong></span> <span class='ocrx_word' id='word_1_89' title='bbox 1227 1508 1438 1562; x_wconf 80' lang='lat' dir='ltr'><strong><em>regnum</em></strong></span> <span class='ocrx_word' id='word_1_90' title='bbox 1487 1491 1699 1546; x_wconf 82' lang='lat' dir='ltr'><strong>Israel?</strong></span> 
     </span>
    </p>
   </div>
   <div class='ocr_carea' id='block_1_14' title="bbox 148 1582 1694 1650">
    <p class='ocr_par' dir='ltr' id='par_1_14' title="bbox 148 1582 1694 1650">
     <span class='ocr_line' id='line_1_14' title="bbox 148 1582 1694 1650; baseline 0 -17"><span class='ocrx_word' id='word_1_91' title='bbox 148 1585 388 1648; x_wconf 77' lang='lat' dir='ltr'><strong>Quoniam</strong></span> <span class='ocrx_word' id='word_1_92' title='bbox 417 1599 682 1650; x_wconf 75' lang='lat' dir='ltr'><strong>apparens</strong></span> <span class='ocrx_word' id='word_1_93' title='bbox 711 1586 788 1636; x_wconf 90' lang='lat' dir='ltr'><strong>eis</strong></span> <span class='ocrx_word' id='word_1_94' title='bbox 843 1584 1051 1636; x_wconf 88' lang='lat' dir='ltr'><strong>locutus</strong></span> <span class='ocrx_word' id='word_1_95' title='bbox 1095 1593 1178 1637; x_wconf 88' lang='lat' dir='ltr'><strong>est</strong></span> <span class='ocrx_word' id='word_1_96' title='bbox 1228 1583 1294 1636; x_wconf 90' lang='lat' dir='ltr'><strong>de</strong></span> <span class='ocrx_word' id='word_1_97' title='bbox 1351 1598 1514 1648; x_wconf 79' lang='lat' dir='ltr'><strong>regno</strong></span> <span class='ocrx_word' id='word_1_98' title='bbox 1583 1582 1694 1646; x_wconf 82' lang='lat' dir='ltr'><strong>Dei,</strong></span> 
     </span>
    </p>
   </div>
   <div class='ocr_carea' id='block_1_15' title="bbox 147 1675 1697 1744">
    <p class='ocr_par' dir='ltr' id='par_1_15' title="bbox 147 1675 1697 1744">
     <span class='ocr_line' id='line_1_15' title="bbox 147 1675 1697 1744; baseline 0 -17"><span class='ocrx_word' id='word_1_99' title='bbox 147 1676 355 1738; x_wconf 81' lang='lat' dir='ltr'><strong>Spiritus</strong></span> <span class='ocrx_word' id='word_1_100' title='bbox 378 1691 586 1743; x_wconf 85' lang='lat' dir='ltr'><strong>quoque</strong></span> <span class='ocrx_word' id='word_1_101' title='bbox 615 1676 786 1728; x_wconf 79' lang='lat' dir='ltr'><strong>sancti</strong></span> <span class='ocrx_word' id='word_1_102' title='bbox 807 1691 909 1729; x_wconf 92' lang='lat' dir='ltr'><strong>non</strong></span> <span class='ocrx_word' id='word_1_103' title='bbox 948 1685 1068 1744; x_wconf 90' lang='lat' dir='ltr'><strong>post</strong></span> <span class='ocrx_word' id='word_1_104' title='bbox 1091 1675 1284 1729; x_wconf 88' lang='lat' dir='ltr'><strong>multos</strong></span> <span class='ocrx_word' id='word_1_105' title='bbox 1312 1675 1424 1728; x_wconf 87' lang='lat' dir='ltr'><strong>dies</strong></span> <span class='ocrx_word' id='word_1_106' title='bbox 1455 1675 1697 1742; x_wconf 78' lang='lat' dir='ltr'><strong>promisit</strong></span> 
     </span>
    </p>
   </div>
   <div class='ocr_carea' id='block_1_16' title="bbox 145 1768 1696 1837">
    <p class='ocr_par' dir='ltr' id='par_1_16' title="bbox 145 1768 1696 1837">
     <span class='ocr_line' id='line_1_16' title="bbox 145 1768 1696 1837; baseline 0.003 -21"><span class='ocrx_word' id='word_1_107' title='bbox 145 1769 430 1830; x_wconf 75' lang='lat' dir='ltr'><strong>adventum,</strong></span> <span class='ocrx_word' id='word_1_108' title='bbox 477 1778 875 1835; x_wconf 80' lang='lat' dir='ltr'><strong>consequenter</strong></span> <span class='ocrx_word' id='word_1_109' title='bbox 906 1784 1026 1822; x_wconf 87' lang='lat' dir='ltr'><strong>eum</strong></span> <span class='ocrx_word' id='word_1_110' title='bbox 1059 1768 1128 1822; x_wconf 91' lang='lat' dir='ltr'><strong>de</strong></span> <span class='ocrx_word' id='word_1_111' title='bbox 1159 1768 1347 1821; x_wconf 88' lang='lat' dir='ltr'><strong>eodem</strong></span> <span class='ocrx_word' id='word_1_112' title='bbox 1385 1782 1547 1837; x_wconf 84' lang='lat' dir='ltr'><strong>regno</strong></span> <span class='ocrx_word' id='word_1_113' title='bbox 1578 1781 1696 1834; x_wconf 86' lang='lat' dir='ltr'><strong>per-</strong></span> 
     </span>
    </p>
   </div>
   <div class='ocr_carea' id='block_1_17' title="bbox 143 1856 1688 1925">
    <p class='ocr_par' dir='ltr' id='par_1_17' title="bbox 143 1856 1688 1925">
     <span class='ocr_line' id='line_1_17' title="bbox 143 1856 1688 1925; baseline 0.001 -18"><span class='ocrx_word' id='word_1_114' title='bbox 143 1866 401 1908; x_wconf 80' lang='lat' dir='ltr'><strong>contantur</strong></span> <span class='ocrx_word' id='word_1_115' title='bbox 430 1867 604 1909; x_wconf 88' lang='lat' dir='ltr'><strong>utrum</strong></span> <span class='ocrx_word' id='word_1_116' title='bbox 642 1858 892 1911; x_wconf 81' lang='lat' dir='ltr'><strong>videlicet</strong></span> <span class='ocrx_word' id='word_1_117' title='bbox 942 1873 1064 1910; x_wconf 87' lang='lat' dir='ltr'><strong>mox</strong></span> <span class='ocrx_word' id='word_1_118' title='bbox 1120 1856 1440 1912; x_wconf 81' lang='lat' dir='ltr'><strong>adveniente</strong></span> <span class='ocrx_word' id='word_1_119' title='bbox 1489 1857 1688 1925; x_wconf 83' lang='lat' dir='ltr'><strong>Spiritu</strong></span> 
     </span>
    </p>
   </div>
   <div class='ocr_carea' id='block_1_18' title="bbox 142 1947 1689 2014">
    <p class='ocr_par' dir='ltr' id='par_1_18' title="bbox 142 1947 1689 2014">
     <span class='ocr_line' id='line_1_18' title="bbox 142 1947 1689 2014; baseline 0.001 -16"><span class='ocrx_word' id='word_1_120' title='bbox 142 1958 307 2000; x_wconf 84' lang='lat' dir='ltr'><strong>sancto</strong></span> <span class='ocrx_word' id='word_1_121' title='bbox 337 1947 387 1998; x_wconf 90' lang='lat' dir='ltr'><strong>itt</strong></span> <span class='ocrx_word' id='word_1_122' title='bbox 422 1948 672 2014; x_wconf 57' lang='lat' dir='ltr'><strong>prasenti</strong></span> <span class='ocrx_word' id='word_1_123' title='bbox 705 1948 1114 2014; x_wconf 86' lang='lat' dir='ltr'><strong>restituendum,</strong></span> <span class='ocrx_word' id='word_1_124' title='bbox 1145 1964 1210 2000; x_wconf 89' lang='lat' dir='ltr'><strong>an</strong></span> <span class='ocrx_word' id='word_1_125' title='bbox 1263 1949 1312 2000; x_wconf 91' lang='lat' dir='ltr'><strong>in</strong></span> <span class='ocrx_word' id='word_1_126' title='bbox 1359 1951 1533 2001; x_wconf 81' lang='lat' dir='ltr'><strong>futuro</strong></span> <span class='ocrx_word' id='word_1_127' title='bbox 1564 1962 1689 2000; x_wconf 82' lang='lat' dir='ltr'><strong>san-</strong></span> 
     </span>
    </p>
   </div>
   <div class='ocr_carea' id='block_1_19' title="bbox 141 2040 1693 2095">
    <p class='ocr_par' dir='ltr' id='par_1_19' title="bbox 141 2040 1693 2095">
     <span class='ocr_line' id='line_1_19' title="bbox 141 2040 1693 2095; baseline 0.003 -5"><span class='ocrx_word' id='word_1_128' title='bbox 141 2041 226 2090; x_wconf 77' lang='lat' dir='ltr'><strong>ctis</strong></span> <span class='ocrx_word' id='word_1_129' title='bbox 265 2041 636 2092; x_wconf 78' lang='lat' dir='ltr'><strong>reservandum</strong></span> <span class='ocrx_word' id='word_1_130' title='bbox 688 2041 909 2095; x_wconf 85' lang='lat' dir='ltr'><strong>credere</strong></span> <span class='ocrx_word' id='word_1_131' title='bbox 958 2040 1204 2094; x_wconf 79' lang='lat' dir='ltr'><strong>debeant.</strong></span> <span class='ocrx_word' id='word_1_132' title='bbox 1253 2041 1502 2094; x_wconf 72' lang='lat' dir='ltr'><strong>Carnutes</strong></span> <span class='ocrx_word' id='word_1_133' title='bbox 1553 2041 1693 2095; x_wconf 83' lang='lat' dir='ltr'><strong>cnim</strong></span> 
     </span>
    </p>
   </div>
   <div class='ocr_carea' id='block_1_20' title="bbox 141 2131 1691 2198">
    <p class='ocr_par' dir='ltr' id='par_1_20' title="bbox 141 2131 1691 2198">
     <span class='ocr_line' id='line_1_20' title="bbox 141 2131 1691 2198; baseline 0.002 -17"><span class='ocrx_word' id='word_1_134' title='bbox 141 2132 298 2183; x_wconf 85' lang='lat' dir='ltr'><strong>adhuc</strong></span> <span class='ocrx_word' id='word_1_135' title='bbox 347 2132 624 2198; x_wconf 62' lang='lat' dir='ltr'><strong>discipuli,</strong></span> <span class='ocrx_word' id='word_1_136' title='bbox 687 2135 1083 2185; x_wconf 59' lang='lat' dir='ltr'><strong>resurrecuone</strong></span> <span class='ocrx_word' id='word_1_137' title='bbox 1133 2131 1335 2185; x_wconf 64' lang='lat' dir='ltr'><strong>(illris&#39;li</strong></span> <span class='ocrx_word' id='word_1_138' title='bbox 1384 2132 1648 2198; x_wconf 88' lang='lat' dir='ltr'><strong>completa</strong></span> <span class='ocrx_word' id='word_1_139' title='bbox 1677 2173 1691 2197; x_wconf 92' lang='lat'><strong>,</strong></span> 
     </span>
    </p>
   </div>
   <div class='ocr_carea' id='block_1_21' title="bbox 142 2223 1689 2292">
    <p class='ocr_par' dir='ltr' id='par_1_21' title="bbox 142 2223 1689 2292">
     <span class='ocr_line' id='line_1_21' title="bbox 142 2223 1689 2292; baseline 0.001 -18"><span class='ocrx_word' id='word_1_140' title='bbox 142 2223 376 2276; x_wconf 86' lang='lat' dir='ltr'><strong>continuo</strong></span> <span class='ocrx_word' id='word_1_141' title='bbox 407 2238 629 2292; x_wconf 79' lang='lat' dir='ltr'><strong>regnum</strong></span> <span class='ocrx_word' id='word_1_142' title='bbox 666 2224 830 2277; x_wconf 90' lang='lat' dir='ltr'><strong>Israel</strong></span> <span class='ocrx_word' id='word_1_143' title='bbox 881 2226 1174 2278; x_wconf 77' lang='lat' dir='ltr'><strong>credebant</strong></span> <span class='ocrx_word' id='word_1_144' title='bbox 1226 2237 1345 2276; x_wconf 84' lang='lat' dir='ltr'><strong>esse</strong></span> <span class='ocrx_word' id='word_1_145' title='bbox 1391 2233 1689 2275; x_wconf 89' lang='lat' dir='ltr'><strong>venturum.</strong></span> 
     </span>
    </p>
   </div>
   <div class='ocr_carea' id='block_1_22' title="bbox 150 2312 1694 2382">
    <p class='ocr_par' dir='ltr' id='par_1_22' title="bbox 150 2312 1694 2382">
     <span class='ocr_line' id='line_1_22' title="bbox 150 2312 1694 2382; baseline 0 -18"><span class='ocrx_word' id='word_1_146' title='bbox 150 2312 294 2366; x_wconf 82' lang='lat' dir='ltr'><strong>Juxta</strong></span> <span class='ocrx_word' id='word_1_147' title='bbox 327 2314 459 2382; x_wconf 91' lang='lat' dir='ltr'><strong>quod</strong></span> <span class='ocrx_word' id='word_1_148' title='bbox 499 2313 769 2379; x_wconf 83' lang='lat' dir='ltr'><strong>Cleophas</strong></span> <span class='ocrx_word' id='word_1_149' title='bbox 807 2316 878 2366; x_wconf 85' lang='lat' dir='ltr'><strong>ait</strong></span> <span class='ocrx_word' id='word_1_150' title='bbox 921 2331 934 2366; x_wconf 89' lang='lat'>:</span> <span class='ocrx_word' id='word_1_151' title='bbox 998 2313 1110 2367; x_wconf 83' lang='lat' dir='ltr'><strong>Nos</strong></span> <span class='ocrx_word' id='word_1_152' title='bbox 1154 2325 1320 2367; x_wconf 83' lang='lat' dir='ltr'><strong>autent</strong></span> <span class='ocrx_word' id='word_1_153' title='bbox 1365 2314 1694 2382; x_wconf 71' lang='lat' dir='ltr'><strong>sperabamus</strong></span> 
     </span>
    </p>
   </div>
   <div class='ocr_carea' id='block_1_23' title="bbox 140 2405 1695 2475">
    <p class='ocr_par' dir='ltr' id='par_1_23' title="bbox 140 2405 1695 2475">
     <span class='ocr_line' id='line_1_23' title="bbox 140 2405 1695 2475; baseline 0.002 -18"><span class='ocrx_word' id='word_1_154' title='bbox 140 2409 258 2469; x_wconf 70' lang='lat' dir='ltr'><strong>quod</strong></span> <span class='ocrx_word' id='word_1_155' title='bbox 281 2408 380 2475; x_wconf 81' lang='lat' dir='ltr'><strong>ipse</strong></span> <span class='ocrx_word' id='word_1_156' title='bbox 401 2417 525 2458; x_wconf 86' lang='lat' dir='ltr'><strong>esset</strong></span> <span class='ocrx_word' id='word_1_157' title='bbox 540 2410 898 2473; x_wconf 83' lang='lat' dir='ltr'><strong>redempturus</strong></span> <span class='ocrx_word' id='word_1_158' title='bbox 921 2405 1101 2459; x_wconf 84' lang='lat' dir='ltr'><strong>Israel.</strong></span> <span class='ocrx_word' id='word_1_159' title='bbox 1131 2408 1187 2458; x_wconf 87' lang='lat' dir='ltr'><strong>Et</strong></span> <span class='ocrx_word' id='word_1_160' title='bbox 1207 2405 1532 2474; x_wconf 84' lang='lat' dir='ltr'><strong>evangelista</strong></span> <span class='ocrx_word' id='word_1_161' title='bbox 1559 2421 1695 2473; x_wconf 58' lang='lat' dir='ltr'><strong>pra-</strong></span> 
     </span>
    </p>
   </div>
   <div class='ocr_carea' id='block_1_24' title="bbox 143 2494 1691 2565">
    <p class='ocr_par' dir='ltr' id='par_1_24' title="bbox 143 2494 1691 2565">
     <span class='ocr_line' id='line_1_24' title="bbox 143 2494 1691 2565; baseline 0.001 -19"><span class='ocrx_word' id='word_1_162' title='bbox 143 2500 270 2549; x_wconf 87' lang='lat' dir='ltr'><strong>rnisit</strong></span> <span class='ocrx_word' id='word_1_163' title='bbox 296 2498 409 2562; x_wconf 85' lang='lat' dir='ltr'><strong>quia</strong></span> <span class='ocrx_word' id='word_1_164' title='bbox 446 2497 672 2548; x_wconf 84' lang='lat' dir='ltr'><strong>Domino</strong></span> <span class='ocrx_word' id='word_1_165' title='bbox 725 2497 1117 2565; x_wconf 82' lang='lat' dir='ltr'><strong>lerosolymam</strong></span> <span class='ocrx_word' id='word_1_166' title='bbox 1151 2508 1378 2549; x_wconf 89' lang='lat' dir='ltr'><strong>venturo</strong></span> <span class='ocrx_word' id='word_1_167' title='bbox 1410 2494 1691 2548; x_wconf 83' lang='lat' dir='ltr'><strong>existima-</strong></span> 
     </span>
    </p>
   </div>
   <div class='ocr_carea' id='block_1_25' title="bbox 143 2583 1688 2652">
    <p class='ocr_par' dir='ltr' id='par_1_25' title="bbox 143 2583 1688 2652">
     <span class='ocr_line' id='line_1_25' title="bbox 143 2583 1688 2652; baseline 0.001 -17"><span class='ocrx_word' id='word_1_168' title='bbox 143 2595 245 2636; x_wconf 86' lang='lat' dir='ltr'><strong>rent</strong></span> <span class='ocrx_word' id='word_1_169' title='bbox 282 2583 413 2652; x_wconf 89' lang='lat' dir='ltr'><strong>quod</strong></span> <span class='ocrx_word' id='word_1_170' title='bbox 465 2584 746 2637; x_wconf 84' lang='lat' dir='ltr'><strong>confestim</strong></span> <span class='ocrx_word' id='word_1_171' title='bbox 807 2600 1026 2651; x_wconf 81' lang='lat' dir='ltr'><strong>regnum</strong></span> <span class='ocrx_word' id='word_1_172' title='bbox 1082 2585 1174 2636; x_wconf 89' lang='lat' dir='ltr'><strong>Dei</strong></span> <span class='ocrx_word' id='word_1_173' title='bbox 1234 2583 1688 2637; x_wconf 85' lang='lat' dir='ltr'><strong>manilestaretur.</strong></span> 
     </span>
    </p>
   </div>
   <div class='ocr_carea' id='block_1_26' title="bbox 143 2672 1689 2742">
    <p class='ocr_par' dir='ltr' id='par_1_26' title="bbox 143 2672 1689 2742">
     <span class='ocr_line' id='line_1_26' title="bbox 143 2672 1689 2742; baseline 0.003 -19"><span class='ocrx_word' id='word_1_174' title='bbox 143 2672 232 2724; x_wconf 78' lang='lat' dir='ltr'><strong>Sed</strong></span> <span class='ocrx_word' id='word_1_175' title='bbox 254 2675 524 2739; x_wconf 84' lang='lat' dir='ltr'><strong>oportebat</strong></span> <span class='ocrx_word' id='word_1_176' title='bbox 552 2675 760 2741; x_wconf 89' lang='lat' dir='ltr'><strong>impleri</strong></span> <span class='ocrx_word' id='word_1_177' title='bbox 787 2675 1146 2742; x_wconf 82' lang='lat' dir='ltr'><strong>prophetiam,</strong></span> <span class='ocrx_word' id='word_1_178' title='bbox 1175 2690 1276 2742; x_wconf 88' lang='lat' dir='ltr'><strong>qua</strong></span> <span class='ocrx_word' id='word_1_179' title='bbox 1305 2675 1441 2726; x_wconf 81' lang='lat' dir='ltr'><strong>Patri</strong></span> <span class='ocrx_word' id='word_1_180' title='bbox 1470 2687 1689 2728; x_wconf 85' lang='lat' dir='ltr'><strong>canens:</strong></span> 
     </span>
    </p>
   </div>
   <div class='ocr_carea' id='block_1_27' title="bbox 146 2762 1694 2833">
    <p class='ocr_par' dir='ltr' id='par_1_27' title="bbox 146 2762 1694 2833">
     <span class='ocr_line' id='line_1_27' title="bbox 146 2762 1694 2833; baseline 0.001 -19"><span class='ocrx_word' id='word_1_181' title='bbox 146 2762 340 2815; x_wconf 80' lang='lat' dir='ltr'><strong>Turero</strong></span> <span class='ocrx_word' id='word_1_182' title='bbox 361 2765 622 2833; x_wconf 79' lang='lat' dir='ltr'><strong>repulisti,</strong></span> <span class='ocrx_word' id='word_1_183' title='bbox 664 2775 712 2817; x_wconf 86' lang='lat' dir='ltr'><strong>et</strong></span> <span class='ocrx_word' id='word_1_184' title='bbox 743 2766 1005 2832; x_wconf 70' lang='lat' dir='ltr'><strong>sprevisti,</strong></span> <span class='ocrx_word' id='word_1_185' title='bbox 1054 2776 1100 2817; x_wconf 83' lang='lat' dir='ltr'><strong>et</strong></span> <span class='ocrx_word' id='word_1_186' title='bbox 1145 2765 1390 2816; x_wconf 76' lang='lat' dir='ltr'><strong>distulisti</strong></span> <span class='ocrx_word' id='word_1_187' title='bbox 1435 2762 1694 2817; x_wconf 78' lang='lat' dir='ltr'><strong>Christum</strong></span> 
     </span>
    </p>
   </div>
   <div class='ocr_carea' id='block_1_28' title="bbox 143 2854 1686 2923">
    <p class='ocr_par' dir='ltr' id='par_1_28' title="bbox 143 2854 1686 2923">
     <span class='ocr_line' id='line_1_28' title="bbox 143 2854 1686 2923; baseline 0.002 -19"><span class='ocrx_word' id='word_1_188' title='bbox 143 2864 266 2906; x_wconf 78' lang='lat' dir='ltr'><strong>tuum</strong></span> <span class='ocrx_word' id='word_1_189' title='bbox 289 2854 448 2923; x_wconf 72' lang='lat' dir='ltr'><strong>(Paul.</strong></span> <span class='ocrx_word' id='word_1_190' title='bbox 480 2856 762 2923; x_wconf 79' lang='lat' dir='ltr'><strong>Lxxxvnt).</strong></span> <span class='ocrx_word' id='word_1_191' title='bbox 791 2855 1002 2922; x_wconf 78' lang='lat' dir='ltr'><strong>Repulit</strong></span> <span class='ocrx_word' id='word_1_192' title='bbox 1024 2857 1164 2908; x_wconf 90' lang='lat' dir='ltr'><strong>enim</strong></span> <span class='ocrx_word' id='word_1_193' title='bbox 1193 2866 1247 2908; x_wconf 89' lang='lat' dir='ltr'><strong>et</strong></span> <span class='ocrx_word' id='word_1_194' title='bbox 1278 2856 1477 2920; x_wconf 82' lang='lat' dir='ltr'><strong>sprevit</strong></span> <span class='ocrx_word' id='word_1_195' title='bbox 1498 2855 1686 2908; x_wconf 80' lang='lat' dir='ltr'><strong>Filium</strong></span> 
     </span>
    </p>
   </div>
   <div class='ocr_carea' id='block_1_29' title="bbox 145 2943 1686 3013">
    <p class='ocr_par' dir='ltr' id='par_1_29' title="bbox 145 2943 1686 3013">
     <span class='ocr_line' id='line_1_29' title="bbox 145 2943 1686 3013; baseline 0.001 -19"><span class='ocrx_word' id='word_1_196' title='bbox 145 2943 299 3009; x_wconf 80' lang='lat' dir='ltr'><strong>Pater,</strong></span> <span class='ocrx_word' id='word_1_197' title='bbox 325 2947 533 3011; x_wconf 83' lang='lat' dir='ltr'><strong>quando</strong></span> <span class='ocrx_word' id='word_1_198' title='bbox 563 2960 688 2998; x_wconf 89' lang='lat' dir='ltr'><strong>eum</strong></span> <span class='ocrx_word' id='word_1_199' title='bbox 725 2947 774 2997; x_wconf 74' lang='grc' dir='ltr'><strong>ιιι</strong></span> <span class='ocrx_word' id='word_1_200' title='bbox 814 2947 1062 3012; x_wconf 88' lang='lat' dir='ltr'><strong>passione</strong></span> <span class='ocrx_word' id='word_1_201' title='bbox 1092 2945 1326 2998; x_wconf 84' lang='lat' dir='ltr'><strong>deseruit</strong></span> <span class='ocrx_word' id='word_1_202' title='bbox 1354 2944 1686 3013; x_wconf 85' lang='lat' dir='ltr'><strong>loquentem:</strong></span> 
     </span>
    </p>
   </div>
   <div class='ocr_carea' id='block_1_30' title="bbox 145 3035 1690 3111">
    <p class='ocr_par' dir='ltr' id='par_1_30' title="bbox 145 3035 1690 3111">
     <span class='ocr_line' id='line_1_30' title="bbox 145 3035 1690 3111; baseline 0.006 -26"><span class='ocrx_word' id='word_1_203' title='bbox 145 3035 288 3100; x_wconf 71' lang='lat' dir='ltr'><strong>lteris,</strong></span> <span class='ocrx_word' id='word_1_204' title='bbox 323 3037 453 3091; x_wconf 86' lang='lat' dir='ltr'><strong>Deus</strong></span> <span class='ocrx_word' id='word_1_205' title='bbox 478 3055 618 3092; x_wconf 86' lang='lat' dir='ltr'><strong>meus</strong></span> <span class='ocrx_word' id='word_1_206' title='bbox 639 3039 660 3103; x_wconf 53' lang='lat'><strong>,&#39;</strong></span> <span class='ocrx_word' id='word_1_207' title='bbox 684 3055 842 3107; x_wconf 84' lang='lat' dir='ltr'><strong>quare</strong></span> <span class='ocrx_word' id='word_1_208' title='bbox 870 3055 949 3093; x_wconf 81' lang='lat' dir='ltr'><strong>me</strong></span> <span class='ocrx_word' id='word_1_209' title='bbox 983 3040 1214 3109; x_wconf 84' lang='lat' dir='ltr'><strong>repulisti</strong></span> <span class='ocrx_word' id='word_1_210' title='bbox 1239 3039 1456 3111; x_wconf 78' lang='lat' dir='ltr'><strong>(Matth.</strong></span> <span class='ocrx_word' id='word_1_211' title='bbox 1490 3041 1690 3107; x_wconf 75' lang='lat' dir='ltr'><strong>xxvu)?</strong></span> 
     </span>
    </p>
   </div>
   <div class='ocr_carea' id='block_1_31' title="bbox 145 3126 1690 3207">
    <p class='ocr_par' dir='ltr' id='par_1_31' title="bbox 145 3126 1690 3207">
     <span class='ocr_line' id='line_1_31' title="bbox 145 3126 1690 3207; baseline 0.004 -31"><span class='ocrx_word' id='word_1_212' title='bbox 145 3126 335 3179; x_wconf 71' lang='lat' dir='ltr'><strong>Distulit</strong></span> <span class='ocrx_word' id='word_1_213' title='bbox 364 3140 560 3190; x_wconf 88' lang='lat' dir='ltr'><strong>autem,</strong></span> <span class='ocrx_word' id='word_1_214' title='bbox 598 3138 656 3180; x_wconf 88' lang='lat' dir='ltr'><strong>ut</strong></span> <span class='ocrx_word' id='word_1_215' title='bbox 683 3143 840 3196; x_wconf 89' lang='lat' dir='ltr'><strong>quem</strong></span> <span class='ocrx_word' id='word_1_216' title='bbox 869 3139 1038 3207; x_wconf 79' lang='lat' dir='ltr'><strong>sancti</strong></span> <span class='ocrx_word' id='word_1_217' title='bbox 1063 3129 1154 3181; x_wconf 91' lang='lat' dir='ltr'><strong>illo</strong></span> <span class='ocrx_word' id='word_1_218' title='bbox 1179 3140 1415 3196; x_wconf 90' lang='lat' dir='ltr'><strong>tempore</strong></span> <span class='ocrx_word' id='word_1_219' title='bbox 1445 3140 1690 3203; x_wconf 85' lang='lat' dir='ltr'><strong>regnatu-</strong></span> 
     </span>
    </p>
   </div>
   <div class='ocr_carea' id='block_1_32' title="bbox 144 3216 1765 3290">
    <p class='ocr_par' dir='ltr' id='par_1_32' title="bbox 144 3216 1765 3290">
     <span class='ocr_line' id='line_1_32' title="bbox 144 3216 1765 3290; baseline 0.004 -26"><span class='ocrx_word' id='word_1_220' title='bbox 144 3230 247 3265; x_wconf 89' lang='lat' dir='ltr'><strong>rum</strong></span> <span class='ocrx_word' id='word_1_221' title='bbox 277 3216 532 3280; x_wconf 76' lang='lat' dir='ltr'><strong>putabant.</strong></span> <span class='ocrx_word' id='word_1_222' title='bbox 553 3227 872 3283; x_wconf 79' lang='lat' dir='ltr'><strong>exspectent</strong></span> <span class='ocrx_word' id='word_1_223' title='bbox 899 3219 951 3271; x_wconf 88' lang='lat' dir='ltr'><strong>in</strong></span> <span class='ocrx_word' id='word_1_224' title='bbox 979 3218 1064 3270; x_wconf 92' lang='lat' dir='ltr'><strong>die</strong></span> <span class='ocrx_word' id='word_1_225' title='bbox 1086 3217 1269 3285; x_wconf 78' lang='lat' dir='ltr'><strong>judicii</strong></span> <span class='ocrx_word' id='word_1_226' title='bbox 1299 3218 1349 3270; x_wconf 88' lang='lat' dir='ltr'><strong>in</strong></span> <span class='ocrx_word' id='word_1_227' title='bbox 1386 3231 1482 3272; x_wconf 83' lang='lat' dir='ltr'><strong>sua</strong></span> <span class='ocrx_word' id='word_1_228' title='bbox 1523 3217 1688 3284; x_wconf 86' lang='lat' dir='ltr'><strong>maje-</strong></span> <span class='ocrx_word' id='word_1_229' title='bbox 1719 3227 1765 3290; x_wconf 72' lang='grc' dir='ltr'>α</span> 
     </span>
    </p>
   </div>
   <div class='ocr_carea' id='block_1_33' title="bbox 143 3307 1688 3378">
    <p class='ocr_par' dir='ltr' id='par_1_33' title="bbox 143 3307 1688 3378">
     <span class='ocr_line' id='line_1_33' title="bbox 143 3307 1688 3378; baseline 0.005 -23"><span class='ocrx_word' id='word_1_230' title='bbox 143 3317 268 3358; x_wconf 76' lang='lat' dir='ltr'><strong>siste</strong></span> <span class='ocrx_word' id='word_1_231' title='bbox 289 3308 578 3361; x_wconf 80' lang='lat' dir='ltr'><strong>venturum.</strong></span> <span class='ocrx_word' id='word_1_232' title='bbox 614 3308 762 3360; x_wconf 84' lang='lat' dir='ltr'><strong>Unde</strong></span> <span class='ocrx_word' id='word_1_233' title='bbox 794 3319 848 3362; x_wconf 88' lang='lat' dir='ltr'><strong>et</strong></span> <span class='ocrx_word' id='word_1_234' title='bbox 873 3307 1260 3376; x_wconf 65' lang='lat' dir='ltr'><strong>ipse-Dominus</strong></span> <span class='ocrx_word' id='word_1_235' title='bbox 1290 3310 1582 3378; x_wconf 84' lang='lat' dir='ltr'><strong>spiritalem</strong></span> <span class='ocrx_word' id='word_1_236' title='bbox 1613 3310 1688 3364; x_wconf 86' lang='lat' dir='ltr'><strong>Is-</strong></span> 
     </span>
    </p>
   </div>
   <div class='ocr_carea' id='block_1_34' title="bbox 146 3397 1689 3470">
    <p class='ocr_par' dir='ltr' id='par_1_34' title="bbox 146 3397 1689 3470">
     <span class='ocr_line' id='line_1_34' title="bbox 146 3397 1689 3470; baseline 0.006 -25"><span class='ocrx_word' id='word_1_237' title='bbox 146 3397 246 3448; x_wconf 64' lang='grc' dir='ltr'><strong>νει-Ι</strong></span> <span class='ocrx_word' id='word_1_238' title='bbox 272 3407 318 3448; x_wconf 84' lang='lat' dir='ltr'><strong>et</strong></span> <span class='ocrx_word' id='word_1_239' title='bbox 349 3413 561 3464; x_wconf 79' lang='lat' dir='ltr'><strong>regnum</strong></span> <span class='ocrx_word' id='word_1_240' title='bbox 587 3398 808 3452; x_wconf 75' lang='lat' dir='ltr'><strong>cmleste</strong></span> <span class='ocrx_word' id='word_1_241' title='bbox 828 3415 856 3452; x_wconf 88' lang='lat' dir='ltr'><strong>a</strong></span> <span class='ocrx_word' id='word_1_242' title='bbox 882 3399 1170 3468; x_wconf 73' lang='lat' dir='ltr'><strong>prophetis.</strong></span> <span class='ocrx_word' id='word_1_243' title='bbox 1182 3400 1347 3455; x_wconf 84' lang='lat' dir='ltr'><strong>luisse</strong></span> <span class='ocrx_word' id='word_1_244' title='bbox 1373 3402 1689 3470; x_wconf 88' lang='lat' dir='ltr'><strong>promissum</strong></span> 
     </span>
    </p>
   </div>
   <div class='ocr_carea' id='block_1_35' title="bbox 147 3490 551 3552">
    <p class='ocr_par' dir='ltr' id='par_1_35' title="bbox 147 3490 551 3552">
     <span class='ocr_line' id='line_1_35' title="bbox 147 3490 551 3552; baseline 0.007 -15"><span class='ocrx_word' id='word_1_245' title='bbox 147 3490 415 3552; x_wconf 66' lang='lat' dir='ltr'><strong>insinuans,</strong></span> <span class='ocrx_word' id='word_1_246' title='bbox 440 3492 513 3542; x_wconf 84' lang='lat' dir='ltr'><strong>ait</strong></span> <span class='ocrx_word' id='word_1_247' title='bbox 539 3506 551 3540; x_wconf 94' lang='lat'>:</span> 
     </span>
    </p>
   </div>
   <div class='ocr_carea' id='block_1_36' title="bbox 221 3604 1692 3675">
    <p class='ocr_par' dir='ltr' id='par_1_36' title="bbox 221 3604 1692 3675">
     <span class='ocr_line' id='line_1_36' title="bbox 221 3604 1692 3675; baseline 0.002 -19"><span class='ocrx_word' id='word_1_248' title='bbox 221 3604 324 3657; x_wconf 72' lang='lat' dir='ltr'><strong>Non</strong></span> <span class='ocrx_word' id='word_1_249' title='bbox 348 3615 417 3658; x_wconf 78' lang='lat' dir='ltr'><strong>est</strong></span> <span class='ocrx_word' id='word_1_250' title='bbox 457 3618 677 3659; x_wconf 78' lang='lat' dir='ltr'><strong>vestrum</strong></span> <span class='ocrx_word' id='word_1_251' title='bbox 707 3623 853 3660; x_wconf 81' lang='lat' dir='ltr'><strong>nosse</strong></span> <span class='ocrx_word' id='word_1_252' title='bbox 893 3613 1117 3675; x_wconf 80' lang='lat' dir='ltr'><strong>tempora</strong></span> <span class='ocrx_word' id='word_1_253' title='bbox 1159 3606 1238 3658; x_wconf 70' lang='lat' dir='ltr'><strong>vel</strong></span> <span class='ocrx_word' id='word_1_254' title='bbox 1283 3615 1536 3658; x_wconf 83' lang='lat' dir='ltr'><strong>momenta</strong></span> <span class='ocrx_word' id='word_1_255' title='bbox 1580 3621 1692 3675; x_wconf 66' lang='lat' dir='ltr'><strong>qua!</strong></span> 
     </span>
    </p>
   </div>
   <div class='ocr_carea' id='block_1_37' title="bbox 153 3695 1683 3767">
    <p class='ocr_par' dir='ltr' id='par_1_37' title="bbox 153 3695 1683 3767">
     <span class='ocr_line' id='line_1_37' title="bbox 153 3695 1683 3767; baseline -0.001 -19"><span class='ocrx_word' id='word_1_256' title='bbox 153 3695 293 3749; x_wconf 87' lang='lat' dir='ltr'><strong>Pater</strong></span> <span class='ocrx_word' id='word_1_257' title='bbox 314 3700 471 3767; x_wconf 80' lang='lat' dir='ltr'><strong>posuit</strong></span> <span class='ocrx_word' id='word_1_258' title='bbox 501 3701 552 3750; x_wconf 90' lang='lat' dir='ltr'><strong>in</strong></span> <span class='ocrx_word' id='word_1_259' title='bbox 575 3716 667 3751; x_wconf 79' lang='lat' dir='ltr'><strong>sua</strong></span> <span class='ocrx_word' id='word_1_260' title='bbox 719 3707 983 3766; x_wconf 78' lang='lat' dir='ltr'><strong>potestate.</strong></span> <span class='ocrx_word' id='word_1_261' title='bbox 1044 3700 1184 3750; x_wconf 89' lang='lat' dir='ltr'><strong>Illius</strong></span> <span class='ocrx_word' id='word_1_262' title='bbox 1215 3697 1506 3766; x_wconf 81' lang='lat' dir='ltr'><strong>(inquiens)</strong></span> <span class='ocrx_word' id='word_1_263' title='bbox 1537 3700 1683 3764; x_wconf 79' lang='lat' dir='ltr'><strong>regni</strong></span> 
     </span>
    </p>
   </div>
   <div class='ocr_carea' id='block_1_38' title="bbox 149 3787 1692 3855">
    <p class='ocr_par' dir='ltr' id='par_1_38' title="bbox 149 3787 1692 3855">
     <span class='ocr_line' id='line_1_38' title="bbox 149 3787 1692 3855; baseline 0.001 -20"><span class='ocrx_word' id='word_1_264' title='bbox 149 3798 242 3836; x_wconf 84' lang='lat' dir='ltr'><strong>tam</strong></span> <span class='ocrx_word' id='word_1_265' title='bbox 270 3799 518 3841; x_wconf 69' lang='lat' dir='ltr'><strong>secretum</strong></span> <span class='ocrx_word' id='word_1_266' title='bbox 554 3801 760 3855; x_wconf 86' lang='lat' dir='ltr'><strong>tempus</strong></span> <span class='ocrx_word' id='word_1_267' title='bbox 813 3797 933 3852; x_wconf 87' lang='lat' dir='ltr'><strong>est,</strong></span> <span class='ocrx_word' id='word_1_268' title='bbox 994 3799 1047 3838; x_wconf 91' lang='lat' dir='ltr'><strong>ut</strong></span> <span class='ocrx_word' id='word_1_269' title='bbox 1107 3788 1279 3839; x_wconf 79' lang='lat' dir='ltr'><strong>Patris</strong></span> <span class='ocrx_word' id='word_1_270' title='bbox 1326 3787 1692 3838; x_wconf 90' lang='lat' dir='ltr'><strong>tantummodo</strong></span> 
     </span>
    </p>
   </div>
   <div class='ocr_carea' id='block_1_39' title="bbox 146 3873 1693 3944">
    <p class='ocr_par' dir='ltr' id='par_1_39' title="bbox 146 3873 1693 3944">
     <span class='ocr_line' id='line_1_39' title="bbox 146 3873 1693 3944; baseline -0.001 -18"><span class='ocrx_word' id='word_1_271' title='bbox 146 3876 357 3928; x_wconf 71' lang='lat' dir='ltr'><strong>sr-icntizc</strong></span> <span class='ocrx_word' id='word_1_272' title='bbox 385 3888 577 3944; x_wconf 79' lang='lat' dir='ltr'><strong>pateat.</strong></span> <span class='ocrx_word' id='word_1_273' title='bbox 634 3878 700 3929; x_wconf 83' lang='lat' dir='ltr'><strong>Et</strong></span> <span class='ocrx_word' id='word_1_274' title='bbox 743 3877 954 3941; x_wconf 85' lang='lat' dir='ltr'><strong>quando</strong></span> <span class='ocrx_word' id='word_1_275' title='bbox 1012 3875 1140 3928; x_wconf 85' lang='lat' dir='ltr'><strong>dicit</strong></span> <span class='ocrx_word' id='word_1_276' title='bbox 1170 3893 1183 3928; x_wconf 85' lang='lat'><strong>:</strong></span> <span class='ocrx_word' id='word_1_277' title='bbox 1223 3873 1344 3927; x_wconf 88' lang='lat' dir='ltr'><strong>Non</strong></span> <span class='ocrx_word' id='word_1_278' title='bbox 1374 3883 1445 3927; x_wconf 85' lang='lat' dir='ltr'><strong>est</strong></span> <span class='ocrx_word' id='word_1_279' title='bbox 1475 3886 1693 3927; x_wconf 79' lang='lat' dir='ltr'><strong>oestrum</strong></span> 
     </span>
    </p>
   </div>
   <div class='ocr_carea' id='block_1_40' title="bbox 147 3966 1691 4034">
    <p class='ocr_par' dir='ltr' id='par_1_40' title="bbox 147 3966 1691 4034">
     <span class='ocr_line' id='line_1_40' title="bbox 147 3966 1691 4034; baseline 0.001 -20"><span class='ocrx_word' id='word_1_280' title='bbox 147 3966 288 4028; x_wconf 81' lang='lat' dir='ltr'><strong>scire,</strong></span> <span class='ocrx_word' id='word_1_281' title='bbox 326 3967 714 4034; x_wconf 87' lang='lat' dir='ltr'><strong>ostenditquod</strong></span> <span class='ocrx_word' id='word_1_282' title='bbox 741 3978 793 4018; x_wconf 83' lang='lat' dir='ltr'><strong>et</strong></span> <span class='ocrx_word' id='word_1_283' title='bbox 833 3968 945 4031; x_wconf 85' lang='lat' dir='ltr'><strong>ipse</strong></span> <span class='ocrx_word' id='word_1_284' title='bbox 977 3968 1124 4027; x_wconf 85' lang='lat' dir='ltr'><strong>sciat,</strong></span> <span class='ocrx_word' id='word_1_285' title='bbox 1176 3967 1332 4030; x_wconf 87' lang='lat' dir='ltr'><strong>cujus</strong></span> <span class='ocrx_word' id='word_1_286' title='bbox 1355 3966 1530 4017; x_wconf 82' lang='lat' dir='ltr'><strong>omnia</strong></span> <span class='ocrx_word' id='word_1_287' title='bbox 1567 3974 1691 4016; x_wconf 83' lang='lat' dir='ltr'><strong>sunt</strong></span> 
     </span>
    </p>
   </div>
   <div class='ocr_carea' id='block_1_41' title="bbox 155 4056 1686 4124">
    <p class='ocr_par' dir='ltr' id='par_1_41' title="bbox 155 4056 1686 4124">
     <span class='ocr_line' id='line_1_41' title="bbox 155 4056 1686 4124; baseline 0.002 -19"><span class='ocrx_word' id='word_1_288' title='bbox 155 4073 257 4121; x_wconf 77' lang='lat' dir='ltr'><strong>qua!</strong></span> <span class='ocrx_word' id='word_1_289' title='bbox 287 4058 444 4111; x_wconf 85' lang='lat' dir='ltr'><strong>Patris</strong></span> <span class='ocrx_word' id='word_1_290' title='bbox 462 4066 619 4120; x_wconf 78' lang='lat' dir='ltr'><strong>sunt,</strong></span> <span class='ocrx_word' id='word_1_291' title='bbox 646 4059 736 4110; x_wconf 89' lang='lat' dir='ltr'><strong>sed</strong></span> <span class='ocrx_word' id='word_1_292' title='bbox 763 4073 867 4110; x_wconf 90' lang='lat' dir='ltr'><strong>non</strong></span> <span class='ocrx_word' id='word_1_293' title='bbox 892 4057 1142 4124; x_wconf 78' lang='lat' dir='ltr'><strong>expediat</strong></span> <span class='ocrx_word' id='word_1_294' title='bbox 1166 4071 1323 4108; x_wconf 86' lang='lat' dir='ltr'><strong>nosse</strong></span> <span class='ocrx_word' id='word_1_295' title='bbox 1350 4056 1686 4117; x_wconf 70' lang='lat' dir='ltr'><strong>mortalibus,</strong></span> 
     </span>
    </p>
   </div>
   <div class='ocr_carea' id='block_1_42' title="bbox 155 4145 1693 4217">
    <p class='ocr_par' dir='ltr' id='par_1_42' title="bbox 155 4145 1693 4217">
     <span class='ocr_line' id='line_1_42' title="bbox 155 4145 1693 4217; baseline 0.002 -22"><span class='ocrx_word' id='word_1_296' title='bbox 155 4160 202 4198; x_wconf 90' lang='lat' dir='ltr'><strong>ut</strong></span> <span class='ocrx_word' id='word_1_297' title='bbox 226 4164 414 4217; x_wconf 87' lang='lat' dir='ltr'><strong>semper</strong></span> <span class='ocrx_word' id='word_1_298' title='bbox 448 4149 637 4202; x_wconf 86' lang='lat' dir='ltr'><strong>incerti</strong></span> <span class='ocrx_word' id='word_1_299' title='bbox 668 4150 734 4200; x_wconf 91' lang='lat' dir='ltr'><strong>de</strong></span> <span class='ocrx_word' id='word_1_300' title='bbox 764 4148 995 4200; x_wconf 85' lang='lat' dir='ltr'><strong>adventu</strong></span> <span class='ocrx_word' id='word_1_301' title='bbox 1041 4146 1259 4215; x_wconf 88' lang='lat' dir='ltr'><strong>judicis,</strong></span> <span class='ocrx_word' id='word_1_302' title='bbox 1329 4147 1406 4198; x_wconf 86' lang='lat' dir='ltr'><strong>sic</strong></span> <span class='ocrx_word' id='word_1_303' title='bbox 1458 4145 1693 4213; x_wconf 85' lang='lat' dir='ltr'><strong>quotidie</strong></span> 
     </span>
    </p>
   </div>
   <div class='ocr_carea' id='block_1_43' title="bbox 155 4238 1190 4308">
    <p class='ocr_par' dir='ltr' id='par_1_43' title="bbox 155 4238 1190 4308">
     <span class='ocr_line' id='line_1_43' title="bbox 155 4238 1190 4308; baseline 0.004 -20"><span class='ocrx_word' id='word_1_304' title='bbox 155 4242 330 4304; x_wconf 78' lang='lat' dir='ltr'><strong>vivant,</strong></span> <span class='ocrx_word' id='word_1_305' title='bbox 359 4243 499 4308; x_wconf 88' lang='lat' dir='ltr'><strong>quasi</strong></span> <span class='ocrx_word' id='word_1_306' title='bbox 528 4243 615 4294; x_wconf 87' lang='lat' dir='ltr'><strong>die</strong></span> <span class='ocrx_word' id='word_1_307' title='bbox 643 4239 1032 4306; x_wconf 87' lang='lat' dir='ltr'><strong>aliajudicandi</strong></span> <span class='ocrx_word' id='word_1_308' title='bbox 1065 4238 1190 4292; x_wconf 85' lang='lat' dir='ltr'><strong>sint.</strong></span> 
     </span>
    </p>
   </div>
   <div class='ocr_carea' id='block_1_44' title="bbox 217 4351 1691 4423">
    <p class='ocr_par' dir='ltr' id='par_1_44' title="bbox 217 4351 1691 4423">
     <span class='ocr_line' id='line_1_44' title="bbox 217 4351 1691 4423; baseline 0.001 -20"><span class='ocrx_word' id='word_1_309' title='bbox 217 4352 306 4404; x_wconf 78' lang='lat' dir='ltr'><strong>Sed</strong></span> <span class='ocrx_word' id='word_1_310' title='bbox 331 4355 580 4423; x_wconf 82' lang='lat' dir='ltr'><strong>accipietis</strong></span> <span class='ocrx_word' id='word_1_311' title='bbox 597 4355 836 4405; x_wconf 82' lang='lat' dir='ltr'><strong>virtutem</strong></span> <span class='ocrx_word' id='word_1_312' title='bbox 854 4353 1249 4418; x_wconf 82' lang='lat' dir='ltr'><strong>supervenientis</strong></span> <span class='ocrx_word' id='word_1_313' title='bbox 1274 4351 1501 4421; x_wconf 78' lang='lat' dir='ltr'><strong>Spiritus</strong></span> <span class='ocrx_word' id='word_1_314' title='bbox 1528 4353 1691 4404; x_wconf 85' lang='lat' dir='ltr'><strong>sanrti</strong></span> 
     </span>
    </p>
   </div>
   <div class='ocr_carea' id='block_1_45' title="bbox 156 4443 1681 4508">
    <p class='ocr_par' dir='ltr' id='par_1_45' title="bbox 156 4443 1681 4508">
     <span class='ocr_line' id='line_1_45' title="bbox 156 4443 1681 4508; baseline -0.001 -13"><span class='ocrx_word' id='word_1_315' title='bbox 156 4445 312 4497; x_wconf 57' lang='lat' dir='ltr'><strong>intvos.</strong></span> <span class='ocrx_word' id='word_1_316' title='bbox 346 4444 402 4495; x_wconf 83' lang='lat' dir='ltr'><strong>Et</strong></span> <span class='ocrx_word' id='word_1_317' title='bbox 424 4447 559 4497; x_wconf 83' lang='lat' dir='ltr'><strong>eritis</strong></span> <span class='ocrx_word' id='word_1_318' title='bbox 586 4445 714 4496; x_wconf 79' lang='lat' dir='ltr'><strong>mihi</strong></span> <span class='ocrx_word' id='word_1_319' title='bbox 733 4455 880 4498; x_wconf 86' lang='lat' dir='ltr'><strong>testes</strong></span> <span class='ocrx_word' id='word_1_320' title='bbox 926 4447 978 4497; x_wconf 83' lang='lat' dir='ltr'><strong>in</strong></span> <span class='ocrx_word' id='word_1_321' title='bbox 1025 4443 1336 4508; x_wconf 79' lang='lat' dir='ltr'><strong>Jerusalem,</strong></span> <span class='ocrx_word' id='word_1_322' title='bbox 1392 4459 1497 4498; x_wconf 86' lang='lat' dir='ltr'><strong>etc.</strong></span> <span class='ocrx_word' id='word_1_323' title='bbox 1551 4445 1681 4496; x_wconf 80' lang='lat' dir='ltr'><strong>Cum</strong></span> 
     </span>
    </p>
   </div>
   <div class='ocr_carea' id='block_1_46' title="bbox 1806 638 1991 690">
    <p class='ocr_par' dir='ltr' id='par_1_46' title="bbox 1806 638 1991 690">
     <span class='ocr_line' id='line_1_46' title="bbox 1806 638 1991 690; baseline -0.005 0"><span class='ocrx_word' id='word_1_324' title='bbox 1806 638 1991 690; x_wconf 62' lang='lat' dir='ltr'><strong>caelos.</strong></span> 
     </span>
    </p>
   </div>
   <div class='ocr_carea' id='block_1_47' title="bbox 1877 726 3373 802">
    <p class='ocr_par' dir='ltr' id='par_1_47' title="bbox 1877 726 3373 802">
     <span class='ocr_line' id='line_1_47' title="bbox 1877 726 3373 802; baseline 0.005 -23"><span class='ocrx_word' id='word_1_325' title='bbox 1877 726 1943 781; x_wconf 86' lang='lat' dir='ltr'><strong>Et</strong></span> <span class='ocrx_word' id='word_1_326' title='bbox 1965 731 2116 782; x_wconf 86' lang='lat' dir='ltr'><strong>nubes</strong></span> <span class='ocrx_word' id='word_1_327' title='bbox 2145 730 2361 797; x_wconf 85' lang='lat' dir='ltr'><strong>suscepit</strong></span> <span class='ocrx_word' id='word_1_328' title='bbox 2379 746 2491 783; x_wconf 74' lang='lat' dir='ltr'><strong>eum</strong></span> <span class='ocrx_word' id='word_1_329' title='bbox 2520 731 2582 783; x_wconf 86' lang='lat' dir='ltr'><strong>ab</strong></span> <span class='ocrx_word' id='word_1_330' title='bbox 2598 731 2757 785; x_wconf 84' lang='lat' dir='ltr'><strong>oculis</strong></span> <span class='ocrx_word' id='word_1_331' title='bbox 2774 747 2966 785; x_wconf 84' lang='lat' dir='ltr'><strong>eorum.</strong></span> <span class='ocrx_word' id='word_1_332' title='bbox 2997 733 3201 802; x_wconf 86' lang='lat' dir='ltr'><strong>Ubique</strong></span> <span class='ocrx_word' id='word_1_333' title='bbox 3222 739 3373 788; x_wconf 75' lang='lat' dir='ltr'><strong>cres-</strong></span> 
     </span>
    </p>
   </div>
   <div class='ocr_carea' id='block_1_48' title="bbox 1807 818 3370 892">
    <p class='ocr_par' dir='ltr' id='par_1_48' title="bbox 1807 818 3370 892">
     <span class='ocr_line' id='line_1_48' title="bbox 1807 818 3370 892; baseline 0.004 -21"><span class='ocrx_word' id='word_1_334' title='bbox 1807 827 1918 872; x_wconf 88' lang='lat' dir='ltr'><strong>tura</strong></span> <span class='ocrx_word' id='word_1_335' title='bbox 1944 835 2042 873; x_wconf 92' lang='lat' dir='ltr'><strong>suo</strong></span> <span class='ocrx_word' id='word_1_336' title='bbox 2070 818 2305 875; x_wconf 78' lang='lat' dir='ltr'><strong>Creatori</strong></span> <span class='ocrx_word' id='word_1_337' title='bbox 2335 830 2550 888; x_wconf 72' lang='lat' dir='ltr'><strong>prmstat</strong></span> <span class='ocrx_word' id='word_1_338' title='bbox 2589 823 2920 892; x_wconf 86' lang='lat' dir='ltr'><strong>obsequium.</strong></span> <span class='ocrx_word' id='word_1_339' title='bbox 2956 827 3110 878; x_wconf 85' lang='lat' dir='ltr'><strong>Astra</strong></span> <span class='ocrx_word' id='word_1_340' title='bbox 3141 823 3370 879; x_wconf 83' lang='lat' dir='ltr'><strong>indicant</strong></span> 
     </span>
    </p>
   </div>
   <div class='ocr_carea' id='block_1_49' title="bbox 1805 911 3369 982">
    <p class='ocr_par' dir='ltr' id='par_1_49' title="bbox 1805 911 3369 982">
     <span class='ocr_line' id='line_1_49' title="bbox 1805 911 3369 982; baseline 0.005 -21"><span class='ocrx_word' id='word_1_341' title='bbox 1805 920 2131 974; x_wconf 87' lang='lat' dir='ltr'><strong>nascentem,</strong></span> <span class='ocrx_word' id='word_1_342' title='bbox 2164 913 2443 978; x_wconf 86' lang='lat' dir='ltr'><strong>patientem</strong></span> <span class='ocrx_word' id='word_1_343' title='bbox 2479 911 2772 979; x_wconf 87' lang='lat' dir='ltr'><strong>obnubunt,</strong></span> <span class='ocrx_word' id='word_1_344' title='bbox 2819 912 3076 982; x_wconf 88' lang='lat' dir='ltr'><strong>recipiunt</strong></span> <span class='ocrx_word' id='word_1_345' title='bbox 3103 917 3268 969; x_wconf 87' lang='lat' dir='ltr'><strong>nubes</strong></span> <span class='ocrx_word' id='word_1_346' title='bbox 3287 929 3369 968; x_wconf 80' lang='lat' dir='ltr'><strong>as-</strong></span> 
     </span>
    </p>
   </div>
   <div class='ocr_carea' id='block_1_50' title="bbox 1803 992 3295 1080">
    <p class='ocr_par' dir='ltr' id='par_1_50' title="bbox 1803 992 3295 1080">
     <span class='ocr_line' id='line_1_50' title="bbox 1803 992 3295 1080; baseline 0.006 -30"><span class='ocrx_word' id='word_1_347' title='bbox 1803 998 2137 1063; x_wconf 84' lang='lat' dir='ltr'><strong>teudentem,</strong></span> <span class='ocrx_word' id='word_1_348' title='bbox 2188 1001 2493 1056; x_wconf 87' lang='lat' dir='ltr'><strong>redeuntem</strong></span> <span class='ocrx_word' id='word_1_349' title='bbox 2516 1003 2578 1056; x_wconf 90' lang='lat' dir='ltr'><strong>ad</strong></span> <span class='ocrx_word' id='word_1_350' title='bbox 2600 1003 2856 1080; x_wconf 87' lang='lat' dir='ltr'><strong>judicium</strong></span> <span class='ocrx_word' id='word_1_351' title='bbox 2882 992 3295 1080; x_wconf 69' lang='lat' dir='ltr'><strong>comitabuntur.</strong></span> 
     </span>
    </p>
   </div>
   <div class='ocr_carea' id='block_1_51' title="bbox 1877 1078 3372 1152">
    <p class='ocr_par' dir='ltr' id='par_1_51' title="bbox 1877 1078 3372 1152">
     <span class='ocr_line' id='line_1_51' title="bbox 1877 1078 3372 1152; baseline 0.008 -12"><span class='ocrx_word' id='word_1_352' title='bbox 1877 1087 2009 1143; x_wconf 83' lang='lat' dir='ltr'><strong>Ecce</strong></span> <span class='ocrx_word' id='word_1_353' title='bbox 2031 1094 2133 1142; x_wconf 88' lang='lat' dir='ltr'><strong>duo</strong></span> <span class='ocrx_word' id='word_1_354' title='bbox 2158 1091 2254 1144; x_wconf 81' lang='lat' dir='ltr'><strong>viri</strong></span> <span class='ocrx_word' id='word_1_355' title='bbox 2276 1093 2547 1146; x_wconf 82' lang='lat' dir='ltr'><strong>astiterunt</strong></span> <span class='ocrx_word' id='word_1_356' title='bbox 2578 1078 2682 1147; x_wconf 82' lang='lat' dir='ltr'><strong>illis</strong></span> <span class='ocrx_word' id='word_1_357' title='bbox 2710 1096 2762 1148; x_wconf 84' lang='lat' dir='ltr'><strong>in</strong></span> <span class='ocrx_word' id='word_1_358' title='bbox 2797 1095 3012 1149; x_wconf 79' lang='lat' dir='ltr'><strong>vestibus</strong></span> <span class='ocrx_word' id='word_1_359' title='bbox 3040 1078 3187 1151; x_wconf 76' lang='lat' dir='ltr'><strong>albis.</strong></span> <span class='ocrx_word' id='word_1_360' title='bbox 3223 1098 3372 1152; x_wconf 63' lang='lat' dir='ltr'><strong>Albus</strong></span> 
     </span>
    </p>
   </div>
   <div class='ocr_carea' id='block_1_52' title="bbox 1801 1174 3372 1256">
    <p class='ocr_par' dir='ltr' id='par_1_52' title="bbox 1801 1174 3372 1256">
     <span class='ocr_line' id='line_1_52' title="bbox 1801 1174 3372 1256; baseline 0.006 -22"><span class='ocrx_word' id='word_1_361' title='bbox 1801 1190 1979 1235; x_wconf 88' lang='lat' dir='ltr'><strong>vestes</strong></span> <span class='ocrx_word' id='word_1_362' title='bbox 2006 1184 2316 1237; x_wconf 87' lang='lat' dir='ltr'><strong>exaltationi</strong></span> <span class='ocrx_word' id='word_1_363' title='bbox 2363 1174 2528 1254; x_wconf 86' lang='lat' dir='ltr'><strong>magis</strong></span> <span class='ocrx_word' id='word_1_364' title='bbox 2572 1197 2872 1256; x_wconf 87' lang='lat' dir='ltr'><strong>congruunt</strong></span> <span class='ocrx_word' id='word_1_365' title='bbox 2913 1203 3068 1256; x_wconf 86' lang='lat' dir='ltr'><strong>quam</strong></span> <span class='ocrx_word' id='word_1_366' title='bbox 3129 1189 3372 1243; x_wconf 85' lang='lat' dir='ltr'><strong>humilia-</strong></span> 
     </span>
    </p>
   </div>
   <div class='ocr_carea' id='block_1_53' title="bbox 1803 1271 3370 1348">
    <p class='ocr_par' dir='ltr' id='par_1_53' title="bbox 1803 1271 3370 1348">
     <span class='ocr_line' id='line_1_53' title="bbox 1803 1271 3370 1348; baseline 0.007 -25"><span class='ocrx_word' id='word_1_367' title='bbox 1803 1273 1954 1325; x_wconf 91' lang='lat' dir='ltr'><strong>tioni.</strong></span> <span class='ocrx_word' id='word_1_368' title='bbox 1985 1273 2046 1348; x_wconf 78' lang='lat' dir='ltr'><strong>Et</strong></span> <span class='ocrx_word' id='word_1_369' title='bbox 2074 1271 2215 1335; x_wconf 86' lang='lat' dir='ltr'><strong>ideo,</strong></span> <span class='ocrx_word' id='word_1_370' title='bbox 2250 1274 2471 1327; x_wconf 91' lang='lat' dir='ltr'><strong>Domino</strong></span> <span class='ocrx_word' id='word_1_371' title='bbox 2516 1277 2856 1345; x_wconf 82' lang='lat' dir='ltr'><strong>ascendente,</strong></span> <span class='ocrx_word' id='word_1_372' title='bbox 2883 1278 2934 1331; x_wconf 92' lang='lat' dir='ltr'><strong>in</strong></span> <span class='ocrx_word' id='word_1_373' title='bbox 2977 1279 3110 1332; x_wconf 90' lang='lat' dir='ltr'><strong>albis</strong></span> <span class='ocrx_word' id='word_1_374' title='bbox 3134 1283 3370 1334; x_wconf 85' lang='lat' dir='ltr'><strong>vestibus</strong></span> 
     </span>
    </p>
   </div>
   <div class='ocr_carea' id='block_1_54' title="bbox 1808 1353 3371 1433">
    <p class='ocr_par' dir='ltr' id='par_1_54' title="bbox 1808 1353 3371 1433">
     <span class='ocr_line' id='line_1_54' title="bbox 1808 1353 3371 1433; baseline 0.006 -20"><span class='ocrx_word' id='word_1_375' title='bbox 1808 1361 2291 1431; x_wconf 83' lang='lat' dir='ltr'><strong>angeliapparent,</strong></span> <span class='ocrx_word' id='word_1_376' title='bbox 2343 1367 2429 1433; x_wconf 86' lang='lat' dir='ltr'><strong>qui</strong></span> <span class='ocrx_word' id='word_1_377' title='bbox 2472 1353 2595 1420; x_wconf 84' lang='lat' dir='ltr'><strong>nato</strong></span> <span class='ocrx_word' id='word_1_378' title='bbox 2630 1367 2850 1420; x_wconf 74' lang='lat' dir='ltr'><strong>Domino</strong></span> <span class='ocrx_word' id='word_1_379' title='bbox 2889 1369 2938 1420; x_wconf 93' lang='lat' dir='ltr'><strong>in</strong></span> <span class='ocrx_word' id='word_1_380' title='bbox 2962 1369 3095 1423; x_wconf 84' lang='lat' dir='ltr'><strong>albis</strong></span> <span class='ocrx_word' id='word_1_381' title='bbox 3137 1370 3371 1422; x_wconf 81' lang='lat' dir='ltr'><strong>vestibus</strong></span> 
     </span>
    </p>
   </div>
   <div class='ocr_carea' id='block_1_55' title="bbox 1805 1455 3368 1529">
    <p class='ocr_par' dir='ltr' id='par_1_55' title="bbox 1805 1455 3368 1529">
     <span class='ocr_line' id='line_1_55' title="bbox 1805 1455 3368 1529; baseline 0.007 -25"><span class='ocrx_word' id='word_1_382' title='bbox 1805 1467 2062 1521; x_wconf 86' lang='lat' dir='ltr'><strong>apparere</strong></span> <span class='ocrx_word' id='word_1_383' title='bbox 2094 1469 2196 1508; x_wconf 92' lang='lat' dir='ltr'><strong>non</strong></span> <span class='ocrx_word' id='word_1_384' title='bbox 2221 1455 2489 1526; x_wconf 81' lang='lat' dir='ltr'><strong>dicuntur,</strong></span> <span class='ocrx_word' id='word_1_385' title='bbox 2511 1459 2633 1526; x_wconf 88' lang='lat' dir='ltr'><strong>quia</strong></span> <span class='ocrx_word' id='word_1_386' title='bbox 2665 1459 2748 1527; x_wconf 88' lang='lat' dir='ltr'><strong>qui</strong></span> <span class='ocrx_word' id='word_1_387' title='bbox 2776 1458 2825 1511; x_wconf 90' lang='lat' dir='ltr'><strong>itt</strong></span> <span class='ocrx_word' id='word_1_388' title='bbox 2861 1461 3132 1514; x_wconf 81' lang='lat' dir='ltr'><strong>nativitate</strong></span> <span class='ocrx_word' id='word_1_389' title='bbox 3154 1475 3248 1515; x_wconf 86' lang='lat' dir='ltr'><strong>sua</strong></span> <span class='ocrx_word' id='word_1_390' title='bbox 3272 1477 3368 1529; x_wconf 84' lang='lat' dir='ltr'><strong>ap-</strong></span> 
     </span>
    </p>
   </div>
   <div class='ocr_carea' id='block_1_56' title="bbox 1802 1543 3371 1611">
    <p class='ocr_par' dir='ltr' id='par_1_56' title="bbox 1802 1543 3371 1611">
     <span class='ocr_line' id='line_1_56' title="bbox 1802 1543 3371 1611; baseline 0.007 -18"><span class='ocrx_word' id='word_1_391' title='bbox 1802 1543 1970 1608; x_wconf 85' lang='lat' dir='ltr'><strong>paruit</strong></span> <span class='ocrx_word' id='word_1_392' title='bbox 2004 1544 2137 1597; x_wconf 88' lang='lat' dir='ltr'><strong>Deus</strong></span> <span class='ocrx_word' id='word_1_393' title='bbox 2169 1546 2407 1611; x_wconf 86' lang='lat' dir='ltr'><strong>humilis,</strong></span> <span class='ocrx_word' id='word_1_394' title='bbox 2449 1549 2499 1599; x_wconf 93' lang='lat' dir='ltr'><strong>in</strong></span> <span class='ocrx_word' id='word_1_395' title='bbox 2532 1548 2845 1602; x_wconf 79' lang='lat' dir='ltr'><strong>ascensione</strong></span> <span class='ocrx_word' id='word_1_396' title='bbox 2876 1565 2967 1603; x_wconf 90' lang='lat' dir='ltr'><strong>sua</strong></span> <span class='ocrx_word' id='word_1_397' title='bbox 3011 1554 3254 1605; x_wconf 73' lang='lat' dir='ltr'><strong>ostensus</strong></span> <span class='ocrx_word' id='word_1_398' title='bbox 3287 1563 3371 1606; x_wconf 89' lang='lat' dir='ltr'><strong>est.</strong></span> 
     </span>
    </p>
   </div>
   <div class='ocr_carea' id='block_1_57' title="bbox 1800 1632 3367 1712">
    <p class='ocr_par' dir='ltr' id='par_1_57' title="bbox 1800 1632 3367 1712">
     <span class='ocr_line' id='line_1_57' title="bbox 1800 1632 3367 1712; baseline 0.009 -28"><span class='ocrx_word' id='word_1_399' title='bbox 1800 1632 1956 1686; x_wconf 88' lang='lat' dir='ltr'><strong>Itouto</strong></span> <span class='ocrx_word' id='word_1_400' title='bbox 1980 1636 2246 1690; x_wconf 88' lang='lat' dir='ltr'><strong>sublimis.</strong></span> <span class='ocrx_word' id='word_1_401' title='bbox 2271 1636 2405 1690; x_wconf 85' lang='lat' dir='ltr'><strong>Nam</strong></span> <span class='ocrx_word' id='word_1_402' title='bbox 2437 1646 2490 1690; x_wconf 88' lang='lat' dir='ltr'><strong>et</strong></span> <span class='ocrx_word' id='word_1_403' title='bbox 2519 1639 2667 1692; x_wconf 91' lang='lat' dir='ltr'><strong>locus</strong></span> <span class='ocrx_word' id='word_1_404' title='bbox 2694 1642 2956 1709; x_wconf 85' lang='lat' dir='ltr'><strong>congruit,</strong></span> <span class='ocrx_word' id='word_1_405' title='bbox 2987 1641 3112 1695; x_wconf 89' lang='lat' dir='ltr'><strong>dum</strong></span> <span class='ocrx_word' id='word_1_406' title='bbox 3163 1643 3244 1697; x_wconf 88' lang='lat' dir='ltr'><strong>his</strong></span> <span class='ocrx_word' id='word_1_407' title='bbox 3273 1645 3367 1712; x_wconf 88' lang='lat' dir='ltr'><strong>qui</strong></span> 
     </span>
    </p>
   </div>
   <div class='ocr_carea' id='block_1_58' title="bbox 1799 1721 3364 1797">
    <p class='ocr_par' dir='ltr' id='par_1_58' title="bbox 1799 1721 3364 1797">
     <span class='ocr_line' id='line_1_58' title="bbox 1799 1721 3364 1797; baseline 0.008 -21"><span class='ocrx_word' id='word_1_408' title='bbox 1799 1723 1851 1778; x_wconf 89' lang='lat' dir='ltr'><strong>itt</strong></span> <span class='ocrx_word' id='word_1_409' title='bbox 1880 1726 2060 1777; x_wconf 84' lang='lat' dir='ltr'><strong>humili</strong></span> <span class='ocrx_word' id='word_1_410' title='bbox 2092 1727 2360 1780; x_wconf 89' lang='lat' dir='ltr'><strong>civitatula</strong></span> <span class='ocrx_word' id='word_1_411' title='bbox 2391 1739 2546 1781; x_wconf 88' lang='lat' dir='ltr'><strong>natus</strong></span> <span class='ocrx_word' id='word_1_412' title='bbox 2576 1741 2656 1782; x_wconf 87' lang='lat' dir='ltr'><strong>est</strong></span> <span class='ocrx_word' id='word_1_413' title='bbox 2683 1730 2862 1797; x_wconf 88' lang='lat' dir='ltr'><strong>homo,</strong></span> <span class='ocrx_word' id='word_1_414' title='bbox 2892 1732 2957 1786; x_wconf 89' lang='lat' dir='ltr'><strong>de</strong></span> <span class='ocrx_word' id='word_1_415' title='bbox 2987 1745 3166 1788; x_wconf 89' lang='lat' dir='ltr'><strong>monte</strong></span> <span class='ocrx_word' id='word_1_416' title='bbox 3193 1721 3364 1790; x_wconf 88' lang='lat' dir='ltr'><strong>subli-</strong></span> 
     </span>
    </p>
   </div>
   <div class='ocr_carea' id='block_1_59' title="bbox 1804 1817 2636 1884">
    <p class='ocr_par' dir='ltr' id='par_1_59' title="bbox 1804 1817 2636 1884">
     <span class='ocr_line' id='line_1_59' title="bbox 1804 1817 2636 1884; baseline 0.005 -16"><span class='ocrx_word' id='word_1_417' title='bbox 1804 1817 1873 1869; x_wconf 88' lang='lat' dir='ltr'><strong>mi</strong></span> <span class='ocrx_word' id='word_1_418' title='bbox 1919 1831 2194 1884; x_wconf 80' lang='lat' dir='ltr'><strong>regressus</strong></span> <span class='ocrx_word' id='word_1_419' title='bbox 2226 1819 2397 1872; x_wconf 88' lang='lat' dir='ltr'><strong>estad</strong></span> <span class='ocrx_word' id='word_1_420' title='bbox 2423 1819 2636 1873; x_wconf 72' lang='lat' dir='ltr'><strong>ctelum.</strong></span> 
     </span>
    </p>
   </div>
   <div class='ocr_carea' id='block_1_60' title="bbox 1723 1894 3368 1978">
    <p class='ocr_par' dir='ltr' id='par_1_60' title="bbox 1723 1894 3368 1978">
     <span class='ocr_line' id='line_1_60' title="bbox 1723 1894 3368 1978; baseline 0.007 -22"><span class='ocrx_word' id='word_1_421' title='bbox 1723 1894 1772 1953; x_wconf 85' lang='grc' dir='ltr'><strong>Β</strong></span> <span class='ocrx_word' id='word_1_422' title='bbox 1874 1906 1976 1958; x_wconf 88' lang='lat' dir='ltr'><strong>Hic</strong></span> <span class='ocrx_word' id='word_1_423' title='bbox 2000 1908 2152 1960; x_wconf 77' lang='lat' dir='ltr'><strong>Iesus</strong></span> <span class='ocrx_word' id='word_1_424' title='bbox 2181 1910 2269 1977; x_wconf 87' lang='lat' dir='ltr'><strong>qui</strong></span> <span class='ocrx_word' id='word_1_425' title='bbox 2314 1922 2604 1978; x_wconf 81' lang='lat' dir='ltr'><strong>assumptus</strong></span> <span class='ocrx_word' id='word_1_426' title='bbox 2647 1920 2719 1963; x_wconf 81' lang='lat' dir='ltr'><strong>est</strong></span> <span class='ocrx_word' id='word_1_427' title='bbox 2748 1928 2782 1963; x_wconf 89' lang='lat' dir='ltr'><strong>a</strong></span> <span class='ocrx_word' id='word_1_428' title='bbox 2805 1912 2943 1965; x_wconf 76' lang='lat' dir='ltr'><strong>vobis</strong></span> <span class='ocrx_word' id='word_1_429' title='bbox 2967 1913 3017 1965; x_wconf 87' lang='lat' dir='ltr'><strong>in</strong></span> <span class='ocrx_word' id='word_1_430' title='bbox 3036 1915 3237 1967; x_wconf 70' lang='lat' dir='ltr'><strong>caelum.</strong></span> <span class='ocrx_word' id='word_1_431' title='bbox 3286 1914 3368 1969; x_wconf 87' lang='lat' dir='ltr'><strong>0b</strong></span> 
     </span>
    </p>
   </div>
   <div class='ocr_carea' id='block_1_61' title="bbox 1796 1995 3374 2077">
    <p class='ocr_par' dir='ltr' id='par_1_61' title="bbox 1796 1995 3374 2077">
     <span class='ocr_line' id='line_1_61' title="bbox 1796 1995 3374 2077; baseline 0.008 -28"><span class='ocrx_word' id='word_1_432' title='bbox 1796 1995 1928 2050; x_wconf 89' lang='lat' dir='ltr'><strong>duas</strong></span> <span class='ocrx_word' id='word_1_433' title='bbox 1957 1997 2031 2050; x_wconf 91' lang='lat' dir='ltr'><strong>illi</strong></span> <span class='ocrx_word' id='word_1_434' title='bbox 2060 2014 2245 2053; x_wconf 85' lang='lat' dir='ltr'><strong>causas</strong></span> <span class='ocrx_word' id='word_1_435' title='bbox 2271 2001 2446 2070; x_wconf 84' lang='lat' dir='ltr'><strong>angeli</strong></span> <span class='ocrx_word' id='word_1_436' title='bbox 2471 2003 2736 2068; x_wconf 88' lang='lat' dir='ltr'><strong>videntur,</strong></span> <span class='ocrx_word' id='word_1_437' title='bbox 2779 2012 2838 2077; x_wconf 82' lang='lat' dir='ltr'><strong>ut</strong></span> <span class='ocrx_word' id='word_1_438' title='bbox 2880 2004 3126 2059; x_wconf 84' lang='lat' dir='ltr'><strong>videlicet</strong></span> <span class='ocrx_word' id='word_1_439' title='bbox 3173 2021 3374 2060; x_wconf 85' lang='lat' dir='ltr'><strong>ascen-</strong></span> 
     </span>
    </p>
   </div>
   <div class='ocr_carea' id='block_1_62' title="bbox 1796 2087 3370 2160">
    <p class='ocr_par' dir='ltr' id='par_1_62' title="bbox 1796 2087 3370 2160">
     <span class='ocr_line' id='line_1_62' title="bbox 1796 2087 3370 2160; baseline 0.008 -22"><span class='ocrx_word' id='word_1_440' title='bbox 1796 2087 1961 2140; x_wconf 89' lang='lat' dir='ltr'><strong>sionis</strong></span> <span class='ocrx_word' id='word_1_441' title='bbox 2004 2089 2269 2143; x_wconf 85' lang='lat' dir='ltr'><strong>tristitiam</strong></span> <span class='ocrx_word' id='word_1_442' title='bbox 2317 2092 2666 2160; x_wconf 82' lang='lat' dir='ltr'><strong>regressionis</strong></span> <span class='ocrx_word' id='word_1_443' title='bbox 2703 2097 3211 2150; x_wconf 89' lang='lat' dir='ltr'><strong>commemoratione</strong></span> <span class='ocrx_word' id='word_1_444' title='bbox 3238 2111 3370 2151; x_wconf 88' lang='lat' dir='ltr'><strong>con-</strong></span> 
     </span>
    </p>
   </div>
   <div class='ocr_carea' id='block_1_63' title="bbox 1797 2183 3361 2258">
    <p class='ocr_par' dir='ltr' id='par_1_63' title="bbox 1797 2183 3361 2258">
     <span class='ocr_line' id='line_1_63' title="bbox 1797 2183 3361 2258; baseline 0.008 -24"><span class='ocrx_word' id='word_1_445' title='bbox 1797 2183 2111 2246; x_wconf 85' lang='lat' dir='ltr'><strong>solarentur,</strong></span> <span class='ocrx_word' id='word_1_446' title='bbox 2140 2193 2403 2238; x_wconf 86' lang='lat' dir='ltr'><strong>ctutvere</strong></span> <span class='ocrx_word' id='word_1_447' title='bbox 2428 2183 2479 2238; x_wconf 89' lang='lat' dir='ltr'><strong>itt</strong></span> <span class='ocrx_word' id='word_1_448' title='bbox 2503 2187 2692 2240; x_wconf 62' lang='lat' dir='ltr'><strong>coglttm</strong></span> <span class='ocrx_word' id='word_1_449' title='bbox 2719 2187 2863 2240; x_wconf 91' lang='lat' dir='ltr'><strong>illum</strong></span> <span class='ocrx_word' id='word_1_450' title='bbox 2890 2189 2967 2242; x_wconf 89' lang='lat' dir='ltr'><strong>ire</strong></span> <span class='ocrx_word' id='word_1_451' title='bbox 2983 2198 3361 2258; x_wconf 82' lang='lat' dir='ltr'><strong>monstrarent,</strong></span> 
     </span>
    </p>
   </div>
   <div class='ocr_carea' id='block_1_64' title="bbox 1797 2277 2844 2343">
    <p class='ocr_par' dir='ltr' id='par_1_64' title="bbox 1797 2277 2844 2343">
     <span class='ocr_line' id='line_1_64' title="bbox 1797 2277 2844 2343; baseline 0.005 -14"><span class='ocrx_word' id='word_1_452' title='bbox 1797 2283 1850 2329; x_wconf 89' lang='lat' dir='ltr'><strong>et</strong></span> <span class='ocrx_word' id='word_1_453' title='bbox 1879 2291 1980 2328; x_wconf 90' lang='lat' dir='ltr'><strong>non</strong></span> <span class='ocrx_word' id='word_1_454' title='bbox 2012 2277 2159 2343; x_wconf 83' lang='lat' dir='ltr'><strong>quasi</strong></span> <span class='ocrx_word' id='word_1_455' title='bbox 2183 2277 2233 2330; x_wconf 88' lang='lat' dir='ltr'><strong>itt</strong></span> <span class='ocrx_word' id='word_1_456' title='bbox 2261 2278 2451 2332; x_wconf 77' lang='lat' dir='ltr'><strong>ccelum</strong></span> <span class='ocrx_word' id='word_1_457' title='bbox 2479 2280 2614 2333; x_wconf 84' lang='lat' dir='ltr'><strong>sicut</strong></span> <span class='ocrx_word' id='word_1_458' title='bbox 2647 2281 2844 2334; x_wconf 81' lang='lat' dir='ltr'><strong>Eliam.</strong></span> 
     </span>
    </p>
   </div>
   <div class='ocr_carea' id='block_1_65' title="bbox 1870 2365 3376 2434">
    <p class='ocr_par' dir='ltr' id='par_1_65' title="bbox 1870 2365 3376 2434">
     <span class='ocr_line' id='line_1_65' title="bbox 1870 2365 3376 2434; baseline 0.007 -16"><span class='ocrx_word' id='word_1_459' title='bbox 1870 2365 1958 2418; x_wconf 89' lang='lat' dir='ltr'><strong>Sic</strong></span> <span class='ocrx_word' id='word_1_460' title='bbox 1985 2367 2141 2419; x_wconf 73' lang='lat' dir='ltr'><strong>veniet</strong></span> <span class='ocrx_word' id='word_1_461' title='bbox 2182 2370 2602 2434; x_wconf 86' lang='lat' dir='ltr'><strong>quemadmodum</strong></span> <span class='ocrx_word' id='word_1_462' title='bbox 2650 2371 2849 2424; x_wconf 76' lang='lat' dir='ltr'><strong>vidistis</strong></span> <span class='ocrx_word' id='word_1_463' title='bbox 2901 2389 3016 2425; x_wconf 79' lang='lat' dir='ltr'><strong>eum</strong></span> <span class='ocrx_word' id='word_1_464' title='bbox 3066 2386 3262 2429; x_wconf 81' lang='lat' dir='ltr'><strong>euntem</strong></span> <span class='ocrx_word' id='word_1_465' title='bbox 3315 2377 3376 2428; x_wconf 78' lang='lat' dir='ltr'><strong>in.</strong></span> 
     </span>
    </p>
   </div>
   <div class='ocr_carea' id='block_1_66' title="bbox 1795 2458 3369 2531">
    <p class='ocr_par' dir='ltr' id='par_1_66' title="bbox 1795 2458 3369 2531">
     <span class='ocr_line' id='line_1_66' title="bbox 1795 2458 3369 2531; baseline 0.009 -25"><span class='ocrx_word' id='word_1_466' title='bbox 1795 2458 1994 2509; x_wconf 67' lang='lat' dir='ltr'><strong>malum.</strong></span> <span class='ocrx_word' id='word_1_467' title='bbox 2031 2458 2081 2507; x_wconf 91' lang='lat' dir='ltr'><strong>ld</strong></span> <span class='ocrx_word' id='word_1_468' title='bbox 2110 2467 2212 2521; x_wconf 88' lang='lat' dir='ltr'><strong>est,</strong></span> <span class='ocrx_word' id='word_1_469' title='bbox 2245 2459 2293 2510; x_wconf 91' lang='lat' dir='ltr'><strong>in</strong></span> <span class='ocrx_word' id='word_1_470' title='bbox 2325 2459 2509 2513; x_wconf 83' lang='lat' dir='ltr'><strong>eadem</strong></span> <span class='ocrx_word' id='word_1_471' title='bbox 2535 2458 2702 2514; x_wconf 81' lang='lat' dir='ltr'><strong>forma</strong></span> <span class='ocrx_word' id='word_1_472' title='bbox 2728 2463 2904 2513; x_wconf 87' lang='lat' dir='ltr'><strong>carnis</strong></span> <span class='ocrx_word' id='word_1_473' title='bbox 2931 2471 3090 2531; x_wconf 87' lang='lat' dir='ltr'><strong>atque</strong></span> <span class='ocrx_word' id='word_1_474' title='bbox 3117 2467 3369 2526; x_wconf 74' lang='lat' dir='ltr'><strong>substan-</strong></span> 
     </span>
    </p>
   </div>
   <div class='ocr_carea' id='block_1_67' title="bbox 1798 2535 3368 2622">
    <p class='ocr_par' dir='ltr' id='par_1_67' title="bbox 1798 2535 3368 2622">
     <span class='ocr_line' id='line_1_67' title="bbox 1798 2535 3368 2622; baseline 0.01 -27"><span class='ocrx_word' id='word_1_475' title='bbox 1798 2545 1865 2599; x_wconf 89' lang='lat' dir='ltr'><strong>tia</strong></span> <span class='ocrx_word' id='word_1_476' title='bbox 1901 2547 2076 2599; x_wconf 89' lang='lat' dir='ltr'><strong>veniet</strong></span> <span class='ocrx_word' id='word_1_477' title='bbox 2125 2535 2496 2614; x_wconf 86' lang='lat' dir='ltr'><strong>judicaturus,</strong></span> <span class='ocrx_word' id='word_1_478' title='bbox 2555 2551 2605 2603; x_wconf 92' lang='lat' dir='ltr'><strong>in</strong></span> <span class='ocrx_word' id='word_1_479' title='bbox 2653 2553 3368 2622; x_wconf 66' lang='lat' dir='ltr'><strong>quaveneratjudicandus.</strong></span> 
     </span>
    </p>
   </div>
   <div class='ocr_carea' id='block_1_68' title="bbox 1795 2632 3373 2709">
    <p class='ocr_par' dir='ltr' id='par_1_68' title="bbox 1795 2632 3373 2709">
     <span class='ocr_line' id='line_1_68' title="bbox 1795 2632 3373 2709; baseline 0.006 -17"><span class='ocrx_word' id='word_1_480' title='bbox 1795 2639 1891 2692; x_wconf 89' lang='lat' dir='ltr'><strong>Cui</strong></span> <span class='ocrx_word' id='word_1_481' title='bbox 1924 2640 2160 2709; x_wconf 78' lang='lat' dir='ltr'><strong>profecto</strong></span> <span class='ocrx_word' id='word_1_482' title='bbox 2185 2632 2633 2696; x_wconf 85' lang='lat' dir='ltr'><strong>immortalitatem</strong></span> <span class='ocrx_word' id='word_1_483' title='bbox 2662 2644 2827 2708; x_wconf 90' lang='lat' dir='ltr'><strong>dedit,</strong></span> <span class='ocrx_word' id='word_1_484' title='bbox 2855 2655 3096 2700; x_wconf 81' lang='lat' dir='ltr'><strong>naturam</strong></span> <span class='ocrx_word' id='word_1_485' title='bbox 3120 2661 3225 2701; x_wconf 88' lang='lat' dir='ltr'><strong>non</strong></span> <span class='ocrx_word' id='word_1_486' title='bbox 3247 2648 3373 2702; x_wconf 83' lang='lat' dir='ltr'><strong>abs-</strong></span> 
     </span>
    </p>
   </div>
   <div class='ocr_carea' id='block_1_69' title="bbox 1797 2731 3366 2804">
    <p class='ocr_par' dir='ltr' id='par_1_69' title="bbox 1797 2731 3366 2804">
     <span class='ocr_line' id='line_1_69' title="bbox 1797 2731 3366 2804; baseline 0.006 -23"><span class='ocrx_word' id='word_1_487' title='bbox 1797 2731 1928 2783; x_wconf 88' lang='lat' dir='ltr'><strong>tulit.</strong></span> <span class='ocrx_word' id='word_1_488' title='bbox 1977 2731 2137 2796; x_wconf 82' lang='lat' dir='ltr'><strong>Cujus</strong></span> <span class='ocrx_word' id='word_1_489' title='bbox 2184 2733 2342 2784; x_wconf 90' lang='lat' dir='ltr'><strong>etiam</strong></span> <span class='ocrx_word' id='word_1_490' title='bbox 2389 2731 2554 2800; x_wconf 82' lang='lat' dir='ltr'><strong>gloria</strong></span> <span class='ocrx_word' id='word_1_491' title='bbox 2601 2733 2798 2800; x_wconf 84' lang='lat' dir='ltr'><strong>divina,</strong></span> <span class='ocrx_word' id='word_1_492' title='bbox 2833 2749 2954 2804; x_wconf 76' lang='lat' dir='ltr'><strong>qure</strong></span> <span class='ocrx_word' id='word_1_493' title='bbox 3000 2737 3264 2804; x_wconf 86' lang='lat' dir='ltr'><strong>quondam</strong></span> <span class='ocrx_word' id='word_1_494' title='bbox 3311 2738 3366 2791; x_wconf 87' lang='lat' dir='ltr'><strong>in</strong></span> 
     </span>
    </p>
   </div>
   <div class='ocr_carea' id='block_1_70' title="bbox 1796 2823 3370 2896">
    <p class='ocr_par' dir='ltr' id='par_1_70' title="bbox 1796 2823 3370 2896">
     <span class='ocr_line' id='line_1_70' title="bbox 1796 2823 3370 2896; baseline 0.003 -22"><span class='ocrx_word' id='word_1_495' title='bbox 1796 2831 1976 2876; x_wconf 88' lang='lat' dir='ltr'><strong>monte</strong></span> <span class='ocrx_word' id='word_1_496' title='bbox 2007 2823 2175 2877; x_wconf 87' lang='lat' dir='ltr'><strong>tribus</strong></span> <span class='ocrx_word' id='word_1_497' title='bbox 2208 2823 2479 2893; x_wconf 86' lang='lat' dir='ltr'><strong>discipulis</strong></span> <span class='ocrx_word' id='word_1_498' title='bbox 2507 2827 2777 2893; x_wconf 78' lang='lat' dir='ltr'><strong>apparuit,</strong></span> <span class='ocrx_word' id='word_1_499' title='bbox 2812 2837 3023 2895; x_wconf 86' lang='lat' dir='ltr'><strong>peracto</strong></span> <span class='ocrx_word' id='word_1_500' title='bbox 3059 2829 3260 2896; x_wconf 84' lang='lat' dir='ltr'><strong>judicio</strong></span> <span class='ocrx_word' id='word_1_501' title='bbox 3300 2832 3370 2882; x_wconf 85' lang='lat' dir='ltr'><strong>ab</strong></span> 
     </span>
    </p>
   </div>
   <div class='ocr_carea' id='block_1_71' title="bbox 1793 2914 3368 2987">
    <p class='ocr_par' dir='ltr' id='par_1_71' title="bbox 1793 2914 3368 2987">
     <span class='ocr_line' id='line_1_71' title="bbox 1793 2914 3368 2987; baseline 0.006 -23"><span class='ocrx_word' id='word_1_502' title='bbox 1793 2914 2039 2968; x_wconf 87' lang='lat' dir='ltr'><strong>omnibus</strong></span> <span class='ocrx_word' id='word_1_503' title='bbox 2066 2916 2264 2968; x_wconf 86' lang='lat' dir='ltr'><strong>sanctis</strong></span> <span class='ocrx_word' id='word_1_504' title='bbox 2289 2916 2573 2980; x_wconf 85' lang='lat' dir='ltr'><strong>videbitur,</strong></span> <span class='ocrx_word' id='word_1_505' title='bbox 2598 2917 2809 2982; x_wconf 87' lang='lat' dir='ltr'><strong>quando</strong></span> <span class='ocrx_word' id='word_1_506' title='bbox 2837 2919 3048 2971; x_wconf 86' lang='lat' dir='ltr'><strong>tolletur</strong></span> <span class='ocrx_word' id='word_1_507' title='bbox 3069 2919 3260 2987; x_wconf 76' lang='lat' dir='ltr'><strong>impius</strong></span> <span class='ocrx_word' id='word_1_508' title='bbox 3297 2936 3368 2973; x_wconf 83' lang='lat' dir='ltr'><strong>ne</strong></span> 
     </span>
    </p>
   </div>
   <div class='ocr_carea' id='block_1_72' title="bbox 1797 3001 2366 3072">
    <p class='ocr_par' dir='ltr' id='par_1_72' title="bbox 1797 3001 2366 3072">
     <span class='ocr_line' id='line_1_72' title="bbox 1797 3001 2366 3072; baseline 0.007 -18"><span class='ocrx_word' id='word_1_509' title='bbox 1797 3001 1969 3055; x_wconf 85' lang='lat' dir='ltr'><strong>videat</strong></span> <span class='ocrx_word' id='word_1_510' title='bbox 1998 3004 2221 3072; x_wconf 84' lang='lat' dir='ltr'><strong>gloriam</strong></span> <span class='ocrx_word' id='word_1_511' title='bbox 2255 3005 2366 3058; x_wconf 87' lang='lat' dir='ltr'><strong>Dei.</strong></span> 
     </span>
    </p>
   </div>
   <div class='ocr_carea' id='block_1_73' title="bbox 1869 3092 3371 3167">
    <p class='ocr_par' dir='ltr' id='par_1_73' title="bbox 1869 3092 3371 3167">
     <span class='ocr_line' id='line_1_73' title="bbox 1869 3092 3371 3167; baseline 0.003 -21"><span class='ocrx_word' id='word_1_512' title='bbox 1869 3092 2007 3146; x_wconf 87' lang='lat' dir='ltr'><strong>Tunc</strong></span> <span class='ocrx_word' id='word_1_513' title='bbox 2037 3096 2220 3147; x_wconf 82' lang='lat' dir='ltr'><strong>reversi</strong></span> <span class='ocrx_word' id='word_1_514' title='bbox 2258 3105 2374 3148; x_wconf 87' lang='lat' dir='ltr'><strong>sunt</strong></span> <span class='ocrx_word' id='word_1_515' title='bbox 2415 3093 2702 3150; x_wconf 74' lang='lat' dir='ltr'><strong>Jerusalem</strong></span> <span class='ocrx_word' id='word_1_516' title='bbox 2738 3114 2770 3150; x_wconf 92' lang='lat' dir='ltr'><strong>a</strong></span> <span class='ocrx_word' id='word_1_517' title='bbox 2819 3108 2987 3151; x_wconf 82' lang='lat' dir='ltr'><strong>monte</strong></span> <span class='ocrx_word' id='word_1_518' title='bbox 3029 3099 3115 3167; x_wconf 84' lang='lat' dir='ltr'><strong>qui</strong></span> <span class='ocrx_word' id='word_1_519' title='bbox 3159 3108 3371 3153; x_wconf 74' lang='lat' dir='ltr'><strong>voratur</strong></span> 
     </span>
    </p>
   </div>
   <div class='ocr_carea' id='block_1_74' title="bbox 1801 3184 3364 3258">
    <p class='ocr_par' dir='ltr' id='par_1_74' title="bbox 1801 3184 3364 3258">
     <span class='ocr_line' id='line_1_74' title="bbox 1801 3184 3364 3258; baseline 0.006 -22"><span class='ocrx_word' id='word_1_520' title='bbox 1801 3184 2004 3238; x_wconf 81' lang='lat' dir='ltr'><strong>Uliveti.</strong></span> <span class='ocrx_word' id='word_1_521' title='bbox 2045 3185 2297 3239; x_wconf 88' lang='lat' dir='ltr'><strong>Dominus</strong></span> <span class='ocrx_word' id='word_1_522' title='bbox 2344 3197 2399 3242; x_wconf 87' lang='lat' dir='ltr'><strong>et</strong></span> <span class='ocrx_word' id='word_1_523' title='bbox 2443 3188 2686 3242; x_wconf 77' lang='lat' dir='ltr'><strong>Salvator</strong></span> <span class='ocrx_word' id='word_1_524' title='bbox 2713 3198 2913 3253; x_wconf 89' lang='lat' dir='ltr'><strong>noster,</strong></span> <span class='ocrx_word' id='word_1_525' title='bbox 2946 3189 3182 3258; x_wconf 89' lang='lat' dir='ltr'><strong>principe</strong></span> <span class='ocrx_word' id='word_1_526' title='bbox 3212 3202 3364 3246; x_wconf 86' lang='lat' dir='ltr'><strong>tene-</strong></span> 
     </span>
    </p>
   </div>
   <div class='ocr_carea' id='block_1_75' title="bbox 1795 3277 3360 3342">
    <p class='ocr_par' dir='ltr' id='par_1_75' title="bbox 1795 3277 3360 3342">
     <span class='ocr_line' id='line_1_75' title="bbox 1795 3277 3360 3342; baseline 0.004 -14"><span class='ocrx_word' id='word_1_527' title='bbox 1795 3278 2007 3329; x_wconf 87' lang='lat' dir='ltr'><strong>brarum</strong></span> <span class='ocrx_word' id='word_1_528' title='bbox 2033 3277 2264 3342; x_wconf 83' lang='lat' dir='ltr'><strong>devicto,</strong></span> <span class='ocrx_word' id='word_1_529' title='bbox 2307 3279 2356 3329; x_wconf 93' lang='lat' dir='ltr'><strong>in</strong></span> <span class='ocrx_word' id='word_1_530' title='bbox 2409 3277 2580 3331; x_wconf 77' lang='lat' dir='ltr'><strong>laeum</strong></span> <span class='ocrx_word' id='word_1_531' title='bbox 2616 3283 2756 3342; x_wconf 84' lang='lat' dir='ltr'><strong>pacis</strong></span> <span class='ocrx_word' id='word_1_532' title='bbox 2798 3289 2852 3332; x_wconf 88' lang='lat' dir='ltr'><strong>et</strong></span> <span class='ocrx_word' id='word_1_533' title='bbox 2903 3279 3116 3333; x_wconf 87' lang='lat' dir='ltr'><strong>luminis</strong></span> <span class='ocrx_word' id='word_1_534' title='bbox 3173 3280 3360 3334; x_wconf 75' lang='lat' dir='ltr'><strong>ﬁdeles</strong></span> 
     </span>
    </p>
   </div>
   <div class='ocr_carea' id='block_1_76' title="bbox 1794 3365 3366 3444">
    <p class='ocr_par' dir='ltr' id='par_1_76' title="bbox 1794 3365 3366 3444">
     <span class='ocr_line' id='line_1_76' title="bbox 1794 3365 3366 3444; baseline 0.003 -26"><span class='ocrx_word' id='word_1_535' title='bbox 1794 3365 1994 3418; x_wconf 89' lang='lat' dir='ltr'><strong>educit.</strong></span> <span class='ocrx_word' id='word_1_536' title='bbox 2012 3365 2306 3434; x_wconf 83' lang='lat' dir='ltr'><strong>Meritoque</strong></span> <span class='ocrx_word' id='word_1_537' title='bbox 2329 3378 2558 3444; x_wconf 73' lang='lat' dir='ltr'><strong>motttent</strong></span> <span class='ocrx_word' id='word_1_538' title='bbox 2591 3369 2922 3422; x_wconf 86' lang='lat' dir='ltr'><strong>charismatis</strong></span> <span class='ocrx_word' id='word_1_539' title='bbox 2947 3369 3206 3430; x_wconf 88' lang='lat' dir='ltr'><strong>ascendit,</strong></span> <span class='ocrx_word' id='word_1_540' title='bbox 3240 3385 3366 3422; x_wconf 84' lang='lat' dir='ltr'><strong>san-</strong></span> 
     </span>
    </p>
   </div>
   <div class='ocr_carea' id='block_1_77' title="bbox 1795 3454 3369 3524">
    <p class='ocr_par' dir='ltr' id='par_1_77' title="bbox 1795 3454 3369 3524">
     <span class='ocr_line' id='line_1_77' title="bbox 1795 3454 3369 3524; baseline 0.004 -18"><span class='ocrx_word' id='word_1_541' title='bbox 1795 3466 1936 3506; x_wconf 89' lang='lat' dir='ltr'><strong>ctum</strong></span> <span class='ocrx_word' id='word_1_542' title='bbox 1970 3455 2321 3520; x_wconf 85' lang='lat' dir='ltr'><strong>promissurus</strong></span> <span class='ocrx_word' id='word_1_543' title='bbox 2349 3454 2633 3523; x_wconf 88' lang='lat' dir='ltr'><strong>Spirituttt,</strong></span> <span class='ocrx_word' id='word_1_544' title='bbox 2673 3459 2823 3524; x_wconf 86' lang='lat' dir='ltr'><strong>cujus</strong></span> <span class='ocrx_word' id='word_1_545' title='bbox 2865 3473 2961 3510; x_wconf 81' lang='lat' dir='ltr'><strong>nos</strong></span> <span class='ocrx_word' id='word_1_546' title='bbox 2994 3459 3184 3511; x_wconf 80' lang='lat' dir='ltr'><strong>unetio</strong></span> <span class='ocrx_word' id='word_1_547' title='bbox 3212 3460 3369 3513; x_wconf 84' lang='lat' dir='ltr'><strong>docet</strong></span> 
     </span>
    </p>
   </div>
   <div class='ocr_carea' id='block_1_78' title="bbox 1795 3543 2152 3597">
    <p class='ocr_par' dir='ltr' id='par_1_78' title="bbox 1795 3543 2152 3597">
     <span class='ocr_line' id='line_1_78' title="bbox 1795 3543 2152 3597; baseline 0.003 -1"><span class='ocrx_word' id='word_1_548' title='bbox 1795 3546 1863 3597; x_wconf 92' lang='lat' dir='ltr'><strong>de</strong></span> <span class='ocrx_word' id='word_1_549' title='bbox 1887 3543 2152 3597; x_wconf 89' lang='lat' dir='ltr'><strong>omnibus.</strong></span> 
     </span>
    </p>
   </div>
   <div class='ocr_carea' id='block_1_79' title="bbox 1868 3632 3362 3700">
    <p class='ocr_par' dir='ltr' id='par_1_79' title="bbox 1868 3632 3362 3700">
     <span class='ocr_line' id='line_1_79' title="bbox 1868 3632 3362 3700; baseline 0.006 -16"><span class='ocrx_word' id='word_1_550' title='bbox 1868 3634 1966 3696; x_wconf 79' lang='lat' dir='ltr'><strong>Qui</strong></span> <span class='ocrx_word' id='word_1_551' title='bbox 1990 3643 2059 3685; x_wconf 89' lang='lat' dir='ltr'><strong>est</strong></span> <span class='ocrx_word' id='word_1_552' title='bbox 2081 3635 2231 3700; x_wconf 79' lang='lat' dir='ltr'><strong>juxta</strong></span> <span class='ocrx_word' id='word_1_553' title='bbox 2249 3632 2550 3696; x_wconf 81' lang='lat' dir='ltr'><strong>Jerusalem,</strong></span> <span class='ocrx_word' id='word_1_554' title='bbox 2579 3635 2792 3689; x_wconf 78' lang='lat' dir='ltr'><strong>Sabbati</strong></span> <span class='ocrx_word' id='word_1_555' title='bbox 2820 3635 3007 3691; x_wconf 75' lang='lat' dir='ltr'><strong>habens</strong></span> <span class='ocrx_word' id='word_1_556' title='bbox 3037 3639 3149 3691; x_wconf 92' lang='lat' dir='ltr'><strong>iter.</strong></span> <span class='ocrx_word' id='word_1_557' title='bbox 3205 3635 3362 3693; x_wconf 76' lang='lat' dir='ltr'><strong>Juxta</strong></span> 
     </span>
    </p>
   </div>
   <div class='ocr_carea' id='block_1_80' title="bbox 1797 3723 3362 3795">
    <p class='ocr_par' dir='ltr' id='par_1_80' title="bbox 1797 3723 3362 3795">
     <span class='ocr_line' id='line_1_80' title="bbox 1797 3723 3362 3795; baseline 0.006 -21"><span class='ocrx_word' id='word_1_558' title='bbox 1797 3723 2073 3774; x_wconf 77' lang='lat' dir='ltr'><strong>historiam</strong></span> <span class='ocrx_word' id='word_1_559' title='bbox 2100 3723 2296 3776; x_wconf 85' lang='lat' dir='ltr'><strong>indiCat</strong></span> <span class='ocrx_word' id='word_1_560' title='bbox 2319 3735 2547 3778; x_wconf 87' lang='lat' dir='ltr'><strong>montem</strong></span> <span class='ocrx_word' id='word_1_561' title='bbox 2560 3726 2830 3780; x_wconf 84' lang='lat' dir='ltr'><strong>Olivarutn</strong></span> <span class='ocrx_word' id='word_1_562' title='bbox 2856 3729 3027 3795; x_wconf 75' lang='lat' dir='ltr'><strong>Spatio</strong></span> <span class='ocrx_word' id='word_1_563' title='bbox 3045 3729 3273 3782; x_wconf 81' lang='lat' dir='ltr'><strong>tniIIiarii</strong></span> <span class='ocrx_word' id='word_1_564' title='bbox 3291 3723 3362 3783; x_wconf 75' lang='lat' dir='ltr'><strong>ab</strong></span> 
     </span>
    </p>
   </div>
   <div class='ocr_carea' id='block_1_81' title="bbox 1802 3812 3360 3889">
    <p class='ocr_par' dir='ltr' id='par_1_81' title="bbox 1802 3812 3360 3889">
     <span class='ocr_line' id='line_1_81' title="bbox 1802 3812 3360 3889; baseline 0.005 -23"><span class='ocrx_word' id='word_1_565' title='bbox 1802 3815 1930 3867; x_wconf 87' lang='lat' dir='ltr'><strong>urbe</strong></span> <span class='ocrx_word' id='word_1_566' title='bbox 1958 3812 2255 3867; x_wconf 79' lang='lat' dir='ltr'><strong>Jerusalem</strong></span> <span class='ocrx_word' id='word_1_567' title='bbox 2296 3829 2412 3868; x_wconf 87' lang='lat' dir='ltr'><strong>esse</strong></span> <span class='ocrx_word' id='word_1_568' title='bbox 2440 3816 2747 3871; x_wconf 87' lang='lat' dir='ltr'><strong>discretum.</strong></span> <span class='ocrx_word' id='word_1_569' title='bbox 2781 3817 3012 3872; x_wconf 88' lang='lat' dir='ltr'><strong>Sabbato</strong></span> <span class='ocrx_word' id='word_1_570' title='bbox 3041 3821 3182 3873; x_wconf 89' lang='lat' dir='ltr'><strong>enim</strong></span> <span class='ocrx_word' id='word_1_571' title='bbox 3208 3819 3360 3889; x_wconf 80' lang='lat' dir='ltr'><strong>juxta</strong></span> 
     </span>
    </p>
   </div>
   <div class='ocr_carea' id='block_1_82' title="bbox 1799 3905 3362 3975">
    <p class='ocr_par' dir='ltr' id='par_1_82' title="bbox 1799 3905 3362 3975">
     <span class='ocr_line' id='line_1_82' title="bbox 1799 3905 3362 3975; baseline 0.007 -20"><span class='ocrx_word' id='word_1_572' title='bbox 1799 3905 1967 3971; x_wconf 81' lang='lat' dir='ltr'><strong>legem</strong></span> <span class='ocrx_word' id='word_1_573' title='bbox 1999 3906 2114 3971; x_wconf 88' lang='lat' dir='ltr'><strong>plus</strong></span> <span class='ocrx_word' id='word_1_574' title='bbox 2143 3923 2299 3974; x_wconf 86' lang='lat' dir='ltr'><strong>quam</strong></span> <span class='ocrx_word' id='word_1_575' title='bbox 2328 3908 2471 3961; x_wconf 88' lang='lat' dir='ltr'><strong>mille</strong></span> <span class='ocrx_word' id='word_1_576' title='bbox 2514 3923 2700 3975; x_wconf 86' lang='lat' dir='ltr'><strong>passus</strong></span> <span class='ocrx_word' id='word_1_577' title='bbox 2731 3908 2977 3963; x_wconf 86' lang='lat' dir='ltr'><strong>incedere</strong></span> <span class='ocrx_word' id='word_1_578' title='bbox 3007 3926 3110 3963; x_wconf 91' lang='lat' dir='ltr'><strong>non</strong></span> <span class='ocrx_word' id='word_1_579' title='bbox 3144 3911 3362 3966; x_wconf 82' lang='lat' dir='ltr'><strong>licebat.</strong></span> 
     </span>
    </p>
   </div>
   <div class='ocr_carea' id='block_1_83' title="bbox 1797 3999 3362 4070">
    <p class='ocr_par' dir='ltr' id='par_1_83' title="bbox 1797 3999 3362 4070">
     <span class='ocr_line' id='line_1_83' title="bbox 1797 3999 3362 4070; baseline 0.003 -17"><span class='ocrx_word' id='word_1_580' title='bbox 1797 3999 1958 4053; x_wconf 81' lang='lat' dir='ltr'><strong>Juxta</strong></span> <span class='ocrx_word' id='word_1_581' title='bbox 1986 4000 2289 4067; x_wconf 86' lang='lat' dir='ltr'><strong>allegoriam</strong></span> <span class='ocrx_word' id='word_1_582' title='bbox 2340 4015 2489 4065; x_wconf 84' lang='lat' dir='ltr'><strong>vero,</strong></span> <span class='ocrx_word' id='word_1_583' title='bbox 2537 4001 2623 4068; x_wconf 92' lang='lat' dir='ltr'><strong>qui</strong></span> <span class='ocrx_word' id='word_1_584' title='bbox 2672 4003 2890 4070; x_wconf 76' lang='lat' dir='ltr'><strong>gloriam</strong></span> <span class='ocrx_word' id='word_1_585' title='bbox 2920 3999 3128 4057; x_wconf 90' lang='lat' dir='ltr'><strong>Domini</strong></span> <span class='ocrx_word' id='word_1_586' title='bbox 3157 4004 3221 4057; x_wconf 89' lang='lat' dir='ltr'><strong>ad</strong></span> <span class='ocrx_word' id='word_1_587' title='bbox 3263 4004 3362 4058; x_wconf 78' lang='lat' dir='ltr'><strong>Pa-</strong></span> 
     </span>
    </p>
   </div>
   <div class='ocr_carea' id='block_1_84' title="bbox 1800 4091 3363 4161">
    <p class='ocr_par' dir='ltr' id='par_1_84' title="bbox 1800 4091 3363 4161">
     <span class='ocr_line' id='line_1_84' title="bbox 1800 4091 3363 4161; baseline 0.006 -21"><span class='ocrx_word' id='word_1_588' title='bbox 1800 4098 1931 4142; x_wconf 89' lang='lat' dir='ltr'><strong>trem</strong></span> <span class='ocrx_word' id='word_1_589' title='bbox 1955 4092 2291 4144; x_wconf 80' lang='lat' dir='ltr'><strong>asceudentis</strong></span> <span class='ocrx_word' id='word_1_590' title='bbox 2315 4092 2453 4143; x_wconf 87' lang='lat' dir='ltr'><strong>intus</strong></span> <span class='ocrx_word' id='word_1_591' title='bbox 2483 4091 2671 4144; x_wconf 89' lang='lat' dir='ltr'><strong>intueri</strong></span> <span class='ocrx_word' id='word_1_592' title='bbox 2706 4094 3017 4156; x_wconf 87' lang='lat' dir='ltr'><strong>nterehitur,</strong></span> <span class='ocrx_word' id='word_1_593' title='bbox 3047 4102 3105 4146; x_wconf 90' lang='lat' dir='ltr'><strong>et</strong></span> <span class='ocrx_word' id='word_1_594' title='bbox 3134 4092 3363 4161; x_wconf 83' lang='lat' dir='ltr'><strong>Spiritus</strong></span> 
     </span>
    </p>
   </div>
   <div class='ocr_carea' id='block_1_85' title="bbox 1795 4181 3366 4248">
    <p class='ocr_par' dir='ltr' id='par_1_85' title="bbox 1795 4181 3366 4248">
     <span class='ocr_line' id='line_1_85' title="bbox 1795 4181 3366 4248; baseline 0.006 -18"><span class='ocrx_word' id='word_1_595' title='bbox 1795 4181 1962 4233; x_wconf 85' lang='lat' dir='ltr'><strong>sancti</strong></span> <span class='ocrx_word' id='word_1_596' title='bbox 2029 4181 2376 4248; x_wconf 84' lang='lat' dir='ltr'><strong>promissione</strong></span> <span class='ocrx_word' id='word_1_597' title='bbox 2423 4181 2602 4247; x_wconf 87' lang='lat' dir='ltr'><strong>ditari,</strong></span> <span class='ocrx_word' id='word_1_598' title='bbox 2649 4183 2733 4236; x_wconf 90' lang='lat' dir='ltr'><strong>hic</strong></span> <span class='ocrx_word' id='word_1_599' title='bbox 2774 4183 2989 4238; x_wconf 85' lang='lat' dir='ltr'><strong>Sabbati</strong></span> <span class='ocrx_word' id='word_1_600' title='bbox 3038 4184 3227 4238; x_wconf 84' lang='lat' dir='ltr'><strong>itinere</strong></span> <span class='ocrx_word' id='word_1_601' title='bbox 3274 4201 3366 4239; x_wconf 88' lang='lat' dir='ltr'><strong>ur-</strong></span> 
     </span>
    </p>
   </div>
   <div class='ocr_carea' id='block_1_86' title="bbox 1799 4272 3362 4344">
    <p class='ocr_par' dir='ltr' id='par_1_86' title="bbox 1799 4272 3362 4344">
     <span class='ocr_line' id='line_1_86' title="bbox 1799 4272 3362 4344; baseline 0.004 -20"><span class='ocrx_word' id='word_1_602' title='bbox 1799 4273 1916 4324; x_wconf 86' lang='lat' dir='ltr'><strong>bem</strong></span> <span class='ocrx_word' id='word_1_603' title='bbox 1968 4281 2231 4339; x_wconf 69' lang='lat' dir='ltr'><strong>perpetuae</strong></span> <span class='ocrx_word' id='word_1_604' title='bbox 2271 4273 2415 4339; x_wconf 87' lang='lat' dir='ltr'><strong>pacis</strong></span> <span class='ocrx_word' id='word_1_605' title='bbox 2469 4272 2777 4341; x_wconf 84' lang='lat' dir='ltr'><strong>ingreditur.</strong></span> <span class='ocrx_word' id='word_1_606' title='bbox 2834 4273 3051 4343; x_wconf 82' lang='lat' dir='ltr'><strong>Eritque</strong></span> <span class='ocrx_word' id='word_1_607' title='bbox 3107 4276 3177 4339; x_wconf 85' lang='lat' dir='ltr'><strong>ei,</strong></span> <span class='ocrx_word' id='word_1_608' title='bbox 3214 4275 3362 4344; x_wconf 86' lang='lat' dir='ltr'><strong>juxta</strong></span> 
     </span>
    </p>
   </div>
   <div class='ocr_carea' id='block_1_87' title="bbox 1797 4362 3366 4434">
    <p class='ocr_par' dir='ltr' id='par_1_87' title="bbox 1797 4362 3366 4434">
     <span class='ocr_line' id='line_1_87' title="bbox 1797 4362 3366 4434; baseline 0.001 -16"><span class='ocrx_word' id='word_1_609' title='bbox 1797 4362 2017 4427; x_wconf 87' lang='lat' dir='ltr'><strong>Isaiam,</strong></span> <span class='ocrx_word' id='word_1_610' title='bbox 2061 4362 2348 4416; x_wconf 87' lang='lat' dir='ltr'><strong>Sabbatum</strong></span> <span class='ocrx_word' id='word_1_611' title='bbox 2397 4379 2462 4418; x_wconf 87' lang='lat' dir='ltr'><strong>ex</strong></span> <span class='ocrx_word' id='word_1_612' title='bbox 2514 4363 2783 4430; x_wconf 83' lang='lat' dir='ltr'><strong>Sabbato,</strong></span> <span class='ocrx_word' id='word_1_613' title='bbox 2814 4366 2934 4433; x_wconf 84' lang='lat' dir='ltr'><strong>quia</strong></span> <span class='ocrx_word' id='word_1_614' title='bbox 2981 4367 3071 4434; x_wconf 89' lang='lat' dir='ltr'><strong>qui</strong></span> <span class='ocrx_word' id='word_1_615' title='bbox 3128 4367 3211 4421; x_wconf 92' lang='lat' dir='ltr'><strong>hic</strong></span> <span class='ocrx_word' id='word_1_616' title='bbox 3238 4382 3366 4423; x_wconf 78' lang='lat' dir='ltr'><strong>cos-</strong></span> 
     </span>
    </p>
   </div>
   <div class='ocr_carea' id='block_1_88' title="bbox 1798 4453 3365 4522">
    <p class='ocr_par' dir='ltr' id='par_1_88' title="bbox 1798 4453 3365 4522">
     <span class='ocr_line' id='line_1_88' title="bbox 1798 4453 3365 4522; baseline 0.004 -16"><span class='ocrx_word' id='word_1_617' title='bbox 1798 4456 1981 4507; x_wconf 86' lang='lat' dir='ltr'><strong>savita</strong></span> <span class='ocrx_word' id='word_1_618' title='bbox 2017 4469 2263 4522; x_wconf 84' lang='lat' dir='ltr'><strong>perverso</strong></span> <span class='ocrx_word' id='word_1_619' title='bbox 2288 4469 2483 4522; x_wconf 87' lang='lat' dir='ltr'><strong>opere,</strong></span> <span class='ocrx_word' id='word_1_620' title='bbox 2529 4453 2631 4507; x_wconf 90' lang='lat' dir='ltr'><strong>illic</strong></span> <span class='ocrx_word' id='word_1_621' title='bbox 2661 4453 2898 4522; x_wconf 87' lang='lat' dir='ltr'><strong>quiescet</strong></span> <span class='ocrx_word' id='word_1_622' title='bbox 2937 4455 2989 4508; x_wconf 92' lang='lat' dir='ltr'><strong>in</strong></span> <span class='ocrx_word' id='word_1_623' title='bbox 3029 4457 3234 4510; x_wconf 66' lang='lat' dir='ltr'><strong>caelesti</strong></span> <span class='ocrx_word' id='word_1_624' title='bbox 3275 4475 3365 4512; x_wconf 83' lang='lat' dir='ltr'><strong>re-</strong></span> 
     </span>
    </p>
   </div>
   <div class='ocr_carea' id='block_1_89' title="bbox 157 4535 3365 4631">
    <p class='ocr_par' dir='ltr' id='par_1_89' title="bbox 157 4535 3365 4631">
     <span class='ocr_line' id='line_1_89' title="bbox 157 4535 3365 4631; baseline 0.005 -48"><span class='ocrx_word' id='word_1_625' title='bbox 157 4538 517 4600; x_wconf 79' lang='lat' dir='ltr'><strong>supervenerit,</strong></span> <span class='ocrx_word' id='word_1_626' title='bbox 574 4537 763 4602; x_wconf 88' lang='lat' dir='ltr'><strong>inquit,</strong></span> <span class='ocrx_word' id='word_1_627' title='bbox 823 4539 872 4588; x_wconf 92' lang='lat' dir='ltr'><strong>iu</strong></span> <span class='ocrx_word' id='word_1_628' title='bbox 902 4539 994 4587; x_wconf 82' lang='lat' dir='ltr'><strong>vth</strong></span> <span class='ocrx_word' id='word_1_629' title='bbox 1019 4535 1246 4602; x_wconf 85' lang='lat' dir='ltr'><strong>Spiritus</strong></span> <span class='ocrx_word' id='word_1_630' title='bbox 1297 4547 1535 4594; x_wconf 85' lang='lat' dir='ltr'><strong>sanctus,</strong></span> <span class='ocrx_word' id='word_1_631' title='bbox 1590 4551 1685 4587; x_wconf 89' lang='lat' dir='ltr'><strong>ne-</strong></span> <span class='ocrx_word' id='word_1_632' title='bbox 1717 4572 1770 4631; x_wconf 68' lang='grc' dir='ltr'><strong>Β</strong></span> <span class='ocrx_word' id='word_1_633' title='bbox 1801 4544 2106 4597; x_wconf 88' lang='lat' dir='ltr'><strong>tributione.</strong></span> <span class='ocrx_word' id='word_1_634' title='bbox 2148 4548 2213 4596; x_wconf 81' lang='lat' dir='ltr'><strong>At</strong></span> <span class='ocrx_word' id='word_1_635' title='bbox 2242 4553 2426 4595; x_wconf 86' lang='lat' dir='ltr'><strong>contra</strong></span> <span class='ocrx_word' id='word_1_636' title='bbox 2455 4544 2542 4612; x_wconf 89' lang='lat' dir='ltr'><strong>qui</strong></span> <span class='ocrx_word' id='word_1_637' title='bbox 2593 4545 2644 4596; x_wconf 82' lang='lat' dir='ltr'><strong>in</strong></span> <span class='ocrx_word' id='word_1_638' title='bbox 2697 4544 2797 4596; x_wconf 90' lang='lat' dir='ltr'><strong>hoc</strong></span> <span class='ocrx_word' id='word_1_639' title='bbox 2841 4545 3039 4598; x_wconf 71' lang='lat' dir='ltr'><strong>saeculo</strong></span> <span class='ocrx_word' id='word_1_640' title='bbox 3069 4547 3220 4614; x_wconf 89' lang='lat' dir='ltr'><strong>quasi</strong></span> <span class='ocrx_word' id='word_1_641' title='bbox 3272 4564 3365 4617; x_wconf 83' lang='lat' dir='ltr'><strong>per</strong></span> 
     </span>
    </p>
   </div>
   <div class='ocr_carea' id='block_1_90' title="bbox 159 4624 1687 4693">
    <p class='ocr_par' dir='ltr' id='par_1_90' title="bbox 159 4624 1687 4693">
     <span class='ocr_line' id='line_1_90' title="bbox 159 4624 1687 4693; baseline 0.001 -19"><span class='ocrx_word' id='word_1_642' title='bbox 159 4641 389 4693; x_wconf 84' lang='lat' dir='ltr'><strong>quaquam</strong></span> <span class='ocrx_word' id='word_1_643' title='bbox 417 4642 631 4693; x_wconf 78' lang='lat' dir='ltr'><strong>regnum</strong></span> <span class='ocrx_word' id='word_1_644' title='bbox 667 4627 846 4687; x_wconf 79' lang='lat' dir='ltr'><strong>Israel,</strong></span> <span class='ocrx_word' id='word_1_645' title='bbox 909 4629 1021 4679; x_wconf 81' lang='lat' dir='ltr'><strong>sive</strong></span> <span class='ocrx_word' id='word_1_646' title='bbox 1048 4642 1261 4693; x_wconf 82' lang='lat' dir='ltr'><strong>regnum</strong></span> <span class='ocrx_word' id='word_1_647' title='bbox 1299 4626 1392 4679; x_wconf 81' lang='lat' dir='ltr'><strong>llci</strong></span> <span class='ocrx_word' id='word_1_648' title='bbox 1429 4627 1478 4678; x_wconf 89' lang='lat' dir='ltr'><strong>itt</strong></span> <span class='ocrx_word' id='word_1_649' title='bbox 1511 4624 1687 4688; x_wconf 85' lang='lat' dir='ltr'><strong>Israel,</strong></span> 
     </span>
    </p>
   </div>
   <div class='ocr_carea' id='block_1_91' title="bbox 160 4716 1694 4782">
    <p class='ocr_par' dir='ltr' id='par_1_91' title="bbox 160 4716 1694 4782">
     <span class='ocr_line' id='line_1_91' title="bbox 160 4716 1694 4782; baseline 0.006 -20"><span class='ocrx_word' id='word_1_650' title='bbox 160 4727 203 4765; x_wconf 91' lang='lat' dir='ltr'><strong>ut</strong></span> <span class='ocrx_word' id='word_1_651' title='bbox 229 4719 423 4782; x_wconf 88' lang='lat' dir='ltr'><strong>putatis,</strong></span> <span class='ocrx_word' id='word_1_652' title='bbox 455 4716 661 4780; x_wconf 83' lang='lat' dir='ltr'><strong>alI&#39;eret,</strong></span> <span class='ocrx_word' id='word_1_653' title='bbox 695 4717 786 4769; x_wconf 75' lang='lat' dir='ltr'><strong>sed</strong></span> <span class='ocrx_word' id='word_1_654' title='bbox 811 4719 962 4770; x_wconf 89' lang='lat' dir='ltr'><strong>vobis</strong></span> <span class='ocrx_word' id='word_1_655' title='bbox 1017 4718 1263 4768; x_wconf 86' lang='lat' dir='ltr'><strong>virtutem</strong></span> <span class='ocrx_word' id='word_1_656' title='bbox 1311 4717 1377 4770; x_wconf 88' lang='lat' dir='ltr'><strong>de</strong></span> <span class='ocrx_word' id='word_1_657' title='bbox 1410 4733 1493 4770; x_wconf 92' lang='lat' dir='ltr'><strong>tne</strong></span> <span class='ocrx_word' id='word_1_658' title='bbox 1546 4721 1694 4771; x_wconf 78' lang='lat' dir='ltr'><strong>testi-</strong></span> 
     </span>
    </p>
   </div>
   <div class='ocr_carea' id='block_1_92' title="bbox 165 4808 1692 4876">
    <p class='ocr_par' dir='ltr' id='par_1_92' title="bbox 165 4808 1692 4876">
     <span class='ocr_line' id='line_1_92' title="bbox 165 4808 1692 4876; baseline 0.005 -22"><span class='ocrx_word' id='word_1_659' title='bbox 165 4808 328 4859; x_wconf 71' lang='lat' dir='ltr'><strong>lécandi</strong></span> <span class='ocrx_word' id='word_1_660' title='bbox 376 4808 649 4875; x_wconf 57' lang='lat' dir='ltr'><strong>praebebit.</strong></span> <span class='ocrx_word' id='word_1_661' title='bbox 715 4809 1046 4875; x_wconf 80' lang='lat' dir='ltr'><strong>Tantumque</strong></span> <span class='ocrx_word' id='word_1_662' title='bbox 1102 4809 1250 4874; x_wconf 67' lang='lat' dir='ltr'><strong>regni</strong></span> <span class='ocrx_word' id='word_1_663' title='bbox 1287 4809 1421 4860; x_wconf 79' lang='lat' dir='ltr'><strong>illitis</strong></span> <span class='ocrx_word' id='word_1_664' title='bbox 1457 4819 1692 4876; x_wconf 81' lang='lat' dir='ltr'><strong>tempora</strong></span> 
     </span>
    </p>
   </div>
   <div class='ocr_carea' id='block_1_93' title="bbox 159 4899 1696 4969">
    <p class='ocr_par' dir='ltr' id='par_1_93' title="bbox 159 4899 1696 4969">
     <span class='ocr_line' id='line_1_93' title="bbox 159 4899 1696 4969; baseline 0.003 -22"><span class='ocrx_word' id='word_1_665' title='bbox 159 4899 289 4965; x_wconf 84' lang='lat' dir='ltr'><strong>l0uge</strong></span> <span class='ocrx_word' id='word_1_666' title='bbox 314 4910 422 4950; x_wconf 91' lang='lat' dir='ltr'><strong>sunt</strong></span> <span class='ocrx_word' id='word_1_667' title='bbox 448 4941 462 4964; x_wconf 93' lang='lat'><strong>,</strong></span> <span class='ocrx_word' id='word_1_668' title='bbox 494 4910 550 4952; x_wconf 89' lang='lat' dir='ltr'><strong>ut</strong></span> <span class='ocrx_word' id='word_1_669' title='bbox 594 4899 738 4964; x_wconf 89' lang='lat' dir='ltr'><strong>prius</strong></span> <span class='ocrx_word' id='word_1_670' title='bbox 787 4914 889 4951; x_wconf 92' lang='lat' dir='ltr'><strong>non</strong></span> <span class='ocrx_word' id='word_1_671' title='bbox 934 4901 1106 4951; x_wconf 87' lang='lat' dir='ltr'><strong>solum</strong></span> <span class='ocrx_word' id='word_1_672' title='bbox 1142 4899 1279 4951; x_wconf 88' lang='lat' dir='ltr'><strong>hanc</strong></span> <span class='ocrx_word' id='word_1_673' title='bbox 1331 4899 1696 4969; x_wconf 82' lang='lat' dir='ltr'><strong>Jerosolymo-</strong></span> 
     </span>
    </p>
   </div>
   <div class='ocr_carea' id='block_1_94' title="bbox 160 4987 1692 5051">
    <p class='ocr_par' dir='ltr' id='par_1_94' title="bbox 160 4987 1692 5051">
     <span class='ocr_line' id='line_1_94' title="bbox 160 4987 1692 5051; baseline 0.003 -16"><span class='ocrx_word' id='word_1_674' title='bbox 160 5001 257 5037; x_wconf 86' lang='lat' dir='ltr'><strong>runt</strong></span> <span class='ocrx_word' id='word_1_675' title='bbox 303 4989 496 5051; x_wconf 86' lang='lat' dir='ltr'><strong>urbem,</strong></span> <span class='ocrx_word' id='word_1_676' title='bbox 541 5003 723 5039; x_wconf 88' lang='lat' dir='ltr'><strong>verum</strong></span> <span class='ocrx_word' id='word_1_677' title='bbox 773 4987 930 5040; x_wconf 87' lang='lat' dir='ltr'><strong>etiam</strong></span> <span class='ocrx_word' id='word_1_678' title='bbox 964 5003 1149 5040; x_wconf 82' lang='lat' dir='ltr'><strong>omnes</strong></span> <span class='ocrx_word' id='word_1_679' title='bbox 1182 4988 1376 5040; x_wconf 70' lang='lat' dir='ltr'><strong>Judzem</strong></span> <span class='ocrx_word' id='word_1_680' title='bbox 1407 4990 1570 5048; x_wconf 86' lang='lat' dir='ltr'><strong>lines,</strong></span> <span class='ocrx_word' id='word_1_681' title='bbox 1602 4991 1692 5040; x_wconf 84' lang='lat' dir='ltr'><strong>tle-</strong></span> 
     </span>
    </p>
   </div>
   <div class='ocr_carea' id='block_1_95' title="bbox 161 5076 1693 5146">
    <p class='ocr_par' dir='ltr' id='par_1_95' title="bbox 161 5076 1693 5146">
     <span class='ocr_line' id='line_1_95' title="bbox 161 5076 1693 5146; baseline 0.006 -23"><span class='ocrx_word' id='word_1_682' title='bbox 161 5076 261 5126; x_wconf 85' lang='lat' dir='ltr'><strong>ltiuc</strong></span> <span class='ocrx_word' id='word_1_683' title='bbox 278 5089 501 5130; x_wconf 85' lang='lat' dir='ltr'><strong>autemet</strong></span> <span class='ocrx_word' id='word_1_684' title='bbox 522 5080 760 5145; x_wconf 86' lang='lat' dir='ltr'><strong>proxime</strong></span> <span class='ocrx_word' id='word_1_685' title='bbox 777 5089 987 5146; x_wconf 82' lang='lat' dir='ltr'><strong>gentem</strong></span> <span class='ocrx_word' id='word_1_686' title='bbox 1005 5077 1284 5138; x_wconf 66' lang='lat' dir='ltr'><strong>Santarim,</strong></span> <span class='ocrx_word' id='word_1_687' title='bbox 1309 5081 1372 5128; x_wconf 85' lang='lat' dir='ltr'><strong>ad</strong></span> <span class='ocrx_word' id='word_1_688' title='bbox 1391 5091 1693 5132; x_wconf 85' lang='lat' dir='ltr'><strong>extremum</strong></span> 
     </span>
    </p>
   </div>
   <div class='ocr_carea' id='block_1_96' title="bbox 161 5170 1690 5238">
    <p class='ocr_par' dir='ltr' id='par_1_96' title="bbox 161 5170 1690 5238">
     <span class='ocr_line' id='line_1_96' title="bbox 161 5170 1690 5238; baseline 0.007 -21"><span class='ocrx_word' id='word_1_689' title='bbox 161 5172 443 5222; x_wconf 68' lang='lat' dir='ltr'><strong>uovi~simos</strong></span> <span class='ocrx_word' id='word_1_690' title='bbox 485 5184 693 5238; x_wconf 85' lang='lat' dir='ltr'><strong>quoque</strong></span> <span class='ocrx_word' id='word_1_691' title='bbox 750 5187 842 5237; x_wconf 91' lang='lat' dir='ltr'><strong>pcr</strong></span> <span class='ocrx_word' id='word_1_692' title='bbox 873 5171 1154 5223; x_wconf 87' lang='lat' dir='ltr'><strong>circuitum</strong></span> <span class='ocrx_word' id='word_1_693' title='bbox 1199 5170 1376 5223; x_wconf 88' lang='lat' dir='ltr'><strong>mundi</strong></span> <span class='ocrx_word' id='word_1_694' title='bbox 1434 5174 1690 5227; x_wconf 83' lang='lat' dir='ltr'><strong>terminos</strong></span> 
     </span>
    </p>
   </div>
   <div class='ocr_carea' id='block_1_97' title="bbox 163 5260 908 5330">
    <p class='ocr_par' dir='ltr' id='par_1_97' title="bbox 163 5260 908 5330">
     <span class='ocr_line' id='line_1_97' title="bbox 163 5260 908 5330; baseline 0.008 -22"><span class='ocrx_word' id='word_1_695' title='bbox 163 5260 397 5329; x_wconf 75' lang='lat' dir='ltr'><strong>Evangelii</strong></span> <span class='ocrx_word' id='word_1_696' title='bbox 441 5263 571 5315; x_wconf 80' lang='lat' dir='ltr'><strong>fama</strong></span> <span class='ocrx_word' id='word_1_697' title='bbox 614 5273 908 5330; x_wconf 78' lang='lat' dir='ltr'><strong>pereurrat.</strong></span> 
     </span>
    </p>
   </div>
   <div class='ocr_carea' id='block_1_98' title="bbox 222 5373 1689 5436">
    <p class='ocr_par' dir='ltr' id='par_1_98' title="bbox 222 5373 1689 5436">
     <span class='ocr_line' id='line_1_98' title="bbox 222 5373 1689 5436; baseline 0.002 -11"><span class='ocrx_word' id='word_1_698' title='bbox 222 5373 277 5426; x_wconf 84' lang='lat' dir='ltr'><strong>Et</strong></span> <span class='ocrx_word' id='word_1_699' title='bbox 308 5391 412 5426; x_wconf 88' lang='lat' dir='ltr'><strong>cum</strong></span> <span class='ocrx_word' id='word_1_700' title='bbox 450 5376 556 5428; x_wconf 70' lang='lat' dir='ltr'><strong>lure</strong></span> <span class='ocrx_word' id='word_1_701' title='bbox 587 5376 816 5436; x_wconf 74' lang='lat' dir='ltr'><strong>dixisset,</strong></span> <span class='ocrx_word' id='word_1_702' title='bbox 848 5373 1127 5425; x_wconf 82' lang='lat' dir='ltr'><strong>videntibus</strong></span> <span class='ocrx_word' id='word_1_703' title='bbox 1171 5373 1272 5425; x_wconf 83' lang='lat' dir='ltr'><strong>illis</strong></span> <span class='ocrx_word' id='word_1_704' title='bbox 1327 5374 1544 5426; x_wconf 83' lang='lat' dir='ltr'><strong>elevatus</strong></span> <span class='ocrx_word' id='word_1_705' title='bbox 1597 5387 1689 5428; x_wconf 80' lang='lat' dir='ltr'><strong>est.</strong></span> 
     </span>
    </p>
   </div>
   <div class='ocr_carea' id='block_1_99' title="bbox 161 5462 1696 5532">
    <p class='ocr_par' dir='ltr' id='par_1_99' title="bbox 161 5462 1696 5532">
     <span class='ocr_line' id='line_1_99' title="bbox 161 5462 1696 5532; baseline 0.003 -19"><span class='ocrx_word' id='word_1_706' title='bbox 161 5462 340 5518; x_wconf 79' lang='lat' dir='ltr'><strong>Marcus</strong></span> <span class='ocrx_word' id='word_1_707' title='bbox 368 5469 576 5532; x_wconf 85' lang='lat' dir='ltr'><strong>quidem</strong></span> <span class='ocrx_word' id='word_1_708' title='bbox 634 5467 788 5518; x_wconf 84' lang='lat' dir='ltr'><strong>aliam</strong></span> <span class='ocrx_word' id='word_1_709' title='bbox 846 5463 1050 5515; x_wconf 87' lang='lat' dir='ltr'><strong>Domini</strong></span> <span class='ocrx_word' id='word_1_710' title='bbox 1107 5465 1428 5517; x_wconf 88' lang='lat' dir='ltr'><strong>locutionem</strong></span> <span class='ocrx_word' id='word_1_711' title='bbox 1461 5480 1696 5518; x_wconf 80' lang='lat' dir='ltr'><strong>comme-</strong></span> 
     </span>
    </p>
   </div>
   <div class='ocr_carea' id='block_1_100' title="bbox 164 5555 1692 5629">
    <p class='ocr_par' dir='ltr' id='par_1_100' title="bbox 164 5555 1692 5629">
     <span class='ocr_line' id='line_1_100' title="bbox 164 5555 1692 5629; baseline 0.003 -23"><span class='ocrx_word' id='word_1_712' title='bbox 164 5574 367 5620; x_wconf 85' lang='lat' dir='ltr'><strong>tnorans,</strong></span> <span class='ocrx_word' id='word_1_713' title='bbox 401 5562 507 5610; x_wconf 83' lang='lat' dir='ltr'><strong>ait:</strong></span> <span class='ocrx_word' id='word_1_714' title='bbox 560 5558 625 5610; x_wconf 83' lang='lat' dir='ltr'><strong>Et</strong></span> <span class='ocrx_word' id='word_1_715' title='bbox 685 5558 930 5609; x_wconf 79' lang='lat' dir='ltr'><strong>Dominus</strong></span> <span class='ocrx_word' id='word_1_716' title='bbox 975 5557 1174 5624; x_wconf 85' lang='lat' dir='ltr'><strong>quidem</strong></span> <span class='ocrx_word' id='word_1_717' title='bbox 1225 5555 1373 5608; x_wconf 81' lang='lat' dir='ltr'><strong>Jesus</strong></span> <span class='ocrx_word' id='word_1_718' title='bbox 1431 5569 1692 5629; x_wconf 78' lang='lat' dir='ltr'><strong>postquam</strong></span> 
     </span>
    </p>
   </div>
   <div class='ocr_carea' id='block_1_101' title="bbox 165 5646 1693 5718">
    <p class='ocr_par' dir='ltr' id='par_1_101' title="bbox 165 5646 1693 5718">
     <span class='ocr_line' id='line_1_101' title="bbox 165 5646 1693 5718; baseline 0.001 -21"><span class='ocrx_word' id='word_1_719' title='bbox 165 5649 331 5700; x_wconf 72' lang='lat' dir='ltr'><strong>locutus</strong></span> <span class='ocrx_word' id='word_1_720' title='bbox 361 5660 428 5701; x_wconf 81' lang='lat' dir='ltr'><strong>est</strong></span> <span class='ocrx_word' id='word_1_721' title='bbox 456 5649 548 5707; x_wconf 83' lang='lat' dir='ltr'><strong>eis,</strong></span> <span class='ocrx_word' id='word_1_722' title='bbox 572 5660 860 5718; x_wconf 85' lang='lat' dir='ltr'><strong>assumptus</strong></span> <span class='ocrx_word' id='word_1_723' title='bbox 884 5658 954 5699; x_wconf 83' lang='lat' dir='ltr'><strong>est</strong></span> <span class='ocrx_word' id='word_1_724' title='bbox 1001 5647 1054 5698; x_wconf 83' lang='lat' dir='ltr'><strong>in</strong></span> <span class='ocrx_word' id='word_1_725' title='bbox 1106 5646 1287 5698; x_wconf 77' lang='lat' dir='ltr'><strong>caelum</strong></span> <span class='ocrx_word' id='word_1_726' title='bbox 1320 5646 1509 5714; x_wconf 74' lang='lat' dir='ltr'><strong>(Marc.</strong></span> <span class='ocrx_word' id='word_1_727' title='bbox 1563 5653 1693 5708; x_wconf 81' lang='lat' dir='ltr'><strong>xvi).</strong></span> 
     </span>
    </p>
   </div>
   <div class='ocr_carea' id='block_1_102' title="bbox 166 5738 1691 5808">
    <p class='ocr_par' dir='ltr' id='par_1_102' title="bbox 166 5738 1691 5808">
     <span class='ocr_line' id='line_1_102' title="bbox 166 5738 1691 5808; baseline -0.001 -15"><span class='ocrx_word' id='word_1_728' title='bbox 166 5739 251 5793; x_wconf 83' lang='lat' dir='ltr'><strong>Sed</strong></span> <span class='ocrx_word' id='word_1_729' title='bbox 271 5742 378 5808; x_wconf 85' lang='lat' dir='ltr'><strong>quia</strong></span> <span class='ocrx_word' id='word_1_730' title='bbox 401 5742 562 5794; x_wconf 84' lang='lat' dir='ltr'><strong>Lucas</strong></span> <span class='ocrx_word' id='word_1_731' title='bbox 577 5739 958 5808; x_wconf 79' lang='lat' dir='ltr'><strong>signiﬁcantius</strong></span> <span class='ocrx_word' id='word_1_732' title='bbox 977 5740 1170 5808; x_wconf 88' lang='lat' dir='ltr'><strong>adjecit</strong></span> <span class='ocrx_word' id='word_1_733' title='bbox 1191 5738 1314 5791; x_wconf 85' lang='lat' dir='ltr'><strong>Cum</strong></span> <span class='ocrx_word' id='word_1_734' title='bbox 1335 5739 1442 5792; x_wconf 71' lang='lat' dir='ltr'><strong>Ita&#39;c</strong></span> <span class='ocrx_word' id='word_1_735' title='bbox 1462 5741 1691 5803; x_wconf 73' lang='lat' dir='ltr'><strong>dixisset,</strong></span> 
     </span>
    </p>
   </div>
   <div class='ocr_carea' id='block_1_103' title="bbox 165 5829 1697 5903">
    <p class='ocr_par' dir='ltr' id='par_1_103' title="bbox 165 5829 1697 5903">
     <span class='ocr_line' id='line_1_103' title="bbox 165 5829 1697 5903; baseline 0.001 -23"><span class='ocrx_word' id='word_1_736' title='bbox 165 5834 354 5886; x_wconf 75' lang='lat' dir='ltr'><strong>etet-tuus</strong></span> <span class='ocrx_word' id='word_1_737' title='bbox 372 5841 460 5903; x_wconf 84' lang='lat' dir='ltr'><strong>est,</strong></span> <span class='ocrx_word' id='word_1_738' title='bbox 484 5830 715 5886; x_wconf 83' lang='lat' dir='ltr'><strong>ostendit</strong></span> <span class='ocrx_word' id='word_1_739' title='bbox 743 5829 1005 5898; x_wconf 77' lang='lat' dir='ltr'><strong>profecto,</strong></span> <span class='ocrx_word' id='word_1_740' title='bbox 1027 5830 1130 5884; x_wconf 84' lang='lat' dir='ltr'><strong>illis</strong></span> <span class='ocrx_word' id='word_1_741' title='bbox 1151 5845 1284 5899; x_wconf 89' lang='lat' dir='ltr'><strong>quos</strong></span> <span class='ocrx_word' id='word_1_742' title='bbox 1308 5845 1697 5885; x_wconf 76' lang='lat' dir='ltr'><strong>commemora-</strong></span> 
     </span>
    </p>
   </div>
   <div class='ocr_carea' id='block_1_104' title="bbox 1800 4633 3362 4703">
    <p class='ocr_par' dir='ltr' id='par_1_104' title="bbox 1800 4633 3362 4703">
     <span class='ocr_line' id='line_1_104' title="bbox 1800 4633 3362 4703; baseline 0.002 -16"><span class='ocrx_word' id='word_1_743' title='bbox 1800 4647 2005 4700; x_wconf 83' lang='lat' dir='ltr'><strong>tetnpus</strong></span> <span class='ocrx_word' id='word_1_744' title='bbox 2041 4648 2130 4687; x_wconf 78' lang='lat' dir='ltr'><strong>sex</strong></span> <span class='ocrx_word' id='word_1_745' title='bbox 2187 4633 2435 4695; x_wconf 87' lang='lat' dir='ltr'><strong>tlierunt,</strong></span> <span class='ocrx_word' id='word_1_746' title='bbox 2489 4633 2710 4686; x_wconf 87' lang='lat' dir='ltr'><strong>salutem</strong></span> <span class='ocrx_word' id='word_1_747' title='bbox 2765 4636 2972 4702; x_wconf 77' lang='lat' dir='ltr'><strong>operari</strong></span> <span class='ocrx_word' id='word_1_748' title='bbox 3030 4639 3362 4703; x_wconf 77' lang='lat' dir='ltr'><strong>neglexerit,</strong></span> 
     </span>
    </p>
   </div>
   <div class='ocr_carea' id='block_1_105' title="bbox 1797 4722 3361 4790">
    <p class='ocr_par' dir='ltr' id='par_1_105' title="bbox 1797 4722 3361 4790">
     <span class='ocr_line' id='line_1_105' title="bbox 1797 4722 3361 4790; baseline 0.003 -15"><span class='ocrx_word' id='word_1_749' title='bbox 1797 4725 1886 4775; x_wconf 92' lang='lat' dir='ltr'><strong>illo</strong></span> <span class='ocrx_word' id='word_1_750' title='bbox 1933 4736 2198 4790; x_wconf 71' lang='lat' dir='ltr'><strong>perpetua:</strong></span> <span class='ocrx_word' id='word_1_751' title='bbox 2253 4722 2445 4788; x_wconf 87' lang='lat' dir='ltr'><strong>quietis</strong></span> <span class='ocrx_word' id='word_1_752' title='bbox 2495 4732 2773 4788; x_wconf 87' lang='lat' dir='ltr'><strong>tempore,</strong></span> <span class='ocrx_word' id='word_1_753' title='bbox 2825 4725 2889 4776; x_wconf 87' lang='lat' dir='ltr'><strong>de</strong></span> <span class='ocrx_word' id='word_1_754' title='bbox 2944 4726 3136 4778; x_wconf 82' lang='lat' dir='ltr'><strong>liuibus</strong></span> <span class='ocrx_word' id='word_1_755' title='bbox 3191 4727 3361 4779; x_wconf 65' lang='lat' dir='ltr'><strong>beatas</strong></span> 
     </span>
    </p>
   </div>
   <div class='ocr_carea' id='block_1_106' title="bbox 1796 4811 3357 4879">
    <p class='ocr_par' dir='ltr' id='par_1_106' title="bbox 1796 4811 3357 4879">
     <span class='ocr_line' id='line_1_106' title="bbox 1796 4811 3357 4879; baseline 0.001 -13"><span class='ocrx_word' id='word_1_756' title='bbox 1796 4813 2084 4866; x_wconf 83' lang='lat' dir='ltr'><strong>Jerusalem</strong></span> <span class='ocrx_word' id='word_1_757' title='bbox 2139 4812 2486 4876; x_wconf 81' lang='lat' dir='ltr'><strong>excludetur,</strong></span> <span class='ocrx_word' id='word_1_758' title='bbox 2554 4811 2677 4861; x_wconf 91' lang='lat' dir='ltr'><strong>illud</strong></span> <span class='ocrx_word' id='word_1_759' title='bbox 2732 4812 3071 4879; x_wconf 77' lang='lat' dir='ltr'><strong>Evangelium</strong></span> <span class='ocrx_word' id='word_1_760' title='bbox 3115 4827 3357 4868; x_wconf 83' lang='lat' dir='ltr'><strong>conteru-</strong></span> 
     </span>
    </p>
   </div>
   <div class='ocr_carea' id='block_1_107' title="bbox 1798 4902 3287 4970">
    <p class='ocr_par' dir='ltr' id='par_1_107' title="bbox 1798 4902 3287 4970">
     <span class='ocr_line' id='line_1_107' title="bbox 1798 4902 3287 4970; baseline 0.003 -14"><span class='ocrx_word' id='word_1_761' title='bbox 1798 4918 1928 4956; x_wconf 83' lang='lat' dir='ltr'><strong>nens</strong></span> <span class='ocrx_word' id='word_1_762' title='bbox 1959 4922 1970 4956; x_wconf 88' lang='lat'>:</span> <span class='ocrx_word' id='word_1_763' title='bbox 1999 4903 2149 4953; x_wconf 82' lang='lat' dir='ltr'><strong>Orate</strong></span> <span class='ocrx_word' id='word_1_764' title='bbox 2192 4919 2251 4954; x_wconf 85' lang='lat' dir='ltr'><strong>ne</strong></span> <span class='ocrx_word' id='word_1_765' title='bbox 2278 4902 2366 4966; x_wconf 81' lang='lat' dir='ltr'><strong>ﬁat</strong></span> <span class='ocrx_word' id='word_1_766' title='bbox 2409 4905 2529 4970; x_wconf 79' lang='lat' dir='ltr'><strong>fuga</strong></span> <span class='ocrx_word' id='word_1_767' title='bbox 2558 4912 2718 4952; x_wconf 62' lang='lat' dir='ltr'><strong>castra</strong></span> <span class='ocrx_word' id='word_1_768' title='bbox 2741 4903 2901 4954; x_wconf 82' lang='lat' dir='ltr'><strong>hieme</strong></span> <span class='ocrx_word' id='word_1_769' title='bbox 2938 4905 3012 4956; x_wconf 80' lang='lat' dir='ltr'><strong>vel</strong></span> <span class='ocrx_word' id='word_1_770' title='bbox 3046 4906 3287 4960; x_wconf 79' lang='lat' dir='ltr'><strong>Sabbato.</strong></span> 
     </span>
    </p>
   </div>
   <div class='ocr_carea' id='block_1_108' title="bbox 1869 4995 3364 5058">
    <p class='ocr_par' dir='ltr' id='par_1_108' title="bbox 1869 4995 3364 5058">
     <span class='ocr_line' id='line_1_108' title="bbox 1869 4995 3364 5058; baseline 0.002 -10"><span class='ocrx_word' id='word_1_771' title='bbox 1869 4995 1932 5048; x_wconf 86' lang='lat' dir='ltr'><strong>Et</strong></span> <span class='ocrx_word' id='word_1_772' title='bbox 1955 5013 2066 5048; x_wconf 87' lang='lat' dir='ltr'><strong>cum</strong></span> <span class='ocrx_word' id='word_1_773' title='bbox 2089 4997 2378 5047; x_wconf 78' lang='lat' dir='ltr'><strong>introissent</strong></span> <span class='ocrx_word' id='word_1_774' title='bbox 2424 4996 2476 5045; x_wconf 87' lang='lat' dir='ltr'><strong>in</strong></span> <span class='ocrx_word' id='word_1_775' title='bbox 2511 4995 2840 5058; x_wconf 74' lang='lat' dir='ltr'><strong>caznaculum,</strong></span> <span class='ocrx_word' id='word_1_776' title='bbox 2886 5000 3228 5052; x_wconf 83' lang='lat' dir='ltr'><strong>ascenderunt</strong></span> <span class='ocrx_word' id='word_1_777' title='bbox 3275 5002 3364 5053; x_wconf 84' lang='lat' dir='ltr'><strong>ubi</strong></span> 
     </span>
    </p>
   </div>
   <div class='ocr_carea' id='block_1_109' title="bbox 1799 5087 3359 5157">
    <p class='ocr_par' dir='ltr' id='par_1_109' title="bbox 1799 5087 3359 5157">
     <span class='ocr_line' id='line_1_109' title="bbox 1799 5087 3359 5157; baseline 0.001 -15"><span class='ocrx_word' id='word_1_778' title='bbox 1799 5090 2084 5142; x_wconf 81' lang='lat' dir='ltr'><strong>manebant.</strong></span> <span class='ocrx_word' id='word_1_779' title='bbox 2140 5089 2332 5140; x_wconf 85' lang='lat' dir='ltr'><strong>Locum</strong></span> <span class='ocrx_word' id='word_1_780' title='bbox 2368 5088 2418 5138; x_wconf 88' lang='lat' dir='ltr'><strong>in</strong></span> <span class='ocrx_word' id='word_1_781' title='bbox 2447 5089 2703 5153; x_wconf 87' lang='lat' dir='ltr'><strong>superiori</strong></span> <span class='ocrx_word' id='word_1_782' title='bbox 2750 5087 3015 5153; x_wconf 79' lang='lat' dir='ltr'><strong>designat,</strong></span> <span class='ocrx_word' id='word_1_783' title='bbox 3050 5088 3170 5157; x_wconf 84' lang='lat' dir='ltr'><strong>quia</strong></span> <span class='ocrx_word' id='word_1_784' title='bbox 3199 5090 3307 5156; x_wconf 86' lang='lat' dir='ltr'><strong>jam</strong></span> <span class='ocrx_word' id='word_1_785' title='bbox 3331 5108 3359 5142; x_wconf 78' lang='lat' dir='ltr'><strong>tt</strong></span> 
     </span>
    </p>
   </div>
   <div class='ocr_carea' id='block_1_110' title="bbox 1800 5179 3357 5244">
    <p class='ocr_par' dir='ltr' id='par_1_110' title="bbox 1800 5179 3357 5244">
     <span class='ocr_line' id='line_1_110' title="bbox 1800 5179 3357 5244; baseline 0.002 -11"><span class='ocrx_word' id='word_1_786' title='bbox 1800 5193 2008 5235; x_wconf 81' lang='lat' dir='ltr'><strong>terrena</strong></span> <span class='ocrx_word' id='word_1_787' title='bbox 2035 5179 2435 5231; x_wconf 84' lang='lat' dir='ltr'><strong>conversatione</strong></span> <span class='ocrx_word' id='word_1_788' title='bbox 2453 5179 2689 5242; x_wconf 74' lang='lat' dir='ltr'><strong>Saliliati,</strong></span> <span class='ocrx_word' id='word_1_789' title='bbox 2721 5179 2784 5229; x_wconf 89' lang='lat' dir='ltr'><strong>ad</strong></span> <span class='ocrx_word' id='word_1_790' title='bbox 2813 5180 3086 5244; x_wconf 63' lang='lat' dir='ltr'><strong>Superiora</strong></span> <span class='ocrx_word' id='word_1_791' title='bbox 3118 5182 3357 5236; x_wconf 65' lang='lat' dir='ltr'><strong>scientiae</strong></span> 
     </span>
    </p>
   </div>
   <div class='ocr_carea' id='block_1_111' title="bbox 1800 5274 2590 5340">
    <p class='ocr_par' dir='ltr' id='par_1_111' title="bbox 1800 5274 2590 5340">
     <span class='ocr_line' id='line_1_111' title="bbox 1800 5274 2590 5340; baseline -0.008 -13"><span class='ocrx_word' id='word_1_792' title='bbox 1800 5275 2106 5340; x_wconf 84' lang='lat' dir='ltr'><strong>virtutisque</strong></span> <span class='ocrx_word' id='word_1_793' title='bbox 2148 5274 2590 5324; x_wconf 85' lang='lat' dir='ltr'><strong>conscenderant.</strong></span> 
     </span>
    </p>
   </div>
   <div class='ocr_carea' id='block_1_112' title="bbox 1865 5362 3352 5432">
    <p class='ocr_par' dir='ltr' id='par_1_112' title="bbox 1865 5362 3352 5432">
     <span class='ocr_line' id='line_1_112' title="bbox 1865 5362 3352 5432; baseline 0.002 -15"><span class='ocrx_word' id='word_1_794' title='bbox 1865 5364 2084 5417; x_wconf 79' lang='lat' dir='ltr'><strong>Jucolms</strong></span> <span class='ocrx_word' id='word_1_795' title='bbox 2114 5365 2336 5432; x_wconf 80' lang='lat' dir='ltr'><strong>Alp/rwi,</strong></span> <span class='ocrx_word' id='word_1_796' title='bbox 2371 5371 2413 5414; x_wconf 83' lang='lat' dir='ltr'><strong>ct</strong></span> <span class='ocrx_word' id='word_1_797' title='bbox 2441 5364 2621 5414; x_wconf 82' lang='lat' dir='ltr'><strong>Simon</strong></span> <span class='ocrx_word' id='word_1_798' title='bbox 2653 5362 2870 5427; x_wconf 85' lang='lat' dir='ltr'><strong>Zelotes,</strong></span> <span class='ocrx_word' id='word_1_799' title='bbox 2904 5363 3127 5416; x_wconf 89' lang='lat' dir='ltr'><strong>etJudas</strong></span> <span class='ocrx_word' id='word_1_800' title='bbox 3150 5364 3352 5421; x_wconf 78' lang='lat' dir='ltr'><strong>Jacobi.</strong></span> 
     </span>
    </p>
   </div>
   <div class='ocr_carea' id='block_1_113' title="bbox 1798 5453 3352 5525">
    <p class='ocr_par' dir='ltr' id='par_1_113' title="bbox 1798 5453 3352 5525">
     <span class='ocr_line' id='line_1_113' title="bbox 1798 5453 3352 5525; baseline 0.001 -14"><span class='ocrx_word' id='word_1_801' title='bbox 1798 5458 1987 5511; x_wconf 87' lang='lat' dir='ltr'><strong>Putant</strong></span> <span class='ocrx_word' id='word_1_802' title='bbox 2011 5458 2220 5525; x_wconf 83' lang='lat' dir='ltr'><strong>quidam</strong></span> <span class='ocrx_word' id='word_1_803' title='bbox 2246 5455 2379 5506; x_wconf 85' lang='lat' dir='ltr'><strong>duos</strong></span> <span class='ocrx_word' id='word_1_804' title='bbox 2408 5454 2571 5505; x_wconf 79' lang='lat' dir='ltr'><strong>fuisse</strong></span> <span class='ocrx_word' id='word_1_805' title='bbox 2595 5456 2861 5519; x_wconf 81' lang='lat' dir='ltr'><strong>apostolos</strong></span> <span class='ocrx_word' id='word_1_806' title='bbox 2884 5453 3066 5509; x_wconf 79' lang='lat' dir='ltr'><strong>Jacobi</strong></span> <span class='ocrx_word' id='word_1_807' title='bbox 3091 5461 3352 5514; x_wconf 86' lang='lat' dir='ltr'><strong>vocabqu</strong></span> 
     </span>
    </p>
   </div>
   <div class='ocr_carea' id='block_1_114' title="bbox 1799 5541 3330 5616">
    <p class='ocr_par' dir='ltr' id='par_1_114' title="bbox 1799 5541 3330 5616">
     <span class='ocr_line' id='line_1_114' title="bbox 1799 5541 3330 5616; baseline 0.002 -16"><span class='ocrx_word' id='word_1_808' title='bbox 1799 5559 2147 5616; x_wconf 85' lang='lat' dir='ltr'><strong>nuncupatos,</strong></span> <span class='ocrx_word' id='word_1_809' title='bbox 2205 5545 2459 5599; x_wconf 85' lang='lat' dir='ltr'><strong>Jacobum</strong></span> <span class='ocrx_word' id='word_1_810' title='bbox 2493 5541 3027 5606; x_wconf 70' lang='lat' dir='ltr'><strong>videlicthebedzci,</strong></span> <span class='ocrx_word' id='word_1_811' title='bbox 3090 5557 3141 5599; x_wconf 86' lang='lat' dir='ltr'><strong>ct</strong></span> <span class='ocrx_word' id='word_1_812' title='bbox 3200 5548 3330 5603; x_wconf 60' lang='grc' dir='ltr'>ἐτιςο</span> 
     </span>
    </p>
   </div>
   <div class='ocr_carea' id='block_1_115' title="bbox 1800 5635 3355 5708">
    <p class='ocr_par' dir='ltr' id='par_1_115' title="bbox 1800 5635 3355 5708">
     <span class='ocr_line' id='line_1_115' title="bbox 1800 5635 3355 5708; baseline 0.002 -15"><span class='ocrx_word' id='word_1_813' title='bbox 1800 5643 1920 5695; x_wconf 88' lang='lat' dir='ltr'><strong>bum</strong></span> <span class='ocrx_word' id='word_1_814' title='bbox 1949 5642 2170 5708; x_wconf 76' lang='lat' dir='ltr'><strong>Alphtci,</strong></span> <span class='ocrx_word' id='word_1_815' title='bbox 2198 5639 2409 5692; x_wconf 89' lang='lat' dir='ltr'><strong>tertium</strong></span> <span class='ocrx_word' id='word_1_816' title='bbox 2445 5652 2567 5689; x_wconf 70' lang='lat' dir='ltr'><strong>vero</strong></span> <span class='ocrx_word' id='word_1_817' title='bbox 2592 5635 2845 5690; x_wconf 84' lang='lat' dir='ltr'><strong>Jacoburn</strong></span> <span class='ocrx_word' id='word_1_818' title='bbox 2871 5635 3087 5692; x_wconf 88' lang='lat' dir='ltr'><strong>l&#39;ratrent</strong></span> <span class='ocrx_word' id='word_1_819' title='bbox 3117 5639 3355 5707; x_wconf 90' lang='lat' dir='ltr'><strong>Domini,</strong></span> 
     </span>
    </p>
   </div>
   <div class='ocr_carea' id='block_1_116' title="bbox 1801 5729 3357 5803">
    <p class='ocr_par' dir='ltr' id='par_1_116' title="bbox 1801 5729 3357 5803">
     <span class='ocr_line' id='line_1_116' title="bbox 1801 5729 3357 5803; baseline 0.001 -17"><span class='ocrx_word' id='word_1_820' title='bbox 1801 5749 1902 5786; x_wconf 90' lang='lat' dir='ltr'><strong>non</strong></span> <span class='ocrx_word' id='word_1_821' title='bbox 1934 5733 2224 5800; x_wconf 81' lang='lat' dir='ltr'><strong>apostolum</strong></span> <span class='ocrx_word' id='word_1_822' title='bbox 2249 5771 2264 5795; x_wconf 96' lang='lat'><strong>,</strong></span> <span class='ocrx_word' id='word_1_823' title='bbox 2313 5730 2405 5784; x_wconf 84' lang='lat' dir='ltr'><strong>scd</strong></span> <span class='ocrx_word' id='word_1_824' title='bbox 2454 5731 2758 5799; x_wconf 86' lang='lat' dir='ltr'><strong>episcopum</strong></span> <span class='ocrx_word' id='word_1_825' title='bbox 2802 5729 2960 5783; x_wconf 79' lang='lat' dir='ltr'><strong>fuisse</strong></span> <span class='ocrx_word' id='word_1_826' title='bbox 2987 5729 3357 5803; x_wconf 81' lang='lat' dir='ltr'><strong>Jerosolymo-</strong></span> 
     </span>
    </p>
   </div>
   <div class='ocr_carea' id='block_1_117' title="bbox 1798 5821 3360 5895">
    <p class='ocr_par' dir='ltr' id='par_1_117' title="bbox 1798 5821 3360 5895">
     <span class='ocr_line' id='line_1_117' title="bbox 1798 5821 3360 5895; baseline -0.003 -14"><span class='ocrx_word' id='word_1_827' title='bbox 1798 5844 1936 5886; x_wconf 87' lang='lat' dir='ltr'><strong>rum.</strong></span> <span class='ocrx_word' id='word_1_828' title='bbox 1972 5825 2118 5891; x_wconf 89' lang='lat' dir='ltr'><strong>Quod</strong></span> <span class='ocrx_word' id='word_1_829' title='bbox 2145 5837 2469 5895; x_wconf 81' lang='lat' dir='ltr'><strong>nequaquam</strong></span> <span class='ocrx_word' id='word_1_830' title='bbox 2507 5837 2684 5875; x_wconf 75' lang='lat' dir='ltr'><strong>verum</strong></span> <span class='ocrx_word' id='word_1_831' title='bbox 2728 5830 2828 5886; x_wconf 76' lang='lat' dir='ltr'><strong>est,</strong></span> <span class='ocrx_word' id='word_1_832' title='bbox 2863 5821 2951 5874; x_wconf 86' lang='lat' dir='ltr'><strong>sed</strong></span> <span class='ocrx_word' id='word_1_833' title='bbox 2975 5864 2986 5887; x_wconf 91' lang='lat'><strong>,</strong></span> <span class='ocrx_word' id='word_1_834' title='bbox 3010 5823 3155 5889; x_wconf 61' lang='lat' dir='ltr'><strong>juxta</strong></span> <span class='ocrx_word' id='word_1_835' title='bbox 3191 5824 3360 5876; x_wconf 71' lang='lat' dir='ltr'><strong>Evan-</strong></span> 
     </span>
    </p>
   </div>
  </div>
