3884 6232
518 371 624 434 9&3

918 372 1120 429 BEDAE
1161 369 1607 428 VENERABILIS
1647 370 1794 428 OPP.
1838 368 2012 426 PARS
2055 370 2121 424 11.
2161 370 2351 425 SEC'I‘.
2399 372 2435 424 l.
2480 402 2547 412 -—
2591 368 2968 429 ICXEGETICA
3010 374 3324 431 CENUINA.
3650 382 3729 437 9ιι

519 492 775 563 geliorum
806 489 961 544 fidem
993 531 1007 553 ,
1051 488 1294 542 eumdem
1346 487 1603 542 Jacebum
1658 487 1820 539 filium
1879 484 2083 553 Alphmi
2116 486 2529 555 Aquadrformi
2588 489 2743 541 tidem
2804 501 2999 544 sanctas
3069 492 3343 548 Trinitatis
3418 493 3730 560 prtedicsturi

522 584 817 652 apostolum
851 580 1133 650 prtefuisso
1159 580 1511 651 Jerosolymis
1539 580 1813 633 sciendum
1862 588 1961 642 est,
1994 578 2083 646 qui

522 674 685 731 frater
710 675 911 729 Domini
938 674 1108 727 dictus
1129 683 1231 735 est,
1256 687 1322 727 eo
1346 670 1481 741 quod
1508 672 1668 725 fuerit
1690 671 1863 725 Mariae
1887 678 2087 723 mater-

524 768 654 821 tera:
685 765 888 818 Domini
942 764 1102 827 illius,
1135 763 1285 830 cujus
1313 763 1548 821 Joannes
1603 762 1926 831 evangelista
1974 773 2085 812 me-

523 858 695 912 minit.
750 853 965 909 Stabant
1023 866 1188 907 autem
1223 854 1512 921 (inquiens)
1538 855 1692 923 justo
1724 866 1923 905 crucem
1960 848 2085 902 Jestt

519 958 678 1000 mater
697 945 828 1015 ejus,
860 956 903 998 et
929 960 1073 997 soror
1099 944 1271 995 matris
1297 944 1410 1008 ejus
1441 936 1610 995 Maria
1633 942 1874 1006 Cteophee
1898 940 1951 1009 (J
1963 956 2081 991 oon.

522 1035 659 1113 δικ).
703 1036 919 1089 Mariam
953 1036 1087 1088 hanc
1134 1034 1380 1102 Cleophae
1409 1049 1437 1087 a
1465 1044 1615 1102 patre
1665 1035 1775 1087 sive
1819 1047 1847 1085 a
1880 1029 2081 1084 familia

521 1127 924 1198 cognominatus.
973 1125 1252 1191 Quomodo
1312 1127 1451 1177 enim
1504 1124 1666 1179 frater
1722 1121 1930 1175 Domini
1980 1136 2083 1174 non

521 1217 811 1285 apostolus,
844 1215 937 1269 sed
966 1215 1153 1270 tertius
1181 1215 1410 1279 Jacobus
1439 1227 1560 1268 esse
1608 1213 1834 1271 dicatur.
1866 1226 1984 1279 cum
2031 1215 2086 1264 et

522 1308 715 1361 Paulus
737 1322 854 1361 eum
884 1306 1439 1373 nominetapostolum
1482 1320 1496 1355 :
1547 1303 1718 1356 Alium
1761 1313 1927 1354 autent
1979 1301 2085 1371 (in-

520 1400 730 1466 quiens)
752 1399 1096 1465 apostatarum
1113 1396 1216 1447 vidi
1247 1396 1494 1447 neminem
1534 1394 1633 1445 nisi
1674 1392 1921 1444 Iacobum
1972 1392 2083 1459 {ra-

521 1499 647 1541 trem
676 1486 882 1540 Domini
925 1484 1118 1555 (Colat.
1154 1484 1228 1555 t)?
1256 1493 1310 1538 et
1336 1483 1651 1551 evangelista
1692 1482 1915 1545 Marcus,
1943 1495 2085 1534 eum-

522 1579 643 1631 dem
667 1592 769 1630 non
797 1575 1029 1637 tertium,
1062 1578 1154 1627 sed
1183 1574 1405 1627 alterum
1426 1571 1655 1640 appellet
1678 1570 1894 1625 dicens:
1923 1568 2084 1622 Erant

521 1679 686 1721 autem
707 1677 754 1720 et
781 1667 1014 1719 mulieres
1034 1666 1095 1719 de
1138 1664 1284 1732 longe
1313 1664 1633 1730 aspicientes,
1658 1662 1790 1715 inter
1818 1676 1947 1729 quas
1974 1668 2083 1713 erat

523 1756 692 1811 Mario
716 1757 1040 1828 Magdalene,
1070 1765 1115 1809 et
1147 1753 1525 1831 Maria'Jacobi
1548 1754 1780 1814 minaris,
1814 1760 1861 1806 et
1890 1750 2079 1821 Joseph

2185 584 2355 641 erant,
2390 576 2611 631 Domino
2638 579 2880 633 dicente:
2907 578 3005 645 Ite,
3040 582 3210 636 docete
3235 598 3411 637 omnes
3440 594 3629 655 gentes,
3657 587 3730 639 ba-

2186 665 2428 728 ptisantes
2458 681 2543 719 eos
2569 667 2620 719 in
2647 668 2847 721 nomine
2891 668 3064 723 Patris
3091 714 3105 735 ,
3138 681 3185 726 et
3228 668 3357 725 Filii
3383 715 3397 737 ,
3440 683 3489 727 et
3534 674 3732 742 Spiritus

2185 754 2343 804 sancti
2374 751 2594 821 (Matth.
2624 757 2810 823 xxvttt)
2838 798 2853 822 ,
2884 758 2994 826 jam
3036 762 3211 827 operis
3242 762 3621 831 perfectionem
3650 780 3729 818 nu-

2186 846 2315 900 meri
2346 863 2555 916 quoque
2600 861 2939 905 sacramento
2980 854 3272 909 firmarent.
3322 856 3479 909 Juxta
3510 858 3726 913 altiorem

2184 945 2359 989 autem
2392 938 2745 1003 intellectum,
2778 941 3033 996 damnum
3067 943 3322 999 Ecclesia:
3356 946 3497 1013 quod
3529 947 3580 999 in
3612 948 3729 1001 falsis

2187 1026 2438 1081 fratribus
2464 1031 2678 1095 patitur,
2706 1029 2963 1085 hactenus
2985 1048 3047 1085 ex
3074 1046 3224 1101 parte
3249 1036 3479 1088 maxima
3504 1036 3729 1102 perdurat

2187 1113 2559 1170 incorrectum.
2592 1116 2657 1171 At
2701 1134 2818 1171 cum
2848 1120 2897 1171 in
2930 1121 3033 1174 line
3074 1120 3255 1174 tnundi
3290 1122 3512 1191 populus
3542 1124 3731 1177 Judsto-

2187 1218 2303 1256 rum
2333 1204 2421 1271 qui
2444 1204 2729 1264 Dominum
2762 1208 3026 1263 crucifixit
3049 1212 3474 1265 recenciliandus
3509 1211 3731 1267 Ecclesiae

2185 1296 2463 1363 creditur,
2513 1299 2655 1353 velut
2707 1300 3147 1369 quinquagesimo
3196 1302 3285 1357 die
3331 1303 3729 1373 pmpinqusnte,

2186 1391 2547 1457 apostolorum
2578 1400 2659 1446 est
2690 1407 2897 1447 summa
2931 1394 3194 1448 restituta.

2258 1478 2321 1530 Et
2343 1479 2423 1531 hic
2448 1481 2650 1546 quidem
2675 1481 2898 1549 possedit
2920 1498 3095 1549 agrum
3119 1482 3181 1535 de
3204 1483 3428 1535 mercede
3450 1482 3726 1550 iniquitatis.

2185 1567 2281 1633 Qui
2310 1567 2593 1623 Dominum
2615 1568 2740 1626 vita
2764 1570 3029 1633 vendidit,
3055 1580 3194 1628 terra
3226 1570 3513 1624 viventium
3534 1572 3726 1635 amisss,

2185 1671 2366 1728 agrum
2398 1661 2669 1730 sanguinis
2713 1671 2767 1715 et
2807 1661 2995 1715 mortis
3022 1672 3236 1715 mternte
3260 1702 3275 1724 ,
3327 1662 3545 1715 sceleris
3570 1670 3621 1714 et
3645 1678 3723 1714 no.

2187 1748 2346 1802 minis
2394 1750 2472 1803 sui
2511 1750 2820 1809 memoriam
2875 1752 3130 1818 possidet.
3173 1754 3428 1822 Alioquin
3478 1769 3580 1807 non
3631 1755 3726 1820 ipse

520 1860 699 1910 mater,
733 1857 778 1899 et
800 1810 1007 1901 galome
1029 1810 1239 1913 '(Marc.
1291 1828 1410 1912 xv).
1445 1844 1575 1897 Cum
1625 1810 1778 1896 enim
1812 1842 1981 1909 major
2014 1810 2084 1895 'et
2116 1810 2161 1870 Β
2186 1835 2351 1890 Judas
2381 1849 2613 1907 emptum
2647 1840 2820 1907 pretio
2858 1810 3131 1908 sanguinis
3177 1810 3360 1909 agrum
3414 1842 3551 1911 figuli
3585 1810 3730 1911 possi-

522 1939 695 1991 minor
721 1952 823 1990 non
852 1936 988 1989 inter
1012 1944 1137 1996 tres,
1170 1934 1260 1989 sed
1283 1936 1420 1988 inter
1442 1936 1576 1988 duos
1607 1934 1818 1987 soleant
1842 1932 2079 2000 praebere

520 2024 864 2092 distantiam,
919 2027 1090 2079 minor
1137 2024 1366 2079 Jacobus
1417 2024 1618 2091 Alphmi
1668 2022 1985 2091 appellatur,
2018 2020 2081 2074 ad

520 2116 915 2170 distinctionem
956 2113 1172 2181 majoris
1203 2115 1287 2182 qui
1320 2120 1434 2166 erat
1466 2113 1599 2164 illius
1629 2110 1895 2164 Zebedmi.
1944 2108 2086 2178 Lege

528 2207 717 2260 librum
746 2204 885 2259 beati
918 2204 1223 2273 llieronymi
1251 2202 1510 2254 adversus
1544 2200 1867 2253 Helvidium.
1898 2198 2081 2251 Simon

520 2305 692 2348 autem
729 2292 961 2358 Zelotes,
994 2293 1109 2360 ipse
1128 2301 1221 2359 ,est
1248 2293 1335 2358 qui
1380 2293 1431 2343 in
1473 2289 1771 2357 Evangeliis
1824 2287 2079 2341 scribitur

520 2384 832 2439 Cananaaus.
893 2384 1034 2437 Caua
1083 2383 1276 2450 quippe
1330 2382 1466 2433 zelus
1509 2382 1896 2447 interpretatur.
1956 2379 2081 2432 Erat

524 2476 665 2529 enim
693 2474 757 2527 de
784 2476 900 2526 vico
946 2472 1180 2527 Galilaea:
1240 2472 1381 2525 Cana
1412 2513 1426 2535 ,
1476 2470 1562 2524 ubi
1612 2470 1864 2523 Dominus
1920 2482 2082 2535 aquas

526 2564 787 2617 convertit
819 2563 869 2615 in
898 2561 1101 2624 vinum,
1127 2570 1180 2614 et
1210 2569 1327 2627 post
1367 2561 1582 2612 fratrem
1633 2571 1784 2610 suum
1826 2557 2081 2610 Jacobum

524 2651 975 2721 Jerosolymorum
1030 2648 1165 2702 rexit
1209 2648 1521 2713 Ecclesiam,
1574 2655 1893 2714 centumque
1920 2654 1975 2700 et
2002 2647 2083 2697 vi-

519 2742 653 2810 ginti
680 2754 935 2793 nunerum
965 2739 1062 2791 sub
1088 2737 1315 2805 Trajauo
1346 2752 1554 2790 crucem
1582 2737 1841 2790 ascendit.
1874 2736 2081 2789 Conso-

518 2832 704 2887 brinus
730 2833 773 2884 is
797 2830 1083 2883 secundum
1115 2843 1328 2882 carnem
1363 2828 1651 2883 Salvatoris
1694 2826 1859 2881 fuisse
1901 2826 2077 2879 decla-

524 2933 688 2985 ratur,
718 2922 838 2989 quia
866 2930 1067 2987 patrem
1114 2919 1278 2986 ipsius
1308 2916 1621 2985 Cleopham,
1664 2916 1878 2970 fratrem
1921 2915 2082 2968 fuisse

521 3012 741 3078 Joseph,
769 3010 1089 3078 llegesippus
1118 3016 1441 3061 contestatus
1464 3017 1564 3061 est.
1594 3007 1754 3061 Judas
1778 3021 1902 3060 vero
1929 3006 2084 3060 Jaco-

524 3102 602 3166 bi,
636 3103 682 3153 id
712 3111 812 3165 est,
849 3100 1005 3153 frater
1032 3098 1236 3164 Jacobi,
1269 3100 1405 3152 idem
1449 3108 1531 3153 est
1568 3098 1653 3167 qui
1700 3098 1749 3151 itt
1783 3097 2080 3165 Evangeliis

2183 1926 2313 1981 dere
2338 1929 2552 1993 meruit,
2573 1932 2682 1997 qui,
2706 1929 2890 1984 relatis
2916 1931 3128 2000 triginta
3150 1931 3440 2000 argenteis,
3461 1932 3731 1987 traditionis

2187 2019 2392 2072 crimen
2424 2020 2795 2074 criminosiore
2826 2021 2876 2074 in
2906 2035 2965 2074 se
2987 2021 3227 2089 protinus
3254 2033 3427 2075 morte
3458 2023 3727 2075 mulctsvit.

2186 2108 2311 2168 Sed,
2334 2123 2484 2162 more
2507 2110 2642 2163 sacri
2666 2110 2884 2177 eloquii,
2910 2112 3131 2180 possedit
3154 2112 3358 2165 dictum
3384 2121 3465 2165 est
3489 2111 3731 2177 possidere

2186 2197 2330 2251 fecit.
2361 2198 2511 2252 Sicut
2559 2200 2745 2252 beatus
2788 2199 2889 2253 Job
2934 2200 3045 2252 ait:
3100 2198 3166 2252 Et
3214 2200 3632 2254 abominabuutur
3670 2216 3732 2252 ms

2184 2293 2475 2345 vestimenta
2502 2308 2609 2345 mea
2639 2332 2653 2355 ,
2692 2292 2742 2345 id
2774 2302 2893 2355 est,
2927 2292 3339 2346 abominabilem
3391 2307 3477 2346 me
3519 2294 3729 2345 membra

2185 2382 2544 2449 corruptibilia
2578 2382 2824 2436 reddent.

2258 2470 2325 2523 Et
2355 2487 2627 2538 suspensus
2658 2472 2855 2539 crepuit
2900 2470 3117 2523 medius.
3166 2470 3385 2537 Dignam
3415 2468 3512 2522 sibi
3542 2482 3726 2536 poenam

2190 2561 2413 2613 traditor
2438 2576 2620 2614 amens
2651 2562 2850 2613 invenit
2877 2602 2892 2625 ,
2933 2570 2990 2613 ut
3016 2563 3262 2614 videlicet
3306 2570 3486 2627 guttur
3526 2576 3620 2628 quo
3645 2575 3726 2613 vos

2190 2650 2500 2715 proditionis
2544 2653 2749 2705 exierat
2800 2651 2970 2719 laquei
3026 2651 3195 2704 nodus
3247 2661 3480 2705 necaret.
3530 2652 3724 2719 Dignum

2185 2740 2343 2792 etiam
2377 2740 2549 2792 locum
2581 2741 2825 2794 interitus
2858 2742 3120 2809 qumsivit,
3151 2751 3206 2793 ut
3230 2743 3318 2809 qui
3353 2743 3614 2794 hominum
3643 2756 3725 2792 an-

2186 2829 2526 2895 gelorumque
2556 2829 2837 2881 Dominum
2871 2830 3027 2883 morti
3062 2830 3354 2883 tradiderat
3392 2832 3527 2883 coelo
3569 2839 3725 2883 terra:-

2186 2932 2288 2985 que
2317 2933 2541 2984 perosus
2572 2959 2585 2983 ,
2626 2920 2773 2985 quasi
2806 2920 2942 2971 aeris
2971 2920 3334 2972 tantummodo
3363 2918 3626 2987 spiritibus
3652 2930 3724 2970 sn-

2186 3007 2426 3072 ciztndus,
2456 3009 2604 3075 juxta
2634 3010 2935 3074 exemplum
2972 3008 3291 3075 Achimphel
3321 3016 3374 3059 et
3406 3006 3626 3059 Absalon
3652 3002 3724 3071 qui

2186 3112 2363 3165 regem
2394 3098 2554 3151 David
2582 3101 2846 3164 persecuti
2873 3107 3018 3163 sunt,
3040 3098 3178 3151 aeris
3209 3096 3384 3150 medio
3414 3098 3621 3163 periret.
3642 3092 3724 3145 Cui

520 3204 741 3246 vocatur
772 3191 1094 3255 Thaddteus,
1123 3192 1420 3258 missusque
1455 3200 1537 3245 est
1567 3190 1819 3243 Edessam
1850 3190 1914 3241 ad
1941 3189 2079 3242 Aba-
2108 3155 2153 3217 C
2186 3188 2365 3254 utique
2395 3190 2525 3241 satis
2556 3188 2716 3256 digno
2746 3189 2891 3241 exitu
2925 3203 3067 3241 mors
3096 3190 3203 3255 ipsa
3244 3188 3541 3250 successit,
3580 3193 3632 3237 ut
3658 3185 3725 3235 vi-

526 3299 709 3349 garum
742 3296 916 3349 regem
943 3282 1212 3347 Osroenas,
1246 3280 1693 3337 ntecclesiastica
1720 3279 1882 3332 tradit
1912 3278 2079 3331 histo-

523 3374 621 3425 ria.
656 3372 905 3438 Sequitnr
932 3388 942 3423 :

598 3460 665 3513 lli
688 3476 857 3513 omnes
878 3469 1016 3512 erant
1041 3460 1345 3514 unanimiter
1369 3471 1735 3528 perseverantes
1759 3462 1808 3512 in
1832 3461 2078 3515 oratione.

529 3552 857 3608 Uuanimiter
889 3562 1229 3617 perseverant
1262 3553 1312 3604 itt
1343 3552 1585 3606 oratione
1612 3594 1625 3615 ,
1678 3553 1765 3620 qui
1796 3551 2078 3605 adventum

522 3642 690 3695 sancti
716 3640 941 3707 Spiritus
968 3649 1297 3703 exspectant.
1328 3640 1559 3706 Spiritus
1589 3640 1728 3693 enim
1760 3649 1974 3692 sanctus
2003 3639 2082 3691 di-

519 3732 751 3797 sciplima
782 3728 994 3797 effugiet
1021 3729 1198 3781 fletum
1251 3728 1406 3797 (Sap.
1440 3729 1500 3797 t).
1540 3729 1604 3781 Et
1630 3728 1749 3783 ideo
1778 3729 2082 3797 quicunque

526 3824 643 3888 ejus
674 3821 931 3887 promissa
962 3821 1182 3887 cupierit
1212 3821 1450 3888 accipere
1480 3820 1640 3885 dona,
1675 3830 2080 3889 perseveranter

519 3912 682 3965 debet
710 3909 910 3963 instare
936 3910 1182 3978 precibus
1214 3910 1441 3963 fraterna
1470 3910 1730 3963 charilate
1760 3910 2007 3965 conditis.

591 3998 719 4052 Erat
747 4008 916 4051 autem
944 3998 1089 4049 turba
1117 3998 1373 4050 hominum
1410 3999 1563 4052 simul
1587 4038 1602 4064 ,
1648 4011 1843 4051 centum
1871 4004 1976 4069 fere
2003 3999 2079 4052 vi-

520 4088 670 4157 ginti.
720 4087 782 4140 lli
812 4096 1024 4140 centum
1054 4087 1235 4154 viginti
1265 4088 1330 4140 ab
1359 4103 1463 4140 uno
1490 4102 1654 4154 usque
1684 4088 1747 4140 ad
1778 4088 2078 4155 quindecim

523 4178 775 4246 paulatim
807 4186 861 4230 et
905 4193 996 4243 per
1038 4178 1363 4231 incrementa
1418 4189 1691 4245 surgentes
1718 4221 1731 4243 ,
1782 4177 2080 4245 quindecim

522 4271 777 4337 graduum
814 4283 1086 4321 numerum
1114 4268 1377 4330 efliciuut,
1421 4271 1506 4335 qui
1556 4278 1771 4336 propter
1811 4270 2083 4334 utriusque

526 4362 653 4430 legis
687 4361 1061 4429 perfectionem
1093 4358 1143 4411 in
1187 4359 1442 4412 Psalterio
1486 4361 1708 4429 mystice
1737 4361 2036 4413 continetur
2063 4403 2078 4425 ,

2183 3294 2335 3332 scera
2378 3296 2491 3346 qua:
2531 3280 2719 3331 dolum.
2743 3279 3056 3347 proditionis
3093 3288 3447 3345 conceperant
3475 3288 3616 3341 rupta
3645 3290 3722 3327 ca-

2185 3370 2369 3424 derent
2400 3409 2412 3432 ,
2459 3381 2511 3423 et
2543 3385 2733 3423 vacuas
2777 3374 3152 3423 evolverentur
3183 3369 3233 3421 in
3266 3384 3442 3423 auras.
3486 3368 3639 3437 Cujus
3666 3370 3728 3419 si-

2184 3461 2404 3513 lelitna
2440 3475 2609 3527 ptume
2640 3476 2783 3512 mors
2813 3460 2994 3513 Arium
3030 3460 3439 3513 haeresiarcham
3470 3460 3727 3511 damnasse

2184 3554 2431 3616 refertur,
2458 3563 2515 3605 ut
2537 3553 2656 3621 quia
2692 3553 2779 3606 ille
2810 3554 3188 3607 humanitatem
3223 3552 3443 3614 Christi,
3483 3553 3578 3605 iste
3607 3550 3725 3603 divi-

2186 3642 2403 3696 nitatem
2448 3646 2789 3709 exstinguere
2834 3643 3150 3695 moliebatur
3178 3682 3191 3704 ,
3238 3643 3396 3693 ambo
3423 3642 3551 3695 sicut
3588 3654 3726 3693 sensu

2188 3738 2374 3788 inanes
2400 3735 2663 3797 vixerant,
2695 3735 2772 3787 sic
2803 3749 3012 3801 quoque
3040 3742 3223 3787 ventre
3253 3733 3401 3786 vacui
3432 3735 3669 3798 perirent.

2258 3823 2379 3875 Fiat
2410 3824 2653 3876 habitatio
2682 3826 2791 3893 ejus
2821 3825 3017 3875 deserta
3042 3864 3057 3886 ,
3101 3834 3145 3875 et
3177 3840 3277 3875 non
3308 3826 3370 3875 sit
3398 3826 3479 3890 qui
3510 3823 3728 3874 inhabitet

2184 3916 2235 3967 in
2264 3930 2339 3978 ea,
2367 3927 2410 3965 et
2440 3914 2783 3982 episcopatunt
2810 3914 2917 3982 ejus
2946 3914 3157 3981 accipiat
3186 3916 3334 3967 alter.
3364 3913 3503 3966 f'lani
3530 3911 3720 3980 quidem

2186 4018 2309 4059 sunt
2359 4007 2441 4058 isti
2475 4006 2760 4069 versiculi,
2815 4015 2868 4058 et
2910 4007 3079 4072 palam
3110 4005 3263 4059 beato
3298 4006 3450 4057 Petro
3479 4004 3719 4067 interpre.

2190 4107 2333 4149 tante
2365 4094 2631 4163 expositi,
2681 4096 2800 4161 quia
2851 4105 2899 4147 et
2948 4094 3107 4147 Judas
3154 4095 3396 4147 meritam
3437 4093 3724 4160 praevarica-

2190 4187 2344 4240 tiouis
2368 4200 2477 4238 suae
2505 4200 2715 4253 poenam
2742 4186 2971 4251 cxcvpit,
2994 4184 3279 4251 abiensque
3304 4185 3353 4236 in
3379 4184 3543 4236 locum
3568 4196 3727 4241 suum,

2185 4278 2477 4345 gehennam
2507 4276 2751 4329 videlict-l
2783 4276 3113 4338 inferttalem,
3144 4290 3474 4328 communem
3504 4273 3729 4325 humana:

2185 4367 2603 4422 conversationis
2628 4367 3312 4420 habitationemimmatura
3333 4368 3549 4433 etitnpia
3575 4373 3729 4416 morte

521 4460 574 4502 et
624 4452 673 4501 in
708 4463 809 4517 quo
845 4448 945 4500 \‘as
976 4448 1252 4500 electionis
1300 4448 1435 4513 apud
1487 4448 1695 4500 Petrum
1728 4448 2076 4517 Jerosolymis

2193 4459 2466 4522 deseruit,
2499 4468 2549 4510 et
2580 4458 2920 4510 nihilominus
2945 4499 2958 4521 ,
3007 4458 3299 4524 accipiente
3332 4472 3511 4510 sancio
3538 4458 3730 4510 Msilltia

524 4546 903 4591 commoratur.
938 4537 1225 4604 Oportebat
1255 4538 1392 4589 enim
1427 4546 1481 4590 ut
1511 4548 1897 4591 sacramentum
1930 4538 2069 4604 quod

522 4627 791 4695 lt-gislator
816 4626 867 4679 in
899 4627 1050 4678 armis
1079 4626 1340 4691 exhibuit,
1376 4628 1473 4681 hoc
1504 4642 1650 4681 nova:
1676 4629 1859 4696 gratia:
1889 4628 2078 4696 prtcdi-

521 4727 733 4770 catores
762 4730 856 4767 suo
886 4729 1103 4767 numero
1135 4715 1490 4782 designarent.

602 4807 710 4859 Viri
742 4812 942 4873 fratres,
974 4816 1165 4872 oportet
1194 4806 1389 4873 impleri
1418 4806 1738 4874 Scripturam
1770 4824 1917 4874 quam
1946 4823 2080 4875 prte-

520 4900 648 4951 dixit
677 4897 900 4965 Spiritus
928 4906 1149 4959 sanctus,
1183 4908 1290 4952 etc.
1324 4899 1373 4950 In
1406 4900 1697 4953 undcnario
1730 4915 1947 4954 numero
1980 4902 2076 4954 Pe-

521 5004 631 5045 trus
660 4991 928 5058 apostolus
959 5004 1233 5043 remanere
1272 4992 1479 5043 metuit.
1528 4990 1695 5045 Omne
1722 4994 1859 5045 enim
1892 5008 2081 5060 pecca-

520 5094 628 5136 tum
662 5082 1005 5134 undeuarium
1035 5090 1116 5133 est
1138 5122 1153 5145 ,
1184 5084 1302 5149 quia
1332 5083 1455 5134 dum
1487 5098 1737 5150 perverse
1765 5086 1869 5152 agit
1897 5125 1911 5149 ,
1944 5100 2082 5152 pra:-

520 5182 668 5237 cepta
692 5170 935 5237 Decalogi
962 5172 1164 5222 transit.
1192 5170 1338 5224 Unde
1364 5174 1483 5238 quia
1510 5173 1657 5225 nulla
1686 5182 1861 5225 nostra
1882 5174 2084 5241 juStitia

521 5276 615 5327 per
644 5275 701 5314 se
731 5261 983 5313 innocens
1012 5271 1111 5323 est,
1149 5262 1542 5316 tabernaculum
1589 5266 1725 5331 quod
1760 5266 1947 5318 Arcam
1983 5267 2083 5319 Do-

522 5350 648 5403 miui
684 5351 989 5404 centinebat
1015 5349 1154 5403 inlus
1183 5352 1425 5405 undecim
1453 5355 1581 5407 velis
1610 5354 1829 5407 cilicinis
1856 5356 2087 5422 desuper

523 5444 885 5496 obvelabatur.
938 5445 1327 5513 Numerumque
1393 5448 1755 5513 apostolorum
1816 5448 2085 5501 duodena-

523 5532 658 5582 rium
691 5531 1031 5601 redintegrat,
1072 5543 1124 5585 ιιι
1167 5549 1257 5600 per
1286 5536 1414 5588 duas
1438 5538 1723 5602 septenarii
1758 5546 1934 5605 partes
1965 5539 2083 5607 (ter

524 5624 663 5674 enim
698 5624 937 5691 quaterni
958 5626 1117 5679 decus
1146 5628 1473 5697 dipondium)
1497 5632 1717 5697 gratiam
1743 5646 1896 5697 quam
1923 5631 2083 5683 verbo

525 5714 897 5780 praedimbant,
919 5726 1110 5771 etcum
1140 5735 1360 5773 numero
1384 5732 1676 5782 servarent,
1700 5729 1750 5773 et
1774 5720 1862 5789 qui
1888 5719 2084 5773 mundo

2191 4551 2364 4603 locum
2413 4549 2690 4601 ministerii
2722 4548 2863 4601 illius
2894 4557 2947 4602 et
2987 4546 3312 4615 apostolatus
3337 4587 3351 4606 ,
3399 4546 3730 4601 Sacratissima

2194 4639 2536 4708 perfectionis
2565 4640 2870 4706 apostolicae
2911 4653 3111 4692 summa
3156 4648 3448 4692 restaurata
3495 4647 3591 4691 est.
3643 4636 3731 4688 Sed

2193 4730 2479 4782 notandum
2510 4729 2648 4796 quod
2690 4742 3019 4796 nequaquam
3060 4726 3206 4795 juxta
3243 4727 3513 4795 Vulg-stam
3552 4724 3723 4777 Editio

2193 4834 2313 4871 ucm
2345 4820 2409 4871 de
2439 4833 2541 4870 uno
2568 4818 2862 4870 centesimo
2890 4828 3075 4869 octavo
3101 4818 3303 4883 psalmo
3330 4826 3489 4869 totum
3515 4814 3731 4867 testimo-

2194 4911 2337 4961 nium
2370 4920 2449 4961 est
2478 4918 2745 4975 Sumptunt
2776 4949 2789 4972 ,
2844 4924 3023 4961 verum
3073 4918 3305 4961 extrema
3348 4921 3466 4975 pars
3510 4916 3733 4967 tantum,

2194 5000 2334 5063 ιτὶυι-
2363 5013 2487 5051 vero
2516 4999 2582 5050 de
2609 5000 2941 5064 sexagesimo
2970 5006 3157 5049 octavo
3183 5038 3196 5060 ,
3232 4997 3281 5049 in
3311 5013 3415 5063 quo
3443 4996 3633 5050 dictum
3667 5003 3733 5047 est

2190 5087 2256 5139 de
2282 5087 2475 5139 Judmis
2500 5103 2512 5138 ι
2550 5085 2669 5138 Fiat
2699 5086 2947 5138 habitatio
2978 5103 3149 5139 eorum
3178 5088 3373 5138 deserta
3392 5126 3406 5150 ,
3435 5096 3477 5139 et
3506 5089 3551 5139 in
3582 5087 3735 5138 taber-

2194 5178 2389 5229 naculis
2420 5192 2589 5229 eorum
2621 5193 2720 5228 non
2758 5177 2820 5226 sit
2858 5178 2944 5246 qui
2970 5175 3230 5229 inhabitet.
3270 5177 3399 5229 Dum
3428 5178 3560 5229 enim
3592 5177 3735 5229 vellet

2195 5270 2380 5323 beatus
2428 5270 2611 5320 l‘etrtts
2658 5278 2709 5320 et
2753 5268 2903 5321 Judas
2942 5269 3287 5335 abjectionem
3338 5279 3389 5321 et
3434 5269 3731 5321 electionem

2193 5358 2424 5410 Matthiae
2468 5357 2783 5410 testimoniis
2816 5366 3053 5411 astruere
3085 5360 3441 5425 propheticis,
3468 5358 3641 5425 junxit
3669 5367 3737 5410 te-

2191 5449 2494 5503 snimonium
2528 5450 2663 5515 quod
2696 5450 3007 5517 episcopatu
3040 5451 3271 5503 Matthim
3308 5452 3605 5516 Specialiter
3630 5492 3643 5509 .
3693 5460 3736 5503 et

2194 5540 2317 5591 Illud
2348 5536 2485 5608 quod
2520 5539 2583 5592 de
2612 5538 2912 5593 Judmorum
2940 5578 2953 5601 ,
3003 5540 3051 5591 in
3086 5554 3310 5603 quorum
3348 5555 3560 5593 numero
3593 5540 3737 5592 etiam

2189 5630 2348 5684 Judas
2374 5641 2505 5692 erat,
2528 5630 2823 5696 abjectionc
2846 5628 3161 5697 generaliter
3191 5631 3416 5697 positum
3446 5642 3573 5683 erat.
3600 5629 3738 5694 Quod

2194 5722 2365 5775 nescio
2393 5737 2418 5773 a
2443 5736 2545 5790 quo
2573 5722 2798 5790 primum
2832 5721 3076 5789 imperito
3100 5723 3441 5777 eme-datore
3464 5724 3738 5776 centesima
