3884 6232
141 339 231 399 985
1048 332 1270 391 SUPER
1308 330 1486 387 ACTA
1530 325 2035 385 APOSTOLORUM
2075 326 2450 383 EXPOSITIO.
3276 315 3380 371 946

144 466 319 511 octavo
352 453 556 522 psalmo
606 450 842 507 additum
893 458 993 503 est.
1042 447 1141 513 Qui
1190 460 1311 501 cum
1351 444 1561 498 videret
1612 443 1707 495 hos
1735 443 1781 501 Α
1813 441 1917 496 ritu
1948 451 2132 497 sancto
2161 440 2442 507 adimplcri
2474 438 2801 504 desiderant,
2841 441 3018 496 carnis
3046 439 3376 495 domicilium

146 544 428 600 tersiculos
460 543 660 611 pariter
692 557 720 596 a
747 542 903 595 beato
933 540 1092 594 Petro
1119 537 1343 605 positos,
1372 550 1524 587 suum
1559 533 1711 587 Psal-
1814 547 2029 589 necesse
2059 533 2347 587 estmentis
2368 531 2811 599 contemplatione
2839 533 3233 588 transcendant.
3264 531 3382 587 Sic-'-

150 636 331 691 terium
366 636 569 704 pariter
598 650 705 693 non
736 631 1021 694 habuisse,
1054 639 1240 697 putare
1278 625 1440 693 erepit
1466 624 1710 693 falsatum
1814 633 1870 676 ut
1915 632 2090 676 autem
2146 622 2493 692 quadraginta
2537 622 2651 676 dies
2677 663 2691 686 ,
2739 622 2931 691 quibus
2961 622 3213 678 Dominus
3265 630 3386 693 post

147 744 196 782 se
234 728 437 781 habere
474 724 725 779 Codicent
753 763 770 789 ,
801 732 853 776 et
882 720 1022 789 quod
1050 733 1155 772 non
1185 716 1439 770 habuerat
1464 754 1481 779 ,
1529 726 1711 781 super-
1814 713 2257 790 resurrectionem
2287 726 2435 765 suam
2467 728 2587 766 cum
2614 710 2886 780 discipulis
2907 722 3252 766 conversatus
3277 722 3380 777 est,

148 820 371 888 adjicere
419 818 783 888 praesumpsit.
835 813 1038 867 Eodem
1088 809 1247 863 modo
1297 807 1453 863 tertio
1504 806 1714 859 decimo
1814 810 2283 884 conresurgentem
2312 797 3013 871 Christo‘peregrinationis
3051 800 3208 869 hujus
3237 801 3386 856 desi-

152 910 349 979 psalmo
376 908 444 962 de
476 907 716 976 Epistola
747 904 893 958 Pauli
920 904 985 957 ad
1027 902 1326 964 Romanos,
1373 908 1495 951 octo
1531 911 1716 949 versus
1816 906 1978 964 guaut
2013 892 2327 957 Ecclesiam,
2359 892 2428 947 ita
2455 892 2571 945 dies
2605 893 3091 969 quinquagesimus,
3126 908 3229 963 quo
3268 893 3391 962 Spi-

153 1016 279 1068 quos
309 1002 425 1067 ipse
451 999 517 1052 de
545 997 808 1053 universis
834 989 1128 1066 psalmis'et
1154 993 1284 1047 Isaia
1300 994 1561 1059 propheta
1590 1005 1718 1043 con-
1817 988 1951 1039 ritus
1982 995 2193 1039 sanctus
2221 983 2511 1049 accipitur,
2547 983 2923 1051 perfectionem
2961 985 3153 1055 quietis
3182 986 3348 1040 bealte
3372 1027 3390 1051 ,

152 1100 350 1146 texerat
378 1090 573 1159 adiecti
596 1100 739 1144 sunt.
774 1088 1007 1154 Quorum
1039 1084 1240 1154 primus
1267 1092 1381 1136 est:
1414 1080 1715 1149 Sepulcrum
1818 1092 1919 1147 qua
1944 1075 2091 1130 labor
2114 1074 2369 1129 Ecclesiae
2397 1074 2707 1142 temporalis
2729 1074 2945 1129 denario
2968 1075 3391 1133 rentunerabitur

155 1196 317 1252 patens
343 1192 417 1237 est
444 1191 621 1252 guttur
650 1198 842 1236 eorum.
878 1179 1136 1235 Ultimus:
1190 1179 1310 1231 Non
1340 1186 1411 1229 est
1440 1164 1587 1226 timor
1622 1170 1719 1224 Dei
1820 1160 2044 1233 attento,
2079 1180 2434 1238 congruenter
2457 1168 2727 1235 exprimit.
2760 1167 2890 1223 Nam
2918 1178 2971 1221 et
2999 1168 3112 1237 ipse
3140 1184 3394 1223 numerus

157 1288 266 1329 ante
295 1279 471 1329 oculos
506 1292 698 1329 eorum.
733 1276 855 1328 ila-c
883 1276 1023 1327 enim
1056 1287 1174 1339 qua:
1218 1270 1325 1323 dixi
1350 1311 1365 1334 ,
1412 1283 1514 1321 non
1544 1267 1717 1319 solum
1822 1264 2274 1333 quadragenarius
2304 1263 2595 1330 aequalibus
2634 1264 2744 1316 suis
2776 1262 3017 1331 partibus
3059 1273 3396 1333 computatus

160 1367 410 1421 llebraica
461 1366 654 1421 veritas
682 1408 697 1431 ,
738 1374 791 1419 et
816 1364 1147 1418 emendatior
1177 1361 1505 1428 septuaginta
1540 1358 1720 1413 Inter-
1822 1354 1969 1409 addit
2000 1355 2227 1424 amplius
2258 1353 2429 1421 ipsum
2453 1354 2754 1418 denarium,
2778 1363 2831 1407 et
2854 1353 2977 1409 facit
2998 1355 3395 1425 quinquaginta.

158 1470 353 1525 prelum
390 1459 567 1514 Editio
593 1499 610 1525 ,
643 1472 823 1513 verum
865 1465 1049 1524 aperta
1075 1468 1284 1523 quoque
1316 1454 1448 1505 ratio
1475 1466 1721 1519 cetnpro-
1824 1445 2241 1513 Qttadragenarii
2271 1444 2470 1514 quippe
2513 1444 2717 1499 numeri
2757 1443 3032 1498 dimidium
3076 1453 3160 1529 est
3190 1446 3397 1514 viginti,

157 1554 255 1615 hat,
285 1552 428 1619 quod
463 1553 515 1605 in
544 1550 731 1606 eodem
766 1549 1059 1603 centesimo
1089 1554 1277 1599 octavo
1309 1545 1537 1611 psalmo,
1570 1556 1725 1595 exce-
1826 1543 2008 1604 quarta
2041 1550 2157 1602 pars
2188 1535 2254 1589 de
2289 1551 2395 1599 ent,
2426 1536 2606 1610 quinta
2638 1544 2782 1597 octo,
2812 1545 2997 1588 octava
3027 1536 3278 1605 quinque,
3306 1535 3400 1589 de-

158 1646 251 1713 ptis
298 1642 385 1699 his
434 1642 756 1703 versiculis,
812 1640 1027 1709 triginta
1077 1638 1185 1690 sint
1221 1634 1625 1689 maledictiunes
1672 1633 1723 1686 in

1846 1628 1963 1678 :ima
1994 1634 2241 1692 quatuor,
2275 1625 2526 1694 vigesima
2574 1625 2718 1691 duo,
2767 1622 3172 1693 qnadragesima
3213 1640 3396 1679 unum.

156 1735 337 1790 ludam
393 1734 690 1789 scariotem
747 1733 908 1786 illata;
933 1769 950 1796 ,
995 1729 1146 1797 juxta
1200 1740 1477 1780 numerum
1529 1739 1719 1793 argen-
1756 1778 1797 1797 ἢ
1830 1714 2024 1784 Viginti
2056 1726 2255 1781 autem,
2288 1726 2342 1770 et
2372 1717 2578 1784 decem,
2614 1725 2667 1771 et
2695 1724 2838 1781 octo,
2864 1714 3245 1785 etquinqne,et
3272 1731 3401 1785 qua-

159 1778 337 1790 "'""'"
394 1778 690 1789 v""-"""--
747 1778 907 1786 --'-"-
933 1778 950 1796 υ
995 1778 1145 1797 σ-νννί
1201 1778 1213 1780 ~
1594 1778 1621 1793 υ

159 1837 356 1881 teorum
390 1826 585 1893 quibus
615 1824 894 1878 Dominum
927 1822 1159 1875 vendere
1197 1834 1300 1873 non
1331 1818 1525 1872 timuit.
1575 1817 1718 1882 Qua-

1852 1778 1966 1870 uor,
1999 1816 2052 1860 et
2075 1806 2201 1881 duo,
2231 1778 2285 1861 et
2315 1821 2475 1860 unum
2510 1848 2524 1871 ,
2563 1778 2964 1877 quinquaginta
2990 1778 3207 1861 iaciunt.
3241 1778 3402 1877 Ciijus

159 1934 263 1971 rum
296 1918 468 1986 prima
500 1918 614 1970 hac
634 1924 757 1971 est;
791 1913 1049 1967 constitue
1073 1927 1221 1980 super
1244 1926 1358 1962 eum
1390 1923 1720 1977 peccatorem.
1828 1898 2063 1965 computi
2109 1897 2359 1953 facillime
2411 1908 2556 1965 patet
2606 1898 2764 1967 figura
2794 1941 2808 1962 ,
2860 1898 3110 1965 quoniam
3162 1912 3401 1966 praesens

160 2006 402 2064 Extrema
431 2022 559 2063 vero
588 2007 701 2061 haec
726 2024 739 2060 :
774 2004 842 2060 Et
872 2010 1166 2076 aperiantur
1187 2004 1317 2056 sicut
1351 2001 1574 2071 diploide
1604 2016 1727 2053 catt-

1846 1988 2111 2043 :onlliclus
2141 1989 2389 2054 gaudium
2420 1990 2572 2043 nobis
2594 1988 2795 2057 jubilcei
2818 2030 2832 2054 ,
2875 1986 3025 2058 quasi
3057 1989 3281 2043 laten‘er
3311 2004 3403 2057 ge—

160 2102 349 2172 [ηείοηε
376 2116 493 2154 sua,
1831 2092 1981 2138 nerat
2011 2083 2418 2150 sempiternum,
2451 2083 2705 2151 Apostolo
2736 2081 2983 2134 dicente:
3021 2080 3171 2145 Quod
3191 2082 3327 2133 enim
3352 2083 3400 2132 in

222 2190 417 2259 Ioseph
446 2190 534 2257 qui
561 2197 770 2243 vocatur
796 2184 1083 2250 Barsabas,
1113 2183 1203 2254 qui
1213 2183 1613 2262 cognominatus
1654 2188 1727 2234 est
1832 2175 2069 2257 presenti
2096 2181 2500 2242 momentaneunt
2531 2181 2601 2226 est
2632 2179 2679 2230 et
2703 2172 2805 2226 leve
2826 2172 3167 2225 tribulationis
3195 2182 3399 2235 nostra},

160 2278 351 2347 Justus,
382 2291 427 2334 et
456 2280 754 2335 Hatthiam.
787 2278 1049 2333 Barsabas
1084 2278 1223 2345 filius
1251 2276 1455 2346 quietis,
1484 2275 1729 2330 llattltias

1846 2282 1984 2331 tupra
2022 2265 2227 2318 modum
2269 2266 2321 2316 in
2353 2264 2659 2317 sublimitate
2688 2273 2932 2317 a'termtm
2982 2264 3163 2333 gloria
3207 2268 3398 2333 pondus

162 2372 251 2425 οεί
281 2388 467 2439 ραι-ονε
499 2373 900 2439 interpretatur,
936 2368 1011 2423 De
1039 2383 1146 2437 quo
1172 2368 1402 2422 Αηίιοιιε
1831 2365 2079 2425 aperatur
2109 2357 2160 2406 in
2192 2354 2333 2408 nobis
2364 2352 2451 2423 (11
2479 2354 2597 2439 ρον.
2625 2355 2720 2423 tv).
2752 2352 2883 2407 Vera
2912 2362 2995 2408 est
3017 2363 3192 2408 autem
3223 2364 3400 2407 nostra

445 2482 486 2532 ο
511 2426 743 2538 αυεηξυω
766 2480 941 2529 dmum
963 2426 1166 2527 ιωηξεηι
1189 2479 1415 2538 supernis
1832 2444 2106 2499 beatitudo
2134 2444 2376 2512 corporis
2406 2454 2458 2517 et
2486 2426 2697 2507 animae,
2735 2458 2831 2497 nos
2866 2445 3265 2499 immortalitate
3295 2445 3404 2515 glo-

307 2528 916 2593 i'ailiciisjtﬂl’arvimerito
942 2528 1296 2589 transcendunt
1319 2540 1403 2589 ille
1832 2540 2030 2594 riantes
2072 2553 2294 2593 summa:
2322 2548 2374 2593 et
2417 2528 2585 2593 beata:
2634 2537 2916 2593 Trinitatis
2960 2548 3158 2592 interna
3202 2538 3407 2591 visione

314 2605 482 2699 unde
506 2605 750 2654 hominum
774 2606 858 2665 qui
877 2604 1034 2664 jusms
1058 2610 1180 2657 ‘em'
1833 2628 2041 2684 satiari.
2064 2627 2197 2684 Nam
2222 2631 2465 2698 corporis
2496 2632 2723 2699 quatuor
2750 2628 3039 2683 notissimis
3068 2626 3408 2697 qualitatibus

234 2708 303 2762 Et
332 2698 581 2762 dederunt
603 2718 763 2761 sortes
793 2708 885 2771 eis,
913 2714 1017 2761 etc.
1052 2705 1166 2759 Non
1198 2704 1298 2758 hoc
1338 2703 1603 2772 exemplo,
1645 2702 1725 2757 vel

1846 2720 2192 2775 :onsistimus.
2250 2719 2305 2774 lo
2355 2718 2612 2774 interiore
2657 2730 2832 2774 autem
2886 2718 3136 2781 homine,
3187 2732 3252 2771 ex
3298 2724 3410 2770 toto

167 2801 302 2871 quod
330 2798 493 2854 Jonas
525 2798 778 2869 propheta
810 2805 955 2851 sorte
985 2796 1348 2863 deprehensus
1376 2794 1442 2848 sit
1463 2833 1489 2860 ,η
1521 2792 1727 2848 indill‘e-

1846 2809 2026 2875 :orde,
2056 2819 2164 2863 tota
2200 2810 2401 2877 anima,
2434 2817 2540 2862 tota
2575 2818 2776 2876 mente,
2811 2809 2975 2863 Deum
3006 2808 3224 2878 diligere
3248 2806 3407 2877 jube-

171 2901 349 2946 renter
369 2891 601 2945 sortibus
626 2900 707 2942 est
736 2887 1081 2951 credendum,
1122 2906 1141 2938 ι
1174 2900 1291 2939 cum
1328 2884 1591 2953 privilegia
1619 2884 1731 2937 sin-

1846 2916 1969 2954 mur.
2007 2900 2072 2955 Et
2112 2901 2212 2955 hoc
2252 2908 2334 2955 est
2370 2898 2666 2969 perfectum
2696 2900 2817 2954 vita:
2848 2900 3123 2954 denarium
3149 2940 3164 2964 ,
3211 2899 3409 2953 divinae

164 2984 422 3052 gulorum,
460 3000 479 3033 ι
517 2989 577 3035 ut
603 2980 957 3049 Hieronymus
985 2978 1059 3030 ait
1087 3017 1101 3041 ,
1137 2995 1155 3028 s
1190 2990 1526 3030 communem
1556 2976 1729 3046 legem

1846 3008 1928 3045 nos
1955 2993 2138 3061 gloriae
2165 2992 2415 3060 praesenti
2440 2992 2642 3046 visione
2675 2992 2865 3046 lauari.
2890 2990 3084 3046 Verum
3116 2990 3407 3044 notandum

168 3076 337 3127 facere
358 3072 573 3126 omnino
600 3087 706 3124 non
734 3071 955 3139 possint.
986 3088 1004 3121 ι
1032 3066 1162 3122 Nam
1188 3066 1257 3121 ibi
1283 3076 1334 3121 et
1357 3066 1579 3136 gentiles
1602 3066 1723 3131 viri,
1757 3127 1802 3185 Ρ
1831 3084 1981 3152 ium,
2017 3085 2294 3138 historiam
2325 3082 2466 3152 quod
2497 3084 2636 3152 apud
2667 3085 2912 3152 amiquos
2937 3126 2951 3148 ’
2994 3082 3110 3136 dies
3141 3082 3401 3135 penteco.

168 3172 467 3185 ..._._--.-.-
504 3162 667 3185 ---με
760 3167 1028 3185 -..καλ-η...
1075 3156 1292 3185 “nam.”
1334 3165 1478 3185 οΛικΙΛ
1523 3170 1698 3185 ’.σιω-Δ
1786 3165 1803 3185 Α
2018 3175 2065 3185 ..
2167 3184 2172 3185 ,
2327 3175 2338 3185 .
2584 3174 2595 3185 .
2911 3174 2922 3185 .
3041 3173 3053 3185 .
3098 3182 3105 3185 Α
3273 3182 3283 3185 _
3378 3172 3387 3185 ι

168 3172 470 3231 tempestate
500 3162 715 3227 coacti,
760 3167 1031 3213 arretorem
1075 3156 1294 3226 periculi
1333 3165 1479 3211 sorte
1521 3170 1727 3225 quazre-

1846 3184 1977 3243 stes,
2017 3175 2068 3229 id
2098 3184 2219 3239 est,
2250 3174 2727 3244 quinquagesimae,
2777 3188 2882 3241 quo
2911 3174 2991 3227 lex
3022 3173 3144 3226 data
3171 3182 3310 3235 erat,
3341 3172 3410 3224 ah

165 3254 307 3319 bant,
328 3265 380 3308 et
406 3253 493 3308 hic
514 3252 760 3307 Matthiae
783 3259 924 3304 sorte
944 3246 1177 3318 eligitur,
1202 3263 1268 3301 ne
1289 3246 1514 3313 apostoli
1538 3247 1727 3301 electio
1831 3264 2098 3319 occisione
2149 3264 2267 3333 agni
2312 3263 2737 3331 compungam...
2772 3262 2868 3317 mc
2892 3271 3070 3317 autem
3099 3277 3205 3317 non
3240 3276 3270 3315 ε
3303 3260 3409 3314 ου,

168 3345 473 3400 amandato
514 3342 819 3409 discrepare
860 3339 993 3408 legis
1034 3339 1228 3393 veteris
1269 3338 1542 3391 videretur
1569 3378 1584 3403 ,
1638 3337 1727 3391 ubi

1846 3357 1961 3409 mini
1992 3358 2261 3424 passione,
2283 3355 2395 3421 sed,
2426 3356 2564 3410 sicut
2592 3356 2780 3410 beatus
2808 3354 3132 3425 Augustinus
3161 3355 3403 3422 exponit,

170 3448 398 3488 “minus
426 3431 679 3486 ⁸²οετάο⁸
718 3438 862 3484 “me
908 3428 1073 3497 quam
1112 3426 1395 3495 lumbam"
1420 3467 1434 3490 ο
1481 3425 1617 3515 Sic"?-
1661 3425 1729 3515 ξίβ
1800 3447 1897 3500 :ab
1929 3448 2043 3515 ejus
2070 3443 2464 3501 resurrectione
2488 3446 2604 3500 dies
2639 3446 3129 3514 quinquagesimae,
3155 3459 3260 3515 quo
3282 3444 3407 3515 Spi-

168 3524 408 3580 Zacharia
430 3522 658 3577 dicitur:
685 3517 975 3575 Secundum
999 3516 1410 3605 consuetudinem
1431 3511 1724 3605 sacerdotii,
1831 3511 2201 3590 rilus'sancws
2238 3536 2435 3591 missus
2472 3546 2575 3601 es“
2619 3511 2978 3604 οὸεηρίιωιύτ,
3004 3535 3117 3605 qui,
3150 3511 3409 3593 r'edeuélo

165 3626 298 3670 sorte
325 3614 439 3667 exiit
469 3620 522 3664 ut
553 3610 821 3663 incensum
849 3616 1053 3674 poneret
1088 3604 1235 3675 (Luc.
1268 3605 1331 3672 ι).
1362 3602 1685 3669 Qniitlcirco
1708 3641 1724 3667 ,

1846 3628 1966 3698 tigni
1994 3630 2189 3683 veteris
2217 3628 2484 3696 exemplo,
2515 3627 2629 3695 ipse
2668 3602 2758 3680 ibi
2785 3602 3217 3686 manifestissime
3255 3628 3398 3683 diem

173 3715 226 3758 ut
256 3719 394 3771 reor,
425 3714 546 3756 tunc
575 3710 722 3755 sorte
751 3699 1025 3770 legebatur
1049 3739 1063 3762 ,
1108 3707 1163 3750 ttt
1209 3706 1330 3766 typo
1362 3698 1678 3763 llgnraretur
1703 3734 1720 3759 ι

1846 3722 2154 3777 lominicum
2195 3736 2293 3773 suo
2316 3721 2647 3773 consecravit
2674 3718 2925 3773 adventu.
2949 3719 3065 3785 Quo
3091 3719 3249 3774 etiam
3277 3730 3410 3775 tem-

171 3808 346 3847 Verum
374 3807 585 3860 "mp"
616 3789 963 3859 quaerendum
996 3784 1535 3880 {"iSS°_Sace"l°“?"'»
1561 3782 1729 3880 90³³⁸⁸
1835 3812 1976 3880 poris
2005 3811 2248 3876 articulo,
2281 3824 2463 3863 verum
2499 3809 2697 3863 Pascha
2722 3808 2811 3863 die
2842 3810 3117 3863 Dominico
3146 3821 3412 3865 monstra-

173 3884 369 3937 veniret
406 3883 487 3936 cui
536 3880 828 3948 repositum
874 3884 1030 3939 erat,
1079 3873 1170 3941 qui
1220 3889 1321 3927 non
1354 3874 1403 3925 in
1436 3871 1727 3925 hostiarum

1846 3903 1909 3954 vit
1932 3914 2049 3955 esse
2072 3898 2473 3954 celebrandum.
2505 3898 2639 3953 Nam
2671 3900 2811 3953 sicut
2841 3898 2964 3964 hic,
3014 3900 3092 3954 sic
3128 3911 3182 3955 et
3221 3901 3331 3955 illic
3359 3907 3408 3955 in

170 3989 379 4039 “"0”:
405 3973 493 4026 ⁵θά
520 3987 620 4040 Pe"
646 3968 918 4038 P'OP'i'm‘
960 3967 1269 4035 sanguinem
1302 3962 1535 4061 immij
1563 3962 1730 4015 semel
1836 3992 1971 4061 ignis
2001 3992 2205 4048 visione
2237 3992 2374 4043 Deus
2400 3990 2680 4057 apparuit,
2721 3962 2959 4044 dicente
2980 3991 3218 4049 Exodoz.
3254 3992 3411 4046 Totus

170 4068 220 4120 in
266 4078 439 4121 sancta
486 4075 686 4121 aeterna
718 4062 1087 4132 redemptione
1134 4062 1344 4116 inventa
1394 4057 1582 4127 (Hebr.
1629 4061 1725 4125 tx).

1846 4093 2005 4135 autem
2034 4097 2175 4135 nions
2200 4080 2347 4136 Sinai
2373 4083 2604 4152 fumabat
2628 4123 2641 4145 ,
2683 4097 2743 4135 eo
2772 4082 3273 4151 quoddescendisset
3303 4083 3412 4139 Do—

170 4157 329 4225 Cujus
353 4156 519 4211 hostia
550 4164 787 4223 tempore
811 4153 1026 4246 Pes“?
1056 4148 1459 4215 immmamv‘w
1489 4151 1575 4204 die
1599 4150 1731 4206 Ρυη·
1832 4174 1999 4226 minus
2024 4190 2175 4243 super
2203 4189 2317 4227 eum
2338 4148 2391 4225 in
2416 4172 2533 4244 igne
2566 4171 2760 4245 (Exod.
2783 4148 2937 4246 ista).

175 4255 400 4300 tecostes
430 4246 629 4315 Spiritu
658 4257 842 4299 sancto
877 4244 929 4298 in
962 4244 1085 4314 igne
1109 4250 1422 4313 apparente,
1455 4257 1578 4296 vere
1607 4256 1733 4294 con-

173 4350 371 4409 sumpta
400 4351 499 4395 est.
532 4340 740 4393 Veteris
763 4339 1041 4393 enituerat
1065 4334 1465 4391 consuetudinis
1488 4344 1735 4401 acceptas

176 4432 281 4486 Deo
311 4430 542 4485 victimas
568 4431 806 4486 cmlestis
843 4430 963 4499 igne
990 4429 1252 4484 consumi.
1284 4429 1461 4484 Donec
1488 4422 1615 4498 ergo
1639 4442 1733 4482 ve-

178 4521 300 4580 ritas
327 4520 680 4589 compleretur
704 4559 718 4584 ,
752 4522 971 4589 liguram
1020 4519 1167 4573 licuit
1205 4517 1459 4572 exerceri.
1498 4517 1624 4571 inde
1652 4525 1732 4571 est

179 4602 319 4668 quod
341 4601 610 4666 Matthiae,
639 4601 731 4672 qui
755 4612 879 4655 ante
904 4600 1259 4653 Pentecosten
1282 4599 1738 4660 ordinatunsorte

180 4694 454 4761 quaeritur;
482 4705 692 4766 septem
742 4709 869 4748 vero
911 4694 1127 4749 diac0ui
1175 4702 1358 4763 postea
1390 4706 1735 4763 nequaquam

182 4786 336 4842 sortis
354 4790 663 4859 agitatione,
689 4788 779 4842 sed
802 4787 1187 4856 discipulorum
1214 4794 1422 4840 tantum
1446 4785 1735 4847 electione,

183 4882 537 4945 apostolorum
584 4897 726 4938 vero.
750 4881 996 4936 oratione
1026 4887 1079 4933 et
1114 4876 1321 4934 manus
1370 4878 1734 4947 impositique,

180 4976 302 5021 sunt
338 4971 581 5031 ordinati.
629 4972 779 5037 Quod
822 4973 866 5027 si
910 4973 997 5041 qui
1025 4972 1346 5029 necessitate
1377 4974 1547 5042 aliqua
1579 4988 1735 5026 com-

184 5061 319 5127 pulsi
357 5063 515 5116 Dcum
570 5074 756 5129 putant
803 5064 1040 5117 sortibus
1083 5064 1329 5131 exemplo
1374 5062 1732 5131 aposwlorunt

180 5167 298 5206 es-e
321 5156 726 5220 consulendum,
761 5157 974 5220 videant
1007 5156 1107 5211 hoc
1149 5157 1291 5223 ipsos
1322 5156 1592 5225 apostolus
1630 5172 1733 5209 non

182 5244 278 5295 nisi
304 5245 511 5300 collecto
541 5245 764 5300 fratrum
797 5258 937 5300 (πω
968 5256 1017 5299 et
1050 5246 1294 5314 precibus
1315 5244 1381 5297 ad
1414 5244 1575 5298 Deum
1603 5245 1735 5299 fusis

181 5335 360 5404 εεῑςςρ,
1910 5319 1977 5373 Et
2006 5331 2351 5391 apparuerunt
2374 5320 2474 5376 illis
2498 5322 2774 5391 dispertita:
2795 5322 2980 5393 linguis
3004 5332 3241 5391 tanquam
3259 5322 3413 5391 ignis.

790 5428 1014 5489 CAPUT
1045 5429 1106 5483 ll.
1838 5416 2067 5483 Spiritus
2111 5418 2254 5471 enim
2286 5426 2500 5471 sanctus
2540 5418 2591 5469 in
2638 5417 2758 5487 igne
2802 5426 2856 5470 et
2904 5416 3097 5486 linguis
3125 5416 3409 5483 apparuit,

1840 5509 1958 5574 quia
1990 5521 2177 5561 omnes
2208 5521 2344 5576 quos
2389 5504 2687 5573 impleverit
2737 5506 2985 5559 ardentes
3035 5505 3229 5573 pariter
3256 5514 3309 5558 et
3340 5506 3416 5558 lo-

1840 5610 2064 5667 quentes
2099 5598 2243 5652 facit.
2273 5597 2540 5651 Ardentes
2575 5594 2753 5665 utique
2799 5610 2862 5657 ex
2905 5609 2964 5648 se
2990 5637 3003 5661 ,
3054 5602 3106 5648 et
3137 5596 3412 5663 loquentes

1840 5691 1903 5744 de
1934 5703 2011 5743 se.
2045 5689 2209 5744 Simul
2242 5697 2295 5744 et
2342 5687 2580 5742 indicans
2608 5727 2622 5753 ,
2651 5684 2771 5755 quia
2811 5696 2993 5741 sancta
3027 5684 3262 5747 Ecclesia
3306 5696 3405 5748 per

1909 4286 1973 4340 Et
2016 4289 2180 4355 factus
2218 4295 2294 4341 est
2338 4296 2539 4353 repente
2565 4287 2629 4339 de
2659 4287 2784 4340 cazlo
2810 4304 2966 4342 sonus
2996 4298 3238 4359 tanquam
3267 4293 3417 4344 adve-

1836 4378 2022 4432 nientis
2067 4378 2294 4448 Spiritus
2337 4377 2643 4433 vehementis
2670 4422 2684 4448 ,
2728 4390 2833 4435 etc.
2868 4382 2968 4436 Per
2999 4381 3171 4450 ignem
3204 4383 3416 4451 quidem

1767 4474 1815 4535 ι)
1846 4470 2119 4535 Dominus,
2155 4478 2213 4524 ut
2240 4470 2432 4525 beatus
2464 4486 2597 4540 papa
2648 4470 2937 4542 Gregorius
2980 4474 3217 4539 exponit,
3249 4487 3417 4542 appa-

1842 4564 1947 4633 ruit
1969 4601 1984 4625 ,
2030 4561 2123 4615 sed
2156 4576 2249 4630 per
2279 4562 2627 4631 semetipsum
2658 4562 2979 4616 locutionem
3018 4562 3239 4616 interius
3271 4563 3415 4617 fecit.

1843 4652 1911 4707 Et
1940 4666 2113 4720 neque
2140 4652 2275 4721 ignis
2307 4652 2444 4706 Deus
2466 4693 2481 4717 ,
2514 4636 2687 4721 nequ'e
2712 4654 2803 4709 ille
2832 4654 3038 4708 sonitus
3062 4652 3179 4719 fuit,
3208 4654 3298 4708 sed
3326 4670 3419 4721 per

1844 4743 1947 4796 hoc
1976 4741 2114 4811 quod
2145 4743 2381 4797 exterius
2409 4744 2650 4797 exhibuit
2674 4784 2691 4810 ,
2733 4746 2999 4815 expressit
3027 4747 3128 4800 hoc
3156 4746 3296 4815 quod
3328 4746 3415 4800 in-

1845 4837 2010 4891 teiius
2038 4838 2225 4907 gessit.
2260 4836 2357 4902 Qui
2389 4837 2529 4891 enim
2558 4837 2849 4906 discipulos
2879 4848 2932 4891 et
2962 4838 3075 4892 zelo
3106 4853 3414 4903 succenses,

1840 4941 1895 4984 et
1924 4933 2085 4985 verbo
2112 4931 2349 4984 eruditos
2382 4934 2522 4984 intus
2554 4931 2800 4995 reddidit,
2835 4930 2965 4984 luris
2997 4932 3203 4999 linguas
3236 4932 3418 5001 igneas

1840 5017 2093 5073 ostendit.
2147 5020 2200 5072 In
2249 5019 2634 5091 signiﬁcatione
2681 5020 2839 5090 igitur
2878 5021 3091 5073 admota
3140 5030 3262 5075 sunt
3306 5022 3420 5075 ele-

1847 5123 2042 5175 menta,
2080 5120 2133 5163 ut
2166 5112 2338 5179 ignem
2372 5122 2424 5165 et
2448 5115 2679 5166 sonitum
2721 5110 2984 5167 sentirent
3013 5127 3233 5180 corpora
3260 5153 3276 5178 ,
3308 5112 3415 5180 igni

1844 5216 1970 5255 vero
1999 5202 2251 5257 invisibili
2279 5213 2332 5257 et
2358 5218 2486 5257 voce
2516 5204 2633 5257 sine
2658 5206 2833 5256 sanitu
2864 5196 3183 5258 docerentur
3230 5204 3415 5258 corda.

253 5537 313 5591 Et
337 5555 443 5592 cum
472 5543 839 5612 complerentur
862 5541 967 5595 dies
1010 5539 1331 5595 Pentecostes
1350 5582 1363 5605 ,
1389 5550 1534 5596 erant
1564 5558 1733 5605 omnes

184 5629 360 5695 pariter
395 5632 445 5685 in
483 5634 657 5686 eodem
706 5635 837 5685 loco.
886 5634 993 5686 Iloc
1032 5646 1111 5687 est
1145 5634 1193 5686 in
1226 5638 1497 5687 C(BilaCUIO
1529 5676 1543 5697 ,
1594 5636 1731 5701 quod

186 5723 411 5789 ult'crius
440 5726 743 5781 ascendisac
767 5736 1067 5783 narrantur.
1111 5724 1423 5795 Quicunque
1448 5728 1585 5783 cnim
1611 5728 1732 5799 Spi-
