3884 6232
492 281 596 338 9η

920 279 1121 336 ΒΕυιΕ
1166 275 1608 334 VENEBABILIS
1646 273 1796 330 OPP.
1838 271 2016 328 PARS
2054 267 2118 324 ll.
2159 257 2433 325 SECT."l.
2474 296 2545 310 --
2583 263 2980 323 EXEGETICA
3017 263 3349 322 GENUINA.

3620 259 3720 316 9ιὸ

494 397 678 452 mundi
706 395 960 453 terminos
989 394 1224 458 dilatata,
1257 393 1493 447 omnium
1522 391 1758 460 gentium
1790 395 1906 443 erat
1932 400 2062 441 voce
2090 387 2135 439 Δ
2165 401 2227 440 ex
2259 384 2472 438 diverso
2498 383 2627 438 orbe
2662 387 3024 438 convenerant
3052 421 3067 445 ,
3097 393 3277 436 verum
3320 384 3377 432 et
3412 374 3450 430 ii
3497 377 3584 446 qui
3614 415 3629 441 ,
3657 377 3721 430 de

494 491 754 546 locutura.

568 603 815 671 Seditque
842 617 991 671 super
1020 600 1244 668 singulos
1271 615 1464 651 eorum.
1512 595 1660 663 Quod
1700 594 1904 648 sedisse
1930 591 2066 647 dici-

499 703 607 760 tur,
638 697 796 763 regiae
843 704 924 747 est
966 691 1241 760 potestatis
1287 690 1559 744 indicium.
1609 686 1702 741 Vel
1752 696 1895 741 certe
1939 683 2060 753 quia

501 787 720 856 requies
747 784 863 856 ejus
890 785 1152 840 indicatur
1177 785 1227 838 in
1259 783 1478 836 sanctis.

572 897 639 963 Et
661 905 917 969 ceperunt
957 897 1092 964 loqui
1132 895 1287 948 variis
1322 893 1527 962 linguis.
1556 890 1823 944 Unitatem
1855 887 2059 955 lingua-

505 1007 621 1045 rum
649 1007 806 1060 quam
833 989 1078 1057 superbia
1109 985 1391 1057 Babylonis
1416 985 1758 1050 disperserat,
1794 980 2061 1032 humilitas

503 1083 755 1138 Ecclesiae
800 1079 1081 1148 recolligit.
1132 1077 1451 1146 Spiritaliter
1480 1085 1654 1129 autem
1686 1072 1916 1125 varietas
1963 1068 2062 1121 liti-

498 1190 719 1244 guarum
749 1173 883 1227 dona
914 1171 1176 1224 variarunt
1208 1168 1469 1236 signiﬁcat
1509 1165 1819 1234 gratiarum.
1866 1159 2060 1213 Verum

505 1280 610 1319 non
641 1265 929 1329 incongrue
958 1259 1189 1328 Spiritus
1218 1264 1434 1311 sanctus
1462 1254 1770 1321 intelligitur
1797 1251 1919 1305 ideo
1951 1249 2065 1317 pri-

501 1370 646 1409 mum
677 1353 969 1423 linguarum
999 1351 1196 1404 donum
1244 1347 1454 1402 dedisse
1490 1343 1790 1398 hominibus
1816 1382 1830 1407 ,
1872 1338 2062 1409 quibus

501 1446 730 1500 humana
764 1443 1020 1512 sapientia
1050 1441 1341 1494 forinsecus
1368 1446 1422 1492 et
1446 1435 1668 1490 discitur
1693 1475 1708 1500 ,
1740 1441 1793 1485 et
1818 1431 2061 1493 docetur,

499 1546 557 1592 ut
588 1537 892 1592 ostenderet
920 1549 1074 1602 quam
1110 1529 1260 1586 facile
1283 1527 1450 1598 possit
1475 1526 1743 1594 sapientes
1774 1523 1947 1577 lacere
1970 1534 2064 1589 per

497 1628 814 1696 sapientiam
842 1625 933 1679 Dei
964 1639 1080 1693 qnze
1102 1622 1180 1676 eis
1210 1621 1417 1675 interna
1450 1627 1554 1673 est.

2167 476 2428 547 prtrptttio
2459 475 2588 542 nati,
2623 487 2806 526 eorum
2834 472 3107 525 adhaesere
3138 470 3280 524 ritui.

2237 569 2339 622 Alii
2366 576 2535 619 autent
2573 564 2843 618 irridentes
2883 565 3158 618 dicebant:
3207 562 3339 628 Quia
3383 571 3547 615 musto
3591 562 3723 629 pleni

2165 670 2280 714 sunt
2309 660 2414 713 isti.
2445 658 2732 712 lrridentes
2758 657 2899 721 licet,
2925 657 3147 724 mystice
3177 664 3351 708 tamen
3384 667 3502 706 vera
3534 661 3722 705 testan-

2167 762 2269 809 tur.
2301 752 2400 819 Qui
2428 767 2533 805 non
2579 752 2705 803 vino
2733 749 2897 802 veteri
2926 791 2941 813 ,
2987 749 3128 813 quod
3170 749 3220 802 in
3261 747 3455 815 nuptiis
3485 745 3724 798 Ecclesia:

2165 829 2382 912 deret-it,
2413 844 2506 897 seti
2532 855 2706 898 musto
2729 853 2849 894 sunt
2877 841 3061 910 gratia:
3085 840 3337 909 spiritalis
3369 837 3590 907 impleti.
3615 835 3723 890 lant

2165 938 2308 992 enim
2353 937 2531 991 vinum
2581 949 2770 987 novum
2824 934 2876 986 in
2923 942 3070 985 utres
3120 947 3283 986 novos
3323 937 3574 992 venerat,
3609 943 3720 981 Cllltt

2167 1028 2392 1095 apostoli
2444 1042 2547 1080 non
2581 1027 2631 1079 itt
2665 1035 2930 1079 vetustate
2977 1025 3167 1076 litterae
3193 1065 3209 1088 ,
3257 1023 3370 1077 sed‘
3402 1022 3453 1074 itt
3502 1020 3725 1074 novitate

2167 1118 2394 1188 Spiritus
2424 1118 2517 1172 Dei
2553 1115 2816 1184 magnalia
2846 1122 3161 1168 resonarunt
3191 1113 3366 1180 (Rom.
3400 1123 3520 1175 vit).

2238 1209 2360 1262 Non
2385 1211 2538 1272 enim,
2580 1208 2706 1262 sicut
2738 1222 2822 1260 vos
2849 1206 3112 1260 wstimatis
3136 1240 3152 1268 ,
3198 1203 3250 1256 lii
3282 1204 3404 1256 ebrii
3430 1215 3544 1256 sunt
3572 1246 3586 1268 ,
3618 1217 3722 1253 cum

2164 1299 2229 1353 sit
2252 1299 2378 1352 liora
2405 1299 2506 1351 diei
2537 1298 2704 1358 tertia.
2735 1297 2960 1365 Spiritus
2989 1306 3207 1350 sanctus
3227 1337 3240 1361 ,
3285 1293 3506 1362 gloriam
3547 1292 3724 1346 indivi-

2167 1392 2286 1444 dua;
2314 1389 2592 1444 Trinitatis
2622 1387 2781 1440 modo
2814 1386 3193 1449 praedicaturus
3213 1424 3229 1448 ,
3268 1381 3422 1436 tertia
3453 1381 3578 1434 liora
3605 1396 3727 1434 eon-

2169 1477 2770 1537 venienteodescendit.
2805 1478 2868 1531 Et
2895 1478 3014 1546 quia
3047 1489 3203 1541 supra
3235 1473 3465 1526 dicitur:
3499 1471 3651 1524 Erant
3683 1473 3730 1523 in

2166 1573 2394 1627 oratione
2426 1579 2829 1640 perseverantes,
2878 1575 3024 1621 recte
3043 1566 3319 1636 _Spiritum
3348 1571 3590 1616 sanctum
3619 1578 3727 1615 ora-

2167 1664 2328 1718 tionis
2359 1663 2487 1716 bora
2513 1661 2832 1730 percipiunt,
2864 1670 2920 1713 ut
2945 1659 3256 1713 ostendatur
3286 1654 3583 1724 legentibus
3609 1656 3721 1721 quia

572 1739 734 1793 Em“
762 1748 928 1790 "um"
954 1737 1006 1790 δη
1034 1735 1319 1788 unum"
1342 1733 1621 1823 θαβίεαπιεε
1647 1728 1836 1823 Judjd’
1862 1727 1961 1823 viri
1984 1741 2063 1778 re"
2095 1732 2142 1793 Β
2168 1754 2398 1823 Spiritus
2424 1727 2591 1806 san—eti
2618 1727 2786 1820 gratia
2813 1766 2916 1804 non
2953 1748 3106 1802 facile
3132 1745 3441 1816 percipitur,
3469 1744 3561 1798 nisi
3585 1756 3724 1796 mens

496 1831 690 1902 ligiosi,
714 1845 777 1882 ea:
807 1827 944 1882 omni
974 1826 1174 1878 natione
1201 1839 1314 1894 qua:
1339 1821 1428 1877 sub
1455 1823 1580 1875 caelo
1608 1829 1698 1874 est.
1731 1818 2065 1872 Conveniens

500 1931 628 1988 puto
654 1919 962 1987 perquirere
987 1917 1199 1985 quinam
1232 1913 1318 1967 isti
1350 1922 1497 1975 sunt,
1533 1921 1587 1966 et
1613 1926 1676 1964 ex
1706 1925 1807 1979 qua
1840 1908 2063 1978 captivi-

498 2021 606 2065 tate
633 2010 822 2065 .Iudmi.
865 2009 1125 2076 Quoniam
1173 2005 1387 2076 quidem
1433 2005 1523 2058 illa
1567 2018 1687 2070 quae
1731 2002 1779 2053 in
1835 2001 2066 2069 Egypto

498 2103 671 2158 fuerat
689 2101 770 2156 vel
797 2103 848 2155 in
874 2099 1180 2168 Babylonia,
1203 2097 1442 2150 absoluta
1463 2095 1575 2164 jam
1599 2096 1785 2145 luerat.
1811 2090 2067 2143 Romanis

499 2203 674 2249 autem
706 2192 940 2247 nondum
971 2198 1228 2245 venerant
1254 2188 1420 2243 Judaei
1450 2189 1502 2240 in
1528 2185 1906 2252 captivitatem,
1941 2182 2065 2234 licet

494 2291 604 2356 iam
636 2295 690 2340 et
715 2286 824 2354 ipsa
854 2285 1154 2338 immineret
1194 2281 1352 2334 ultrix
1395 2277 1665 2332 commissi
1697 2275 1763 2330 de
1787 2274 2064 2328 Salvatore

504 2378 714 2439 piaculi.
747 2377 1002 2440 Superest
1048 2389 1174 2441 ergo
1212 2383 1267 2426 ut
1305 2372 1393 2425 illa
1439 2369 1760 2436 intelligatur
1787 2365 2065 2433 captivitas

499 2483 618 2534 qua:
645 2467 744 2520 sub
770 2465 1032 2519 Antiocho
1063 2465 1195 2516 facta
1219 2473 1302 2515 est
1328 2502 1345 2528 ,
1385 2476 1503 2530 qua:
1543 2443 1722 2527 utiQue
1749 2471 1856 2510 non
1885 2453 2065 2508 multis

498 2567 624 2613 ante
650 2556 975 2626 temporibus
1002 2555 1290 2607 acciderat.
1359 2545 1362 2548 ’

571 2667 823 2734 Quoniam
862 2664 1113 2718 audiebat
1132 2663 1472 2730 unusquisque
1511 2661 1685 2730 lingua
1715 2674 1811 2711 sua
1839 2657 1954 2709 illos
1984 2656 2064 2708 lo-

498 2769 724 2828 quentes.
755 2758 1021 2824 Quteritur
1047 2757 1097 2809 in
1132 2755 1230 2809 ilOC
1258 2755 1374 2806 loco
1402 2750 1669 2821 quomotlo
1703 2750 2064 2818 unusquisque

501 2851 752 2904 audiebat
796 2849 971 2916 lingua
1016 2861 1108 2900 sua
1159 2846 1436 2913 quuentes
1483 2858 1574 2896 eos
1622 2840 1878 2909 magnalia
1928 2838 2062 2891 Dei:

505 2956 680 2993 mrum
714 2939 748 2993 ii
772 2936 863 3005 qui
893 2924 1496 3006 loquebantur-diversis
1520 2931 1857 2986 sermonibus
1885 2931 2066 2982 unius-

503 3033 761 3100 tujusque
793 3031 984 3098 lingua:
1014 3030 1114 3082 lioc
1139 3027 1278 3096 quod
1309 3026 1585 3080 dicebatur
1616 3024 1976 3093 proferebant,
2013 3022 2062 3075 id

501 3136 604 3188 est,
633 3132 690 3176 ut
720 3123 1080 3191 unusquisque
1108 3134 1290 3174 eorum
1322 3132 1462 3172 nunc
1494 3116 1589 3169 ltac
1619 3157 1632 3181 ,
1665 3130 1803 3168 nunc
1833 3114 1933 3166 alia
1963 3094 2073 3166 lin--

495 3229 597 3282 gua
627 3214 870 3281 loquens,
900 3211 977 3265 sic
1004 3225 1097 3279 per
1125 3225 1310 3264 omnes
1338 3217 1600 3268 curreret,
1625 3222 1689 3258 an
1721 3207 1772 3260 in
1798 3220 1862 3259 eo
1896 3207 2065 3272 potius

503 3316 616 3358 erat
662 3303 905 3356 mirabile
931 3344 944 3365 ,
994 3301 1132 3368 quod
1168 3315 1354 3354 sermo
1385 3314 1568 3352 eorum
1600 3298 1686 3365 qui
1719 3298 2067 3364 loquebantur

503 3397 736 3462 qualibet
768 3394 940 3463 lingua
984 3392 1166 3446 luisset
1219 3391 1590 3459 pronuntiatus
1643 3390 1922 3456 unicuique
1971 3402 2063 3438 au-

503 3491 667 3543 dienti
698 3529 710 3553 ,
743 3485 1031 3540 secundum
1074 3497 1221 3536 suam
1267 3483 1494 3549 linguam
1530 3481 1920 3548 intelligebatur
1944 3518 1957 3541 ,
2009 3488 2065 3531 ut

501 3578 671 3642 (verbi
700 3576 890 3646 gratia)
921 3587 1346 3639 unoqnocunque
1371 3568 1612 3636 apostolo
1641 3569 1693 3621 in
1724 3567 1957 3620 Ecclesia
1974 3567 2067 3618 do-

505 3680 660 3722 ceutc
709 3673 970 3737 (tiet'esse
998 3664 1140 3719 enim
1180 3671 1296 3715 erat
1330 3660 1623 3714 tacentibus
1653 3658 1868 3726 reliquis
1902 3673 2062 3711 unum

503 3762 666 3830 loqui,
699 3769 752 3814 et
780 3772 1079 3812 sermonem
1110 3772 1268 3807 unum
1298 3754 1364 3807 ad
1396 3755 1631 3805 auditum
1663 3751 1897 3804 omnium
1941 3765 2062 3817 per-

500 3853 730 3919 venire),
766 3851 880 3916 ipse
907 3862 1082 3901 sermo
1113 3846 1246 3898 hanc
1281 3845 1331 3896 in
1360 3859 1417 3896 se
1448 3845 1552 3896 vim
1588 3843 1828 3903 baberet,
1861 3850 1918 3892 ut
1946 3855 2063 3892 cum

500 3947 829 3998 diversarum
874 3939 1107 4009 gentium
1144 3939 1412 3988 auditores
1443 3943 1618 3988 eSsent
1644 3972 1660 3998 ,
1703 3931 2066 3999 unusquisque

498 4037 788 4091 secundum
819 4035 1054 4100 linguam
1086 4045 1233 4082 suam
1268 4028 1402 4080 illius
1432 4026 1597 4093 ipsius
1627 4027 1781 4078 unius
1805 4023 2065 4077 sermonis

498 4131 590 4195 qui
625 4130 689 4180 ab
722 4128 960 4194 apostc'“
997 4124 1161 4175 fuerat
1193 4119 1560 4188 pronuntiatus
1592 4119 1886 4182 susciperet
1916 4115 2064 4167 audi-

501 4232 632 4283 tum,
655 4225 707 4271 et
732 4225 947 4282 Caperet
973 4213 1318 4265 intellectum.
1349 4209 1459 4262 Nisi
1487 4208 1625 4261 forte
1652 4204 1937 4259 secundum
1967 4204 2066 4256 ltoc

496 4311 662 4376 magis
694 4309 968 4360 videbatur
1008 4303 1331 4357 audientium
1382 4316 1502 4355 esse
1549 4299 1859 4359 tttit'aculum
1907 4313 2060 4365 quam

493 4400 847 4468 loquentium.

565 4511 633 4566 Et
661 4513 746 4580 qui
777 4510 1070 4561 habitabant
1102 4504 1560 4571 Mesopotamiam,
1610 4515 1653 4553 et
1696 4498 1934 4553 Juda'um
1961 4540 1974 4563 ,
2015 4507 2061 4551 et

493 4604 896 4673 Cappadociam.
933 4598 1168 4652 Judaratn
1207 4597 1306 4648 hoc
1335 4596 1450 4648 loco
1484 4609 1586 4646 non
1623 4603 1782 4644 totum
1812 4605 2017 4658 gentem
2049 4630 2062 4650 ,

493 4703 585 4753 sed
617 4709 818 4763 partem
849 4695 988 4746 illius
1013 4731 1025 4754 ,
1068 4695 1166 4743 ilOC
1196 4701 1277 4742 est
1310 4690 1499 4741 tribum
1540 4686 1670 4738 Juda
1702 4696 1754 4736 et
1789 4683 2060 4752 Beniamin

494 4790 780 4856 signiticet,
810 4787 874 4839 ad
902 4785 1294 4838 distinctionem
1324 4779 1563 4832 videlicet
1599 4777 1872 4840 Samarim,
1918 4773 2063 4825 Gali—

495 4885 613 4944 ιθςιι,
648 4879 990 4942 Decapoleos,
1023 4884 1076 4928 et
1107 4874 1327 4925 aliarum
1367 4871 1417 4921 in
1450 4870 1635 4923 eadem
1679 4866 1946 4936 provincia
1979 4880 2064 4916 re-

493 4976 730 5037 gionum.
762 4975 888 5034 Qua:
940 4970 1060 5020 licet
1113 4979 1300 5017 omnes
1352 4979 1451 5015 una
1498 4962 1666 5028 lingua
1722 4960 2064 5026 loquerentur

495 5069 738 5131 llebrzea,
773 5064 1115 5116 domesticam
1152 5069 1325 5111 tamen
1351 5056 1571 5122 singultu
1597 5053 1799 5106 dicendi
1830 5065 2064 5117 speciem

493 5164 724 5215 ltabuete
749 5158 1076 5210 disrinctatn.
1110 5152 1258 5205 Unde
1303 5159 1354 5202 et
1403 5149 1588 5201 Petrus
1623 5148 1670 5197 in
1706 5146 1906 5197 Domini
1946 5159 2063 5210 pas-

495 5260 646 5309 sione
677 5252 815 5318 quod
851 5249 1097 5300 tialilams
1127 5245 1193 5295 sit
1223 5242 1428 5308 loquela
1459 5255 1553 5290 sua
1586 5237 1844 5302 proditur.

562 5345 734 5399 Jltdtl’i
759 5359 952 5412 quoque
984 5348 1025 5391 et
1060 5331 1320 5407 prose/yti.
1359 5332 1661 5398 I’roselytos
1694 5371 1707 5392 ,
1755 5327 1803 5380 id
1837 5336 1934 5388 est,
1969 5325 2059 5377 atl-

495 5453 655 5491 venas
683 5434 1050 5499 nuncupabant
1081 5445 1172 5482 eus
1203 5469 1216 5490 ,
1260 5427 1346 5494 qui
1381 5466 1393 5489 ,
1432 5426 1495 5476 de
1527 5423 1769 5489 gentibus
1806 5419 2057 5485 originem

494 5539 766 5597 ducentes,
802 5531 1254 5585 circuiticisionem
1287 5535 1339 5577 et
1367 5524 1696 5576 .itltiaiStnztm
1733 5519 1926 5583 eligere
1958 5530 2063 5566 ma-

494 5631 692 5686 lebant,
725 5625 861 5674 sicut
893 5620 1086 5673 Atzltiur
1121 5620 1167 5667 in
1201 5618 1333 5667 libro
1362 5613 1539 5668 Jutlitlt
1569 5609 1761 5662 fecisse
1790 5615 2056 5660 narratur.

493 5715 604 5769 Non
637 5715 800 5766 solum
837 5726 994 5777 ergo,
1039 5709 1276 5776 inquiunt
1314 5749 1324 5773 ,
1376 5704 1463 5775 qui
1519 5715 1706 5756 Itallll‘a
1740 5711 1862 5754 sunt
1895 5696 2059 5752 Iudaei

2095 4433 2144 4489 D

2168 1860 2197 1898 a
2228 1845 2529 1899 carnalibus
2576 1856 2926 1911 supernorum
2978 1838 3270 1892 intentione
3313 1836 3569 1890 elevetur.
3616 1833 3728 1886 Tria

2166 1938 2307 1992 enim
2356 1948 2593 2002 tempora
2643 1935 2834 2001 quibus
2876 1931 3056 1984 Daniel
3105 1931 3156 1983 in
3210 1929 3295 1982 die
3335 1927 3548 1981 ﬂectere
3573 1940 3729 1992 genua

2165 2044 2280 2092 sua,
2311 2039 2362 2082 et
2390 2030 2608 2080 adorare
2637 2027 2844 2093 legitur,
2881 2024 3030 2075 tertia
3059 2065 3072 2086 ,
3108 2028 3256 2074 sexta
3282 2060 3298 2084 ,
3334 2029 3390 2073 et
3419 2033 3551 2070 nona
3589 2017 3726 2076 hora,

2169 2122 2236 2176 ab
2267 2122 2500 2174 Ecclesia
2533 2119 2863 2186 intelligitur.
2895 2116 3024 2182 Quia
3050 2123 3103 2167 et
3137 2113 3394 2168 Dominus
3429 2111 3576 2163 tertia
3610 2108 3726 2160 liora

2166 2213 2426 2281 Spiritum
2450 2221 2689 2265 sanctum
2725 2211 2962 2268 mittens,
2993 2214 3144 2260 sexta
3172 2206 3286 2273 ipse
3315 2216 3526 2257 crucem
3560 2213 3728 2252 ascen-

2167 2306 2299 2370 dens
2327 2343 2339 2363 ,
2396 2317 2530 2355 nona
2587 2300 2814 2352 animum
2861 2311 3064 2364 ponens
3090 2336 3106 2359 ,
3149 2295 3365 2348 easdem
3410 2292 3561 2344 horas
3588 2291 3726 2344 nobis

2169 2393 2380 2449 cmteris
2413 2391 2760 2446 excellentius
2798 2388 3054 2453 intimare
3101 2397 3154 2440 et
3195 2384 3532 2438 sanctiﬁcare
3558 2382 3726 2452 digna-

2170 2498 2254 2543 ῑυε
2285 2496 2387 2541 εει.

2241 2577 2523 2645 E/fundam
2572 2577 2635 2628 de
2684 2575 2866 2644 spiritu
2922 2588 3030 2625 meo
3077 2586 3232 2637 super
3278 2583 3477 2621 onmem
3520 2583 3721 2620 earnm.

2170 2668 2404 2722 Verbum
2436 2665 2708 2720 eﬂusionis
2741 2663 2975 2718 ostendit
3006 2661 3242 2715 muneris
3276 2660 3585 2728 largitatem,
3618 2659 3722 2724 quia

2169 2778 2272 2816 non
2315 2770 2373 2813 ut
2400 2761 2526 2813 olim
2560 2758 2834 2825 preplietis
2865 2758 3115 2808 virtutem
3145 2763 3198 2807 et
3227 2752 3588 2805 sacerdotibus
3619 2761 3718 2802 tan-

2169 2864 2301 2918 tum,
2341 2853 2433 2907 sed
2461 2849 2707 2906 omnibus
2738 2847 2934 2917 passim
2979 2846 3029 2899 in
3072 2852 3298 2912 utroque
3327 2858 3454 2896 sexu
3485 2841 3724 2895 conditio.

2169 2947 2322 2998 nibus
2347 2957 2397 2997 et
2431 2942 2699 3009 personis,
2731 2937 2900 2991 sancti
2930 2936 3159 3004 Spiritus
3188 2942 3336 2988 esset
3361 2932 3523 3000 gratia
3547 2931 3724 2983 condo-

2175 3034 2366 3086 nanda.
2413 3035 2541 3098 Quae
2570 3030 2638 3082 sit
2668 3029 2810 3082 enim
2844 3026 3017 3080 omnis
3046 3040 3170 3078 caro
3197 3066 3212 3090 ,
3266 3024 3521 3092 propheta
3557 3035 3724 3074 conse-

2174 3133 2396 3191 quenter
2422 3121 2689 3187 exposuit.

2244 3213 2310 3267 Et
2341 3211 2711 3282 prop/retabunt
2745 3206 3054 3278 (inquiens)
3102 3206 3196 3272 ﬁlii
3233 3205 3385 3257 vestri
3413 3212 3456 3255 et
3486 3202 3602 3270 ﬁliae
3640 3218 3724 3254 tle-

2171 3315 2311 3367 slrw,
2338 3312 2440 3355 (κιο.
2478 3302 2543 3355 Et
2571 3300 2698 3353 dabo
2729 3299 2962 3368 prodigio
2993 3299 3045 3349 in
3076 3299 3197 3349 caelo
3245 3311 3476 3356 sursum,
3517 3303 3560 3345 et
3594 3295 3723 3360 signa

2170 3397 2222 3448 iu
2277 3404 2410 3446 terra
2444 3377 2715 3444 deorsum.
2768 3389 3013 3455 Prodigia
3045 3388 3094 3439 in
3127 3385 3265 3440 coelo
3291 3425 3304 3447 ,
3358 3399 3477 3437 cum
3523 3382 3724 3436 Domino

2174 3493 2424 3539 nascente
2455 3497 2652 3535 novum
2687 3479 2832 3532 sidus
2861 3478 3147 3545 apparuit,
3193 3476 3284 3526 illo
3315 3487 3525 3526 crucem
3552 3485 3720 3523 ascen-

2177 3577 2362 3639 dente,
2396 3574 2475 3625 sol
2508 3573 2820 3623 obscuratus
2850 3579 2960 3631 est,
2993 3576 3046 3619 et
3076 3568 3246 3631 ipsum
3280 3565 3474 3617 ccelum
3518 3562 3723 3615 tenebris

2173 3669 2461 3721 obductum
2485 3641 2596 3718 est.
2613 3662 2772 3727 Signa
2803 3661 2852 3712 in
2885 3669 3058 3726 terra,
3093 3658 3209 3727 quia
3242 3657 3466 3709 Domino
3494 3655 3718 3721 Spiritum

2175 3762 2452 3813 emittente
2477 3765 2616 3809 terra
2644 3753 2985 3814 cootremuit,
3007 3760 3348 3804 monumenta
3375 3750 3592 3817 aperuit,
3611 3764 3719 3800 saxi

2173 3853 2349 3919 l'regit,
2383 3861 2435 3903 et
2469 3849 2633 3901 multa
2665 3861 2782 3915 quae
2815 3846 3150 3899 dormierunt
3179 3855 3485 3898 sanctorum
3521 3858 3719 3910 corpora

2172 3942 2410 3995 rediviva
2441 3939 2681 4008 protulit.

2243 4031 2561 4100 Sanguinem
2599 4040 2643 4081 et
2674 4029 2840 4099 ignem
2872 4039 2916 4080 et
2943 4042 3177 4096 vaporem
3224 4026 3373 4094 fumi.
3424 4023 3717 4091 Sanguinem

2171 4123 2421 4177 dominici
2465 4122 2687 4185 lateris,
2733 4121 2908 4188 ignem
2955 4120 3184 4187 Spiritus
3229 4117 3440 4180 sancti,
3493 4129 3713 4178 vaporem

2170 4214 2593 4279 cetnpunctionis
2625 4224 2675 4267 et
2703 4211 2907 4265 ﬂetum.
2951 4210 3084 4275 Quia
3125 4208 3262 4263 sicut
3301 4209 3367 4261 ab
3398 4207 3512 4274 igne
3543 4205 3714 4264 lamus,

2171 4310 2240 4362 ita
2273 4309 2339 4362 ab
2370 4310 2561 4361 ardore
2594 4307 2824 4374 Spiritus
2867 4313 3083 4358 sanctus
3131 4302 3482 4367 pronascitur.
3524 4299 3645 4351 Nam
3674 4308 3716 4349 et

2169 4400 2484 4468 sanguinem
2532 4398 2598 4451 de
2637 4406 2845 4451 mortua
2895 4409 3055 4448 carne
3082 4392 3253 4444 vivaci
3299 4394 3412 4444 rivo
3442 4392 3713 4456 proﬂuere,

2171 4493 2309 4560 quod
2339 4500 2521 4544 contra
2556 4498 2799 4543 naturam
2834 4497 3134 4539 nostrorum
3166 4495 3246 4536 est
3274 4472 3549 4547 corporum
3597 4478 3712 4548 signi

2172 4585 2287 4637 loco
2319 4584 2515 4635 factum
2549 4581 2770 4634 credere
2816 4588 2998 4631 restat.
3033 4576 3149 4639 Cui,
3191 4574 3460 4639 videlicet,
3504 4574 3594 4625 nisi
3631 4588 3713 4623 no-

2170 4686 2293 4727 stra:
2317 4673 2474 4727 saluti
2503 4688 2562 4724 ac
2588 4673 2731 4733 vita),
2766 4685 2880 4737 quae
2902 4668 2967 4720 de
2992 4668 3130 4719 illius
3153 4666 3335 4732 utique
3363 4675 3526 4716 morte
3549 4651 3715 4730 prona-

2169 4768 2368 4821 scitur?
2398 4767 2576 4819 Potest
2624 4765 2783 4816 etiam
2828 4763 2876 4813 in
2914 4761 3031 4829 igne
3066 4758 3300 4811 lidclium
3328 4756 3648 4817 illuminatio,
3673 4755 3713 4801 in

2171 4876 2361 4927 vapore
2388 4859 2515 4912 furni
2541 4859 2846 4912 Judatorum
2874 4856 2959 4922 qui
3000 4870 3101 4905 non
3129 4850 3408 4905 credidere
3430 4848 3628 4901 Ctt’cilas
3651 4849 3714 4895 itt-

2172 4955 2354 5020 teiligi.
2387 4950 2534 5004 Unde
2557 4962 2608 5001 et
2633 4951 2802 5016 legem
2830 4949 3046 4998 daturus
3076 4943 3332 4995 Dominus
3359 4943 3406 4992 in
3433 4941 3543 5008 igne
3568 4938 3713 4989 l‘utno-

2169 5062 2268 5114 que
2312 5045 2607 5107 descendit,
2643 5042 2762 5108 quia
2805 5051 2856 5092 et
2902 5038 3130 5090 humiles
3172 5051 3265 5101 per
3308 5033 3592 5087 claritatem
3621 5044 3713 5082 stuc

2170 5138 2489 5195 ostensionis
2516 5136 2794 5196 illuminat,
2832 5143 2881 5184 et
2907 5129 3260 5198 superborum
3289 5127 3470 5181 oeulos
3496 5139 3584 5192 per
3606 5121 3713 5176 caii-

2169 5237 2341 5303 gitictn
2367 5231 2564 5284 erroris
2598 5227 2867 5280 obscurat.

2243 5327 2331 5379 Sol
2361 5330 2673 5375 conrerletur
2699 5321 2748 5368 in
2775 5316 3026 5376 latebras,
3058 5323 3104 5365 et
3146 5312 3270 5363 luna
3326 5311 3374 5361 in
3417 5308 3710 5374 sanguinem.

2171 5418 2279 5470 Hoc.
2310 5419 2356 5468 in
2397 5413 2598 5466 liotiiini
2635 5410 2879 5476 passione
2913 5408 3098 5472 partim
3134 5405 3354 5461 iactum,
3389 5403 3567 5466 partim
3602 5407 3707 5445 ante

2168 5513 2302 5565 diem
2339 5524 2605 5575 ttiagnutn,
2636 5505 2684 5556 id
2711 5513 2808 5563 est,
2833 5501 3013 5569 judicii
3047 5499 3276 5550 futut‘tttt‘t
3308 5493 3554 5546 creditur.
3579 5489 3710 5539 Tunc

2169 5605 2306 5656 enim
2339 5601 2415 5653 ειτι
2443 5597 2821 5649 olitcnebrattts
2866 5599 2969 5653 est,
2997 5590 3087 5641 sed
3141 5588 3260 5641 luna
3318 5586 3369 5636 itt
3416 5579 3706 5645 sanguinem

2165 5709 2314 5749 γει-πῃ
2351 5689 2518 5759 palam
2577 5681 2876 5740 bontinibis
2928 5695 3185 5751 apparere
3234 5691 3336 5732 non
3385 5674 3563 5744 potuit,
3607 5680 3707 5734 quas
