3884 6232
121 341 206 399 919
1010 331 1233 388 SUPER
1274 329 1454 386 ACTA
1496 327 2001 390 APOSTOLOHUM
2042 329 2422 386 EXPOSITIO.
3230 329 3334 385 950

119 470 218 511 tunc
238 454 453 525 (utpote
476 449 529 505 in
563 447 782 520 pascha)
813 447 994 517 quinta
1024 446 1232 502 decima
1281 446 1540 507 existens,
1577 444 1655 496 in-
1683 446 1730 501 Δ
1759 447 1952 501 auditis
1970 447 2018 501 in
2042 453 2222 501 nostro
2241 455 2512 499 sermone.
2533 438 2682 508 Quod
2703 456 2828 498 vero
2845 442 2937 506 ait,
2966 439 3104 509 quod
3121 454 3335 507 accepe-

119 549 264 602 terdiu
321 545 491 597 fuerat
557 541 861 596 mortalium
921 538 1121 593 visibus
1183 536 1398 607 obiectu
1461 535 1666 589 telluris
1771 539 2078 594 ritaPatre
2101 536 2509 606 promissionem
2539 533 2768 603 Spiritus
2793 533 2960 590 sancti
2985 544 3035 586 et
3067 531 3338 595 cﬂ'uderit,

118 637 311 692 occulta.
1201 696 1203 698 η
1772 642 2048 698 utramque
2074 627 2310 697 ejusdem
2335 625 2528 681 Christi
2563 634 2799 677 naturam
2851 622 3175 686 manifestat,
3210 622 3334 691 quia

177 726 235 780 Et
259 726 348 779 erit
380 742 400 779 :
429 722 606 778 Omnis
636 723 922 793 quicunque
944 719 1244 774 invocaverit
1272 734 1450 771 nomen
1483 716 1665 769 Domi-
1771 734 1823 777 ρι
1852 723 2054 790 accepit
2080 730 2136 774 ιιι
2168 720 2346 784 homo,
2372 726 2425 772 et
2454 717 2637 772 eﬂ‘udii
2668 728 2723 768 ιιι
2755 717 2914 769 Deus,

120 822 179 882 ni,
206 821 363 872 salvus
406 818 519 871 erit.
574 815 687 870 "00
734 822 816 869 est
844 814 982 882 quOd
1017 812 1203 866 Ρειΐιιε
1225 809 1349 864 διὶδῖ
1382 810 1454 863 ait
1487 828 1497 861 ε
1531 809 1666 872 Qui"
1844 813 1963 866 Non
1992 813 2120 866 enim
2147 810 2313 864 David
2328 810 2550 864 ascendit
2576 810 2626 862 in
2642 809 2812 862 cretus.
2841 809 2973 860 Dicit
2996 817 3167 861 autem
3194 810 3338 874 ipse:

123 929 205 965 non
233 921 295 965 est
318 924 653 976 personarum
681 917 914 976 acceptor
939 903 1094 968 Deus,
1125 905 1214 957 sed
1253 905 1306 957 in
1337 905 1471 955 omni
1500 886 1664 971 qente,
1770 902 1915 959 Sicut
1937 902 2103 967 enim,
2135 901 2248 955 haec
2271 915 2388 968 quae
2420 900 2708 952 novissima
2761 905 2885 950 sunt
2930 896 3119 950 beatus
3173 895 3333 948 David

120 1006 192 1074 qui
216 1004 342 1054 timet
369 1016 503 1064 eum,
529 1008 574 1052 et
603 1006 841 1069 aper-atur
887 996 1156 1062 iustitiam,
1181 1003 1417 1063 acceptus
1470 1003 1540 1046 es:
1593 991 1669 1043 illi
1773 1012 1877 1050 non
1919 996 1984 1050 de
2010 1010 2126 1060 sua,
2157 995 2250 1049 sed
2274 995 2340 1049 de
2367 994 2571 1047 Domini
2602 993 2678 1047 sui
2711 991 3021 1046 ascensione
3067 990 3332 1056 przedixit,

123 1093 237 1164 (Act.
269 1096 340 1160 x).
1772 1088 1858 1156 qui
1886 1085 2208 1141 emittendus
2253 1101 2317 1140 ex
2370 1084 2521 1148 Sion,
2555 1084 2602 1137 id
2652 1091 2753 1148 est,
2783 1083 2850 1137 de
2897 1083 3042 1151 regia
3097 1079 3335 1150 ejusdem

184 1187 336 1239 Jesum
368 1182 694 1236 Namrenum
720 1182 883 1236 virum
910 1180 1244 1250 approbatum
1273 1195 1303 1231 a
1347 1178 1546 1241 Deo,et
1568 1190 1673 1230 cte-
1777 1179 1938 1233 David
1959 1180 2124 1248 stirpe
2151 1186 2405 1231 venturus
2436 1186 2488 1232 et
2518 1176 2888 1230 dominaturus
2917 1182 3063 1228 esset
3092 1174 3144 1228 in
3175 1172 3348 1226 medio

125 1287 217 1330 tera
253 1290 416 1344 usque
441 1275 732 1344 Alﬂigentes
765 1274 1111 1327 interemistis.
1152 1272 1311 1338 Quasi
1342 1270 1530 1325 doctus
1560 1283 1672 1323 ma-
1776 1271 2113 1325 inimicorum
2140 1283 2382 1330 suorum,
2409 1268 2488 1322 sic
2509 1275 2562 1320 et
2584 1266 2672 1318 illa
2699 1279 2818 1333 qua:
2850 1262 3124 1330 praemisit,
3157 1277 3262 1316 non
3284 1267 3350 1314 ad

122 1367 268 1434 gister
299 1367 444 1432 prius
477 1365 804 1426 incredulos,
835 1378 968 1434 quos
992 1362 1274 1417 miseratur
1304 1364 1573 1424 admonet,
1615 1366 1672 1412 ut
1778 1361 1962 1428 David,
1987 1359 2085 1416 sed
2115 1360 2179 1414 ad
2209 1360 2409 1414 Christi
2441 1366 2664 1413 mortem
2684 1363 2740 1412 et
2763 1355 3203 1411 resurrectionem
3229 1367 3348 1422 per-

119 1461 243 1525 justo
271 1457 458 1510 timore
490 1455 820 1523 compunctis
870 1453 1149 1507 consilium
1198 1452 1383 1505 salutis
1437 1463 1672 1519 postmo-
1778 1454 1946 1509 linere
1975 1452 2304 1521 cognoscite.

123 1547 230 1600 dum
251 1546 600 1614 opportunius
630 1544 961 1606 impendant.
996 1545 1060 1597 Et
1089 1543 1210 1611 quia
1243 1543 1413 1611 legem
1459 1541 1675 1594 scientio

1849 1553 1990 1607 Dixit
2023 1551 2274 1604 Dominus
2306 1550 2508 1603 domino
2552 1566 2681 1617 meo,
2719 1549 2853 1602 Sede
2877 1565 2907 1601 a
2955 1548 3145 1601 dextris
3200 1546 3344 1598 meis.

125 1639 208 1692 bus
237 1638 480 1707 loquitur,
507 1639 680 1707 ipsum
711 1635 982 1689 Christum
1012 1650 1153 1698 esse,
1182 1634 1270 1704 qui
1321 1649 1350 1686 a
1403 1631 1678 1702 proiihetis

1807 1643 2013 1697 ’rimum
2047 1655 2240 1697 nomen
2272 1639 2482 1695 Domini
2524 1640 2660 1706 apud
2711 1638 2962 1692 Hebraeos
3010 1638 3346 1706 Tati-agram-

123 1741 242 1784 esset
272 1731 564 1798 promissus
593 1729 849 1783 ostendit.
883 1726 991 1781 Nec
1024 1737 1201 1781 tamen
1235 1731 1376 1778 hunc
1400 1724 1546 1791 prius
1586 1738 1679 1775 au-
1715 1796 1739 1798 _
1780 1741 1956 1786 maton
1987 1738 2101 1794 est,
2133 1730 2276 1798 quod
2310 1728 2521 1797 proprie
2551 1726 2603 1780 in
2636 1727 2742 1781 Deo
2774 1726 3016 1793 ponitur;
3049 1725 3340 1779 secundum

125 1796 354 1873 Claritate
381 1833 473 1872 sua
509 1819 598 1872 Dei
631 1818 795 1871 filium
825 1818 1086 1881 nominat,
1110 1815 1201 1870 sed
1250 1815 1421 1868 virum
1473 1813 1673 1882 proba-

1807 1824 1918 1892 ιυοά
1951 1835 2235 1877 commune
2272 1818 2606 1881 mortalibus,
2632 1833 2736 1887 quo
2762 1827 2816 1872 et
2864 1832 3021 1887 reges
3072 1826 3126 1872 et
3173 1818 3355 1870 caeteri

128 1917 244 1970 tum,
271 1908 440 1961 virum
493 1907 721 1976 justum,
761 1907 932 1959 virum
979 1921 1007 1957 a
1066 1904 1286 1958 mortuis
1339 1904 1678 1965 suscitatum,

128 2013 218 2053 non
241 1997 422 2051 usitata
446 2013 567 2052 eum
598 1998 807 2051 exteris
838 2007 996 2066 atque
1031 1995 1296 2048 communi
1330 1992 1679 2048 resurrectio.

131 2105 208 2156 ne,
237 2090 286 2144 id
309 2075 415 2157 εει,
444 2090 496 2142 in
523 2088 685 2144 finem
710 2090 887 2144 sa'culi
915 2089 1100 2153 dilata,
1126 2089 1218 2141 sed
1252 2088 1404 2141 tertia
1436 2087 1522 2140 die
1546 2085 1685 2140 cele-

129 2183 259 2236 brata
284 2225 295 2243 ,
322 2191 380 2235 ut
410 2181 699 2250 singularis
728 2180 973 2250 gloriosae
1002 2177 1407 2232 resurrectionis
1459 2177 1685 2232 assertio

132 2273 473 2327 testimonium
535 2285 752 2326 teternte
808 2269 1107 2325 divinitatis
1166 2270 1488 2337 anquireret.
1554 2268 1684 2321 Cum

131 2365 252 2416 enim
282 2375 599 2416 cancrorum
628 2377 851 2429 corpora
876 2360 1275 2430 corruptionem
1297 2360 1544 2428 probaret
1564 2359 1689 2412 sub-

133 2458 223 2511 isse
248 2465 365 2525 post
390 2468 640 2520 mortem,
670 2455 810 2508 hunc
839 2456 1023 2521 utique
1070 2455 1134 2507 de
1173 2467 1278 2520 quo
1305 2453 1496 2506 dicitur
1532 2450 1686 2505 :Non

133 2546 260 2597 dabis
299 2555 530 2597 sanctum
576 2553 720 2596 tuum
769 2543 937 2595 videre
983 2542 1353 2610 corruptionem
1383 2538 1549 2607 (Psai.
1575 2541 1687 2608 xv),

133 2635 422 2704 comprobat
475 2637 720 2690 humanae
777 2634 1078 2701 fragilitatis
1133 2641 1451 2702 expertem,
1501 2629 1691 2699 probat

133 2729 278 2782 etiam
317 2728 562 2782 humana:
608 2726 927 2780 conditionis
957 2726 1144 2779 merita
1177 2739 1604 2794 supergressum,
1636 2731 1690 2777 et

137 2822 242 2873 ideo
262 2820 424 2888 magis
457 2819 564 2872 Deo
594 2833 751 2887 quam
786 2816 1087 2870 hominibus
1110 2814 1516 2869 conferendum.
1539 2812 1689 2879 Quali

137 2928 250 2967 vero
274 2913 407 2982 apud
453 2913 682 2983 gentiles
739 2910 968 2980 apostoli
1037 2909 1423 2977 praedicationis
1482 2916 1694 2961 utantur

137 3004 362 3068 exordio,
387 3006 437 3057 in
469 3002 704 3058 Cornelii
734 3003 1063 3057 centurionis
1095 3002 1338 3066 historia,
1366 3010 1422 3053 et
1478 2999 1528 3052 in
1582 3013 1693 3051 ser-

138 3109 279 3147 mone
310 3095 531 3162 apostoli
563 3094 713 3148 Pauli
744 3095 975 3147 Athenis
1005 3094 1188 3146 hahito
1220 3092 1523 3146 doccberis.

198 3184 519 3239 Providebum
551 3185 824 3239 Dominum
855 3203 1028 3239 coram
1055 3203 1130 3240 me
1154 3201 1374 3256 semper,
1400 3182 1638 3253 quoniam
1663 3199 1695 3236 a

138 3279 310 3329 dextris
338 3287 406 3330 est
441 3277 586 3341 mihi,
621 3293 682 3328 ne
736 3292 1076 3330 commoveor.
1118 3276 1367 3340 Veniens,
1408 3276 1600 3343 inquit,
1640 3273 1693 3326 in

139 3385 191 3422 ea
223 3386 335 3433 qua:
365 3379 622 3435 transeat,
651 3387 753 3423 non
784 3372 979 3424 abstuli
1009 3370 1219 3423 oculum
1253 3371 1320 3422 ab
1343 3384 1405 3421 eo
1435 3369 1522 3438 qui
1556 3382 1695 3419 sem-

142 3476 222 3520 per
248 3470 438 3524 manet,
465 3461 562 3514 hoc
607 3459 915 3526 providens,
949 3470 1007 3514 ut
1029 3461 1078 3512 in
1111 3475 1229 3513 eum
1267 3469 1381 3525 post
1433 3469 1693 3525 tempora-

142 3551 198 3599 lia
248 3559 448 3618 peracta
479 3564 808 3602 rcenrrerem
841 3589 854 3611 ,
883 3548 1133 3617 quoniam
1164 3547 1307 3599 favet
1333 3546 1481 3610 mihi,
1507 3559 1556 3597 ut
1588 3557 1694 3598 stu-

143 3643 306 3693 biliter
337 3642 383 3694 in
406 3655 468 3694 eo
495 3642 859 3708 'permaneam,
883 3649 937 3695 et
969 3638 1067 3690 hoc
1096 3637 1233 3705 quod
1282 3647 1558 3706 peccatum
1590 3651 1691 3688 non

142 3732 253 3795 ieci,
285 3747 378 3783 nec
399 3733 643 3784 iuventus
673 3740 753 3797 est
783 3730 938 3782 dolus
972 3729 1023 3782 in
1054 3743 1148 3782 ore
1173 3743 1291 3781 meo
1342 3725 1393 3796 (Ι
1438 3724 1574 3779 Petr.
1609 3728 1692 3793 ιι),

142 3837 235 3873 nou
285 3823 622 3885 humanitati,
656 3821 751 3874 sed
802 3821 1065 3872 divinitati
1116 3819 1414 3881 ascribunt;
1477 3830 1694 3884 propter

143 3915 234 3968 huc
258 3916 382 3967 etin
411 3914 819 3982 cogitationibus
848 3912 981 3965 meis
1003 3911 1310 3979 iucunditas
1333 3951 1347 3973 ,
1380 3920 1432 3962 et
1484 3907 1533 3960 in
1571 3924 1692 3962 ver-

143 4005 214 4056 bis
245 4006 371 4058 meis
392 4005 695 4065 exsultatio,
732 4013 946 4072 propter
969 4002 1439 4066 resurrectionem,
1465 3999 1691 4062 scilicet,

142 4096 253 4162 quia
286 4111 371 4162 per
396 4110 510 4148 eam
540 4097 791 4148 liberatus
822 4105 906 4148 est
928 4093 1181 4149 mundus.

205 4185 413 4255 IttsupJ‘
433 4195 480 4239 et
513 4201 633 4238 caro
663 4202 769 4238 mea
794 4202 896 4238 non
925 4184 1122 4252 deﬁciet
1154 4185 1205 4236 in
1245 4183 1473 4248 interitu,
1502 4183 1590 4235 sed
1644 4185 1695 4238 in

145 4293 222 4340 spe
249 4279 614 4330 resurrectionis
637 4278 932 4331 obdormiat.
967 4279 1224 4344 Quoniam
1259 4292 1431 4346 neque
1461 4283 1693 4330 animam

146 4384 304 4423 meam
333 4371 509 4424 inferis
541 4371 919 4439 possidendam
972 4372 1147 4439 dabis,
1182 4386 1356 4440 neque
1399 4374 1697 4424 sanctitica-

1784 1916 2031 1970 homines
2060 1913 2415 1980 appellantur.
2441 1911 2591 1977 Quod
2622 1911 2665 1963 si
2697 1909 2846 1964 nobis
2872 1923 3146 1978 opponere
3173 1908 3355 1962 volue—

1785 2009 1852 2062 rit
1878 2007 2098 2060 ha-resis
2125 2004 2321 2060 Ariaua
2353 2019 2417 2058 ex
2449 2005 2545 2058 hac
2592 2003 2900 2058 diversitate
2954 2003 3215 2056 minorem
3275 2001 3361 2054 Fi-

1787 2099 1936 2162 lium,
1964 2097 2174 2152 Patrem
2229 2111 2350 2151 esse.
2398 2097 2689 2162 majorem,
2715 2092 3157 2160 respondebimus
3185 2092 3255 2158 ei,
3283 2091 3360 2145 illi

1790 2204 1981 2244 nomen
2037 2186 2258 2242 inferius
2328 2186 2615 2238 convenire
2661 2185 2745 2237 cui
2801 2184 2992 2237 sedere
3046 2183 3356 2250 imperatur.

1788 2281 1940 2336 Sicut
1963 2288 2019 2333 et
2047 2280 2232 2332 beatus
2260 2276 2449 2330 Petrus
2482 2284 2876 2343 consequenter
2903 2273 3144 2342 exposuit
3177 2290 3190 2325 :
3228 2273 3362 2338 Quia

1789 2381 1836 2425 et
1864 2371 2135 2424 Dominum
2165 2383 2277 2421 eum
2308 2376 2354 2419 et
2383 2365 2640 2421 Christum
2670 2364 2805 2419 Deus
2833 2365 2969 2433 fecit,
2999 2366 3129 2417 hunc
3158 2363 3360 2427 Jesum,

1790 2479 1935 2532 quem
1965 2477 2049 2515 vos
2088 2459 2435 2526 cruciﬁz’stis.
2465 2457 2576 2512 Non
2622 2458 2762 2512 enim
2811 2457 3061 2510 divinitas
3090 2455 3362 2517 erueilixa,

1791 2555 1883 2607 sed
1927 2567 2054 2607 caro
2084 2559 2183 2606 est.
2229 2551 2294 2605 Et
2324 2551 2423 2603 hoc
2454 2549 2636 2618 utique
2669 2547 2782 2603 fieri
2809 2557 3003 2618 potest,
3027 2548 3165 2618 quod
3195 2547 3369 2616 potuit

1791 2641 2048 2711 crucifigi.

1867 2733 2038 2787 Donec
2061 2748 2244 2800 ponam
2266 2733 2496 2786 inimicos
2513 2741 2623 2787 tuos
2638 2733 2918 2786 scabellum
2938 2732 3118 2802 pedum
3137 2738 3361 2785 tuorum.

1798 2824 1907 2880 lloc
1931 2833 2030 2887 est,
2057 2823 2194 2891 quod
2223 2824 2335 2891 ipse
2356 2823 2548 2877 Petrus
2576 2824 2702 2877 alias
2730 2824 2796 2878 de
2821 2824 3045 2876 Domino
3066 2822 3171 2875 ait:
3210 2821 3367 2886 Quem

1797 2926 2017 2988 Oportutt
2046 2916 2228 2970 caelum
2279 2917 2480 2984 quidem
2530 2918 2786 2984 suscipere
2836 2933 2994 2987 usque
3048 2917 3102 2969 in
3145 2925 3370 2985 tempore

1795 3009 2124 3063 restitutionis
2154 3009 2379 3060 omnium
2413 3007 2545 3077 (Act.
2581 3008 2686 3076 ιιι).
2717 3008 2866 3063 Tunc
2909 3008 3073 3071 enim,
3113 3022 3232 3062 cum
3280 3021 3370 3061 ve-

1800 3102 1974 3156 nerint
1997 3101 2177 3154 omnia
2204 3113 2441 3168 tempOra
2476 3100 2738 3170 refrigerii
2767 3116 2793 3152 a
2818 3110 3105 3168 conspectu
3136 3100 3363 3166 Domini,

1801 3191 2059 3247 missoius
2085 3203 2166 3246 est
2196 3194 2425 3262 eumqui
2454 3194 2765 3258 praedicatus
2793 3201 2874 3246 est
2912 3207 2938 3244 a
2968 3192 3231 3262 regdihus
3277 3206 3368 3246 se-

1800 3285 1954 3338 dibus
1989 3284 2141 3336 nohis
2173 3285 2354 3337 Jesum
2383 3283 2652 3338 Christum
2686 3282 2751 3336 ad
2778 3283 3098 3351 iudicandos
3130 3282 3274 3336 vivos
3315 3291 3368 3337 et

1799 3385 2038 3429 mortuos
2069 3375 2224 3444 (δαν.
2261 3379 2436 3442 xviii).

1876 3463 1966 3517 "is
1993 3476 2156 3516 autem
2183 3466 2389 3530 audiris,
2425 3467 2716 3536 compuncti
2744 3478 2859 3518 sunt
2889 3465 3058 3527 corde,
3087 3474 3194 3520 etc.
3241 3463 3373 3519 Vide

1800 3558 2127 3625 prophetiam
2159 3557 2270 3610 .loel
2299 3558 2598 3625 impletum,
2628 3573 2842 3610 carnem
2875 3567 2992 3624 post
3033 3557 3206 3625 ignem
3251 3556 3375 3624 Spi-

1798 3650 1927 3701 ritus
1958 3647 2149 3712 satmti,
2207 3663 2456 3714 vaporem
2508 3651 2653 3716 sequi
2681 3649 3123 3716 componetiunis.
3177 3649 3376 3703 Fumus

1798 3739 1940 3792 enim
1974 3748 2226 3793 excutere
2260 3739 2522 3807 Iacrymas
2571 3739 2730 3790 solet.
2794 3737 3054 3804 Incipiunt
3108 3739 3238 3792 flere
3289 3739 3376 3805 qui

1798 3832 2051 3893 riseraut,
2104 3829 2333 3882 tundunt
2391 3839 2596 3899 pectus,
2631 3831 2760 3884 dant
2811 3831 2918 3885 Deo
2968 3845 3178 3899 precem
3228 3846 3375 3885 suam

1802 3931 2046 3990 tanquam
2101 3920 2457 3984 sacrificium,
2512 3933 2567 3975 ιιι
2613 3923 2924 3992 sanguinein
2973 3925 3118 3977 illum
3168 3924 3378 3978 valeant

1798 4025 2011 4083 gustare
2038 4013 2301 4076 salvamli,
2335 4030 2492 4080 quem
2523 4029 2683 4080 super
2720 4030 2778 4066 se
2813 4016 3053 4083 filiosque
3101 4029 3229 4070 suos
3279 4017 3379 4070 ἱιιιο

1800 4109 1998 4177 precati
2032 4107 2237 4162 fuerant
2265 4119 2387 4162 ante
2403 4108 2656 4162 damnati.
2692 4108 2946 4176 Sequitur
2983 4128 2993 4161 :

1873 4198 2251 4261 Pcenitentiam,
2287 4201 2474 4267 inquit,
2500 4199 2651 4267 agite,
2678 4209 2725 4251 et
2775 4199 3056 4266 baptizetur
3099 4201 3376 4265 unusquis-

1798 4305 1892 4358 que
1922 4296 2160 4343 uestrum.
2190 4289 2434 4342 Dicturus
2467 4290 2728 4356 baptisma
2755 4291 3006 4357 praemisit
3047 4293 3373 4360 painitentiic

1802 4382 2052 4444 lamenta,
2101 4395 2156 4434 ut
2188 4380 2446 4436 Ecclesia:
2480 4397 2626 4435 more
2660 4384 2801 4450 prius
2828 4397 2888 4433 se
2924 4398 3057 4450 aqua
3088 4399 3196 4435 suae
3241 4385 3378 4437 aftli-

148 4471 247 4513 tum
274 4478 476 4529 corpus,
507 4479 598 4530 per
622 4465 764 4533 quod
798 4474 849 4518 et
881 4464 967 4517 alii
996 4465 1361 4518 sanctificandi
1405 4476 1546 4527 sunt,
1577 4478 1692 4518 cor-

1807 4473 1993 4527 ceionis
2018 4472 2374 4538 infunderent,
2407 4485 2458 4527 et
2481 4474 2818 4542 postmodum
2843 4484 3174 4527 sacramento
3208 4475 3378 4540 baptio

146 4554 304 4620 rumpi
333 4557 566 4624 patieris.

215 4646 336 4707 Quia
371 4659 513 4701 notas
547 4649 672 4701 mihi
712 4650 877 4717 fecisti
922 4652 1026 4704 vias
1073 4653 1210 4717 vitat,
1241 4653 1432 4721 quibus
1480 4654 1584 4706 itur
1631 4653 1695 4705 ad

149 4740 492 4793 aeternitatem.
555 4741 611 4793 in
675 4743 866 4809 quibus
927 4754 1045 4813 post
1089 4726 1378 4798 tristitiam
1435 4745 1699 4812 passionis

150 4829 434 4897 adimplet-is
464 4847 548 4886 me
579 4833 758 4886 ltetitia
789 4849 907 4888 cum
944 4835 1087 4888 vultu
1120 4847 1207 4887 tuo
1262 4835 1435 4906 (Psal.
1465 4838 1575 4901 xv).
1636 4836 1699 4888 Et

150 4924 430 4978 ascendenti
460 4925 510 4976 in
542 4925 714 4978 oculos
744 4925 898 4978 dabis
928 4926 1312 4981 delectationes
1337 4930 1573 4980 dextera:
1600 4940 1698 4980 tua:

154 5026 300 5079 usque
327 5018 372 5066 in
400 5017 579 5068 linem.
606 5018 738 5079 Quia
771 5032 942 5085 neque
967 5019 1254 5073 derelictus
1279 5029 1360 5073 est
1389 5021 1437 5072 iu
1465 5020 1694 5074 inferno.

153 5103 233 5154 Sic
254 5105 513 5160 descendit
535 5108 744 5173 quidem
776 5109 1016 5164 Christus
1043 5113 1334 5165 secundum
1366 5111 1598 5164 animam
1633 5113 1699 5166 ad

152 5191 349 5258 inferos,
382 5205 436 5247 ut
462 5197 656 5263 quibus
687 5199 923 5264 oportuit
949 5200 1278 5267 subveniret,
1312 5202 1406 5255 sed
1462 5216 1564 5254 non
1617 5212 1698 5255 est

151 5283 409 5338 derelictus
433 5287 483 5339 in
509 5288 736 5355 inferno,
770 5290 890 5360 quia
921 5293 1028 5347 cito
1058 5294 1229 5348 reditu
1278 5310 1473 5364 corpus
1521 5311 1700 5349 resur~

151 5388 390 5430 recturum
421 5382 622 5445 petivit.

223 5468 414 5521 Dixtera
440 5488 558 5539 ergo
588 5471 683 5523 Dei
712 5475 980 5536 exn/talus,
1017 5475 1137 5543 quia
1163 5476 1369 5531 dixerat
1406 5475 1647 5531 Psalmus
1681 5499 1693 5534 :

155 5556 380 5622 Quoniam
416 5581 444 5613 α
474 5563 664 5616 dextris
695 5573 764 5614 est
805 5565 947 5626 mihi,
979 5583 1038 5620 ne
1080 5584 1416 5622 commovear.
1470 5567 1537 5622 Et
1581 5587 1698 5638 pro-

154 5655 364 5710 missione
387 5659 608 5725 Spiritus
639 5664 800 5714 sancti
824 5672 1032 5734 accepta
1064 5683 1092 5716 a
1124 5665 1298 5730 Patre,
1323 5666 1506 5733 e/I’udit
1538 5670 1694 5735 hunc,

156 5762 283 5814 quem
311 5767 386 5806 vos
411 5754 584 5808 ride-Iis
617 5765 661 5810 et
691 5757 900 5810 auditis.
961 5758 1158 5816 Videtis
1200 5762 1251 5815 in
1286 5763 1474 5834 linguis
1507 5765 1693 5836 igneis,

1802 4565 1990 4619 smatis
2019 4563 2275 4618 lavarent.

1872 4657 1940 4711 Et
1969 4659 2214 4725 appositae
2263 4666 2378 4710 sunt
2430 4657 2479 4709 in
2529 4656 2618 4710 illa
2669 4656 2752 4711 die
2789 4655 2973 4708 animm
3023 4656 3222 4709 circiter
3271 4656 3370 4710 tria

1803 4752 1982 4804 millia.
2011 4749 2106 4804 Ubi
2126 4753 2352 4818 primum
2382 4749 2632 4803 Ecclesia:
2653 4749 2975 4802 celebratum
2993 4759 3069 4800 est
3094 4748 3374 4815 baptisma,

1802 4844 2187 4909 disiiensatorie
2222 4843 2387 4910 pietas
2417 4841 2592 4895 divina
2634 4842 2697 4896 ad
2732 4842 3123 4895 confessionem
3171 4851 3373 4894 sanctas

1802 4933 2080 4986 Trinitatis
2111 4949 2288 4999 parem
2335 4947 2615 4987 numerum
2670 4933 2886 5001 collegit
2936 4934 3255 4986 animarum.
3311 4934 3372 4985 Et

1801 5025 1970 5080 Moses
1999 5025 2206 5094 quidem
2242 5026 2678 5094 quinquagesimo
2711 5026 2796 5079 die
2844 5025 3078 5094 piscina,
3131 5039 3235 5093 quo
3290 5025 3371 5077 lex

1801 5121 1922 5170 data
1949 5126 2051 5182 est,
2084 5117 2476 5172 solemnitatem
2508 5118 2861 5185 primitiarum
2891 5118 3144 5185 praecepit
3198 5114 3378 5168 initia-

1805 5214 1879 5274 ri;
1916 5226 2054 5264 nunc
2083 5220 2256 5268 autem
2313 5212 2727 5280 superveniente
2779 5209 2978 5279 Spiritu
3026 5217 3234 5269 sancto,
3267 5223 3371 5261 non

1805 5303 2057 5368 manipuli
2090 5303 2378 5370 spicarum,
2409 5303 2502 5358 sed
2534 5304 2828 5356 animarum
2858 5311 2979 5356 sunt
3004 5299 3229 5354 Domino
3262 5302 3368 5368 pri-

1804 5395 1964 5446 mitia-
1993 5403 2336 5446 consecratae.

1874 5483 1938 5537 Et
1960 5485 2204 5537 habebant
2218 5486 2385 5538 omnia
2401 5486 2706 5550 communia,
2722 5495 2824 5540 etc.
2843 5485 2896 5540 Si
2915 5486 3142 5538 Charitas
3160 5484 3250 5538 Dei
3270 5485 3372 5538 dif-

1805 5576 2037 5630 funditur
2070 5576 2120 5630 iu
2151 5576 2397 5631 cordibus
2428 5577 2660 5640 nostris,
2693 5591 2816 5629 mox
2849 5584 3085 5644 protecto
3144 5585 3363 5641 generat

1805 5676 1858 5721 et
1916 5667 2142 5733 proximi
2199 5667 2559 5723 dilectionem.
2623 5666 2772 5723 Unde
2833 5681 3043 5734 propter
3095 5668 3361 5732 geminum

1805 5758 2075 5816 charitatis
2107 5762 2370 5826 ardorem,
2402 5760 2481 5817 bis
2509 5759 2736 5829 Spiritus
2768 5771 2979 5814 sanctus
3011 5761 3200 5829 legitur
3229 5776 3294 5831 ap
3319 5777 3364 5806 ι-
