3884 6232
556 338 653 397 95!

942 341 1142 397 ΒΕοιΕ
1184 342 1629 398 VENERABILIS
1668 342 1815 398 OPP.
1861 340 2034 397 PARS
2072 339 2133 395 ll.
2178 338 2370 396 SECT.
2414 340 2450 393 Ι.
2495 370 2563 381 --
2603 340 2990 400 EXEGETICA
3034 341 3356 400 GENUINA.

3694 340 3800 399 95')

553 455 706 510 stolis
727 455 896 510 datus.
925 456 1274 525 Magnumque
1323 463 1407 510 est
1457 453 1674 509 fraterni
1716 455 1913 509 amoris
1972 452 2108 507 iudi-
2141 453 2191 512 Α
2218 453 2485 506 concurrit
2514 453 2687 508 omnis
2715 455 2940 509 mundus
2982 455 3046 509 ad
3093 455 3274 509 limina
3319 455 3432 509 veri
3481 463 3537 510 et
3582 456 3803 524 pacifici

553 540 922 615 cium,omttia
970 549 1269 605 communia
1327 549 1621 620 possidere,
1657 548 1788 612 nihil
1840 546 2113 617 proprium

552 637 829 695 habentes.

1148 729 1375 785 CAPUT
1430 727 1514 785 lll.

619 817 806 878 Petrus
830 832 994 876 autem
1023 830 1069 876 et
1093 820 1318 877 Joannes
1366 821 1702 877 ascendebant
1754 821 1807 875 in
1851 821 2115 893 templum,

548 920 654 964 etc.
686 912 923 977 Apostoli
954 926 1091 966 nona
1116 912 1243 967 hora
1270 912 1521 981 templum
1550 914 1859 982 ingressuri,
1883 914 2112 981 primum

548 1003 795 1059 claudum
842 1006 932 1060 diu
980 1006 1212 1062 debilem
1260 1014 1470 1071 sanant,
1494 1006 1687 1062 deinde
1713 1006 1779 1060 ad
1831 1021 2110 1074 vesperam

548 1111 716 1165 usque
746 1096 1066 1164 laborantes,
1100 1098 1261 1151 multa
1293 1097 1566 1152 hominum
1600 1097 1762 1151 millia
1784 1096 1955 1151 verbo
1986 1096 2106 1150 lidei

545 1190 804 1244 imbuunt.
833 1190 962 1258 Quia
1010 1189 1257 1244 doctores
1311 1190 1561 1245 Ecclesia:
1608 1189 1661 1242 in
1711 1187 1870 1243 linem
1929 1187 2110 1241 mundi

544 1280 845 1346 venientes,
878 1291 932 1336 et
963 1281 1235 1349 languenti
1267 1282 1410 1348 prius
1453 1279 1652 1346 lsraeli,
1686 1291 1740 1334 et
1770 1279 2108 1351 postmodum

445 1420 454 1427 .
545 1371 705 1427 etiam
728 1371 1347 1441 gentilitatiprzedicant.
1394 1372 1455 1425 lli
1509 1380 1635 1425 sunt
1686 1370 1829 1425 enim
1881 1370 2109 1437 Operarii

543 1478 679 1533 quos
704 1478 841 1517 nona
872 1472 925 1518 et
947 1464 1228 1518 undecima
1254 1462 1382 1519 hora
1407 1462 1459 1517 in
1487 1462 1694 1516 vineam
1726 1458 2107 1531 paterfamilias

543 1555 742 1609 inducit
774 1553 988 1625 (Matth.
1016 1555 1127 1623 xx).

617 1640 682 1695 Et
697 1645 900 1713 quidam
912 1645 1009 1709 vir,
1031 1645 1121 1713 qui
1138 1653 1248 1697 erat
1275 1643 1487 1697 claudus
1516 1658 1580 1696 ea:
1603 1650 1746 1697 utero
1772 1640 1949 1694 matris
1975 1655 2101 1704 sate,

542 1735 892 1797 baiulabatur.
922 1736 1056 1801 Quia
1080 1735 1304 1803 populus
1333 1735 1492 1789 lsrael
1521 1749 1625 1786 non
1656 1734 1824 1786 solum
1877 1731 2100 1785 Domino

541 1824 841 1888 incantato,
867 1825 957 1879 sed
985 1840 1014 1878 a
1045 1825 1228 1892 primis
1253 1824 1413 1878 etiam
1442 1823 1572 1892 legis
1612 1821 1937 1888 temporibus
1966 1820 2101 1872 data:

540 1915 755 1971 rebellis
785 1903 1003 1979 exatitit,
1040 1915 1188 1983 quasi
1219 1931 1281 1970 es
1306 1925 1458 1969 utero
1481 1915 1666 1967 matris
1712 1912 1932 1967 claudus
1983 1911 2100 1963 fuit.

547 2006 698 2071 Quod
731 2006 866 2061 bene
894 2006 1059 2061 .lacob
1109 2020 1229 2060 cum
1282 2006 1472 2073 angelo
1518 2004 1773 2068 luctante,
1821 2002 2104 2057 benedicto

539 2096 773 2166 quidem,
802 2096 895 2151 sed
918 2096 1255 2151 claudicante
1285 2094 1538 2165 llguratttr
1567 2092 1717 2163 (Gen.
1749 2093 1938 2160 χχιιι),
1981 2092 2103 2159 quia

538 2188 767 2256 populus
790 2186 928 2241 idem
962 2186 1188 2239 Domino
1217 2187 1266 2239 in
1290 2185 1537 2254 passione
1562 2185 1879 2254 praavalens,
1904 2181 1957 2235 in
1990 2180 2105 2247 qui-

530 2276 758 2335 husdam
811 2291 905 2345 per
950 2276 1108 2330 iidem
1153 2276 1482 2339 benedictus,
1510 2274 1560 2327 in
1603 2271 1918 2341 quibusdam
1977 2283 2102 2324 vero

538 2385 633 2438 per
660 2368 1023 2423 inﬁdelitatem
1056 2367 1296 2422 claudus.

610 2462 769 2528 Quem
794 2462 1042 2528 ponebant
1071 2459 1296 2527 quotidie
1323 2459 1390 2511 ad
1420 2464 1617 2526 portam
1644 2453 1843 2523 templi,
1872 2468 1983 2521 qute
2012 2451 2100 2503 di-

535 2555 667 2608 eitur
692 2554 957 2623 Speciosa.
989 2553 1145 2607 Porta
1179 2551 1363 2620 templi
1394 2551 1642 2619 bpeciosa
1696 2547 1951 2600 Dominus
1996 2552 2098 2609 est,

536 2662 637 2717 per
663 2662 816 2714 quem
846 2646 890 2700 si
920 2646 1037 2715 quis
1068 2645 1348 2707 introierit,
1380 2643 1691 2696 salvabitur.
1714 2640 1792 2693 Ad
1819 2640 1951 2691 hanc
1978 2651 2102 2705 por-

539 2745 646 2790 tam
674 2737 862 2790 debilis
892 2735 1048 2789 Israel
1074 2730 1150 2789 ire
1178 2748 1280 2789 non
1305 2734 1504 2800 valens,
1531 2732 1660 2801 legis
1691 2729 2098 2810 praphetarum-

537 2842 641 2896 que
662 2828 875 2883 vocibus
894 2827 1131 2890 aﬂertur,
1149 2837 1201 2880 ut
1224 2826 1289 2879 ab
1311 2824 1724 2893 ingredientibus
1746 2825 1795 2877 in
1818 2821 2094 2885 interiora,

533 2920 846 2987 sapientiam
874 2918 995 2973 fidei
1022 2918 1324 2981 audiendo,
1361 2918 1616 2983 deposcat
1667 2912 1940 2966 auxilium.
1996 2910 2096 2977 Qui

535 3009 783 3064 vaticinio
813 3010 1106 3062 futurorum
1131 3007 1279 3077 quasi
1301 3006 1369 3059 ad
1403 3018 1607 3075 portam
1639 3010 1844 3072 ponunt
1888 3000 2094 3055 audito-

502 3112 643 3166 'res,
675 3102 767 3155 sed
800 3100 939 3154 Petri
989 3110 1070 3153 est
1124 3102 1173 3152 itt
1226 3102 1477 3165 templum
1528 3095 1835 3163 perducere,
1866 3093 1950 3146 cui
2000 3107 2092 3159 pro
2122 3138 2167 3199 Ο

534 3191 871 3247 confessione
899 3190 1022 3244 torti
1050 3200 1105 3245 et
1146 3202 1438 3259 cognomen
1470 3196 1626 3255 petra:
1652 3196 1708 3240 et
1738 3184 1920 3238 claves
1966 3181 2090 3237 ρωιί

532 3293 658 3340 sunt
684 3287 840 3338 datm.

604 3378 880 3448 Argentum
908 3386 954 3429 et
980 3391 1161 3429 aurum
1184 3391 1283 3429 non
1311 3383 1383 3428 est
1411 3371 1557 3439 mihi,
1581 3380 1686 3425 etc.
1737 3368 1930 3425 Habuit
1977 3367 2097 3438 qui-

538 3469 660 3524 dem
687 3478 836 3523 vetus
870 3468 1265 3545 tabernaculum
1309 3464 1722 3534 justificationes
1768 3462 2010 3524 culturae,
2041 3469 2094 3513 et

537 3569 781 3617 sanctum
812 3562 1070 3614 saeculare
1099 3574 1229 3612 auro
1270 3565 1596 3627 argentoque
1640 3554 1972 3618 distinctum,
2002 3550 2096 3605 sed

536 3654 764 3708 metallis
795 3651 926 3721 legis
967 3636 1183 3720 sanguis
1225 3644 1497 3717 Evangelii
1554 3647 1834 3715 pretiosior
1881 3644 2095 3709 emicat,

536 3748 658 3817 quia
683 3746 904 3814 populus
933 3742 1041 3807 ille,
1072 3740 1161 3810 qui
1192 3748 1315 3793 ante
1340 3747 1556 3791 auratos
1584 3745 1765 3805 postes
1793 3744 1970 3788 mente
1998 3733 2099 3786 de-

544 3835 646 3892 bili
665 3835 925 3906 iacuerat,
950 3833 1001 3886 in
1034 3832 1247 3885 nomine
1274 3828 1525 3884 Crucil‘txi
1577 3836 1811 3890 sanatus,
1843 3824 2097 3891 templum

536 3922 949 3995 reguicaslestis
979 3919 1291 3990 ingreditur.
1350 3916 1597 3986 Alioquin
1651 3916 1833 3969 beatus
1885 3913 2092 3977 Petrus,

535 4014 754 4071 Domini
779 4027 981 4068 memor
1013 4011 1283 4081 pratcepti,
1312 4023 1419 4078 quo
1449 4006 1639 4061 dicitur
1667 4022 1680 4058 :
1713 4003 1889 4057 Nolite
1928 4002 2097 4073 passi-

534 4108 655 4161 dere
674 4120 856 4159 aurum
879 4114 924 4158 et
944 4108 1205 4173 argentum
1240 4098 1450 4169 (Matth.
1477 4097 1555 4167 ιι),
1589 4095 1861 4166 pecuniam
1889 4110 2005 4162 quae
2034 4094 2099 4148 ad

539 4182 705 4270 pedes
727 4195 1086 4263 apostolorqu
1119 4178 1432 4260 ponebatur,
1463 4203 1567 4242 non
1613 4187 1715 4241 sibi
1766 4188 2057 4240 recondere
2082 4226 2097 4252 ,

436 4348 437 4351 η
536 4292 637 4348 sed
656 4292 720 4346 ad
743 4305 898 4345 usum
927 4303 1237 4359 pauperum,
1267 4285 1356 4355 qui
1390 4298 1483 4339 sua
1517 4281 1835 4353 patrimonia
1865 4280 2099 4349 relique-

540 4394 681 4449 rant,
712 4396 926 4439 servare
952 4380 1183 4435 solebat.

2219 542 2537 611 Salomonis,
2565 546 2632 600 de
2652 560 2755 616 quo
2783 546 2975 601 dicitur
3002 565 3015 600 :
3048 546 3480 615 Multiplicabitur
3524 550 3645 619 ejus
3698 549 3798 598 im-

2221 636 2412 704 perium
2431 646 2478 689 et
2500 638 2636 705 pacis
2663 654 2763 691 non
2785 640 2878 691 erit
2906 639 3024 708 ﬁnis
3058 638 3208 697 llsai.
3234 639 3330 707 Ix).
3366 640 3472 693 Iste
3500 647 3583 693 est
3604 651 3796 692 autem

2220 726 2352 793 lapis
2399 726 2465 781 de
2511 736 2694 782 monte
2744 728 3007 793 abscisus,
3050 732 3137 797 qui
3188 738 3401 784 terreno
3449 744 3619 798 regno
3677 729 3798 783 fidei

2219 822 2432 877 inimico
2481 832 2687 887 ruente,
2721 824 2998 890 paciﬁcum
3059 840 3153 893 per
3199 825 3382 880 orbem
3434 824 3581 878 solus
3652 834 3800 879 tenet

2217 915 2491 984 imperium
2520 915 2683 983 (Dan.
2714 915 2795 985 ti).

2286 1005 2399 1059 Erit
2418 1017 2601 1074 autem,
2636 1003 2797 1062 omnis
2825 1008 2998 1062 anima
3023 1026 3135 1075 quin
3165 1026 3269 1064 non
3301 1012 3517 1065 audierit
3541 1009 3797 1078 Pmphe-

2215 1109 2316 1151 tam
2347 1099 2492 1152 illum
2513 1100 2949 1153 exterminabitur.
2976 1100 3217 1155 Breviter
3241 1117 3304 1156 ac
3332 1103 3505 1158 lucide
3549 1104 3797 1171 prophe-

2215 1201 2382 1246 tarum
2417 1191 2648 1261 legisque
2678 1192 2983 1247 testimonio
3008 1192 3166 1246 docet
3193 1192 3473 1249 Dominum
3504 1210 3535 1249 a
3576 1197 3791 1249 cunctis

2212 1284 2528 1338 audiendum
2576 1284 2844 1351 gentibus,
2889 1283 3196 1339 incredulos
3243 1286 3457 1354 quidem
3502 1287 3794 1341 damnatu-

2211 1392 2347 1437 rum,
2377 1377 2557 1432 lldcles
2586 1392 2712 1431 vero
2753 1387 2954 1432 aeterna
3017 1376 3387 1432 benedictione
3432 1380 3788 1433 donaturum.

2283 1464 2351 1518 Et
2382 1482 2554 1520 omnes
2581 1470 2843 1537 propheta:
2869 1484 2900 1520 α
2940 1466 3184 1521 Samuele
3210 1476 3257 1520 et
3290 1469 3546 1536 deinceps.
3592 1469 3791 1533 Quant-

2210 1559 2294 1611 vis
2354 1559 2665 1623 patriarchae
2727 1571 2779 1614 et
2843 1562 3009 1615 sancti
3062 1561 3297 1628 priorum
3356 1570 3668 1625 temporum
3724 1563 3790 1615 de

2208 1648 2422 1703 Christo
2448 1649 2603 1703 dictis
2630 1650 2885 1719 factisque
2917 1650 3307 1719 prophetarint,
3339 1659 3550 1719 tempus
3607 1661 3787 1705 tamen

2164 1748 2179 1811 ‘_
2209 1741 2418 1808 prOprie
2452 1741 2829 1807 prepltetarum
2859 1755 3045 1794 eorum
3073 1742 3195 1795 dico
3221 1742 3310 1811 qni
3337 1741 3405 1795 de
3432 1742 3659 1795 Christo
3680 1742 3783 1797 Ec-

2206 1828 2485 1898 clesiacqne
2513 1832 2765 1901 mysterio
2794 1831 3070 1885 manifeste
3100 1831 3462 1901 scripserunt,
3492 1848 3521 1886 a
3552 1831 3788 1887 Samue-

2203 1921 2274 1986 le,
2309 1924 2407 1977 sub
2437 1941 2540 1990 qno
2570 1935 2620 1979 et
2648 1937 2831 1993 regum
2860 1924 2914 1979 itt
2958 1925 3139 1980 .ludaea
3187 1935 3426 1993 tempora
3473 1940 3782 1995 coeperunt.

2204 2013 2479 2067 exordium
2509 2017 2755 2084 sumpsit,
2787 2025 2841 2069 et
2870 2031 3034 2082 usque
3063 2016 3129 2071 ad
3162 2017 3503 2088 Babylonica:
3555 2020 3782 2087 captivi-

2206 2105 2327 2159 tatis
2353 2106 2670 2160 solutionem
2698 2108 3008 2174 permansit.

2275 2194 2344 2250 Et
2370 2198 2419 2249 in
2448 2198 2635 2250 semine
2656 2208 2743 2250 tuo
2767 2197 3122 2252 benedicentur
3146 2213 3322 2254 omnes
3349 2200 3565 2269 familia:
3611 2210 3778 2253 terra.

2202 2288 2393 2345 Semen
2418 2289 2629 2358 quidem
2654 2289 2881 2343 Abrahae
2929 2289 3171 2346 Christus
3220 2303 3320 2359 est,
3372 2294 3426 2347 in
3473 2292 3627 2362 cujus
3682 2293 3781 2346 lida

2203 2380 2433 2433 nominis
2475 2379 2722 2434 omnibus
2773 2390 2927 2433 terra:
2978 2379 3467 2444 familiis,Judaeis.
3504 2381 3776 2443 videlicet,

2204 2479 2255 2523 et
2279 2469 2525 2538 gentibus
2549 2480 2631 2525 est
2662 2470 2959 2525 benedictio
3006 2472 3290 2539 promissa.
3349 2471 3635 2525 Demulcet
3686 2486 3776 2523 au-

2205 2571 2310 2616 tem
2342 2566 2615 2629 apostolus
2644 2562 2848 2615 animos
2874 2560 3201 2626 Judaeorum,
3222 2577 3325 2630 quo
3354 2564 3419 2616 ad
3447 2563 3773 2616 credendum

2201 2652 2361 2707 faciat
2384 2654 2758 2722 promptiores,
2786 2653 3014 2708 dicendo
3036 2653 3177 2721 quod
3206 2655 3367 2706 totius
3399 2654 3583 2707 mundi
3608 2654 3775 2709 Sana-

2202 2750 2283 2795 tor
2311 2757 2402 2796 eos
2431 2744 2655 2813 primum
2687 2743 2989 2797 visitaturus
3009 2752 3063 2796 et
3102 2742 3485 2798 benedicturus
3527 2743 3769 2811 elegerit.

2279 2831 2435 2886 Vobis
2480 2832 2797 2904 (inquiens)
2846 2833 3066 2902 primum
3121 2832 3254 2886 Deus
3292 2834 3549 2887 suscitans
3579 2832 3772 2886 Filium

2200 2940 2366 2977 suum.
2405 2923 2501 2979 Ubi
2539 2926 2733 2992 pariter
2756 2923 3067 2978 intuendum
3094 2923 3232 2991 quod
3274 2924 3338 2976 ad
3383 2925 3631 2978 eumdem
3681 2924 3769 2977 Dei

2200 3013 2413 3078 Filium,
2438 3029 2593 3082 quem
2624 3030 2807 3069 semen
2836 3013 3063 3069 Abrahae
3094 3023 3383 3081 nuncupat,
3416 3015 3487 3069 ob
3506 3014 3638 3067 duas
3670 3020 3769 3067 uti-

2199 3119 2301 3173 que
2323 3103 2557 3173 ejusdem
2582 3101 2777 3159 Christi
2809 3115 3044 3168 naturas,
3075 3119 3140 3157 ne
3162 3104 3243 3158 vel
3270 3104 3544 3159 hominem
3571 3115 3768 3157 tantum

2198 3194 2486 3260 Christum,
2520 3196 2597 3250 vel
2628 3196 2853 3249 alterum
2909 3194 3160 3259 hominis,
3185 3205 3239 3248 et
3267 3195 3494 3248 alterum
3525 3194 3615 3247 Dei
3658 3209 3769 3247 creo

2197 3284 2386 3339 derent
2412 3286 2625 3339 Filium.
2652 3285 2768 3351 Quo
2795 3283 3012 3340 lueresis
3042 3285 3229 3354 laqueo
3252 3282 3438 3339 Manes
3478 3284 3692 3338 ins-mus
3716 3291 3768 3337 et

2198 3376 2473 3432 Nestorius
2494 3386 2615 3432 sunt
2642 3377 2872 3445 decepti.

2805 3466 3033 3522 CAPUT
3062 3465 3149 3521 IV.

2270 3561 2609 3630 Loquentibus
2628 3570 2799 3615 autent
2827 3560 2932 3615 illis
2980 3561 3049 3613 ad
3080 3560 3356 3631 malum,
3380 3566 3769 3626 superuenerunt

2201 3654 2482 3709 sacerdotes
2512 3663 2557 3705 et
2588 3652 2915 3722 magistratus
2947 3650 3122 3719 templi
3164 3658 3212 3703 et
3264 3646 3567 3719 Sadduc‘wi,
3590 3658 3645 3701 et
3672 3661 3767 3701 ca:-

2204 3754 2336 3798 tera.
2389 3743 2455 3796 Et
2501 3740 2805 3795 sacerdotes
2851 3750 2903 3794 et
2956 3739 3299 3807 magistratus
3334 3779 3349 3803 ,
3407 3738 3523 3792 sive
3582 3744 3766 3804 praetor

2204 3833 2404 3901 templi,
2431 3832 2614 3885 utalia
2647 3832 2772 3884 dicit
2800 3829 2998 3895 Editio,
3029 3831 3117 3897 qui
3159 3830 3409 3885 doctores
3463 3839 3515 3884 et
3568 3829 3767 3898 iudices

2201 3926 2516 3981 videbantur
2545 3922 2745 3992 populi,
2777 3921 3026 3976 dolebant
3053 3921 3191 3990 quod
3236 3923 3301 3974 ad
3352 3922 3629 3989 apostolos
3677 3936 3762 3974 au-

2202 4016 2427 4071 diendos
2481 4012 2761 4067 multitudo
2809 4011 3160 4067 conﬂuxerat.
3213 4011 3494 4067 Sadducmi
3546 4023 3761 4073 autem,

2204 4105 2343 4175 quod
2369 4102 2812 4159 resurrectionem
2836 4101 3202 4171 praedicarent.
3219 4099 3442 4168 Utrique
3460 4115 3608 4164 vero,
3633 4099 3760 4169 quod

2204 4196 2403 4261 Jesum,
2431 4209 2588 4263 quem
2618 4208 2647 4246 a
2670 4206 2729 4247 se
2767 4192 3003 4246 occisum
3047 4200 3305 4245 noverant
3357 4190 3652 4256 hominem,
3700 4191 3763 4243 illi

2207 4287 2347 4341 hunc
2377 4288 2706 4339 allirmarent
2733 4298 2762 4335 a
2800 4283 2908 4337 Deo
2938 4282 3093 4336 Patre
3119 4280 3496 4351 glorificatunt.

2277 4378 2343 4433 Et
2375 4380 2542 4449 factus
2564 4388 2636 4430 est
2666 4392 2901 4431 numerus
2923 4376 3147 4428 virorum
3174 4374 3393 4444 quinque
3422 4374 3610 4430 millia.
3641 4374 3692 4429 Si
3719 4374 3761 4423 in

607 4477 676 4531 Et
708 4473 1022 4547 apprehensa
1046 4487 1199 4525 manu
1250 4471 1360 4541 ejus
1414 4468 1619 4521 dextera
1674 4464 1906 4520 allevavit
1965 4480 2099 4519 eum.
2133 4487 2182 4545 ο
2208 4472 2439 4540 quinque
2465 4468 2695 4523 millibus
2722 4466 3038 4531 hominum,
3068 4480 3199 4534 quos
3230 4466 3282 4518 in
3305 4478 3491 4520 eremo
3522 4464 3764 4517 Dominus

537 4571 707 4638 Quem
757 4580 888 4621 vero
943 4566 1118 4635 erigit,
1151 4565 1290 4616 hunc
1339 4560 1499 4615 etiam
1548 4559 1765 4614 dextera
1804 4556 2094 4613 confortat.

542 4660 677 4728 Quia
730 4671 906 4712 sermo
953 4655 1197 4710 docentis
1251 4654 1305 4709 in
1352 4650 1515 4706 corde
1568 4651 1867 4705 auditorum
1922 4649 2099 4703 minus

541 4754 703 4817 valet,
733 4750 779 4804 si
810 4751 1099 4805 nonetiam
1153 4748 1379 4819 prapria:
1426 4746 1650 4802 actionis
1694 4743 2098 4799 commendatur

540 4846 819 4909 exemplis.

609 4864 691 4903 ent
733 4864 819 4902 its.

608 4939 677 4995 Et
698 4864 936 4995 resiliens
962 4937 1117 5003 stetit,
1140 4944 1184 4990 et
1216 4932 1525 4987 ambulabat.
1549 4931 1613 4985 Et
1631 4932 1832 4986 intravit
1859 4947 1973 4983 cum
1995 4931 2033 4983 il
2058 4930 2101 4983 is

538 5038 595 5091 in
620 5035 880 5101 templum.
904 5032 1048 5087 Ordo
1070 5029 1409 5099 perfectionis
1424 5029 1688 5097 egregius,
1707 5026 1930 5095 primum
1953 5026 2099 5078 illum

538 5142 757 5196 surgere
781 5122 1151 5192 qnijacuerat,
1182 5120 1374 5174 deinde
1424 5118 1663 5186 arripere
1716 5117 1988 5181 virtutem,
2039 5123 2095 5168 et

535 5220 615 5275 sic
640 5215 785 5288 regni
812 5214 1028 5285 jaauam
1050 5228 1169 5268 cum
1202 5213 1455 5281 apostolis
1484 5212 1703 5265 intrare.

607 5308 675 5363 Et
702 5307 895 5375 impleti
921 5313 1040 5359 sunt
1080 5320 1250 5358 omnes
1292 5314 1497 5373 stupore
1547 5315 1594 5355 et
1638 5303 1820 5355 extasi.
1866 5302 2099 5355 Estasitn

536 5415 787 5472 pavorem
817 5398 964 5451 dicit.
1020 5397 1149 5451 Nam
1200 5408 1253 5451 et
1304 5396 1409 5449 alio
1453 5396 1611 5448 modo
1656 5396 1849 5448 dicitur
1906 5396 2103 5448 extasis

535 5506 745 5553 amens,
780 5503 882 5542 non
906 5503 1099 5557 pavore
1120 5488 1401 5552 alienatus,
1429 5487 1523 5541 sed
1550 5487 1723 5556 aliqua
1758 5486 2104 5555 inspiratione

539 5583 880 5639 revelationis
911 5594 1240 5651 assumptus.

610 5674 843 5726 Cucurrit
872 5673 1036 5727 omnis
1078 5673 1298 5741 papulas
1324 5670 1394 5724 ad
1439 5688 1545 5737 eos,
1594 5671 1661 5723 ad
1691 5672 1939 5739 porticum
1990 5688 2103 5741 qme

541 5768 819 5836 appellatur
850 5765 1158 5823 Salomonis.
1189 5766 1402 5824 Salvato
1429 5780 1523 5835 per
1562 5765 1830 5837 apostolos
1883 5765 2096 5835 Isracle,

2211 4565 2349 4632 pavit
2380 4562 2590 4633 (Matth.
2624 4560 2752 4631 xiv),
2789 4559 3015 4629 populus
3045 4559 3142 4611 sub
3170 4558 3284 4627 lege
3316 4556 3655 4615 constitutus.
3678 4557 3760 4609 sed

2207 4657 2399 4712 Christi
2431 4670 2649 4709 munere
2676 4662 2951 4707 recreatus
2997 4651 3273 4719 accipitur,
3303 4658 3523 4717 possunt
3570 4658 3627 4704 et
3662 4649 3763 4701 haec

2205 4750 2436 4819 quinque
2461 4747 2625 4800 millia
2656 4746 3019 4815 apostolorum
3052 4742 3312 4795 instructa
3370 4740 3652 4803 doctrinis,
3683 4756 3755 4807 βυ·

2208 4842 2386 4911 pulum
2410 4840 2687 4906 designare
2712 4838 2971 4906 gentium,
3002 4832 3241 4904 ejusdem
3268 4832 3401 4901 legis
3431 4832 3763 4898 spiritualiter

2208 4931 2452 5001 mysteria
2484 4938 2745 4982 secutum.
2775 4927 2843 4979 Et
2868 4927 2999 4979 bene
3028 4924 3237 4992 utrique
3289 4936 3513 4989 vespere
3571 4921 3758 4975 etulein

2208 5038 2426 5077 munere
2454 5022 2739 5088 donantur,
2765 5018 2891 5086 quia
2923 5031 3042 5070 cum
3066 5017 3273 5069 veniret
3324 5013 3604 5081 plenitudo
3646 5021 3763 5065 tent-

2209 5116 2372 5183 poris,
2392 5112 2536 5167 misit
2564 5112 2701 5163 Deus
2734 5110 2928 5163 Filium
2958 5123 3111 5160 suum
3144 5103 3341 5176 (Colat.
3371 5107 3467 5168 tv).

2277 5204 2326 5259 Η
2334 5206 2379 5257 ie
2403 5213 2473 5258 est
2495 5203 2626 5269 lapis
2646 5202 2733 5269 qui
2755 5198 3050 5267 reprobatus
3075 5208 3148 5251 est
3171 5213 3201 5248 a
3219 5195 3355 5249 vobis
3373 5194 3756 5263 ediﬁcantibus.

2204 5304 2288 5372 qui
2318 5306 2482 5371 [actus
2504 5308 2575 5352 est
2606 5300 2654 5350 in
2688 5306 2841 5364 caput
2864 5296 3059 5364 anguli.
3092 5293 3443 5347 Aidilicatttes
3479 5304 3635 5345 erant
3682 5290 3759 5344 lu-

2205 5396 2327 5459 daai,
2358 5396 2443 5463 qui
2495 5392 2699 5448 eunetis
2740 5390 2983 5459 gentibus
3029 5388 3080 5439 itt
3133 5386 3461 5441 desolatinne
3512 5383 3757 5437 idolorum

2205 5489 2552 5547 morantibus,
2587 5486 2680 5551 ipsi
2709 5483 2806 5535 soli
2835 5483 3003 5549 legem
3034 5490 3084 5531 et
3118 5479 3404 5545 prophetas
3426 5475 3493 5527 ad
3545 5475 3759 5527 a‘dilica-

2204 5582 2400 5635 tionem
2426 5578 2661 5648 quotidie
2697 5574 2957 5642 legebant.
3010 5572 3070 5623 lli
3117 5572 3239 5622 dum
3271 5565 3629 5630 mdiliCabattt,
3652 5576 3757 5631 per-

2202 5682 2466 5727 venerunt
2492 5672 2555 5723 ad
2599 5667 2825 5735 lapidem
2881 5664 3209 5733 angularem,
3240 5662 3326 5729 qui
3380 5660 3514 5713 duos
3548 5657 3758 5727 parietes

2205 5767 2629 5835 amplectetctur,
2669 5759 2717 5815 id
2747 5768 2848 5827 est,
2876 5759 3184 5813 invenerunt
3231 5753 3283 5810 in
3310 5751 3608 5821 Scripturis
3655 5761 3756 5817 pro-
