3884 6232
87 338 182 395 953

1009 336 1233 392 SUPER
1277 336 1452 391 ACTA
1495 334 1999 392 APOSTOLORUM
2041 332 2419 397 EXI‘OSITlf‘.

3240 343 3346 398 93.5

91 452 306 521 pheticis
337 451 615 508 Christum
640 448 695 505 in
716 465 878 505 carne
910 459 1215 513 venturum,
1240 449 1328 517 qui
1369 450 1501 503 duos
1530 463 1661 503 con-
1694 450 1747 507 Α
1845 446 2203 503 Multitudinis
2242 454 2427 503 autem
2456 452 2771 505 ct'etlsntinm
2823 462 2930 506 erat
2977 468 3061 506 eor
3110 467 3267 506 tntum
3298 464 3349 507 et

89 556 228 605 deret
250 550 479 615 pepulos
504 547 557 601 in
584 544 889 613 semctipso.
921 545 981 599 Et
1004 546 1122 612 quia
1159 544 1331 612 ipsiin
1355 558 1461 597 uno
1492 542 1667 611 parie-

90 658 134 698 te
156 654 317 707 stare,
358 642 466 695 hoc
487 650 592 705 est,
615 640 713 694 soli
746 639 877 692 salvi
912 639 1024 692 fieri
1074 637 1369 701 malebant,
1400 634 1664 703 reproba-

90 743 267 788 verunt
300 732 556 802 lapidem,
577 731 663 800 qui
688 745 789 783 non
814 743 925 784 erat
954 738 1160 795 aptatus
1182 728 1247 782 ad
1281 743 1465 791 utnnn,
1488 726 1579 781 sed
1602 726 1668 780 ad

87 823 452 877 duos.Verum
472 822 632 885 Deus,
650 822 754 874 illis
781 822 902 876 licet
922 819 1249 883 nolentibus,
1269 817 1542 885 ltunc’l'pse
1574 818 1669 883 ρος

85 917 181 969 snit
212 918 262 969 in
292 924 460 982 caput
486 914 685 982 anguli,
716 924 772 967 ut
793 929 858 966 ex
882 912 1091 965 duobus
1122 909 1480 974 testamentis,
1511 916 1566 961 et
1597 922 1667 962 ex

86 1006 283 1060 duobus
327 1006 543 1073 populis
562 1003 847 1059 aediﬁcatio
875 1010 1116 1072 surgeret
1142 1000 1295 1054 unius
1323 1000 1671 1068 ejusdemque

86 1097 217 1150 lldei.

149 1185 211 1239 Et
242 1203 344 1240 non
368 1198 445 1240 est
470 1188 521 1239 in
542 1185 648 1240 alio
675 1186 851 1252 aliquo
873 1185 1036 1239 salus.
1073 1184 1125 1238 Si
1161 1183 1213 1237 in
1242 1183 1384 1237 nullo
1415 1180 1544 1245 alio,
1574 1180 1671 1235 sed

87 1279 131 1331 in
158 1278 370 1332 Christo
396 1288 606 1333 tantum
655 1278 836 1332 mundi
879 1276 1025 1330 salus
1055 1285 1156 1341 est,
1205 1290 1333 1344 ergo
1384 1284 1438 1328 et
1490 1284 1669 1340 patres

85 1370 404 1435 Testamenti
423 1370 620 1423 veteris
641 1368 879 1437 ejusdem
910 1366 1281 1432 Redemptoris
1301 1363 1670 1420 incarnatione

86 1470 131 1512 et
163 1460 415 1524 passione
438 1460 629 1513 salvati
661 1468 807 1522 sunt,
835 1458 887 1510 in
917 1473 1018 1525 qua
1051 1472 1147 1511 nos
1176 1458 1376 1512 salvari
1401 1455 1669 1511 credimus

86 1561 128 1604 et
156 1566 462 1618 speramus.
487 1552 555 1604 Et
582 1551 626 1604 si
649 1560 985 1604 sacramenta
1012 1565 1106 1618 pro
1131 1560 1433 1617 temporum
1460 1551 1668 1601 ratione

85 1642 403 1709 discrepent,
442 1641 578 1695 fides
632 1650 807 1693 tamen
858 1655 960 1693 una
1010 1640 1305 1707 eademque
1352 1636 1663 1693 concordat.

87 1734 204 1799 Quia
227 1749 392 1804 quam
423 1750 525 1787 nos
562 1749 654 1800 per
706 1734 980 1803 apostolos
1034 1732 1251 1795 factam,
1296 1732 1536 1785 eamdem
1594 1731 1666 1785 illi

93 1828 543 1893 dispensationem
574 1825 770 1880 Christi
803 1840 897 1895 per
924 1824 1207 1893 prOphetas
1232 1823 1667 1878 didiceruntesse

91 1927 383 1971 venturam.
442 1919 627 1986 Neque
677 1920 822 1971 enim
872 1927 953 1971 est
1006 1918 1301 1984 redemptio
1348 1918 1669 1982 captivitatis

93 2010 349 2067 humanm,
377 2008 478 2059 nisi
514 2009 563 2059 in
597 2008 852 2075 sanguine
874 2006 1011 2074 ejus,
1037 2006 1126 2075 qui
1151 2005 1299 2059 dedit
1320 2006 1667 2074 scmetipsum

92 2099 509 2166 redemptionem
544 2116 639 2165 pro
661 2100 932 2152 omnibus.

152 2191 424 2258 Comperto
452 2192 589 2261 quod
615 2193 842 2244 homines
864 2200 1029 2245 essent
1056 2191 1162 2244 sine
1193 2190 1378 2243 litteris
1403 2200 1447 2242 et
1474 2188 1669 2253 idiotw,

93 2283 501 2335 admirabantur.
536 2281 794 2335 lllitterati
828 2282 1111 2334 mittuntur
1140 2280 1202 2331 ad
1248 2279 1667 2349 praedicandum,

96 2390 153 2427 ne
180 2373 307 2425 ﬁdes
329 2371 690 2433 credentium,
720 2386 825 2424 non
858 2371 1054 2423 virtute
1082 2369 1196 2433 Dei,
1229 2371 1321 2423 sed
1367 2369 1669 2435 eloquentia

95 2475 240 2533 atque
268 2465 515 2517 doctrina
544 2463 657 2515 ﬁeri
693 2472 982 2530 putaretur,
1007 2473 1061 2515 ιιι
1086 2464 1373 2529 Apostolus
1399 2462 1510 2514 ait:
1549 2460 1669 2513 Non

97 2559 142 2605 in
193 2555 450 2621 sapientia
508 2554 682 2621 verbi,
733 2563 788 2606 ut
837 2569 937 2605 non
994 2562 1263 2605 evacuatur
1305 2568 1432 2604 crux
1484 2548 1674 2602 Christi

99 2642 143 2707 (l
165 2642 279 2696 Cor.
315 2642 377 2712 ι).
416 2644 596 2695 Ιόίι-ιτε
623 2642 766 2696 enim
799 2642 1132 2705 dicebantur,
1158 2642 1246 2709 qui
1292 2641 1501 2709 propria
1554 2651 1671 2691 tan-

103 2746 200 2786 tum
229 2735 431 2802 lingua,
463 2733 800 2801 naturalique
828 2732 1047 2786 scientia
1081 2736 1338 2795 contenti,
1375 2732 1669 2784 lit'erarnm

101 2825 260 2879 studia
295 2823 631 2879 nesciebant.
667 2822 941 2892 Siquidem
974 2821 1146 2876 ϐιωςὶ
1198 2821 1499 2890 pr0priutn,
1549 2818 1673 2874 ἴδιον

101 2923 299 2969 vocant.

165 3009 427 3061 Annorum
471 3009 604 3061 enim
633 3016 744 3059 erat
792 3006 941 3058 homo
984 3003 1205 3072 amplius
1234 3002 1591 3072 quadraginta,
1617 3001 1673 3054 in

102 3114 192 3166 quo
221 3099 415 3165 factum
438 3109 545 3152 erat
578 3099 778 3167 signum
812 3088 949 3149 istud
994 3096 1251 3149 amittatis.
1301 3096 1456 3149 Juxta
1510 3094 1672 3147 histo-

106 3189 226 3241 riam
250 3188 488 3255 perfecta
515 3199 645 3241 aetas
672 3188 904 3241 hominis
924 3188 1043 3240 inea
1063 3185 1454 3253 superabilihus
1470 3185 1672 3237 calum-

107 3279 363 3333 niantibus
393 3279 715 3333 ostenditur.
735 3276 1034 3345 Allegorice
1056 3287 1233 3329 autem
1261 3276 1485 3343 populus
1512 3273 1676 3327 Israel

108 3384 203 3421 non
229 3370 582 3437 quadraginta
604 3376 805 3421 tantum
829 3366 983 3419 annis
1016 3367 1067 3419 in
1098 3380 1282 3418 eremo
1301 3364 1486 3418 sordes
1514 3363 1677 3434 Egy-

109 3458 232 3523 ptias
262 3473 457 3511 manna
486 3466 794 3525 contempto
826 3456 1071 3525 requirit,
1113 3472 1295 3509 verum
1342 3466 1395 3509 et
1442 3456 1493 3509 in
1536 3468 1673 3529 terra

111 3552 531 3615 repromissionis
590 3551 728 3603 inter
786 3550 997 3603 Domini
1045 3564 1259 3618 semper
1310 3540 1677 3618 idolornmqtie

110 3642 232 3694 ritus
257 3642 610 3696 claudicabat.
664 3640 759 3695 Vel
809 3640 854 3694 si
916 3629 1171 3694 nuinerus
1224 3642 1676 3709 quadragenarius

111 3733 358 3797 geminam
394 3732 527 3801 legis
559 3730 947 3798 plenitudinem
978 3728 1241 3798 signiﬁcat
1294 3731 1504 3799 (quater
1531 3733 1674 3785 enim

110 3823 282 3875 decem
310 3823 669 3891 quadraginta
703 3822 925 3889 faciunt)
975 3822 1249 3887 utriusque
1311 3833 1676 3887 transgressor

108 3915 241 3967 velut
265 3914 745 3984 quadragenariam
782 3912 1167 3981 perfectionem
1200 3911 1396 3965 debilis
1444 3913 1674 3980 jacendo

109 4008 442 4061 transcendit.

174 4098 405 4163 Domine,
432 4107 487 4150 tu
510 4098 598 4167 qui
626 4096 791 4167 fecisti
809 4097 988 4150 caelum
1019 4105 1065 4150 et
1097 4106 1305 4161 terram,
1330 4105 1433 4151 etc.
1465 4095 1695 4150 Auditis

110 4200 501 4257 persecutorum
534 4193 692 4244 minis
722 4190 967 4245 ﬁduciam
991 4190 1093 4244 sibi
1126 4190 1403 4245 resistendi
1431 4204 1523 4259 per
1556 4192 1672 4243 vir-

108 4292 266 4337 tutum
298 4284 446 4353 signa
471 4284 788 4350 deposcunt.

172 4374 422 4428 Adversus
438 4384 671 4428 sanctum
696 4390 910 4445 puerum
933 4383 1072 4426 tuum
1085 4370 1282 4438 Jesum,
1298 4390 1441 4441 quem
1464 4376 1669 4429 unxisti.

110 4463 297 4521 Christi
328 4482 549 4530 nomen,
568 4467 637 4520 de
658 4480 762 4535 quo
791 4466 989 4519 dictum
1018 4475 1136 4519 est:
1169 4465 1234 4519 Et
1265 4469 1501 4520 adversus
1526 4468 1670 4520 Citri-

109 4570 234 4612 stum
259 4564 371 4631 ejus
406 4557 578 4628 (l’sal.
620 4560 704 4627 lt),
735 4557 799 4610 ad
832 4557 1050 4609 verbum
1103 4567 1394 4624 exponunt.
1439 4558 1676 4612 Cliri~tus

110 4652 241 4705 enim
270 4669 298 4706 a
325 4653 637 4716 chrismate,
671 4653 718 4703 id
750 4660 849 4717 est,
876 4649 944 4705 ab
966 4650 1215 4704 unctione
1238 4665 1428 4707 nomen
1454 4652 1674 4720 acet-pit.

112 4741 262 4795 Juxta
292 4742 436 4810 quod
465 4743 697 4795 dicitur:
732 4739 890 4794 Unxt't
931 4752 977 4794 te
1032 4741 1189 4806 Deus,
1217 4741 1353 4795 Deus
1406 4750 1522 4794 tuus
1570 4743 1678 4795 oleo

113 4834 290 4887 latitia:
320 4831 500 4903 (Psal.
526 4830 704 4901 xxiv),
738 4832 789 4885 id
826 4841 927 4895 est,
958 4831 1157 4899 Spiritu
1189 4842 1392 4885 sancto.

178 4926 380 4981 Etcum
410 4934 657 4993 orassent,
691 4936 855 4978 motus
883 4937 955 4979 est
977 4926 1116 4979 locus
1146 4926 1198 4978 in
1244 4942 1341 4995 quo
1368 4940 1516 4979 erant
1559 4944 1683 4981 con-

112 5021 313 5090 gregati.
348 5019 452 5087 Qui
493 5019 749 5071 virtutem
781 5018 984 5071 robusti
1020 5018 1251 5085 pectoris
1299 5028 1484 5071 contra
1541 5019 1683 5074 frau-

116 5116 225 5164 dem
250 5112 561 5179 quaerebant
591 5110 845 5172 hostium,
870 5109 1117 5164 indicium
1137 5109 1249 5178 jam
1281 5109 1476 5162 auditae
1511 5112 1683 5179 precis

118 5209 264 5255 terra!
288 5208 437 5254 mutu
465 5200 788 5268 percipiunt,
805 5211 1066 5269 quatenus
1092 5208 1446 5266 agnoscerent
1471 5212 1681 5255 terrena

120 5294 209 5346 sibi
233 5295 391 5347 corda
426 5308 546 5348 esse
577 5306 819 5356 cessura,
852 5292 952 5345 sub
974 5307 1196 5360 anruut
1232 5293 1453 5361 pedibus
1497 5304 1683 5348 sancto

123 5386 427 5440 adveniente
451 5385 687 5454 Spiritu,
720 5393 859 5438 terra
892 5384 1002 5452 ipsa
1057 5385 1127 5439 sit
1159 5398 1356 5454 pavore
1400 5400 1679 5439 concussa.

126 5476 358 5540 Quamvis
387 5477 539 5530 laetus
568 5477 730 5529 timor
757 5491 939 5529 eorum
970 5478 1058 5543 qui
1121 5477 1389 5530 credendo
1428 5477 1683 5544 apostolis

124 5569 316 5623 fuerant
347 5570 671 5640 subiiciendi
708 5570 876 5638 possit
902 5570 1139 5635 intelligi,
1166 5570 1253 5638 qui
1284 5570 1460 5623 inﬁma
1490 5586 1681 5639 grave-

128 5663 237 5717 dne
264 5664 497 5718 discussa
530 5677 920 5733 conrcsurgere
948 5678 1065 5717 cum
1092 5663 1329 5731 Christo,
1359 5671 1409 5718 ct
1446 5664 1681 5719 ctelcstia

131 5767 298 5821 sapere
324 5756 639 5813 didicerunt.

1774 542 1943 593 anima
1961 557 2081 594 una.
2102 542 2202 606 Qui
2226 543 2478 595 sincalum
2507 541 2741 610 perfecte
2769 543 3119 613 reliquerunt,
3150 559 3348 613 nequa-

1771 645 1928 695 quam
1955 633 2020 684 de
2034 632 2245 700 generis
2268 631 2544 685 nobilitate
2565 632 2854 699 gloriantes
2876 647 2933 685 se
2958 631 3185 688 invicem
3210 648 3345 700 pra:-

1772 720 2037 782 fercbant,
2069 720 2164 774 sed
2195 723 2339 775 velut
2368 723 2525 776 unius
2551 721 2897 789 ejusdemque
2926 725 3107 776 matris
3159 723 3346 777 Eccle-

1771 810 1868 863 sim
1892 809 2184 865 visceribus
2212 811 2564 879 editi,eodem
2594 812 2771 866 cuncti
2800 810 3145 866 fraternitatis
3166 829 3249 867 am
3275 828 3348 866 re

1771 902 2091 971 gaudebant.

1845 992 2123 1049 Etvirtute
2171 1012 2357 1066 magna
2412 997 2690 1053 reddebant
2745 999 2965 1068 apostoli
3007 1000 3351 1053 testimonium

1772 1092 2159 1145 resurrertionis
2188 1090 2312 1145 Jesu
2343 1091 2532 1147 Christi
2572 1093 2784 1149 Domini
2834 1097 3017 1149 nostri.
3064 1096 3348 1150 Doctorum

1773 1180 2054 1253 vigilanter
2106 1183 2515 1253 auditorumque
2570 1186 2831 1239 discernit
2894 1189 3158 1241 ordinem.
3217 1187 3349 1240 Nam

1775 1252 2055 1327 tnultitudi'i
2091 1276 2445 1343 credentium,
2474 1280 2631 1332 rebus
2677 1278 2787 1331 suis
2825 1282 3041 1346 spretis,
3072 1279 3350 1335 charitatis

1774 1367 2004 1421 invicem
2037 1370 2224 1434 copula
2254 1366 2437 1437 juncta
2460 1380 2559 1424 est.
2590 1370 2833 1439 Apostoli
2885 1387 3012 1425 vero
3065 1373 3351 1425 virtutibus

1774 1459 2101 1527 refulgentes
2127 1459 2321 1513 Christi
2358 1462 2562 1515 cunctis
2595 1462 2845 1537 mysteria
2873 1462 3193 1531 pandebant.

1842 1549 2037 1621 Joseplt
2059 1560 2251 1613 autem,
2276 1554 2361 1619 qui
2406 1554 2797 1621 cognominatus
2844 1562 2917 1606 est
2970 1552 3234 1605 Barnabas
3287 1552 3351 1605 ab

1773 1640 2040 1704 apostolis.
2078 1640 2225 1692 llunc
2260 1650 2384 1707 puto
2412 1654 2531 1693 esse
2563 1641 2856 1695 Barnabam
2903 1641 2993 1709 qui
3044 1640 3180 1695 infra
3227 1655 3351 1695 cum

1777 1734 1938 1787 l’aulo
1959 1733 2193 1800 gentium
2222 1733 2411 1801 legitur
2435 1733 2709 1798 apostolus
2735 1732 3031 1787 ordinatus.
3053 1733 3202 1789 Unde
3229 1734 3353 1801 quia

1701 1800 1742 1857 Β
1772 1822 1995 1893 Cyprius
2025 1838 2219 1890 genere
2242 1800 2376 1884 erat,
2413 1834 2591 1890 postea
2643 1823 2926 1877 discedens
2975 1838 3004 1877 a
3040 1824 3227 1887 Paulo,
3252 1800 3357 1889 pa-

1776 1916 1929 1966 trium
1984 1914 2177 1979 repetit
2228 1913 2473 1965 insulam.
2543 1912 2691 1967 Licet
2751 1913 2969 1983 quidam
3027 1914 3354 1968 arbitrentur

1775 2005 1921 2057 l’auli
1952 2003 2211 2072 collegam
2262 2019 2382 2057 cum
2435 2006 2610 2071 potius
2663 2003 2854 2069 fuisse,
2896 2006 2984 2073 qui
3030 2020 3187 2073 supra
3234 2020 3355 2058 cum

1774 2096 1992 2150 Matthia
2039 2095 2107 2149 ab
2151 2098 2484 2163 apostolatus
2531 2105 2613 2149 est
2670 2107 2817 2150 sorte
2864 2106 3133 2161 statutus,
3182 2097 3359 2151 minus

1774 2189 2061 2253 intuentes,
2096 2188 2237 2255 quod
2263 2187 2419 2254 juxta
2468 2187 2837 2242 eniendatiora
2894 2188 3219 2253 exemplaria
3269 2185 3357 2242 hic

1778 2279 2067 2342 Barnabas,
2102 2278 2191 2332 ille
2220 2275 2419 2331 mutata
2448 2279 2619 2332 littera
2670 2278 2927 2333 Barsabas
2954 2278 3269 2346 appelletur,
3302 2287 3359 2330 et

1777 2372 1825 2422 in
1859 2371 1991 2424 libro
2012 2369 2356 2423 Hebraeorum
2383 2370 2677 2432 nominum,
2700 2372 2784 2423 hic
2810 2369 2947 2436 [ilius
2967 2368 3356 2435 consolationis,

1776 2462 1863 2515 ille
1885 2471 2060 2514 autem
2090 2463 2226 2528 ﬁlius
2251 2462 2430 2530 quietis
2455 2462 2853 2530 interpretatur.

1851 2552 2002 2619 Quod
2028 2562 2097 2605 est
2129 2554 2508 2622 interpretatum
2547 2568 2719 2607 rtuus
2754 2567 3184 2607 cousourtoms.
3229 2548 3359 2605 Ubi-

1777 2657 1988 2712 conque
2018 2642 2294 2710 Scriptura
2327 2659 2497 2712 sacra,
2536 2642 2749 2697 nomina
2782 2658 2960 2698 rerum
2996 2645 3073 2698 \el
3108 2656 3362 2711 persona-

1776 2752 1893 2789 rum
1942 2750 2063 2789 cum
2113 2737 2551 2802 interpretatione
2596 2738 2761 2805 ponit,
2801 2750 3016 2790 sensum
3058 2737 3233 2802 utijue
3276 2749 3363 2788 sa-

1777 2828 2061 2881 cratiorem
2093 2826 2281 2881 iisdem
2316 2828 2486 2881 inesse
2515 2826 2801 2897 significat.
2840 2826 3025 2882 Merito
3060 2841 3187 2894 ergo
3220 2826 3361 2879 ﬁlius

1778 2918 2161 2981 consolationis
2211 2929 2451 2986 vocatur,
2501 2920 2611 2988 qui,
2661 2919 2946 2988 prasemia
2991 2927 3359 2984 contemnens,

1778 3025 1874 3079 spe
1906 3010 2201 3064 futurorum
2233 3012 2558 3065 consolatur.
2587 3011 2718 3066 Nam
2747 3011 2974 3081 Spiritus
2997 3022 3216 3066 sanctus
3242 3011 3367 3067 ideo

1784 3104 2092 3160 Paracletns
2124 3105 2549 3175 cognominatur,
2583 3105 2705 3175 quia
2738 3105 2789 3159 in
2831 3104 3029 3159 ntunda
3060 3118 3362 3171 pressuram

1783 3197 2127 3263 habentibus,
2177 3212 2268 3267 pcr
2310 3197 2572 3251 internum
2610 3197 2693 3250 sui
2736 3198 2973 3250 muneris
3015 3196 3361 3260 inlusionem,

1783 3289 2087 3356 paraclisin,
2133 3290 2182 3343 id
2226 3298 2326 3355 est,
2370 3289 2787 3344 consolationem
2819 3290 3115 3344 ctelestium
3152 3294 3365 3355 przl'SIat

1779 3383 2116 3450 gaudiorum.
2153 3382 2241 3437 Sic
2275 3383 2460 3447 beatus
2491 3382 2677 3437 Petrus
2721 3392 2933 3449 propter
2959 3379 3199 3450 ejusdem
3242 3379 3365 3447 Spi-

1778 3474 1911 3525 ritus
1943 3472 2168 3539 gratiam
2202 3472 2302 3525 llar
2329 3470 2495 3538 Jo’ua,
2527 3473 2577 3526 id
2603 3482 2683 3526 est
2702 3514 2716 3539 ,
2749 3472 2885 3540 ﬁlius
2911 3472 3177 3534 columba,
3203 3485 3364 3523 voea-

1780 3572 1799 3616 ι
1820 3578 1883 3614 η’.
1919 3564 2169 3629 Sequitur
2201 3580 2213 3614 :

1850 3654 1914 3706 Et
1939 3653 2111 3706 attulit
2143 3654 2381 3720 pretium,
2402 3663 2452 3708 et
2481 3655 2647 3723 posuit
2677 3663 2793 3709 ante
2818 3655 2966 3726 pedes
2987 3654 3358 3724 apostolorum.

1779 3747 1852 3801 De
1884 3748 1981 3801 hoc
2008 3746 2199 3801 Arator
2229 3764 2243 3800 :

1871 3837 2086 3887 Destitui
2111 3837 2309 3900 debere
2325 3838 2551 3899 probant,
2583 3837 2713 3900 quod
2738 3847 2946 3899 tangere
2972 3843 3128 3891 vitant

1871 3899 2257 3962 fialcandumque
2282 3897 2459 3947 decent
2483 3897 2613 3959 quod
2633 3897 2847 3949 subditui
2871 3906 3123 3962 gressibus
3146 3918 3313 3954 aurum
3344 3944 3359 3958 .

1874 3961 1948 4031 De
1974 3968 2308 4031 quoterrena:
2336 3962 2537 4031 veniunt
2558 3965 2616 4009 ad
2640 3970 2837 4023 pectora
2859 3961 2990 4013 curat
3013 4003 3027 4025 ,

1870 4020 2114 4072 Cousimili
2130 4021 2342 4082 jactatur
2372 4027 2535 4070 homo.

1851 4193 2082 4257 Anania,
2130 4208 2222 4244 cur
2268 4118 2738 4247 tentaitzi‘tkgltjt'tran:
2781 4210 2868 4247 cor
2914 4198 3104 4251 latum?
3152 4196 3209 4251 in
3253 4198 3357 4252 alia

1778 4284 2179 4348 Translationc,
2220 4283 2366 4352 juxta
2396 4282 2639 4338 Graecum
2679 4284 2983 4356 Exemplar,
3016 4287 3085 4342 ita
3118 4289 3308 4357 legitur
3340 4307 3356 4343 :

1779 4377 1997 4440 Anania,
2026 4390 2185 4444 quare
2211 4375 2431 4443 implevit
2460 4375 2684 4431 Satanas
2713 4390 2801 4427 cor
2830 4379 3009 4432 tuum?
3042 4376 3137 4433 Ubi
3168 4388 3358 4433 notan-

1710 4489 1752 4545 ί)
1780 4470 1903 4523 ιΙιιιιι
1928 4469 2070 4537 quod
2092 4470 2319 4521 animant
2344 4477 2399 4521 et
2420 4478 2654 4522 mentem
2684 4467 2915 4522 hominis
2940 4471 3083 4523 nulla
3108 4482 3353 4526 creatura

1777 4564 1924 4627 juxta
1958 4561 2306 4613 substantiam
2353 4560 2523 4628 possit
2562 4559 2805 4628 implere,
2847 4562 2939 4614 sed
2970 4563 3198 4615 creatrix
3241 4564 3354 4616 sola

1780 4649 2030 4705 'l‘t-init..s.
2079 4651 2209 4717 Quia
2255 4649 2621 4704 tantummodo
2661 4651 2949 4703 secundum
2990 4651 3354 4719 operationem

1782 4751 1835 4795 et
1864 4742 2149 4793 voluntatis
2191 4740 2498 4793 instinctum
2518 4783 2532 4805 ,
2578 4739 2786 4793 animus
2816 4741 2883 4793 de
2923 4740 3005 4793 his
3036 4755 3152 4809 qua:
3182 4753 3356 4797 creata

1782 4846 1901 4893 sunt
1942 4836 2209 4903 impletur.
2252 4835 2438 4902 Implet
2481 4834 2623 4888 enim
2664 4835 2887 4889 Satanas
2930 4846 3161 4891 mentem
3192 4838 3359 4891 alicu-

1778 4932 1883 4999 jus,
1932 4939 1985 4983 et
2028 4928 2319 4997 principale
2347 4929 2544 4991 cordis,
2590 4943 2693 4987 non
2727 4929 2937 4993 quidem
2969 4931 3270 4999 ingrediens
3300 4931 3355 4986 in

1781 5037 1903 5076 eum
1934 5029 1986 5073 et
2017 5021 2066 5073 in
2094 5034 2309 5073 sensum
2339 5018 2475 5087 ejus,
2507 5028 2663 5087 atque
2704 5020 2786 5086 (ut
2820 5020 2887 5073 ita
2912 5020 3113 5091 dicam)
3156 5022 3355 5076 aditum

1782 5114 1958 5168 Cordis
1991 5112 2267 5173 intrniens,
2314 5110 2576 5177 siquidem
2610 5111 2722 5165 lucc
2754 5121 2985 5178 potestas
3026 5112 3191 5167 Solius
3222 5115 3353 5167 diviv

1785 5208 1964 5260 uitatis
1992 5214 2073 5258 est
2093 5246 2107 5268 ,
2153 5205 2243 5257 sed
2277 5204 2424 5272 quasi
2454 5202 2678 5258 callidus
2715 5204 2925 5271 quidam
2953 5216 3006 5259 et
3036 5220 3263 5273 nequam
3292 5222 3356 5262 ac

1786 5297 1948 5350 fallax
1986 5294 2454 5359 fraudulentusque
2484 5292 2754 5359 deceptor,
2797 5295 2846 5346 in
2875 5309 2967 5348 eos
2996 5295 3224 5349 animam
3256 5294 3353 5349 hu-

1786 5402 1997 5439 manam
2032 5386 2245 5437 inalitiu
2288 5383 2509 5434 allectus
2541 5382 2755 5436 trahens
2800 5398 2891 5451 per
2928 5384 3274 5455 cogitationes
3305 5393 3363 5438 et

1787 5481 2049 5533 incentiva
2085 5479 2361 5537 vitiorum,
2396 5475 2587 5541 quibus
2620 5474 2733 5542 ipse
2766 5477 2949 5544 plenus
2978 5486 3076 5528 est.
3114 5474 3355 5540 Implevit

1786 5587 1909 5639 ergo
1936 5571 2159 5624 Satanas
2180 5583 2271 5621 cor
2297 5566 2533 5629 Attztni‘JP,
2560 5580 2663 5619 non
2690 5568 2799 5635 ipse
2828 5566 3095 5629 intrando,
3121 5566 3213 5619 sed
3246 5582 3355 5622 suae

1787 5662 1997 5718 malitiae
2026 5663 2165 5714 virus
2195 5657 2498 5711 inserendo.

1859 5752 1977 5807 Non
2004 5768 2052 5805 cs
2082 5751 2318 5806 mentitus
2359 5746 2673 5814 hominibus,
2706 5747 2795 5802 sed
2835 5745 2960 5803 Deo.
2996 5746 3169 5819 Supra
3211 5747 3359 5804 dixe-
