3884 6232
512 254 616 313 955

927 253 1126 308 BENE
1172 241 1616 308 VENERABILIS
1653 249 1802 305 OPP.
1842 245 2016 303 PARS
2053 242 2117 298 ll.
2147 241 2336 300 SEC’I‘.
2380 245 2419 298 I.
2459 274 2526 286 —
2559 242 2944 302 EXEGETICA
2984 242 3306 301 GENUINA.

3629 242 3742 300 956

510 373 593 420 rat
623 378 742 419 eum
786 343 1059 418 mentitum
1089 363 1303 431 Spiritui
1343 372 1546 417 sancto.
1599 363 1750 415 Pater
1795 375 1920 428 ergo
1950 357 2072 425 Spi-
2100 354 2149 412 A
2175 352 2387 407 eosdem
2410 356 2676 421 apostolos
2702 355 2768 410 de
2797 371 3012 412 carcere
3053 363 3142 411 ιιιο
3179 356 3361 410 Clauso
3400 353 3555 423 cuius
3593 355 3742 410 furtu

514 458 676 510 ritum
722 466 962 510 sanctum
1010 471 1128 509 esse
1174 456 1359 521 Deum,
1409 466 1460 508 et
1505 469 1739 508 errorem
1787 452 2079 507 Macedonii

515 550 856 614 damnatum,
890 549 1192 616 priusquam
1220 557 1372 602 natus
1400 549 1602 602 luisset.

586 662 812 715 Audiens
840 672 1006 716 autem
1039 662 1263 715 Ananias
1287 662 1394 714 Iure
1433 665 1602 726 verba,
1633 663 1810 716 cecidit
1838 672 1884 717 et
1911 665 2082 730 exspi-

515 755 668 807 ravit.
699 753 816 807 Non
841 768 1075 823 qumstus
1101 769 1254 808 causa
1289 762 1392 807 tam
1425 769 1666 808 severam
1695 757 1746 808 in
1776 756 2083 824 prtevarica-

519 851 635 899 tore
693 845 1006 898 sententiam
1058 844 1244 910 dedit,
1296 845 1387 898 sed
1448 845 1741 915 praevidens
1790 848 1841 900 in
1895 849 2082 914 spiritu

519 930 720 988 ziiania
770 934 965 998 futura,
1012 952 1129 1002 quas
1173 936 1563 1002 simplicitatem
1611 938 1863 993 Ecclesia:
1910 939 2085 1008 pravis

523 1015 760 1078 itmrihus
795 1025 1151 1079 adulterarent
1182 1028 1268 1096 (ex
1299 1028 1381 1079 his
1407 1028 1548 1081 enim
1579 1028 1900 1082 teterrimum
1930 1028 2086 1083 Sara-

528 1113 783 1169 baitarum
817 1131 980 1184 genus
1009 1117 1315 1184 perhibetur
1343 1128 1610 1184 exortum,
1642 1118 1754 1185 qui,
1787 1118 1947 1172 rebus
1977 1121 2087 1173 suis

523 1222 852 1276 nequaquam
896 1209 1183 1274 derelictis,
1229 1211 1568 1277 apostolicam
1612 1224 1668 1262 se
1698 1208 2085 1262 districtiouem

523 1299 791 1353 custodire
811 1297 1105 1369 simulant),
1132 1301 1273 1353 nulla
1303 1316 1420 1354 reos
1453 1315 1637 1366 passus
1667 1311 1746 1353 est
1778 1299 2085 1367 poenitentia

526 1389 724 1455 curari,
758 1403 942 1443 verum
972 1390 1035 1442 ad
1067 1391 1322 1469 titnorenf
1342 1392 1568 1458 posteris
1601 1391 1961 1444 mentientium
1996 1406 2091 1443 uo-

528 1479 671 1531 xium
714 1494 929 1548 germen
980 1479 1233 1533 radicitus
1274 1490 1548 1549 amputare
1587 1483 1806 1534 curavit.
1857 1481 2090 1548 Denique

525 1569 761 1636 sequitur
792 1587 806 1622 :

596 1680 665 1734 Et
689 1685 854 1751 factus
884 1693 954 1736 est
980 1685 1130 1736 timor
1157 1701 1367 1752 magnus
1395 1685 1445 1737 in
1475 1686 1754 1738 universam
1787 1685 2064 1738 Ia'cclesiam

521 1780 570 1824 et
620 1772 671 1824 in
720 1789 893 1826 omnes
942 1775 1026 1841 qui
1073 1776 1341 1828 audiebant
1393 1775 1518 1829 lucc.
1572 1775 1878 1831 Caeterorttm
1927 1789 2091 1830 autent

526 1876 674 1914 nemo
703 1879 756 1915 se
781 1864 992 1917 audebat
1023 1867 1325 1934 conjungere
1353 1867 1475 1919 illis.
1520 1866 1681 1921 Poena
1711 1867 1969 1934 duorum,
2002 1869 2089 1936 qtti

526 1953 886 2009 fraudulenter
907 1957 984 2009 eis
1004 1956 1152 2026 j'ungi
1182 1967 1529 2023 tentaverant,
1559 1960 1766 2012 caeteris
1788 1960 2086 2028 exemplum

526 2045 727 2102 tribuit.

603 2159 699 2224 Ut,
730 2161 952 2216 veniente
987 2162 1160 2230 Petro,
1192 2166 1364 2219 saltem
1396 2166 1570 2219 umbra
1609 2166 1748 2220 illius
1779 2167 2094 2221 obumbraret

523 2266 826 2320 quemquam
852 2254 1090 2323 illarum,
1128 2266 1173 2310 et
1199 2259 1549 2312 liberarentur.
1581 2259 1730 2313 Tunc
1761 2261 1947 2315 Petrus
1980 2276 2093 2312 utn—

530 2342 621 2395 lira
673 2341 753 2396 sui
795 2346 1035 2414 corporis
1077 2347 1354 2402 visibiliter
1396 2349 1654 2402 allevabat
1704 2350 1962 2414 inﬁrmos,
2005 2352 2094 2418 qui

526 2432 684 2487 etiam
728 2449 865 2489 nunc
910 2436 1160 2491 invisibili
1203 2454 1310 2492 sua:
1355 2441 1746 2494 intercessionis
1791 2441 2096 2497 umbraculo

532 2522 763 2575 litlelium
791 2524 998 2579 inlirma
1030 2526 1283 2581 roborare
1310 2545 1410 2580 non
1444 2540 1635 2584 cessat.
1667 2531 1731 2584 Et
1756 2532 1874 2599 quia
1908 2532 2096 2586 Petrus

528 2602 780 2665 Ecclesiae
826 2623 978 2682 typus
1017 2626 1119 2679 est,
1157 2616 1374 2684 pulchre
1416 2619 1528 2685 ipse
1557 2620 1765 2685 quidem
1810 2629 1984 2674 rectus
2016 2621 2097 2674 in-

530 2700 689 2765 cedit,
720 2702 814 2755 sed
845 2703 1030 2757 umbra
1050 2699 1342 2776 comitante
1367 2707 1606 2774 jaceutes
1634 2710 1812 2777 erigit,
1845 2712 1964 2777 quia
1998 2711 2096 2765 Ec-

526 2793 682 2845 clesia
714 2804 887 2848 mente
923 2803 978 2848 et
1018 2811 1195 2850 amore
1235 2799 1541 2853 coelestibus
1589 2799 1886 2865 intendens,
1938 2803 2089 2868 quasi

535 2884 824 2938 umbratica
869 2890 1178 2941 transcurrit
1220 2890 1268 2941 in
1312 2901 1475 2951 terra,
1526 2902 1574 2944 et
1624 2891 1707 2944 hic
1750 2895 2098 2960 sacramentis

530 2978 912 3044 temporalibus
938 2979 1221 3047 ligurisque
1244 2983 1535 3035 Ctelestinm
1567 2998 1803 3046 renovat,
1831 3000 1962 3053 quos
1992 2987 2096 3039 illic

2181 447 2350 500 credis
2377 447 2618 501 ablatos?

2250 528 2574 607 Aiubigebant
2610 537 2670 591 de
2706 537 2806 590 illis
2833 538 3075 606 quidnam
3116 539 3278 607 fieret.
3318 537 3394 593 Ne
3423 539 3498 593 sic
3533 539 3744 606 quidem

2185 629 2305 683 ﬁdei
2351 644 2409 682 se
2436 627 2579 684 ‘dare
2625 630 2886 685 volentes.
2941 630 3176 699 lngenita
3225 631 3366 684 enim
3415 631 3612 685 malitia
3654 645 3750 684 cor

2185 718 2443 788 perfidum
2477 719 2527 773 in
2557 719 2721 788 signis
2746 719 2903 773 etiam
2936 719 3228 773 manifestis
3256 721 3494 774 obdurat.

2256 810 2322 865 Et
2368 813 2519 864 uultis
2571 812 2809 864 inducere
2853 820 3004 880 super
3055 827 3146 864 nos
3194 814 3490 882 sanguinem
3534 811 3750 864 hominis

2183 906 2348 958 istius.
2388 905 2596 958 Oblitus
2622 913 2703 956 est
2733 904 2976 971 princeps
3016 906 3352 956 sacerdotum
3388 903 3580 965 debiti,
3611 901 3744 965 qunti

2187 995 2298 1061 ipse
2340 994 2438 1046 sibi
2488 1001 2542 1046 et
2583 993 2690 1046 suis
2732 994 3046 1060 imprecatus
3085 1003 3220 1057 erat,
3267 995 3450 1047 dicens
3484 1011 3495 1044 :
3530 993 3749 1062 Sanguis

2187 1087 2293 1155 ejus
2322 1101 2472 1151 super
2502 1099 2592 1136 nos
2617 1091 2660 1135 et
2691 1099 2838 1147 super
2866 1084 2998 1148 ﬁlios
3029 1097 3245 1135 nostros.

2260 1173 2485 1244 Surgens
2511 1182 2676 1225 autem
2695 1171 2904 1240 quidam
2928 1174 2978 1224 in
3005 1172 3214 1224 concilio
3244 1171 3531 1225 Pltarisasus
3557 1173 3749 1226 nomine

2189 1263 2460 1318 Gamaliel.
2495 1265 2589 1320 Hic
2621 1265 2898 1329 Gamaliel,
2935 1277 2990 1318 ttt
3018 1265 3266 1320 Clemens
3298 1268 3515 1328 iudicat,
3546 1278 3750 1336 aposte-

2189 1355 2358 1410 lorum
2386 1365 2503 1409 erat
2529 1356 2579 1409 itt
2615 1355 2718 1410 [ide
2746 1358 2939 1420 socius,
2966 1357 3059 1410 sed
3093 1372 3273 1410 eorum
3303 1359 3526 1410 consilio
3553 1373 3754 1427 perma-

2192 1461 2321 1500 nens
2348 1447 2482 1513 apud
2514 1446 2746 1515 Judteos,
2788 1457 2845 1501 ut
2883 1463 3067 1501 eorum
3106 1447 3159 1502 in
3205 1449 3293 1501 tali
3337 1449 3544 1504 turbine
3585 1462 3756 1519 posset

2191 1535 2377 1588 sedare
2408 1536 2662 1590 furorem.

2258 1625 2384 1676 Ante
2409 1624 2500 1678 hos
2529 1627 2660 1678 enim
2700 1625 2805 1679 dies
2848 1627 3038 1681 exstitit
3077 1624 3330 1689 Theodas,
3375 1636 3480 1680 etc.
3519 1626 3752 1681 Thendas

2072 1726 2084 1749 ν
2126 1708 2169 1766 Β
2197 1713 2280 1767 hic
2313 1717 2571 1782 persuasit
2597 1717 2800 1780 multis,
2834 1726 2890 1769 ut
2914 1716 3178 1782 Josepltus
3208 1716 3409 1781 refert,
3451 1719 3664 1771 sublatis
3694 1735 3750 1770 es

2197 1805 2327 1857 urbe
2370 1805 2706 1858 facultatibus
2747 1805 2878 1868 suis,
2929 1806 3068 1873 ripas
3105 1805 3354 1859 Jordanis
3394 1807 3651 1860 obsidere.
3698 1807 3754 1858 Et

2196 1908 2312 1946 Cum
2344 1904 2485 1946 esset
2517 1909 2720 1962 magns,
2759 1895 3064 1961 prophetam
3095 1910 3152 1947 se
3178 1895 3391 1950 diccbat
3418 1911 3552 1957 esse,
3589 1911 3754 1962 posse-

2195 1998 2297 2049 que
2338 1985 2563 2052 imperio
2591 1984 2734 2037 ﬂuvii
2763 1985 3026 2052 dirempto
3065 1987 3270 2054 gurgite
3317 1987 3555 2053 prtebere
3592 1997 3751 2039 trans-

2198 2077 2349 2129 itum.
2380 2075 2473 2128 Cui
2521 2074 2681 2128 Pltadi
2735 2078 3091 2143 procuratoris
3133 2078 3282 2142 jussu
3330 2076 3565 2143 equitum
3613 2079 3753 2130 turba

2195 2167 2595 2232 superveniens,
2643 2165 2839 2218 multis.
2865 2165 3077 2232 quidem
3121 2166 3411 2234 peremptis
3450 2178 3541 2221 aut
3578 2169 3752 2236 captis,

2196 2253 2358 2324 ipsius
2384 2265 2542 2322 caput
2567 2254 2950 2325 .lerosolymam
2977 2247 3198 2312 revexit;

2267 2344 2393 2396 Post
2441 2346 2574 2397 [tunc
2625 2347 2812 2398 exstitit
2864 2345 3029 2398 ludas
3078 2344 3347 2406 Galilwus.
3403 2346 3557 2402 Hunc
3605 2349 3753 2403 etiam

2198 2435 2381 2490 scribit
2409 2435 2673 2502 Josephus
2701 2424 3030 2502 Gamaliteu,
3059 2437 3124 2490 de
3155 2438 3368 2491 civitate
3401 2438 3645 2507 Gsniala,
3675 2443 3753 2506 qui

2202 2526 2487 2581 Sadducho
2515 2525 2740 2594 quodam
2770 2525 3042 2594 Pharisteo
3073 2525 3260 2594 cceptis
3299 2535 3592 2595 assumpto,
3620 2543 3757 2594 coge-

2200 2627 2279 2671 ret
2307 2615 2534 2684 piebem,
2583 2629 2649 2670 ne
2697 2615 2890 2670 tributa
2941 2615 3194 2670 ltomauis
3231 2616 3489 2670 solvendo
3528 2617 3750 2686 perderet

2200 2708 2516 2769 libertatem,
2561 2705 2837 2774 proferens
2874 2720 2937 2759 ex
2973 2706 3087 2774 lege
3129 2705 3356 2760 Domino
3399 2708 3497 2762 soli
3539 2710 3756 2762 servien-

2200 2797 2322 2850 dum
2345 2838 2360 2861 ,
2399 2806 2451 2848 et
2479 2811 2570 2849 eos
2596 2796 2682 2865 qui
2710 2796 2773 2849 ad
2807 2797 3060 2864 templum
3087 2795 3323 2849 decimas
3367 2795 3630 2850 deferrent
3659 2796 3762 2850 Cte-

2200 2887 2304 2940 sari
2355 2887 2545 2938 tributa
2593 2885 2818 2939 reddere
2867 2901 2971 2939 non
3013 2885 3227 2938 debere.
3281 2885 3409 2950 Quae
3459 2886 3667 2940 haeresis
3711 2885 3755 2938 in

2205 2989 2409 3034 tantum
2439 2989 2700 3045 creverat,
2733 2989 2789 3033 ut
2815 2981 2972 3034 etiam
3008 2979 3302 3033 Pharisaaos
3333 2991 3386 3034 et
3415 2981 3630 3034 multam
3659 2997 3760 3049 par-

530 3074 797 3139 perpetuis
824 3083 1127 3126 remunerat
1150 3074 1325 3128 donis.
1347 3076 1566 3140 Quidam
1598 3078 1716 3128 huic
1741 3052 1857 3130 loco
1881 3079 2096 3132 ne‘ctunt
2123 3052 2171 3114 ο
2202 3081 2308 3127 tem
2353 3074 2528 3141 populi
2566 3074 2942 3135 conturbaret.
2989 3074 3058 3125 ila
3102 3082 3156 3125 υι
3199 3072 3478 3126 Βυῐιιῖηυῐη
3509 3075 3753 3126 (Ἃιτὶειιυιι

531 3163 650 3226 hoc,
691 3163 826 3231 quod
875 3163 1126 3216 Dominus
1165 3166 1216 3217 in
1259 3165 1543 3233 Evangelio
1575 3167 1645 3220 ait
1676 3185 1688 3219 :
1724 3167 1822 3233 Qui
1857 3169 2016 3220 credit
2047 3170 2099 3221 in

528 3269 637 3319 me,
666 3270 818 3320 opera
847 3271 958 3321 qua?
982 3272 1071 3324 ego
1104 3257 1258 3324 facio,
1290 3269 1335 3308 et
1362 3258 1465 3323 ipse
1492 3258 1674 3326 faciet,
1711 3268 1758 3311 et
1788 3260 1984 3328 majora
2009 3261 2100 3311 lto—

526 3359 640 3397 rum
670 3346 815 3414 faciet
845 3344 1020 3413 (Joan.
1052 3349 1180 3416 xw).

599 3456 896 3525 Exsurgens
924 3473 1093 3513 autem
1123 3464 1353 3530 princeps
1382 3461 1717 3528 sacerdotum,
1742 3476 1786 3518 et
1816 3484 1987 3519 omnes
2011 3468 2096 3530 qui

532 3566 648 3604 cum
687 3551 775 3602 illo
805 3562 972 3613 erunt,
1012 3569 1123 3619 qua:
1162 3563 1233 3605 est
1274 3554 1476 3606 mereris
1519 3555 1948 3620 Sadducworunt,
1992 3569 2095 3609 etc.

534 3643 761 3695 [heresis
811 3643 991 3695 Gnaei:
1037 3646 1102 3696 ab
1141 3643 1399 3697 electione
1440 3659 1677 3708 vocatur,
1718 3649 1836 3714 quia
1878 3648 2099 3715 quisque

531 3736 654 3798 sibi,
695 3737 887 3800 spretis
925 3737 1144 3788 aliormu
1182 3737 1351 3800 dictis,
1397 3737 1532 3804 quod
1574 3740 1898 3805 sequendum
1943 3749 2098 3804 puta-

533 3831 696 3892 verit,
728 3830 971 3895 eligebat.
1006 3830 1281 3884 Sadducaai
1315 3841 1523 3895 autem,
1557 3834 1640 3900 qui
1683 3832 2098 3900 interpretantur

528 3920 653 3989 justi
697 3920 1070 3990 (vcndicabant
1112 3923 1250 3973 enim
1291 3922 1390 3973 sibi
1423 3922 1562 3989 quod
1595 3938 1695 3975 non
1731 3932 1914 3986 erant,
1959 3925 2099 3977 sicut

535 4011 667 4063 inf-a
695 4013 962 4079 legimus),
1009 4014 1247 4080 corporis
1275 4016 1491 4068 omnino
1534 4018 1973 4068 resumat-tionem
2008 4033 2099 4068 ne-

532 4112 740 4168 gaulus,
772 4102 999 4154 animum
1043 4106 1213 4169 perire
1246 4122 1362 4157 cum
1395 4122 1555 4160 carne
1582 4109 1846 4161 dicebant.
1891 4111 1992 4162 Sed
2035 4125 2101 4163 ne

532 4193 775 4258 angelum
807 4195 1016 4255 quuletn
1051 4195 1354 4260 spiritumve
1382 4197 1544 4248 ullum
1569 4211 1686 4249 esse
1715 4199 2023 4259 credebant,
2049 4210 2102 4253 et

530 4281 760 4349 quinque
786 4290 982 4334 tantum
1015 4284 1175 4336 libros
1199 4285 1324 4338 Mosi
1357 4287 1695 4353 recipientes,
1724 4291 2098 4354 prophetarum

2202 3166 2632 3236 interrogandum
2689 3179 2808 3220 esse
2863 3166 3169 3231 crederent,
3235 3164 3359 3220 licet
3412 3165 3601 3219 tributa
3656 3168 3752 3219 dan

2200 3257 2418 3322 Caesari,
2451 3273 2515 3310 an
2548 3256 2692 3310 non?

2808 3347 3033 3402 CAPUT
3079 3347 3162 3401 Ἠ.

2272 3437 2490 3491 Factum
2535 3449 2605 3490 est
2647 3455 2876 3489 murmur
2917 3434 3211 3489 Cra’corum
3241 3438 3482 3491 adrersas
3514 3437 3752 3493 Hebraei.

2199 3531 2368 3584 Causa
2406 3531 2694 3583 murmuris
2724 3542 2835 3582 erat
2856 3569 2869 3592 ,
2902 3529 3039 3596 quod
3074 3529 3279 3582 Hebraei
3323 3545 3446 3582 suas
3471 3531 3677 3594 viduas,
3709 3543 3755 3580 ut

2203 3632 2324 3689 pote
2376 3622 2732 3686 eruditiores,
2784 3621 2834 3674 in
2891 3621 3188 3675 ministerio
3246 3624 3560 3690 praeferrent
3606 3624 3758 3674 vidu‘s

2202 3704 2531 3765 Gicecormn.

2274 3803 2394 3868 Non
2444 3813 2516 3854 est
2560 3818 2756 3869 (equum
2797 3817 2888 3854 nos
2936 3802 3278 3871 derelinquere
3323 3804 3526 3857 verbum
3574 3803 3675 3869 Dei,
3717 3819 3749 3852 et

2203 3893 2490 3944 ministrare
2519 3893 2722 3944 mensis.
2753 3892 2828 3944 De
2857 3893 2957 3945 hoc
2989 3895 3177 3946 Arator
3207 3910 3218 3944 :

2634 4016 2646 4028 .
2675 4018 2686 4030 .
2713 4017 2723 4027 .
2755 4018 2766 4029 .
2795 3980 2951 4029 Locus
2977 3982 3146 4029 indicat.
3175 3984 3266 4030 iste
3293 4019 3306 4035 .

2326 4043 2461 4099 Quod
2482 4041 2680 4090 meliora
2705 4044 2810 4088 rudi
2842 4045 3016 4102 populo
3039 4052 3134 4096 sint,
3159 4047 3336 4095 fercula
3363 4049 3544 4093 mentis
3569 4084 3579 4102 ,

2325 4109 2473 4160 Quam
2501 4105 2616 4151 fusae
2646 4117 2732 4162 per
2757 4107 2975 4152 membra
2998 4105 3167 4165 dapes.

2271 4186 2590 4241 Considerate
2619 4202 2736 4256 ergo
2767 4188 2950 4256 fratres
2991 4203 3118 4238 rtros
3148 4204 3208 4238 ea:
3242 4188 3379 4240 vobis
3409 4189 3527 4242 boni
3556 4190 3735 4241 testimo-

2204 4280 2273 4331 nii
2304 4291 2488 4346 septem
2510 4318 2523 4341 ,
2555 4289 2656 4330 etc.
2708 4278 2838 4329 llinc
2873 4277 2983 4345 jam
3014 4277 3364 4331 decreverunt
3403 4280 3652 4343 apostoli,
3686 4280 3748 4329 re!

533 4373 795 4437 prmconia
829 4376 1169 4439 respuebant.
1204 4377 1376 4442 Atque
1407 4377 1523 4430 ideo
1554 4379 1781 4431 maxime
1816 4380 1864 4430 hi
1909 4381 2099 4446 princi-
2129 4397 2180 4456 υ
2207 4384 2543 4425 SUCCCSSOI'L‘S
2587 4370 2945 4437 εροείοιυτυιη
2967 4411 2980 4431 9
3032 4385 3127 4438 Per
3173 4386 3362 4425 (ιιιηιεδ
3405 4374 3657 4425 Εοοῐεδὶίιε
3682 4385 3750 4421 SE-

535 4465 686 4531 pibus
732 4465 781 4515 in
836 4469 1196 4534 persequendo
1246 4469 1514 4534 apostolos
1564 4472 1933 4537 astipulantur,
1985 4475 2097 4542 zelo

534 4553 775 4605 videliCet
803 4553 979 4619 ducti,
1012 4558 1149 4620 quod
1193 4557 1264 4608 illi
1300 4557 1491 4610 virtute
1519 4574 1702 4626 magna
1733 4570 1784 4612 et
1813 4561 2106 4612 "uinculo;

533 4658 644 4693 rum
668 4644 830 4709 signis
855 4645 1132 4697 redderent
1166 4649 1524 4701 testimonium
1550 4653 1952 4704 resurrectionis
1975 4652 2097 4703 Jesu

528 4730 724 4785 Christi
756 4732 960 4786 Domni
995 4739 1183 4788 nostri.

602 4824 821 4892 Angelus
850 4837 1017 4876 autem
1059 4827 1257 4879 Domini
1296 4845 1382 4892 per
1421 4842 1612 4884 noctem
1651 4837 1884 4898 aperiens
1905 4842 2098 4906 januas

531 4918 766 4980 carceris,
813 4928 914 4969 etc.
966 4918 1040 4970 Ne
1078 4920 1342 4972 dubitaret
1384 4920 1612 4975 Thomas
1659 4925 1934 4977 Dominum
1981 4941 2100 4980 esse

534 5021 745 5057 carnem
799 5018 848 5057 et
905 5023 1023 5058 ossa
1080 5020 1412 5074 gestantem,
1472 5027 1625 5079 quem
1675 5014 1849 5079 januis
1903 5017 2098 5068 clausis

536 5097 738 5146 viderat
770 5097 1071 5157 intrantem,
1115 5115 1237 5151 ecce
1280 5102 1388 5166 ipse
1417 5117 1535 5153 cum
1579 5105 1736 5155 Sociis
1774 5105 1976 5157 mortali
2008 5107 2100 5156 azi-

534 5184 634 5235 huc
662 5200 821 5238 carne
853 5191 1086 5251 vesulus,
1116 5190 1288 5254 ianuis
1316 5194 1580 5258 egreditur
1608 5195 1815 5246 clausas.

604 5276 861 5330 Carcerent
891 5280 1088 5346 quide-u
1122 5282 1394 5333 invenimus
1426 5285 1645 5334 clausum
1679 5303 1789 5336 cum
1821 5289 1954 5338 untni
1981 5289 2099 5340 dili-

532 5368 728 5434 gentia,
757 5377 802 5419 et
834 5371 1062 5422 custodes
1092 5381 1275 5424 stantes
1306 5386 1422 5424 ante
1442 5377 1664 5443 januas;
1707 5380 1981 5439 aperientes
2007 5397 2098 5429 at:-

535 5470 652 5519 lem,
687 5462 926 5512 neminem
961 5464 1249 5514 invenimus.
1282 5467 1412 5528 Quid
1435 5507 1447 5530 ,
1485 5468 1700 5528 profane
1730 5468 1924 5531 Judme,
1956 5486 2091 5521 tta-ca

535 5551 820 5603 s'tmularis
866 5554 1093 5618 insania,
1141 5556 1431 5610 l‘urazitib'ts
1477 5558 1655 5610 dicens
1696 5562 1946 5626 apostolis
1996 5562 2096 5613 ltu-

536 5647 731 5700 tninutn
775 5648 929 5702 fuisse
969 5649 1031 5703 d-
1065 5665 1405 5706 munumento
1449 5654 1747 5708 sublatum?
1793 5656 1903 5720 Dic,
1944 5671 2088 5724 rogo,

2209 4474 2346 4531 ptem
2379 4465 2652 4523 diaconos,
2686 4462 2773 4530 qui
2805 4463 3099 4514 sublimiori
3140 4465 3304 4527 gradu
3338 4476 3519 4517 essent
3546 4464 3747 4523 exteris.

2203 4562 2255 4607 ct
2285 4555 2505 4619 proximi
2535 4558 2672 4605 circa
2702 4569 2847 4605 aram
2883 4553 3032 4619 quasi
3064 4558 3324 4605 Columna:
3354 4555 3535 4607 altaris
3569 4565 3749 4606 aSStste-

2204 4656 2353 4708 rent,
2395 4655 2442 4697 et
2475 4660 2578 4697 non
2608 4645 2722 4696 sine
2747 4644 2924 4711 aliquo
2952 4644 3237 4710 septenarii
3270 4660 3476 4697 numen
3504 4645 3744 4712 mysterio.

2275 4732 2561 4799 Stephanus
2586 4743 2755 4784 autem
2783 4735 2958 4795 plenus
2983 4716 3150 4802 gratia
3176 4745 3217 4783 et
3247 4733 3542 4798 fortitudine
3567 4735 3747 4797 faciebat

2203 4825 2432 4893 prodigia
2458 4837 2502 4875 et
2541 4825 2682 4890 signa
2715 4839 2896 4893 magna
2924 4829 2975 4873 in
3005 4826 3212 4889 populo.
3247 4822 3582 4874 Surrererunt
3610 4837 3746 4874 autem

2202 4917 2402 4982 quidam
2435 4917 2496 4966 de
2525 4931 2803 4984 synagoga,
2837 4930 2946 4979 quia
2989 4914 3342 4980 appellabatur
3388 4915 3742 4974 Lilrertinorum,

2202 5020 2302 5059 Clt".
2339 4989 2637 5072 Stephanus
2665 5007 2872 5068 Grtrcc,
2899 5007 3080 5059 Latine
3113 5005 3410 5059 Coronatus
3440 5008 3638 5060 dicitur.
3666 5004 3743 5069 Qui

2204 5098 2554 5166 pulcherrima
2584 5099 2820 5159 ratione,
2866 5099 3002 5164 quod
3051 5108 3395 5164 percepturus
3443 5108 3552 5151 erat
3599 5099 3643 5148 in
3682 5110 3738 5150 te.

2202 5193 2424 5255 quodam
2459 5191 2716 5255 praesagio
2741 5199 3134 5253 pt'il‘UCCllpﬂral
3163 5189 3210 5238 in
3247 5189 3486 5250 nomine,
3517 5187 3741 5249 lapidatus

2204 5283 2486 5343 humiliter,
2520 5282 2610 5334 sed
2642 5280 2936 5332 sublimtter
2962 5289 3274 5331 coronatus.
3312 5278 3567 5331 Hebraice
3596 5288 3738 5327 autem

2204 5390 2382 5427 norma
2415 5385 2583 5426 vestra
2622 5374 3013 5439 interpretatur.
3049 5371 3327 5435 Quorum?
3362 5371 3599 5423 videlicet
3630 5382 3742 5417 tuar-

2203 5480 2372 5536 tyrum
2427 5466 2798 5532 sequentium,
2850 5463 3042 5530 quibus
3093 5464 3261 5528 primo
3311 5462 3560 5528 patiendo
3608 5459 3743 5512 [unua

2204 5562 2366 5610 luctus
2395 5572 2471 5610 est
2503 5559 2756 5611 nmrientli
2791 5573 2883 5624 pro
2914 5555 3068 5609 Cliris
3095 5572 3144 5606 0.

2275 5657 2334 5707 li:
2369 5671 2463 5706 non
2507 5659 2734 5721 gnuerunt
2777 5649 3002 5704 resistere
3040 5649 3298 5718 Stt":i€lilid’
3342 5659 3386 5701 rt
3429 5647 3648 5716 spiritui,
3677 5663 3736 5706 (ιιι
