3884 6232
92 295 186 353 ειεγ

1014 293 1236 348 SUPER
1275 275 1454 347 ACTA
1496 288 2004 347 APOSTOLORUM
2048 291 2426 349 EXl’OSITlO.

3242 291 3354 352 958

91 410 406 478 loquebatur.
451 409 561 465 lloc
591 417 704 475 est,
737 409 877 478 quod
907 409 1163 464 Dominus
1191 408 1303 478 ipse
1338 407 1449 462 suis
1481 417 1667 476 marty-
1694 407 1744 464 Δ
1772 405 2004 460 locorum
2050 406 2218 460 incola
2263 417 2398 473 erat,
2443 407 2969 463 animadvertendum
3019 415 3072 462 et
3120 418 3350 465 cteteros

94 506 232 558 ribus
261 505 338 558 ait
372 523 386 559 :
425 503 531 574 Ego
562 505 693 556 enim
726 503 856 556 dabo
887 503 1024 557 vobis
1055 520 1108 556 os
1148 513 1195 556 et
1225 502 1554 570 sapientiam,
1591 500 1673 552 cui

91 615 187 650 non
215 608 452 666 poterunt
487 598 715 648 resistere
744 605 791 646 et
815 595 1161 648 contradicere
1191 608 1364 646 omnes
1394 590 1672 644 adversarii

91 686 253 738 rastri.
291 685 520 752 Dignum
551 684 692 738 enim
735 685 833 737 iuit
873 692 929 736 ut
972 684 1024 736 in
1055 691 1444 752 protomartyre
1473 681 1670 734 contir-

93 784 259 828 niaret
287 776 429 843 quod
457 775 662 828 cunctis
691 789 785 843 pro
814 789 913 827 suo
942 775 1157 828 nomine
1200 771 1405 826 traditis
1435 781 1513 825 est
1546 785 1668 841 pro-

89 868 294 919 mittere
324 865 595 934 dignatus.

693 956 918 1011 CAPUT
965 955 1071 1010 VII.

152 1048 288 1102 Deus
329 1049 511 1118 gloria
550 1049 791 1117 apparuit
833 1051 967 1117 putri
1009 1057 1183 1101 nostro
1221 1047 1514 1112 Abraham,
1555 1062 1670 1098 cum

83 1150 204 1193 esset
246 1141 300 1192 in
344 1139 745 1213 Mesopotamia,
787 1152 890 1193 etc.
936 1139 1274 1203 Notandum,
1313 1139 1468 1205 juxta
1509 1139 1665 1191 verba

84 1232 366 1298 Stephani,
394 1233 516 1302 quia
541 1247 644 1286 non
666 1233 800 1286 sicut
829 1233 880 1286 in
906 1231 1101 1290 Genesi
1126 1233 1356 1297 videtur,
1382 1239 1499 1299 post
1526 1246 1668 1284 rnor-

82 1339 181 1378 tem
214 1326 385 1395 patris
427 1326 638 1380 locutus
676 1335 757 1379 est
785 1324 927 1378 Deus
966 1324 1230 1389 Abrahae,
1261 1325 1349 1393 qui
1394 1325 1576 1393 utique
1613 1324 1667 1378 in

81 1419 274 1471 Cbarra
304 1429 554 1473 mortuus
583 1427 689 1481 est,
718 1417 805 1471 ubi
829 1432 947 1470 cum
972 1417 1063 1472 illo
1085 1427 1136 1473 et
1162 1417 1275 1486 ipse
1301 1418 1439 1470 illius
1466 1417 1668 1469 habita-

81 1509 180 1571 vit;
213 1509 307 1562 sed
343 1509 652 1576 priusquam
683 1509 950 1562 habitaret
980 1509 1031 1561 in
1061 1508 1247 1562 eadem
1277 1509 1492 1561 civitate
1512 1547 1526 1568 ,
1554 1506 1664 1574 jam

82 1611 198 1652 lttnc
234 1615 360 1654 cum
389 1611 535 1655 esset
573 1600 626 1654 in
658 1600 1050 1670 Mesopotamia:
1081 1602 1300 1670 regione
1320 1642 1334 1665 ,
1370 1599 1523 1670 cujus
1554 1598 1666 1668 ipse

78 1701 153 1742 est
183 1689 396 1743 civitas.

1774 512 1983 566 quoque
2032 498 2357 565 patriarchas
2404 499 2597 552 ibidem
2639 514 2757 556 esse
2798 501 3055 567 sepultos,
3100 501 3344 567 quamvis

1773 589 2028 656 memoria
2071 587 2264 656 loseph
2307 590 2499 643 merito
2540 589 2802 643 celebrior
2844 589 3122 654 habeatur,
3166 589 3255 659 qui
3296 599 3352 644 et

1774 681 1884 736 huic
1916 682 2026 747 ipse
2055 681 2121 734 de
2158 681 2368 734 ossibus
2395 681 2504 735 suis
2536 679 2648 733 ﬁeri
2682 681 2983 745 mandavit,
3017 693 3066 734 et
3098 683 3161 734 ad
3191 682 3344 748 cujus

1774 776 1964 829 tribum
1994 776 2177 828 civitas
2204 775 2316 842 ipsa
2360 775 2636 842 pertinuit.
2678 773 2948 841 Siquidem
2993 773 3347 844 Hieronymus

1771 870 1823 922 in
1868 868 2088 921 historia
2121 867 2286 922 beata:
2320 868 2493 919 Paulze
2520 867 2596 920 sic
2626 867 2787 920 refert
2819 885 2830 918 :
2871 884 2888 916 ι
2926 866 3195 919 Transivit
3225 866 3348 935 (in-

1769 960 1982 1028 quiens)
2010 959 2257 1024 Sicbem,
2294 975 2398 1012 non
2429 968 2485 1011 ut
2513 960 2748 1026 plerique
2773 967 3014 1011 errantes
3048 960 3225 1024 legunt
3256 957 3346 1012 Si-

1769 1053 1918 1117 char,
1965 1067 2085 1121 qua:
2131 1067 2271 1105 nunc
2309 1050 2557 1118 Neapolis
2602 1051 2920 1119 appellatur,
2966 1061 3018 1104 et
3067 1065 3128 1103 ex
3184 1052 3349 1103 latere

1771 1147 1967 1200 montis
2000 1143 2228 1198 Garizim
2261 1153 2589 1198 exstructam
2620 1144 2758 1198 circa
2792 1153 3004 1210 puteum
3035 1141 3218 1207 Jacob,
3257 1155 3348 1194 su-

1771 1250 1862 1303 per
1905 1250 2059 1304 quem
2102 1233 2360 1288 Dominus
2401 1235 2572 1298 sedit,
2618 1235 2832 1288 intravit
2875 1234 3174 1287 ecclesiam.
3214 1251 3233 1284 »
3283 1231 3348 1286 Et

1771 1327 1925 1396 paulo
1970 1336 2086 1392 post
2129 1345 2144 1381 :
2193 1345 2210 1377 t
2252 1330 2423 1396 Atque
2461 1327 2583 1382 inde
2620 1327 2837 1395 (inquit)
2881 1327 3169 1384 divertens,
3215 1324 3349 1378 vidit

1768 1420 2044 1474 duodecim
2079 1419 2502 1488 patriarcharum
2532 1420 2797 1487 sepulcra.
2833 1439 2850 1470 ι
2877 1418 3006 1472 Item
3040 1419 3090 1470 in
3123 1417 3256 1470 libro
3280 1418 3345 1470 de

1768 1513 1970 1578 Optimo
2011 1510 2221 1565 Genere
2260 1511 2643 1578 interpretandi
2677 1527 2691 1564 :
2729 1529 2746 1560 ι
2791 1510 3075 1564 Duodecim
3123 1508 3348 1576 patriar-

1769 1604 1882 1656 Clltl:
1913 1617 2019 1654 non
2046 1611 2170 1654 sunt
2192 1601 2384 1669 sepulti
2413 1603 2462 1653 in
2487 1602 2679 1666 Arbes,
2711 1601 2804 1654 sed
2837 1602 2887 1654 in
2913 1599 3147 1654 Sicbem.
3187 1616 3206 1648 ι
3241 1597 3346 1651 Sed

1770 1692 1962 1746 merito
1996 1701 2173 1746 movet
2201 1693 2340 1758 quod
2372 1693 2609 1761 sequitur
2641 1711 2654 1745 :

143 1777 244 1834 Esi
274 1782 340 1832 de
381 1790 518 1834 terra
557 1792 670 1849 tua,
708 1793 755 1836 et
798 1783 860 1838 de
897 1785 1193 1852 cognatione
1229 1793 1340 1849 tua,
1385 1795 1432 1835 et
1471 1783 1582 1836 ueni
1612 1783 1663 1836 in
1698 1761 1741 1822 Β
1840 1783 1909 1837 Et
1940 1785 2092 1853 positi
2121 1795 2238 1838 sunt
2267 1785 2318 1836 in
2348 1787 2601 1853 sepulcro,
2636 1785 2770 1853 quod
2795 1785 2914 1836 emit
2949 1783 3204 1836 Abraham
3237 1797 3348 1848 pre-

78 1880 276 1933 temtm,
304 1887 460 1939 quam
486 1885 829 1926 monstravere
851 1875 958 1926 tibi.
990 1873 1128 1926 Tunc
1149 1875 1271 1927 exiit
1295 1876 1357 1927 de
1379 1884 1534 1940 terra,
1554 1884 1658 1927 etc.

79 1963 292 2016 Terram
317 1975 372 2018 et
394 1966 770 2032 cognationem
791 1966 1019 2018 Abraha:
1039 1965 1408 2019 Chaldworum
1435 1968 1658 2034 patriam

79 2069 349 2123 genusque
398 2057 672 2122 appellat.
723 2058 865 2112 unde
909 2058 1226 2125 jampridem
1275 2059 1658 2126 exier.ut,,qui

80 2162 206 2200 tunc
239 2147 290 2200 in
326 2148 711 2216 Mesiipotztmia
743 2148 995 2216 degebat,
1025 2149 1116 2202 sed
1144 2149 1264 2218 quia
1297 2147 1560 2216 quaslibet
1587 2147 1657 2201 ob

78 2250 255 2288 causas
297 2239 582 2305 egrediens
623 2253 720 2308 spe
760 2239 1014 2292 redeundi
1054 2247 1108 2292 et
1136 2238 1400 2293 desiderio
1441 2239 1661 2294 teneba-

79 2336 176 2389 tur.
203 2328 355 2382 audit
382 2346 410 2382 a
439 2331 667 2384 Domino
691 2349 703 2382 :
739 2329 836 2383 Exi
858 2333 920 2384 de
947 2340 1080 2384 terra
1105 2341 1212 2384 tua.
1238 2331 1350 2385 Non
1381 2345 1434 2384 ut
1463 2347 1657 2400 corpus

78 2419 191 2472 inde
241 2419 536 2488 trajiceret,
581 2421 720 2488 quod
763 2421 874 2488 jam
914 2419 1136 2487 fecerat,
1181 2423 1272 2475 sed
1322 2433 1379 2474 ut
1420 2437 1655 2476 amorem

80 2515 264 2567 mentis
290 2516 571 2567 evelleret.
615 2515 740 2568 Ideo
769 2515 910 2583 quod
953 2513 1189 2583 sequitur
1223 2533 1235 2566 :
1274 2513 1416 2567 Tunc
1445 2515 1565 2568 exiit
1595 2515 1658 2568 de

79 2615 200 2654 terra
231 2602 622 2666 Chaldaeorum,
667 2620 768 2658 non
801 2605 1064 2674 corporis,
1107 2606 1202 2660 sed
1244 2605 1438 2660 mentis
1477 2621 1658 2673 egres-

77 2709 182 2748 ium
211 2694 505 2762 significat,
546 2710 648 2761 quo
687 2713 745 2751 se
782 2698 834 2752 in
880 2707 1191 2766 perpetuum
1222 2714 1250 2752 a
1281 2697 1655 2753 Chaldaeorum

78 2793 472 2840 conversatione
505 2803 555 2840 et
586 2799 744 2854 gente
787 2789 1097 2844 secreverit.
1141 2790 1271 2855 Quia
1312 2789 1460 2858 juxta
1496 2789 1655 2844 tidem

76 2878 453 2930 tLIironicorum
497 2879 688 2932 eodem
730 2895 871 2934 anno
911 2896 938 2931 a
981 2881 1230 2936 Chaldtea
1271 2891 1353 2936 est
1385 2896 1653 2950 egressus,

76 2968 510 3036 llesopmamiam
543 2970 839 3039 ingressus,
874 2974 923 3025 in
968 2974 1182 3028 Charris
1225 2984 1484 3041 moratus,
1518 2984 1571 3029 et
1601 2976 1652 3029 in

78 3068 259 3110 terram
293 3061 728 3126 repromissionis
759 3063 1022 3117 indttetu:.

143 3148 269 3209 Quia
301 3151 397 3202 erit
431 3167 599 3203 semen
631 3153 739 3222 ejus
770 3157 943 3207 accola
982 3158 1032 3208 in
1074 3167 1206 3209 tetra
1234 3157 1418 3220 aliena,
1462 3168 1505 3211 et
1544 3175 1654 3210 ser-

76 3245 205 3296 ritu-i
233 3263 316 3296 eos
348 3248 620 3316 subjicient
643 3290 657 3313 ,
691 3258 738 3301 et
768 3251 898 3301 male
927 3256 1213 3304 tractabant
1247 3269 1329 3305 eos
1356 3255 1501 3306 armis
1529 3270 1654 3318 qua-

76 3341 370 3410 dringentis.
401 3342 517 3395 Non
551 3344 619 3395 ita
653 3345 1052 3415 intelligendum
1089 3358 1165 3401 est
1196 3351 1341 3417 quasi
1379 3350 1516 3403 male
1549 3358 1652 3401 tra-

75 3435 353 3493 ctandum,
411 3434 495 3488 vel
554 3439 800 3490 servituti
857 3441 1243 3507 subjiciendum
1305 3443 1499 3496 dixerit
1554 3446 1650 3500 hoc

76 3538 242 3578 semen
284 3527 444 3578 annis
486 3527 907 3594 quadringentis,
945 3531 1036 3584 sed
1083 3548 1175 3599 per
1216 3513 1649 3602 hyperbtnnile,

75 3616 330 3679 tendum,
384 3617 509 3684 quia
560 3619 896 3685 peregrinum
947 3624 1046 3674 erit
1095 3639 1276 3676 semen
1333 3625 1447 3691 ejus
1497 3627 1648 3677 annis

76 3706 502 3776 quadringentis,
535 3709 586 3761 in
619 3709 770 3778 cujus
818 3720 963 3777 parte
1006 3717 1259 3779 temporis
1290 3715 1446 3766 etiam
1479 3716 1644 3767 servi-

78 3805 147 3845 tus
174 3797 382 3849 accidit.
435 3797 568 3863 Quia
602 3801 744 3851 enim
775 3803 1032 3863 scriptum
1063 3813 1140 3854 eat
1179 3821 1190 3853 :
1228 3800 1292 3854 In
1322 3801 1473 3854 Isaac
1503 3819 1647 3854 vocn-

76 3887 194 3936 tttur
233 3885 321 3937 tibi
366 3903 540 3939 semen
588 3886 743 3953 (Cen.
779 3891 910 3956 χιι),
960 3901 1012 3942 et
1061 3891 1126 3942 ab
1171 3905 1310 3943 anno
1358 3893 1646 3946 nativitatis

77 3975 208 4030 lsa'ic
234 3993 404 4046 usque
431 3977 498 4031 ad
529 3993 726 4030 annum
755 3981 1078 4045 egressionis
1120 3996 1183 4033 cx
1237 3980 1466 4050 Angpto
1495 3998 1645 4035 com-

77 4075 309 4131 putantur
339 4069 465 4121 anni
499 4070 871 4138 quadringenti
906 4075 1140 4140 quinque
1161 4113 1175 4135 ,
1209 4089 1339 4140 quos
1370 4089 1518 4127 more
1550 4089 1646 4128 suo

79 4156 338 4226 Scriptura
370 4159 791 4229 quadringentos
820 4162 1067 4230 appellat,
1094 4164 1283 4231 quibus
1312 4167 1645 4231 peregrinum

76 4251 293 4302 futurum
339 4261 456 4303 erat
502 4251 628 4303 illud
675 4266 880 4318 semen,
931 4255 1040 4307 sive
1089 4256 1138 4307 in
1191 4264 1328 4308 terra
1373 4255 1641 4318 Chanaan,

79 4339 176 4395 sive
203 4342 251 4394 in
280 4341 543 4413 Egypto,
573 4353 745 4409 potest
775 4355 829 4396 et
856 4347 932 4397 sic
960 4346 1206 4414 intelligi,
1235 4350 1371 4415 quod
1405 4364 1431 4401 a
1463 4350 1647 4417 quinto

1765 1877 1836 1928 tio
1865 1877 2064 1946 argenti
2106 1893 2135 1928 a
2175 1877 2295 1943 ﬁliis
2333 1875 2529 1929 Hemor
2558 1876 2654 1943 ﬁlii
2684 1875 2910 1931 Sic/tem.
2957 1875 3118 1927 Docet
3147 1876 3342 1926 etenim

1765 1965 2009 2031 Genesis,
2053 1965 2322 2019 Abraham
2364 1967 2431 2018 ab
2481 1966 2694 2034 Ephron
2727 1966 2833 2018 lilio
2871 1967 3003 2018 Seor
3048 1965 3248 2018 llezhtei
3293 1964 3346 2017 in

1765 2057 2112 2112 Cariatbarbe
2147 2059 2317 2112 locmn
2360 2059 2587 2127 sepulcri
2621 2057 3023 2127 quadringentis
3077 2058 3344 2124 argenteis

1763 2148 1910 2201 siclis
1940 2149 2154 2213 emisse,
2193 2149 2244 2201 in
2276 2163 2379 2216 quo
2409 2137 2526 2217 ipse
2551 2149 2842 2211 Abraham,
2878 2149 3039 2211 Isaac,
3073 2161 3124 2201 et
3153 2147 3342 2213 Jacob,

1762 2249 1814 2292 et
1839 2238 2008 2291 Adam
2041 2239 2401 2306 protoplastus
2431 2239 2646 2307 sepulti.
2682 2239 2917 2308 itemque
2944 2240 3107 2291 Jacob
3133 2237 3202 2292 de
3231 2240 3342 2292 Me-

1761 2330 2056 2393 s0potamia
2108 2345 2381 2383 reversum
2432 2331 2579 2400 juxta
2637 2332 2822 2385 urbem
2873 2330 3086 2384 Siehem
3138 2342 3340 2398 partem

1761 2423 1907 2487 agri,
1944 2436 2049 2488 quo
2079 2420 2417 2481 tabernacula
2451 2422 2727 2486 tenderet,
2761 2423 2824 2476 ab
2855 2422 3050 2476 llemor
3082 2431 3230 2490 patre
3257 2422 3341 2476 Si-

1761 2510 1914 2565 chem
1947 2512 2082 2564 datis
2109 2523 2321 2568 centum
2363 2513 2512 2580 agnis
2551 2515 2838 2580 accepisse.
2888 2513 3000 2566 Non
3043 2515 3172 2566 emit
3209 2529 3337 2581 ergo

1762 2603 2030 2656 Abraham
2073 2605 2375 2670 sepulcrum
2419 2606 2483 2658 ab
2534 2606 2728 2658 llemor
2775 2604 3086 2669 Sicbemita,
3131 2605 3224 2659 sed
3271 2605 3340 2659 ab

1762 2696 1975 2763 Ephron
2009 2696 2248 2762 llethmo,
2297 2698 2350 2751 in
2390 2712 2494 2766 quo
2542 2698 2821 2751 duodecim
2872 2697 3190 2764 patriarcha:
3232 2714 3336 2751 non

1760 2799 1883 2841 sunt
1913 2789 2124 2857 sepulti,
2154 2790 2245 2844 sed
2279 2790 2328 2844 in
2356 2790 2592 2857 Sicbem,
2620 2801 2676 2844 ut
2705 2790 2959 2844 diximus.
2992 2789 3183 2842 Verum
3214 2791 3338 2844 bea-

1761 2887 1842 2933 tus
1869 2879 2170 2946 Stephanus
2201 2883 2352 2949 vulgo
2385 2884 2626 2950 loquens,
2659 2883 2796 2952 vulgi
2833 2883 3000 2951 magis
3027 2882 3077 2935 in
3105 2881 3332 2935 dicendo

1758 2974 2000 3039 sequitur
2030 2975 2352 3041 opinionem.
2405 2975 2544 3028 Duas
2576 2976 2718 3028 enim
2766 2975 2962 3044 pariter
3003 2976 3336 3028 narrationes

1760 3065 2109 3135 cenjungens,
2157 3081 2261 3120 non
2309 3079 2411 3119 tam
2460 3067 2700 3121 ordinem
2735 3066 3124 3119 circumsmntis
3158 3065 3334 3116 histo-

1706 3142 1727 3164 ’
1762 3159 1875 3222 rite,
1907 3175 2061 3224 quam
2103 3175 2336 3222 causam,
2381 3161 2444 3214 de
2485 3177 2582 3226 qua
2623 3158 2895 3226 agebatur,
2941 3158 3188 3210 intendit.
3230 3154 3331 3222 Qui

1757 3251 1901 3303 enim
1945 3251 2355 3305 insimulabatur
2386 3253 2641 3305 adversus
2675 3253 2846 3305 locum
2889 3259 3130 3303 sanctum
3163 3257 3217 3301 et
3255 3249 3334 3302 leo

1753 3359 1872 3410 gem
1903 3343 2168 3405 docuisse,
2202 3346 2373 3412 pergit
2401 3347 2681 3398 ostendere
2709 3343 2976 3410 quomodo
3002 3341 3154 3397 lesus
3181 3341 3333 3395 Chri-

1753 3448 1866 3487 stus
1913 3452 1974 3488 ev
2027 3439 2139 3504 lege
2188 3447 2507 3489 monstretur
2555 3453 2674 3487 esse
2723 3433 3037 3502 promissus,
3086 3442 3138 3485 et
3187 3433 3328 3500 quod

1753 3525 1874 3590 ipsi,
1922 3541 2018 3578 nec
2061 3512 2184 3578 tunc
2213 3525 2359 3588 Mosi,
2396 3540 2491 3578 nec
2535 3525 2760 3576 Domino
2807 3539 2946 3574 nunc
2989 3522 3190 3574 servire
3221 3537 3334 3572 ma-

1753 3618 1968 3668 luerint.
2006 3617 2130 3668 llam
2161 3625 2218 3669 ut
2251 3617 2392 3681 potui
2424 3616 2529 3666 dixi
2551 3655 2564 3677 ,
2595 3631 2698 3667 non
2733 3612 3084 3680 praejndicans
3115 3617 3334 3663 senten-

1754 3711 1838 3762 tite
1869 3707 2092 3768 meliori,
2128 3707 2168 3758 si
2199 3708 2355 3758 adsit.
2393 3707 2554 3758 Porro
2581 3707 2716 3771 quod
2751 3705 2940 3756 dicitur
2965 3705 3032 3755 :A
3067 3703 3188 3769 ﬁliis
3223 3701 3329 3753 Ile-

1752 3814 1860 3851 mor
1892 3798 1988 3861 ﬁlii
2018 3797 2250 3859 Sic/tem,
2285 3796 2335 3849 in
2378 3797 2562 3849 Graeco
2593 3795 2886 3860 exemplari
2916 3795 3173 3858 scriptum
3203 3804 3281 3845 est
3317 3808 3332 3845 :

1749 3889 1791 3940 Α
1842 3889 1961 3954 [iliis
2013 3886 2228 3944 llemor,
2280 3888 2365 3952 qui
2408 3888 2500 3953 fuit
2545 3889 2598 3937 in
2646 3886 2871 3950 Sic/tem,
2923 3885 3062 3953 quod
3109 3885 3334 3937 Genesis

1752 3979 1985 4032 historia:
2041 3982 2209 4045 magis
2263 3978 2587 4032 concordare
2642 3980 2884 4041 videtur,
2945 3980 3152 4029 tametsi
3217 3975 3330 4027 lini

1752 4074 1982 4137 potuerit
2025 4081 2079 4124 ut
2125 4071 2265 4124 idem
2319 4071 2514 4124 lletnor
2562 4082 2615 4124 et
2665 4080 2865 4139 patrem
2907 4069 3074 4123 lilium
3119 4069 3329 4123 Sit-hem

1750 4166 1962 4218 nomine
1996 4167 2231 4217 haberet.

1821 4256 1945 4310 Cum
1985 4257 2410 4324 appmpinquaret
2455 4264 2620 4307 autent
2663 4265 2855 4322 tempus
2898 4254 3324 4320 repromissionis,

1751 4364 1899 4416 quant
1946 4351 2206 4414 confessus
2255 4346 2422 4411 fuerat
2477 4345 2620 4406 Deus,
2658 4345 2891 4395 Abrultw.
2939 4344 3081 4395 llhns
3123 4345 3320 4409 utique,

74 4446 199 4484 anno
239 4433 406 4500 Isaac,
453 4451 561 4502 quo
605 4450 697 4502 per
740 4437 900 4488 lilium
949 4439 1155 4490 ancillae
1197 4452 1348 4504 carpe
1381 4439 1420 4493 it
1459 4441 1639 4509 afﬂigi,
1674 4458 1722 4515 υ
1753 4453 1848 4505 qua
1882 4437 2076 4489 dictum
2109 4447 2187 4488 est
2223 4454 2233 4488 ;
2269 4434 2332 4487 Et
2381 4444 2490 4504 post
2533 4435 2640 4487 Itarc
2684 4434 2908 4502 exibunt,
2955 4441 2999 4486 et
3041 4435 3323 4488 deserviant

76 4525 211 4579 labor
238 4528 756 4595 quadringentorum
789 4542 1123 4596 computetur
1151 4548 1428 4585 annorum.

136 4617 401 4668 Accersirit
445 4615 635 4686 Ioseph
683 4616 841 4671 Jacob
890 4630 1082 4688 patrem
1128 4638 1311 4684 suum,
1360 4631 1404 4674 et
1449 4640 1644 4676 omnem

75 4711 414 4776 cognationem
469 4710 522 4760 in
573 4709 838 4762 animabus
888 4715 1208 4780 septuaginta
1257 4715 1491 4783 quinque.
1549 4718 1643 4768 Se-

74 4799 328 4866 ptuaginta
372 4798 698 4868 lnterpretes
738 4805 977 4870 sequitur
1017 4803 1064 4853 in
1107 4804 1352 4865 dicendo,
1394 4817 1638 4859 C'I'lt’l‘tllll

78 4905 120 4938 ID
153 4889 408 4945 llehraica
442 4893 685 4958 veritate,
720 4895 909 4946 animus
952 4905 1154 4946 tantum
1198 4899 1529 4965 septuaginta
1563 4916 1642 4952 re-

79 4983 363 5042 petittntur.
401 4983 505 5036 Sed
538 4994 590 5037 et
632 4987 672 5037 si
718 4987 883 5052 ipsam
915 5000 1206 5037 animarum
1239 4990 1428 5040 seriem
1460 4993 1506 5040 in
1540 4990 1639 5043 Ge-

80 5073 181 5124 nesi
211 5087 525 5140 computare
551 5075 801 5140 volueris,
825 5079 1005 5128 addito
1036 5077 1147 5142 ipso
1177 5078 1342 5130 Jacob
1368 5089 1419 5132 et
1446 5079 1638 5146 Jo~eph

77 5178 180 5215 eum
212 5167 420 5220 duobus
463 5166 610 5234 ﬁliis,
645 5171 730 5234 qui
761 5181 912 5222 erant
947 5171 993 5221 in
1027 5168 1274 5239 Aigypto,
1310 5176 1638 5242 septuaginta

78 5257 393 5312 solummodo
424 5260 630 5313 animus
664 5263 917 5313 invenies.

142 5351 202 5401 Et
231 5354 501 5419 defunctus
531 5363 602 5405 est
647 5356 756 5418 ipse
798 5366 842 5408 et
887 5364 1052 5421 patres
1092 5357 1271 5418 nostri,
1322 5368 1366 5407 et
1410 5358 1642 5408 transtuli

80 5452 181 5492 sunt
206 5441 254 5492 in
283 5441 505 5496 Sic/tem.
543 5446 617 5498 De
649 5444 843 5512 Joscph
875 5447 1084 5512 quidem
1117 5447 1229 5498 solo
1261 5448 1529 5514 Scriptura
1561 5464 1641 5501 re-

83 5531 202 5594 lert,
241 5536 377 5601 quod
409 5537 527 5603 ejus
566 5551 685 5588 ossa
719 5539 782 5589 de
813 5537 1048 5606 ASgypto
1079 5540 1332 5592 ινθιιμιδιιι
1355 5584 1367 5603 ,
1401 5551 1450 5594 et
1484 5543 1530 5592 io
1560 5542 1640 5595 Si-

83 5624 217 5675 tlicm
247 5637 366 5677 sunt
393 5628 648 5679 tumulata
671 5669 684 5691 ,
722 5643 904 5681 verum
932 5639 984 5680 et
1009 5645 1071 5683 ex
1107 5631 1184 5685 his
1217 5632 1353 5684 beati
1385 5632 1638 5700 Stephani

83 5714 268 5787 urbis,
299 5729 348 5772 et
379 5722 548 5774 sancti
588 5720 903 5790 Hieronymi
938 5722 1175 5792 scriptis,
1210 5724 1297 5793 qui
1328 5728 1636 5785 eorumdcnt

1752 4530 1871 4580 mihi
1902 4529 1954 4579 in
1986 4528 2097 4579 loco
2122 4529 2236 4581 isto.

1822 4621 1947 4684 Quis
1975 4632 2018 4673 te
2046 4621 2303 4674 constituit
2344 4620 2622 4689 principem
2663 4630 2708 4671 et
2741 4620 2967 4686 judicent
3009 4636 3160 4686 super
3198 4621 3329 4673 nos?

1751 4711 1802 4762 In
1847 4719 1953 4762 tota
1996 4713 2116 4764 illos
2146 4713 2404 4765 concione
2436 4727 2528 4765 sua
2573 4712 2873 4780 redarguit,
2915 4711 3024 4779 jam
3069 4719 3193 4767 tunc
3225 4714 3327 4781 legi

1745 4803 1980 4871 Slosique
2013 4804 2177 4857 fuisse
2207 4805 2520 4857 contrarios.

1820 4895 1918 4947 llic
1960 4905 2030 4948 est
2078 4896 2244 4949 Moses
2290 4898 2373 4963 qui
2423 4898 2552 4949 dixit
2598 4895 2719 4962 [iliis
2767 4894 2980 4948 lsratl:
3015 4895 3324 4962 PrOphetam

1746 4987 1881 5039 vobis
1910 4988 2168 5040 suscitabit
2195 4987 2326 5040 Deus
2355 4990 2414 5041 de
2445 4989 2687 5054 fratribus
2719 4989 2918 5052 vrstris,
2949 4997 3186 5054 tanquam
3220 5004 3316 5041 me.

1745 5081 2014 5148 'l'anquam
2049 5096 2165 5144 me,
2200 5095 2360 5132 carne
2390 5081 2684 5142 visibilem,
2720 5082 2810 5132 sed
2843 5095 3000 5142 super
3033 5096 3115 5131 me
3149 5081 3314 5144 inaje-

1743 5180 1877 5224 state
1907 5172 2237 5233 mirabilem,
2269 5171 2359 5225 sed
2390 5185 2543 5238 super
2579 5187 2660 5223 me
2692 5169 2970 5236 majestate
3003 5171 3316 5222 terribilem.

1745 5264 1818 5315 Ne
1863 5280 2018 5328 nova,
2066 5263 2255 5330 inquit,
2290 5274 2340 5317 et
2385 5263 2668 5315 adventitiu
2714 5261 2907 5314 Christi
2952 5261 3156 5313 dicatur
3201 5276 3321 5314 esse

1743 5355 2005 5419 doctrina,
2046 5354 2159 5422 ipse
2199 5355 2399 5418 Moses,
2444 5355 2528 5407 cui
2573 5355 2853 5406 noluerunt
2885 5353 3100 5405 obedire
3145 5361 3321 5417 patres

1745 5448 1902 5500 VCall'l
1927 5489 1940 5509 ,
1977 5447 2224 5513 praedicat
2255 5458 2305 5500 et
2337 5448 2386 5498 in
2419 5446 2645 5498 hominis
2677 5447 2816 5497 hunc
2845 5446 3011 5497 forma
3043 5447 3278 5498 futurum
3300 5486 3314 5509 ,

1743 5551 1792 5596 et
1822 5542 2023 5593 eunetis
2055 5542 2328 5592 animabus
2360 5541 2476 5591 vita:
2513 5549 2770 5605 praecepta
2805 5539 3070 5590 daturum.

1817 5631 2063 5697 Nunquid
2105 5633 2332 5684 victimas
2362 5641 2446 5682 aut
2489 5631 2679 5682 hostias
2723 5630 2973 5681 obtulistis
3018 5629 3140 5680 mihi
3170 5629 3319 5680 annis

1743 5727 2078 5797 quadraginta
2136 5726 2185 5780 in
2242 5725 2479 5779 deserto?
2536 5722 2783 5789 Quamvis
2834 5722 3146 5777 necessitate
3203 5734 3316 5774 ser-
