3884 6232
550 316 655 378 959

976 318 1181 375 BEIUE
1225 314 1667 372 VENERADILIS
1705 317 1853 373 OPP.
1897 317 2067 373 PAllS
2107 318 2116 369 l

2230 318 2389 376 lECT.
2430 320 2470 375 Ι.
2514 349 2582 362 -—
2611 317 3001 377 EXEGETICA
3042 312 3362 374 GENUINA.

3674 314 3757 370 930

555 429 731 489 viendi
760 431 981 488 Domino
1012 431 1242 495 libarint,
1273 442 1447 484 meme
1473 430 1642 483 aversi
1678 428 1935 499 veraciter
1960 409 2110 481 idolis
2144 430 2187 485 Α
2286 433 2384 483 Aul
2415 431 2523 500 quis
2553 431 2692 484 locus
2720 428 3045 497 requietionis
3073 440 3213 479 .mea!
3248 423 3372 478 est?
3420 420 3538 477 Non
3573 435 3751 475 aureus

552 524 783 581 servisse
806 523 1071 590 dicuntur,
1113 538 1177 577 ex
1200 537 1278 598 eo
1308 532 1565 589 tempme,
1596 537 1697 592 quo
1727 536 1911 574 aurum
1946 522 1993 573 in
2025 536 2115 573 oa-

556 622 650 683 put
676 614 823 667 vituli
854 618 1376 668 transl‘ormaverunt
1424 612 1553 664 Nam
1583 611 1721 681 quod
1765 620 1941 679 postea
1973 626 2118 679 quaa-

556 707 674 759 dam
704 705 929 759 Domino
956 720 1047 759 eos
1088 704 1310 772 legimus
1351 704 1628 766 obtulisse,
1672 717 1779 755 non
1826 704 2113 763 voluntate,

554 796 669 860 sed,
719 796 792 850 nti
839 811 903 849 ex
949 795 1047 849 hoc
1091 794 1206 848 loco
1232 794 1505 858 discimus,
1551 808 1828 859 plenarum
1877 792 2119 846 fecermtt

553 898 695 939 metu
714 928 729 952 ,
757 895 811 940 et
837 900 1019 940 eorum
1052 884 1437 948 interiectione,
1466 884 1555 953 qui
1587 896 1798 950 propter
1827 882 1961 935 idola
1995 896 2116 936 cor-

552 986 796 1032 ruerunt.
831 978 1081 1031 Dominus
1110 987 1284 1031 autem
1314 991 1419 1031 non
1448 992 1506 1029 ea
1536 990 1654 1044 quae
1682 976 1995 1039 nﬁ‘eruntnr,
2020 974 2113 1029 sed

550 1070 872 1123 Voluntatem
908 1068 1121 1135 respicit
1155 1067 1506 1122 oﬁ'erentinm.
1549 1067 1786 1137 Denique
1817 1067 2113 1135 nbiCunque

552 1160 763 1213 occasio
784 1157 899 1221 fuit,
924 1174 1132 1226 semper
1154 1158 1315 1211 corde
1341 1158 1539 1212 reversi
1566 1167 1691 1211 sunt
1722 1161 1770 1209 in
1797 1156 2109 1225 Egyptum.

621 1248 684 1303 Et
725 1252 1014 1319 suscepistis
1053 1252 1423 1305 tabernaculum
1467 1250 1691 1305 Molorlt.
1731 1252 2002 1315 Quamvis,
2036 1253 2115 1304 iit-

547 1342 690 1410 quit,
721 1341 1029 1395 videremini
1076 1342 1140 1395 ad
1184 1342 1581 1396 tabernaculum
1629 1340 1830 1395 Domini
1873 1342 2114 1396 victimas

552 1430 854 1501 hostiasqne
886 1432 1115 1497 deferre,
1150 1440 1254 1484 tota
1284 1443 1457 1485 tamen
1487 1430 1778 1487 intentione
1820 1432 2011 1486 mentis
2038 1432 2114 1498 lay

548 1538 676 1577 num
721 1522 924 1576 Moluch
970 1523 1254 1591 amplexati
1305 1524 1455 1579 estis.
1508 1524 1602 1577 Est
1657 1534 1831 1577 autem
1884 1523 2110 1597 Molocb,

547 1616 659 1669 sive
689 1613 969 1678 Melchom,
1003 1623 1060 1667 nt
1106 1628 1247 1681 saepe
1276 1614 1435 1668 etiam
1487 1615 1695 1684 legitur,
1745 1613 1941 1667 idolum
1987 1617 2117 1668 Am-

545 1705 892 1769 ninnitarum,
918 1706 1055 1773 quod
1085 1703 1459 1772 interpretatur
1482 1720 1570 1757 rex
1596 1715 1777 1757 vester.

2219 523 2397 589 utique
2425 523 2505 576 vel
2532 537 2859 577 marmoreus
2881 520 3147 577 terrestris
3174 517 3454 571 habitaculi
3488 514 3657 579 locus,
3680 514 3755 567 Sed

2219 614 2322 677 ille,
2367 593 2521 681 quem
2557 613 2819 679 Propheta
2868 610 3176 666 subnectit:
3212 609 3381 674 Super
3422 622 3567 669 quem
3611 616 3763 657 autem

2216 703 2479 769 requiescit
2526 701 2753 770 Spiritus
2784 717 2949 765 meus,
2996 699 3095 753 nisi
3119 715 3269 768 super
3301 697 3543 750 humilem
3575 705 3623 747 et
3649 697 3764 762 quie-

2217 804 2346 861 tum,
2386 806 2430 847 et
2456 805 2750 847 trementem
2772 810 3024 847 sermones
3054 808 3187 844 meas
3222 789 3374 862 (Isai.
3414 788 3598 854 vat)?

2291 884 2392 950 Qui
2431 884 2692 953 accepistis
2739 883 2904 953 legem
2953 883 3006 935 in
3049 882 3431 952 dispositionem
3460 876 3762 948 angelorum.

2216 974 2324 1028 Lex
2364 986 2446 1031 est
2474 976 2615 1030 enim
2642 974 2884 1030 ordinata
2915 989 3008 1042 per
3038 972 3275 1043 angelos,
3315 974 3370 1027 in
3399 986 3558 1025 manu
3589 968 3773 1024 Medis-

2216 1067 2369 1122 toris.

2286 1156 2418 1211 Ecce
2441 1158 2585 1213 video
2612 1156 2763 1213 αξιοι
2778 1167 3001 1227 apertos,
3025 1164 3070 1210 et
3086 1154 3284 1208 Filium
3311 1154 3533 1208 hominis
3564 1162 3761 1205 stantem

2216 1261 2246 1300 a
2268 1248 2457 1301 dextris
2492 1248 2606 1303 Dei.
2638 1247 2772 1303 Cum
2802 1248 3055 1303 Dominus
3096 1246 3343 1301 Chrisms
3372 1256 3425 1299 et
3466 1245 3561 1299 Dei
3590 1252 3642 1298 et
3681 1242 3764 1295 ho-

2216 1338 2373 1415 minis
2401 1338 2667 1406 perfectus
2696 1339 2766 1393 sit
2790 1338 2977 1404 Filius,
3001 1338 3125 1407 quid
3151 1346 3232 1391 est
3255 1334 3393 1402 quod
3420 1335 3563 1387 hunc
3595 1336 3762 1387 beatus

2217 1443 2416 1501 martyr
2446 1431 2679 1486 hominis
2728 1434 2904 1501 potius
2940 1446 3097 1499 quam
3147 1428 3235 1484 Dei
3286 1428 3480 1482 Filium
3513 1425 3761 1495 appellare

2216 1525 2418 1590 maluit,
2457 1525 2541 1578 cui
2584 1526 2702 1594 plus
2730 1527 2916 1602 utique
2954 1524 3140 1594 gloriae
3168 1523 3446 1577 videretur
3483 1520 3762 1579 delaturos,

2216 1616 2260 1669 si
2290 1631 2410 1669 eum
2445 1616 2536 1670 Dei
2588 1619 2762 1685 potius
2792 1632 2948 1687 quam
2995 1615 3228 1669 hominis
3280 1612 3470 1668 Filium
3515 1611 3767 1681 appellare

2217 1704 2491 1772 voluisset,
2526 1707 2625 1759 nisi
2654 1716 2711 1760 ιιι
2741 1706 2843 1760 hoc
2872 1707 3179 1761 testimonio
3208 1704 3519 1759 Judaeorum
3562 1699 3767 1755 confuno

618 1794 684 1848 Et
731 1795 873 1849 sidus
907 1794 1001 1849 Dei
1042 1795 1192 1847 vestri
1242 1792 1535 1861 Remphan‘.
1586 1794 1872 1847 Dimisistis
1901 1793 2109 1864 (inquit)
2146 1774 2188 1831 Β
2220 1792 2436 1847 deretur
2477 1794 2783 1861 inﬁdelitas,
2818 1795 2904 1864 qui
2945 1810 3007 1849 se
3038 1790 3306 1849 hominem
3343 1792 3765 1854 cruciﬁxisse,et

547 1883 709 1937 Deum
741 1899 921 1938 verum
966 1896 1014 1938 et
1060 1884 1258 1947 vivum,
1291 1894 1345 1939 et
1384 1886 1529 1938 sidus
1574 1884 1875 1953 Reinpban,
1920 1885 1970 1938 id
2011 1893 2115 1948 est,

546 1975 767 2029 factum
792 1985 1004 2039 vestrae,
1036 1974 1183 2027 vobis
1212 1989 1307 2043 pro
1339 1974 1448 2027 Deo
1491 1974 1817 2040 suscepistis.
1848 1974 2117 2043 Signiﬁcat

543 2077 720 2120 autem
769 2065 1090 2131 Luciferum,
1137 2066 1284 2135 cujus
1328 2066 1488 2120 cultui
1535 2065 1945 2127 Sarracenorum
1984 2080 2116 2134 gens

543 2157 614 2212 ob
643 2160 893 2212 honorem
928 2158 1145 2213 Veneris
1173 2168 1289 2212 erat
1339 2158 1655 2225 mancipata.
1707 2160 1771 2212 Et
1802 2160 1921 2227 quia
1952 2159 2117 2213 Rem-

547 2249 684 2315 phan
711 2249 793 2319 (ut
819 2247 950 2317 dixi)
985 2250 1185 2301 iactura
1223 2256 1433 2311 vestra,
1466 2249 1543 2302 vel
1577 2248 1786 2315 requies
1816 2256 1992 2301 vestra
2027 2248 2123 2316 in—_

549 2348 883 2406 tcrpretatur,
918 2339 1174 2408 propheta
1212 2345 1605 2406 consequenter
1647 2338 1916 2405 adjunxit,
1959 2349 2116 2407 atque

543 2431 617 2484 ait
647 2446 662 2485 :

623 2518 842 2591 Figuras
871 2534 997 2589 quas
1028 2519 1218 2589 fecistis
1244 2521 1462 2573 adorare
1490 2536 1595 2574 eas.
1638 2518 1978 2586 Subauditur,
2015 2520 2115 2575 iuri

544 2619 710 2667 κοινοῦ
731 2609 1068 2679 suscepistis.

618 2700 682 2756 Et
720 2702 1026 2771 transferam
1068 2717 1154 2755 vos
1191 2702 1332 2754 trans
1368 2699 1701 2771 Babylonem.
1746 2700 1968 2770 Propter
2004 2702 2117 2755 haec

550 2791 766 2865 (inquit)
805 2792 1111 2862 sacrilegia,
1160 2807 1252 2845 vos
1282 2808 1384 2846 non
1428 2794 1477 2845 in
1527 2788 1846 2863 Babylonem
1889 2802 2118 2846 tantum-

548 2885 737 2950 modo,
778 2888 874 2943 sed
918 2889 1051 2943 ultra
1100 2889 1421 2957 Babylonem
1463 2904 1673 2957 qunque
1717 2889 1907 2957 captivi
1952 2889 2115 2943 duce-

548 2975 699 3030 lnini.
744 2973 855 3032 Nec
884 2978 1146 3045 putandus
1172 2988 1254 3033 est
1284 2980 1483 3047 primus
1513 2985 1711 3046 martyr
1739 2992 1965 3041 errasse,
1996 2978 2115 3046 quia

548 3081 647 3136 pro
674 3082 739 3122 eo
774 3067 914 3138 quod
956 3069 1009 3122 in
1041 3070 1296 3139 propheta
1334 3057 1589 3136 scriptum
1622 3079 1702 3120 est
1731 3054 1895 3121 Trans
1925 3068 2113 3121 Dama-

546 3172 689 3212 scum
735 3158 943 3229 (Anius.
983 3158 1062 3228 v),
1110 3160 1320 3214 dixerat
1364 3143 1509 3213 trans
1558 3157 1900 3228 Babylonem.
1947 3159 2112 3227 Magis

552 3250 694 3303 enim
728 3247 1127 3319 intelligentiam
1152 3266 1307 3319 quam
1341 3253 1557 3305 verbum
1589 3251 1791 3320 posuit,
1814 3250 1945 3319 quia
1971 3259 2118 3329 trans

554 3341 871 3399 Damascum
900 3344 1042 3398 ducti
1071 3355 1194 3398 sunt
1226 3343 1278 3398 in
1312 3343 1654 3414 Babylonem,
1686 3344 1819 3397 sicut
1849 3354 1993 3397 trans
2022 3342 2118 3396 Da-

549 3433 820 3506 bylnnem.
1996 3432 2001 3435 ⁷

625 3525 1027 3579 Tabernaculum
1073 3526 1347 3579 testimonii
1400 3526 1495 3595 fuit
1546 3524 1774 3593 patribus
1830 3523 2017 3575 nostris
2064 3522 2117 3575 in

549 3615 767 3671 deserto.
808 3616 939 3681 Quia
978 3601 1222 3670 dicebant
1264 3630 1385 3669 eum
1428 3625 1609 3669 contra
1656 3614 1828 3666 locum
1872 3621 2115 3663 sanctum

552 3719 738 3775 agere,
770 3702 893 3759 hinc
921 3704 1155 3759 ostendit
1194 3704 1471 3758 Dominum
1518 3719 1622 3755 nun
1667 3701 1838 3768 magni
1885 3701 2117 3770 pendere

552 3797 781 3866 lapidem
822 3805 1096 3861 ornatum,
1138 3796 1228 3849 sed
1270 3794 1604 3863 splendorem
1644 3791 1938 3844 animarum
1975 3789 2118 3843 desi-

553 3887 747 3942 derare
774 3888 1095 3939 cmlestium.
1129 3883 1224 3938 Ubi
1255 3882 1579 3951 subintelligi
1606 3881 1747 3943 vult,
1779 3881 1917 3934 sicut
1944 3883 2117 3932 latter.

557 3977 802 4033 naculum
848 3976 899 4031 in
932 3975 1111 4044 templi
1151 3975 1348 4029 iactura
1404 3975 1707 4038 desertum,
1748 3974 1827 4026 sic
1860 3980 1914 4026 et
1942 3971 2114 4039 ipsum

470 4070 473 4071 ⁷
552 4068 804 4135 templum
836 4066 1128 4136 intelligant
1159 4065 1361 4119 meliori
1402 4074 1543 4120 statu
1583 4064 1899 4119 succedente
1928 4061 2115 4115 delen-

550 4161 699 4215 dum.
731 4158 887 4214 Juxta
915 4158 1054 4226 quod
1080 4158 1203 4211 olim
1236 4156 1492 4210 Jerctnias
1522 4156 1857 4224 prmcinebat,
1885 4155 2065 4209 dicens
2098 4170 2112 4205 :

552 4254 727 4309 Nolite
756 4253 1011 4321 conﬁdere
1037 4254 1086 4305 in
1119 4252 1278 4304 verbis
1300 4250 1547 4303 mendacii
1575 4246 2114 4310 dicentes:Templum

552 4344 777 4409 Domini,
826 4334 1066 4410 templum
1108 4340 1318 4395 Domini
1363 4350 1433 4394 est
1476 4337 1688 4408 (Jtrem.
1731 4338 1847 4419 vn).
1892 4337 1959 4390 Et
2000 4346 2117 4405 post

552 4436 815 4504 aliquanta
849 4450 863 4487 :
904 4432 1114 4485 Faciam
1148 4432 1366 4502 (inquit)
1396 4431 1571 4483 domui
1598 4431 1735 4492 huic,
1763 4431 1812 4480 in
1840 4444 1938 4493 qua
1975 4429 2115 4480 inva
2143 4458 2191 4516 υ

553 4537 719 4578 catum
738 4533 811 4577 est
839 4538 1016 4576 nomen
1044 4538 1227 4586 meum,
1252 4531 1299 4574 et
1325 4522 1496 4591 inqua
1519 4536 1604 4573 vos
1634 4519 1823 4572 habetis
1852 4518 2113 4585 ﬁduciam,

551 4617 680 4669 sicut
711 4617 806 4683 {sci
835 4613 965 4675 Silo,
993 4612 1076 4665 ubi
1113 4613 1352 4666 habitavit
1382 4627 1756 4665 nomenmeum
1783 4627 1814 4663 a
1843 4610 2116 4679 principia,

552 4716 593 4760 et
626 4704 891 4777 prajiciam
916 4720 999 4758 vos
1027 4720 1059 4757 α
1088 4704 1215 4773 facie
1241 4720 1347 4757 mea
1380 4702 1585 4774 (Ibid).

624 4794 819 4849 Caelum
847 4795 969 4852 mihi
995 4795 1136 4855 sedes
1161 4806 1252 4858 est,
1282 4804 1415 4846 terra
1443 4802 1610 4847 autem
1634 4792 1907 4847 scabellum
1937 4792 2119 4861 pedum

555 4901 805 4942 nieorum.
828 4886 943 4941 Non
975 4889 1072 4940 hoc
1099 4886 1383 4940 carnaliter
1409 4885 1825 4954 intelligendum,
1856 4884 2003 4953 quasi
2029 4886 2121 4937 ha-

557 4983 678 5036 beat
711 4983 849 5035 Deus
895 4981 1128 5033 membra
1156 4978 1415 5050 collocata
1447 4980 1497 5032 in
1524 4979 1661 5032 cmlo
1690 4988 1744 5032 et
1772 4978 1823 5031 in
1858 4990 1994 5032 terra
2016 5020 2029 5041 ,
2066 4987 2122 5031 ut

558 5088 653 5129 nos
673 5088 791 5128 cum
818 5072 1087 5135 sedemus,
1115 5072 1206 5125 sed
1233 5081 1288 5124 ιιι
1312 5087 1369 5125 se
1396 5070 1653 5124 indicaret
1680 5070 1980 5123 interiorem
2004 5083 2121 5123 esse

556 5176 609 5220 et
636 5166 967 5233 superiorem
1011 5164 1275 5227 omnibus,
1316 5164 1508 5217 ccelum
1548 5161 1647 5215 sibi
1688 5161 1885 5223 sedem,
1923 5169 2118 5215 terrain

556 5273 685 5313 vero
734 5257 1024 5312 scabellum
1080 5256 1269 5324 pedum
1313 5270 1431 5309 esse
1482 5254 1763 5321 perhibuit.
1812 5251 1910 5319 Qui
1961 5263 2017 5306 ut
2062 5267 2122 5307 se

558 5354 715 5405 etiam
748 5352 929 5411 omnia
954 5350 1286 5405 circumdare
1317 5357 1663 5411 monstraret,
1694 5346 1815 5400 alibi
1846 5362 1904 5400 se
1926 5347 2119 5401 coelum

562 5442 730 5495 metiri
772 5441 966 5509 palmo,
996 5451 1048 5494 ct
1088 5452 1304 5506 terram,
1353 5448 1404 5491 et
1444 5439 1631 5492 asserit
1671 5436 1865 5506 pugillo
1904 5438 2118 5489 conclu-

561 5534 705 5585 dere.
739 5531 1051 5601 Spiritaliter
1095 5546 1266 5584 autem
1311 5532 1501 5585 cceluni
1544 5540 1776 5589 sanctos,
1821 5536 1955 5581 terra
1997 5542 2123 5580 vero

563 5632 866 5694 peccatores
898 5626 1157 5691 illSittttat,
1189 5626 1311 5694 quia
1356 5625 1435 5676 his
1467 5623 1710 5677 videlicet
1742 5622 1877 5675 Dens
1918 5621 2123 5676 inhabi-

564 5718 721 5773 tando
748 5720 1047 5790 prwsideat,
1086 5719 1197 5774 illos
1225 5717 1623 5775 condemnando
1654 5719 1954 5787 promeruit.

2139 3119 2186 3181 C

2220 1882 2361 1938 hunc
2402 1884 2567 1939 Deum
2598 1886 2819 1941 credere
2845 1886 3084 1941 noluisse
3114 1885 3515 1940 meminerunt?
3547 1885 3623 1936 Ad
3652 1896 3761 1936 eon-

2222 1974 2517 2030 fortandam
2550 1992 2678 2045 ergo
2707 1978 2845 2032 beati
2876 1978 3124 2047 martyris
3166 1974 3508 2046 patientiam,
3550 1974 3765 2028 ccclesiis

2219 2064 2367 2133 regni
2390 2064 2551 2132 janua
2577 2066 2850 2134 panditur,
2880 2075 2936 2121 et
2961 2081 3028 2121 ne
3061 2065 3312 2119 in‘noxins
3340 2070 3501 2118 homo
3524 2062 3767 2132 lapidatus

2221 2153 2411 2208 titubet
2442 2154 2492 2208 in
2531 2164 2691 2220 terra,
2736 2140 2875 2211 Deus
2926 2156 3086 2209 homo
3126 2157 3413 2209 cruciﬁxus
3441 2161 3661 2223 apparet
3692 2166 3771 2206 co-

2218 2252 2438 2298 ronatus
2475 2245 2527 2298 in
2559 2246 2717 2301 coelo.
2747 2245 2899 2301 Unde
2928 2247 3050 2315 quia
3076 2255 3218 2301 stare
3250 2245 3537 2315 pugnantis
3566 2243 3649 2297 vel
3690 2244 3772 2296 ad-

2217 2336 2454 2403 juvantis
2485 2344 2586 2401 est,
2623 2347 2770 2391 recte
2796 2353 2824 2389 a
2857 2336 3059 2391 dextris
3084 2337 3173 2391 Dei
3198 2347 3426 2390 stantem
3454 2334 3605 2397 vidit,
3628 2349 3768 2403 quem

2220 2426 2359 2481 inter
2396 2427 2643 2482 homines
2674 2438 3055 2497 persequentes
3101 2426 3398 2494 adiutorem
3431 2424 3631 2479 habuit.
3676 2422 3770 2476 Nec

2220 2520 2529 2575 discordare
2559 2520 2787 2585 videtur,
2830 2519 2971 2586 quod
3003 2519 3208 2573 Marcus
3235 2532 3357 2571 eum
3386 2531 3416 2570 a
3455 2516 3655 2571 dextris
3691 2514 3769 2568 ι)ςὶ

2224 2611 2413 2665 sedere
2456 2612 2726 2674 describit,
2778 2610 2867 2680 qui
2913 2611 3052 2664 situs
3096 2608 3381 2678 judicantis
3428 2616 3537 2673 est,
3582 2605 3699 2675 quia
3728 2617 3770 2657 et

2220 2715 2361 2755 nunc
2384 2701 2720 2755 invisibiliter
2745 2701 2919 2755 omnia
2938 2700 3164 2768 judicnt,
3188 2710 3242 2755 et
3273 2698 3340 2753 ad
3370 2710 3666 2753 extremum
3695 2695 3769 2764 ju-

2218 2793 2320 2848 dex
2353 2792 2590 2848 Omnium
2621 2792 2849 2848 visibilis
2879 2791 3145 2847 adveniet.

2288 2884 2357 2939 Et
2403 2886 2658 2955 ejicientes
2688 2901 2802 2938 eum
2842 2893 2991 2938 extra
3036 2884 3286 2937 civitatem
3340 2880 3661 2951 lapidabant.
3718 2878 3773 2932 Et

2221 2976 2478 3031 Dominus
2505 2985 2659 3031 extra
2686 2986 2891 3044 portam
2924 2987 3110 3043 passus
3141 2982 3240 3038 est,
3274 2971 3364 3039 qui
3404 2987 3503 3024 nos
3534 2968 3689 3039 elegit
3715 2968 3773 3021 de

2225 3069 2420 3123 mundo
2468 3069 2521 3122 in
2568 3082 2856 3137 supernum
2896 3081 3049 3139 suum
3095 3078 3317 3132 regnum
3348 3070 3401 3117 et
3444 3062 3687 3131 gloriam,
3728 3069 3772 3112 et

2223 3140 2544 3229 Stephanus,
2576 3159 2722 3226 quasi
2755 3159 2955 3212 advena
2988 3156 3190 3221 mundi,
3229 3164 3381 3208 extra
3411 3152 3675 3207 civitatein
3705 3152 3772 3205 la-

2224 3252 2453 3321 pidatur.
2494 3252 2607 3307 Non
2632 3251 2774 3306 enim
2807 3250 2991 3303 habuit
3019 3249 3103 3301 hic
3148 3256 3454 3301 manentem
3499 3246 3775 3301 civitatem.

2220 3344 2312 3399 sed
2354 3345 2580 3397 futuram
2614 3350 2719 3397 tota
2767 3352 2945 3395 mente
2974 3342 3266 3409 quaerebat.
3310 3336 3374 3389 Et
3419 3336 3559 3403 justa
3604 3349 3769 3388 rerum

2221 3434 2512 3490 mutatione
2556 3442 2758 3502 martyr
2786 3429 2966 3484 mundi
2998 3430 3176 3483 cordis
3212 3428 3278 3479 ad
3323 3426 3492 3498 ctelos
3538 3425 3775 3477 intuitum

2218 3523 2414 3592 dirigit,
2450 3534 2757 3591 persecutor
2797 3521 2944 3574 durm
2974 3518 3204 3573 cervicis
3232 3530 3424 3570 manus
3470 3515 3537 3569 ad
3578 3515 3775 3582 lapides

2219 3617 2401 3670 mittit.
2432 3616 2589 3670 Unde
2606 3619 2798 3669 Arator
2822 3613 2936 3666 ait:

2718 3761 2733 3774 .
2756 3761 2768 3774 .
2790 3760 2804 3775 .
2834 3759 2849 3773 .
2882 3722 3088 3783 Lapides
3110 3721 3275 3773 Iudaea
3300 3720 3502 3770 rebellis

2344 3786 2396 3836 In
2422 3788 2718 3849 Stephanum
2738 3784 2979 3847 lymphata
2996 3787 3144 3845 rapis,
3168 3797 3278 3845 quas
3296 3785 3509 3841 crhuiue
3526 3790 3649 3832 duro

2339 3850 2502 3897 Saxea
2524 3860 2726 3909 semper
2750 3850 2869 3895 eris.

2286 3949 2479 4005 Positis
2504 3960 2673 4003 autem
2696 3951 2903 4020 genibus
2921 3948 3158 4005 clamavit
3185 3966 3301 4005 voce
3329 3966 3542 4020 magna,
3570 3953 3775 4006 dicens:

2219 4043 2464 4108 Domine,
2488 4060 2551 4097 ne
2578 4050 2774 4097 statuas
2798 4042 2905 4095 illis
2934 4043 3028 4095 hac
3049 4051 3328 4112 peccatum.
3361 4042 3465 4095 Pro
3487 4055 3547 4097 se
3570 4044 3773 4112 quidem

2216 4145 2364 4191 stans
2393 4137 2580 4201 oravit,
2624 4148 2719 4203 pro
2747 4134 2976 4187 inimicis
3002 4146 3141 4200 genu
3182 4133 3351 4198 ﬂexit,
3383 4132 3508 4201 quia
3539 4134 3771 4201 ipsorum

2219 4231 2387 4300 major
2420 4192 2668 4299 iniquitas
2724 4226 2898 4296 majus
2937 4192 3267 4295 supplicandi
3300 4192 3596 4279 remedium
3637 4224 3779 4293 εδει.

2217 4324 2381 4376 tabat.
2414 4321 2478 4374 Et
2501 4322 2630 4373 mira
2653 4319 2793 4373 beati
2821 4319 3069 4388 martyris
3097 4322 3282 4378 virtus,
3311 4317 3399 4385 qui
3425 4314 3505 4371 sic
3529 4318 3647 4369 seio
3673 4314 3772 4369 ler-

2220 4415 2396 4482 vebat,
2431 4420 2487 4467 ut
2511 4414 2610 4477 eis,
2639 4412 2835 4479 quibus
2860 4410 3159 4474 tenebatur,
3196 4408 3369 4477 palam
3401 4423 3516 4461 suae
3545 4406 3773 4478 perﬁdia

2219 4508 2401 4571 culpas
2446 4506 2812 4573 exprobraret,
2867 4504 2945 4558 sic
2996 4502 3285 4556 dilectione
3333 4500 3577 4567 ardebat,
3631 4509 3687 4553 ut
3726 4498 3778 4555 in

2217 4606 2386 4652 morte
2414 4602 2622 4665 quoque
2651 4608 2745 4663 pro
2775 4591 2853 4647 eis
2880 4606 2910 4645 a
2932 4592 3124 4661 quibus
3148 4588 3496 4645 occidebatur
3526 4598 3726 4644 oraret.

2798 4680 3025 4739 CAPUT
3076 4682 3207 4737 Vill.

2288 4781 2356 4835 Et
2382 4796 2553 4835 omnes
2580 4779 2792 4849 dispersi
2818 4786 2935 4831 sunt
2964 4793 3052 4847 per
3067 4776 3292 4844 regiones
3317 4774 3523 4831 Judcc
3537 4785 3583 4828 et
3600 4773 3780 4829 Sama-

2220 4876 2331 4928 rite.
2355 4873 2465 4928 Hoc
2488 4882 2589 4931 est.
2615 4871 2753 4939 quod
2779 4869 3033 4921 Dominus
3062 4869 3173 4934 ipse
3200 4870 3455 4935 praecepit
3481 4883 3494 4920 :
3528 4864 3661 4920 Cum
3679 4882 3785 4935 per-

2221 4974 2488 5035 sequentur
2509 4978 2593 5016 vos
2609 4962 2661 5015 in
2677 4960 2879 5013 civitate
2900 4960 3019 5025 ista,
3040 4959 3199 5026 fugite
3216 4958 3267 5009 in
3292 4957 3451 5010 aliam
3476 4956 3692 5027 (Matth.
3710 4972 3732 5007 x
3748 4968 3778 5019 ι.

2222 5058 2370 5112 lllius
2406 5057 2545 5111 enim
2594 5064 2723 5109 nutu
2760 5051 3065 5122 gerebatur,
3108 5059 3163 5103 ut
3188 5049 3545 5103 tribulationis
3572 5050 3776 5104 occasio

2223 5152 2374 5205 ﬁeret
2403 5147 2665 5219 Evangelii
2696 5143 3065 5199 seminarium.

2292 5242 2627 5298 Intendebant
2651 5248 2820 5292 autem
2850 5236 3010 5289 turba:
3039 5234 3117 5288 his
3158 5249 3273 5305 qua:
3297 5248 3329 5285 a
3372 5232 3619 5302 Philippo
3649 5232 3779 5285 dirc-

2223 5339 2422 5390 bantur.
2457 5335 2521 5387 Et
2556 5347 2620 5386 ex
2652 5328 2897 5399 praesenti
2926 5327 3181 5395 capitulo,
3221 5333 3276 5380 et
3319 5339 3383 5379 ex
3433 5324 3777 5379 Samaritana:

2223 5428 2459 5486 mulieiis
2507 5424 2750 5486 historia,
2809 5420 3037 5490 prompti
3069 5416 3233 5472 animi
3287 5417 3353 5471 ad
3422 5414 3781 5477 credendum,

2226 5526 2360 5578 banc
2401 5529 2609 5591 gentem
2643 5517 2804 5571 fuisse
2836 5515 3111 5583 probatur.

2293 5615 2437 5667 Tunc
2483 5613 2661 5667 Simon
2694 5619 2741 5661 et
2783 5609 2893 5677 ipse
2937 5603 3174 5658 credidit.
3223 5601 3320 5657 Vel
3372 5603 3511 5657 beati
3563 5600 3787 5670 Philippi

2227 5709 2398 5767 verbis
2429 5716 2480 5763 ct
2513 5707 2704 5761 virtute
2748 5702 2918 5757 victus
2960 5696 3219 5754 veraciter
3270 5694 3497 5751 Domino
3538 5694 3787 5760 credidit,
