3884 6232
101 383 188 443 .‘tt‘d
1014 378 1239 442 SUPER
1279 383 1455 438 ACTA
1497 371 1998 436 APOSTOLUIKUM
2044 373 2416 432 EXPOSI'I‘lO.

3249 369 3354 426 962

95 503 229 555 τειυι
259 498 430 567 magis
479 498 734 552 credibile
761 505 842 551 est
862 497 1089 551 credere
1109 512 1169 550 se
1200 495 1545 565 quoadusque
1578 493 1670 544 ba-
1700 495 1744 550 Α
1783 488 2136 557 Jerosolymis
2163 485 2515 547 descendens,
2549 483 2742 537 lentem
2780 485 2965 537 salutis
2995 480 3221 551 aperuit,
3249 487 3356 538 Dn-

96 592 275 659 ptisma
304 587 638 653 susciperet,
669 585 957 649 simulavit,
992 595 1049 640 ut
1070 586 1320 654 quoniam
1348 583 1519 636 laudis
1549 589 1666 636 erat

96 672 460 741 avidissimus,
509 678 579 732 ita
625 687 683 732 ut
727 675 1001 732 Christum
1032 693 1092 732 se
1129 676 1275 730 credi
1305 676 1484 738 vellet,
1536 674 1673 727 sicut

97 769 328 825 historiae
360 780 608 835 narrant,
638 777 779 823 artes
801 769 868 823 ab
897 783 985 832 eo,
1013 767 1207 837 quibus
1238 766 1490 820 miracula
1519 765 1670 818 lace-

97 871 192 926 ret,
223 858 525 914 edisceret.
569 861 716 927 Quod
748 860 908 913 etiam
939 871 1284 913 successores
1325 857 1441 924 ejus
1482 856 1672 910 fecisse

95 954 372 1014 docentur,
406 952 523 1018 qui,
560 950 794 1004 auctoris
824 950 935 1004 suis
964 949 1210 1018 malignis
1231 947 1432 1000 artibus
1463 945 1674 1000 institu-

99 1044 152 1098 ti.
185 1041 496 1095 Ecclesiam
530 1040 717 1096 fraude
745 1040 982 1107 qualibet
1022 1037 1266 1110 ingressi,
1303 1036 1562 1107 baptisma
1594 1033 1676 1088 l'u-

93 1133 194 1184 rari
244 1140 675 1186 consueverunt.

159 1220 416 1274 Riserunt
448 1221 522 1273 ad
556 1222 672 1274 illos
701 1219 914 1274 Petrum
938 1229 984 1272 et
1013 1216 1286 1272 Joannem.
1318 1215 1546 1271 Pulchre
1575 1215 1675 1268 hoc

92 1312 280 1367 Arator
306 1311 538 1382 exponit
563 1329 575 1363 :

234 1422 386 1482 Sape
411 1425 510 1471 sibi
531 1425 712 1472 socium
738 1422 918 1471 Petrus
935 1415 1048 1470 facit
1073 1433 1186 1470 esse
1209 1419 1466 1482 Joannem,

247 1485 492 1533 Ecclesiae
513 1485 628 1546 quia
655 1485 794 1544 virgo
825 1483 1001 1544 placet.

122 1573 464 1636 Notandum
516 1591 695 1637 autem
745 1583 884 1652 quod
937 1581 1234 1651 Philippus,
1285 1582 1371 1647 qui
1423 1580 1680 1634 Samaria:

91 1674 508 1742 evangelizabat,
546 1691 682 1728 unus
711 1675 776 1728 de
816 1683 1022 1744 septem
1064 1674 1242 1728 fuerit.
1273 1673 1327 1728 Si
1353 1673 1495 1726 enim
1527 1673 1676 1740 Apo-

92 1765 253 1817 stolus
281 1773 455 1828 esset,
491 1763 608 1832 ipse
636 1764 813 1833 utique
845 1778 1060 1818 manum
1093 1766 1366 1832 imponere
1390 1762 1667 1830 potuisset,

1775 579 1952 631 minus
1980 576 2133 631 Jesus
2161 575 2403 629 Christus
2446 583 2547 636 est,
2601 573 2689 639 qui
2721 573 2833 627 ait:
2866 571 2994 643 Ego
3027 590 3140 628 sum
3171 574 3272 640 uia,
3301 583 3355 628 et

1776 667 1986 733 veritas,
2018 677 2064 720 et
2096 670 2195 720 vita
2225 665 2402 736 (Joan.
2438 666 2570 732 xiv).
2604 665 2702 731 Qui
2733 680 2760 716 a
2784 680 3012 733 superna
3041 665 3340 720 Jerusalem

1774 759 1838 812 ad
1867 768 2046 812 nostra
2076 758 2284 810 inllrma
2313 755 2612 820 descendit,
2641 756 2918 825 nostrique
2946 765 3126 812 reatus
3159 759 3342 829 nigro.

1775 848 1952 902 dinem
1984 846 2321 915 baptismatis
2353 845 2494 898 unda
2525 845 2816 899 dealbavit.

1847 935 1914 987 Et
1939 951 2050 988 ecce
2078 938 2153 989 vir
2181 933 2422 1001 ιΕιΙιὶυρε
2466 934 2726 986 eunuchus
2770 942 2966 998 potens.
3010 933 3114 988 Pro
3145 936 3344 991 virtute

1776 1034 1830 1080 et
1876 1027 2180 1093 integritate
2229 1027 2419 1078 mentis
2448 1026 2525 1077 vir
2575 1026 2898 1092 appellatur;
2929 1039 3028 1079 nec
3057 1025 3350 1094 immerito,

1777 1119 1864 1185 qui
1897 1126 2098 1170 tantum
2122 1116 2280 1170 studii
2314 1118 2363 1170 in
2387 1117 2676 1185 Scripturis
2703 1118 2948 1183 habebat,
2980 1129 3036 1173 ut
3063 1134 3154 1175 eas
3185 1122 3346 1177 etiam

1775 1207 1828 1260 in
1859 1208 1936 1260 via
1988 1210 2162 1276 legere
2217 1224 2321 1262 non
2370 1218 2641 1274 cessaret;
2697 1218 3005 1279 tantumque
3054 1215 3251 1268 amoris
3297 1215 3351 1268 in

1780 1296 2038 1365 religione
2083 1296 2322 1363 gerebat,
2370 1306 2445 1362 ut,
2480 1298 2598 1350 aula
2629 1299 3086 1366 regiziwlcrelieta,
3129 1302 3196 1355 de
3227 1303 3352 1357 ulti-

1787 1387 1886 1436 mis
1935 1387 2118 1438 muudi
2164 1388 2402 1453 partibus
2446 1386 2652 1441 veniret
2697 1389 2761 1441 ad
2814 1390 3064 1458 templum
3116 1391 3351 1446 Domini.

1785 1471 1935 1526 Unde
1960 1473 2101 1542 juSta
2132 1475 2378 1551 mercede
2404 1475 2530 1528 dum
2563 1478 2754 1541 quaerit
2787 1476 3138 1546 interpretem
3171 1481 3356 1533 lectio-
3403 1490 3406 1493 '

1783 1563 1885 1626 nis,
1919 1563 2188 1638 Christum
2219 1580 2373 1631 quem
2405 1567 2696 1634 quaerebat,
2729 1568 2962 1631 invenit;
3011 1569 3255 1638 plusque.
3297 1583 3356 1626 ut

1786 1629 2261 1722 llteronymus'ait,
2291 1655 2340 1706 in
2369 1655 2586 1708 deserto
2622 1656 2766 1711 l'onte
2795 1656 3067 1725 Ecclesiae,
3110 1675 3268 1728 quain
3301 1665 3355 1715 in

1785 1751 1969 1794 aurato
1999 1745 2195 1811 templo
2222 1746 2412 1810 repetit
2432 1758 2736 1816 synagogas.
2761 1747 2833 1800 lbi
2863 1747 3005 1801 enim
3029 1749 3169 1817 quod
3195 1750 3354 1804 Jere-

93 1861 146 1904 ut
171 1854 484 1919 acciperent
507 1853 763 1920 Spiritum
789 1863 1056 1908 sanctum.
1084 1853 1195 1908 lloc
1217 1854 1358 1907 enim
1385 1851 1516 1907 solis
1543 1867 1679 1920 pon-
1707 1837 1756 1896 Β
1789 1833 1919 1884 ¹¹¹Ῐ³⁵
1944 1833 2255 1886 “miram”
2306 1835 2659 1904 Ρτθίοίῖυίίυνο
2694 1837 2917 1890 ¹¹¹¹¹⁸³νίι
2958 1837 3211 1907 ⁴Ε¹¹¹Ῐ⁰Ρ⁸
3237 1842 3353 1910 νει·

96 1942 319 1994 tilicibus
369 1942 627 2000 debetur.
680 1943 811 1995 Nam
868 1944 1192 2012 presbyteris
1223 1941 1341 1995 sive
1366 1951 1515 1996 extra
1561 1941 1676 2008 epi-

91 2042 323 2097 sc0pum,
354 2044 452 2084 seu
474 2041 737 2099 praesente
758 2032 1031 2101 episcopo,
1068 2031 1359 2099 baptizent.
1382 2031 1678 2084 chrismate

96 2119 384 2185 baptizatos
431 2135 634 2190 ungere
665 2121 811 2188 licet,
857 2123 951 2175 sed
999 2120 1238 2190 quodoab
1268 2119 1519 2189 episcopo
1563 2118 1677 2174 iue-

99 2213 160 2263 rit
182 2220 588 2276 consecratum,
623 2228 730 2266 non
760 2221 935 2266 tamen
971 2217 1198 2288 l'rontem
1241 2227 1304 2266 ex
1341 2212 1532 2266 eodem
1561 2213 1678 2266 oleo

98 2283 320 2370 signare,
356 2302 506 2369 quod
555 2303 683 2355 solis
711 2302 934 2356 debetur
975 2284 1265 2371 episcopis,
1297 2316 1420 2356 eum
1465 2302 1679 2356 tradunt

97 2390 340 2455 Spiritum
390 2392 726 2458 paracletum
760 2393 1061 2459 baptizatis.

165 2477 391 2532 Pecunia
426 2490 518 2532 tua
559 2490 722 2532 tecum
763 2482 825 2533 sit
855 2482 908 2534 in
957 2482 1309 2548 perditionem,
1360 2489 1413 2533 et
1461 2490 1675 2534 caetera.

98 2571 270 2625 Sancti
304 2571 405 2624 viri
442 2587 563 2625 cum
615 2571 1005 2625 maledictionis
1034 2572 1350 2625 sententiam
1383 2571 1674 2638 proferunt,

102 2674 196 2713 non
226 2664 287 2712 ad
328 2661 472 2715 hanc
505 2677 568 2715 ex
599 2670 720 2716 voto
752 2661 992 2726 visionis,
1027 2663 1118 2716 sed
1153 2676 1220 2715 ex
1247 2661 1452 2728 justitia
1477 2659 1678 2713 exami-
1738 2711 1745 2723 ,

101 2751 176 2802 nis
205 2760 518 2820 erumpunt.
548 2751 692 2804 Intus
718 2754 859 2806 enim
890 2752 1085 2804 subtile
1114 2751 1209 2805 Dei
1235 2750 1493 2818 judicium
1525 2750 1675 2816 aspi-

103 2839 259 2901 ciunt,
293 2851 347 2892 ct
400 2842 538 2893 mala
592 2843 730 2894 lorus
785 2842 1148 2910 exsurgentia,
1201 2843 1324 2907 quia
1387 2839 1676 2893 maledicto

103 2931 318 2983 debeant
348 2930 497 2994 ferri,
531 2942 890 2999 cognosruut;
921 2941 975 2986 et
1010 2935 1061 2984 in
1091 2931 1372 2985 maledicto
1405 2946 1508 2983 non
1543 2945 1670 2999 pec-

107 3030 238 3080 cant,
270 3035 333 3071 ex
379 3035 488 3088 quo
519 3031 571 3073 et
598 3021 664 3074 ab
710 3021 923 3074 interno
964 3021 1163 3088 judicio
1190 3035 1294 3074 non
1347 3020 1674 3075 discordant.

108 3109 226 3162 Cum
255 3109 397 3162 enim
431 3123 486 3164 et
530 3110 898 3164 maledicentis
941 3111 1241 3165 innocentia
1292 3120 1588 3179 permanet.
1622 3120 1676 3165 et

1779 1921 1884 1974 lem
1927 1935 2105 1984 Silam,
2137 1922 2185 1976 id
2222 1933 2325 1988 est,
2356 1927 2514 1980 sorde
2565 1925 2631 1980 de
2671 1939 3014 1994 peccatorum
3051 1931 3252 1998 abluta,
3291 1933 3361 1988 de

1779 2010 1994 2064 lavacro
2018 2011 2143 2066 ’03“
2171 2014 2446 2066 dealbalus
2470 2017 2731 2069 ascendit.

1851 2100 2106 2156 Candacis
2132 2105 2321 2173 regina:
2369 2103 2696 2174 ίΕιΙιίοριιηι.
2742 2107 2807 2161 Ει
2851 2109 2902 2163 in
2951 2109 3154 2182 Regum
3212 2115 3349 2170 libro

1783 2191 2028 2260 legimus,
2057 2195 2178 2262 quia
2210 2197 2391 2262 regina
2424 2198 2602 2250 Austri
2626 2199 2772 2252 venit
2794 2215 2822 2254 a
2853 2200 3048 2258 ﬁnibus
3074 2215 3230 2260 terra:
3259 2222 3353 2261 au-

1785 2283 1900 2336 dire
1938 2285 2252 2352 sapientiam
2308 2285 2631 2342 Salomonis.
2675 2290 2836 2344 Moris
2884 2296 3079 2364 quippe
3141 2296 3238 2350 fuit
3274 2297 3353 2352 illi

1779 2374 1978 2427 nationi
2011 2390 2224 2444 semper
2253 2393 2280 2430 a
2311 2376 2522 2433 feminis
2553 2381 2686 2450 regi,
2728 2397 2928 2453 easque
2958 2385 3229 2444 Candsces
3251 2405 3348 2460 ap-

1782 2463 2004 2531 pellere.

1854 2554 1955 2619 Qui
1984 2565 2094 2608 erat
2119 2572 2273 2624 super
2313 2574 2486 2614 omnes
2539 2578 2692 2631 gazas
2722 2565 2850 2635 ejus.
2905 2567 3103 2637 Regina
3134 2570 3350 2626 {Ethio-

1788 2656 1910 2709 ptun
1939 2646 2328 2700 thesaurariutn
2348 2652 2674 2716 prremittens
2695 2654 3086 2724 in‘Jcrusaletn,
3116 2664 3352 2730 gentium

1789 2734 2030 2803 designat
2060 2736 2376 2806 Ecclesiam,
2404 2742 2654 2795 virtutum
2691 2744 2918 2815 ﬁdeique
2949 2747 3175 2805 Dsmino
3205 2752 3345 2808 dona

1783 2821 2113 2890 largiturum.
2161 2825 2266 2882 Sed
2320 2839 2372 2881 et
2418 2834 2646 2885 nominis
2700 2835 3016 2904 etymologia
3076 2843 3349 2897 convenit.

1782 2911 1963 2966 Potest
2003 2915 2145 2968 enim
2187 2914 2450 2972 Candacis
2490 2935 2553 2973 ex
2589 2921 2807 2977 Hebraeo
2837 2937 3159 2982 commutata
3189 2932 3354 2987 inter-

1783 3005 1999 3070 pretari.
2033 3006 2149 3072 Ipsa
2179 3009 2373 3076 quippe
2398 3019 2500 3077 est,
2531 3015 2614 3066 cui
2647 3015 2696 3065 in
2727 3016 2930 3081 psalmo
2963 3034 2977 3070 :
3008 3017 3116 3074 Pro
3147 3023 3226 3076 his
3266 3027 3357 3093 qui

1782 3097 2227 3150 committebantur
2255 3101 2533 3170 inscripto,
2562 3104 2789 3160 dicitur:
2826 3110 2979 3178 Audi,
3004 3112 3131 3178 lilia,
3155 3126 3200 3169 et
3226 3118 3360 3182 vide,
3401 3139 3404 3142 ’

110 3209 270 3252 tamen
293 3216 418 3254 eum
455 3201 546 3269 qui
581 3203 918 3256 maledicitur
946 3219 1113 3271 usque
1141 3203 1206 3256 ad
1251 3202 1520 3256 interitum
1555 3218 1672 3256 ma-
1703 3173 1749 3236 Ο
1781 3195 1828 3238 ει
1859 3186 2049 3240 indi“
2078 3206 2251 3243 “um”
2298 3201 2457 3256 "‘0’",
2503 3205 2549 3248 ει
2571 3186 2576 3192 ’
2597 3198 2885 3254 “Wire”
2914 3208 3160 3270 μοριιίωη
3191 3219 3355 3278 "mm.

112 3288 313 3344 ledictio
338 3291 618 3357 absorbet,
649 3305 714 3346 ex
741 3292 1015 3360 utriusque
1047 3294 1213 3358 partis
1244 3292 1348 3346 line
1379 3293 1668 3361 colligitur,

112 3378 220 3442 quia
250 3381 316 3431 ab
346 3396 452 3433 uno
483 3389 538 3434 et
566 3382 754 3435 intimo
779 3381 956 3450 judice
980 3385 1028 3434 in
1059 3398 1207 3436 reum
1230 3386 1493 3437 sententia
1522 3401 1671 3438 sum-

115 3479 187 3531 pta
214 3469 498 3538 jaculatur.
539 3472 687 3526 Unde
714 3485 765 3527 et
795 3475 879 3528 hic
913 3473 1115 3537 Simon,
1146 3477 1233 3543 qui
1262 3490 1289 3527 a
1321 3475 1475 3529 Petro
1506 3481 1691 3531 male—.

116 3559 298 3614 dictqu
345 3563 578 3628 accepit,
613 3572 809 3617 a-lerna
862 3563 1205 3618 damnatione
1253 3568 1408 3634 perit.
1447 3567 1509 3618 Et
1539 3566 1674 3618 infra

117 3649 320 3717 llarjesu
358 3667 389 3704 a
424 3651 585 3705 Paulo
619 3653 944 3720 increpatus,
992 3671 1113 3708 mox
1151 3659 1420 3709 communi
1447 3667 1529 3710 est
1560 3659 1675 3711 luce

117 3739 371 3793 fraudatus

159 3826 240 3892 (In
271 3832 390 3898 felle
419 3831 553 3883 enim
584 3833 947 3887 amaritudinis
969 3842 1014 3886 et
1046 3836 1357 3906 obligatione
1393 3838 1676 3905 iniquitatis

116 3919 244 3972 rideo
277 3929 324 3972 te
354 3937 479 3974 esse.
528 3921 652 3976 Ideo
700 3923 928 3990 Spiritus
974 3936 1190 3978 sanctus
1223 3928 1272 3978 iu
1304 3927 1551 3979 columba
1583 3929 1676 3981 de.

116 4011 328 4075 scendit,
357 4023 415 4064 ut
442 4027 534 4065 eos
566 4015 652 4081 qui
677 4028 735 4067 se
765 4015 1009 4081 accipere
1035 4017 1234 4069 vellent
1262 4017 1532 4084 simplices
1557 4033 1676 4072 esse

115 4100 329 4153 doceret.
364 4103 494 4154 Nam
530 4104 619 4170 qui
654 4102 720 4156 fel
760 4106 1126 4159 amaritudinis
1153 4109 1203 4160 in
1230 4109 1390 4162 corde
1420 4120 1676 4174 reservat,

116 4192 489 4254 quantumlibet
521 4195 818 4260 baptizatus
847 4196 1109 4258 videatur,
1137 4211 1238 4250 non
1266 4209 1348 4251 est
1381 4198 1678 4265 iniquitatis
1748 4225 1751 4229 -

116 4294 211 4332 sua:
232 4281 455 4336 vinculis
488 4284 781 4348 absolutus,
825 4288 918 4340 sed
951 4289 1100 4354 quasi
1148 4291 1213 4341 ad
1265 4300 1513 4357 punctum
1550 4291 1678 4344 hora

123 4370 404 4436 baptizandi
452 4386 726 4441 purgatus,
757 4392 878 4429 mox
910 4379 1099 4431 acriori
1150 4389 1229 4433 est
1267 4382 1511 4436 dremone
1557 4397 1679 4449 sep-

121 4462 417 4528 templieiter
446 4480 755 4531 oppressus.
791 4467 1002 4520 Frustra
1044 4484 1169 4537 ergo
1196 4474 1416 4538 gratiam
1443 4471 1676 4536 Spiritus

120 4564 282 4605 etnere
310 4562 494 4620 tentat,
528 4555 616 4623 qui
646 4569 704 4607 se
733 4567 909 4610 mente
931 4561 1146 4610 corvina
1174 4559 1380 4612 curavit
1403 4576 1619 4615 exuere.

182 4640 340 4714 Surge
360 4654 403 4697 et
427 4648 552 4697 vade
575 4657 749 4699 contra
778 4649 1130 4702 meridianum.
1179 4651 1323 4705 Bene
1369 4654 1422 4706 in
1453 4654 1676 4708 meridie

121 4733 358 4795 quaeritur
386 4746 437 4788 et
467 4738 751 4803 invenitur,
784 4752 835 4792 et
860 4740 1109 4806 abluitur,
1137 4741 1222 4794 ille
1252 4742 1362 4809 qui,
1391 4743 1677 4798 devotione

123 4826 334 4888 peetoris
361 4829 572 4892 ardens,
593 4831 731 4882 velut
763 4829 1001 4899 quedam
1027 4834 1260 4900 gentium
1291 4835 1534 4900 primitia:
1561 4835 1670 4889 Deo

122 4915 292 4968 meruit
321 4920 643 4972 consecrari.
673 4919 728 4972 lu
759 4935 863 4989 quo
886 4924 1187 4990 specialiter
1214 4923 1339 4976 illud
1376 4925 1676 4980 l’saltntsttn

120 5008 414 5072 completum
439 5021 524 5063 est
556 5027 570 5061 :
602 5009 876 5078 Ethiopia
901 5016 1168 5082 praeveniet
1197 5030 1378 5067 manus
1407 5017 1515 5084 ejus
1542 5015 1669 5069 Deo.

183 5098 254 5149 Ad
302 5101 424 5152 viam
474 5087 592 5171 quae
639 5106 894 5157 descendit
933 5105 993 5157 ab
1021 5105 1310 5160 Jerusalem
1357 5108 1410 5159 in
1459 5108 1672 5176 Gazam,

124 5183 217 5237 hac
241 5198 306 5240 est
332 5191 546 5244 deserta.
590 5192 708 5246 Non
750 5195 854 5260 via,
898 5196 987 5248 sed
1030 5197 1171 5250 Gaza
1220 5197 1430 5250 deserta
1461 5197 1672 5264 dicitur,

126 5289 259 5334 vetus
295 5287 427 5338 enim
452 5285 538 5339 illa
581 5288 742 5355 Gaza,
784 5305 900 5359 qua:
954 5294 1214 5346 terminus
1258 5301 1375 5347 erat
1406 5295 1675 5361 quondam

126 5369 520 5430 Chananaeorum
564 5379 712 5446 juxta
768 5381 1076 5452 Atlgyptum,
1137 5387 1201 5436 ad
1273 5385 1445 5437 solum
1508 5401 1674 5453 usque

128 5460 390 5531 destruent,
423 5470 476 5519 ct
504 5469 606 5521 alia
641 5484 735 5538 pro
769 5471 859 5523 illa
907 5473 1014 5524 alio
1067 5473 1180 5526 loco
1219 5482 1525 5526 constructa
1569 5485 1669 5529 est.

128 5553 238 5614 Quae
264 5555 540 5624 allegorice
567 5561 804 5627 gentium
839 5563 1053 5630 plebem
1086 5563 1334 5632 designat
1363 5565 1492 5618 olim
1521 5582 1544 5616 τι
1585 5565 1674 5618 Dei

129 5646 307 5698 cultura
330 5650 610 5715 desertam,
647 5668 818 5719 neque
861 5653 1021 5707 ul.’ius
1052 5657 1430 5722 prophetarum
1466 5657 1676 5723 ιιι-παὶ·-

132 5742 396 5800 cationibus
424 5747 712 5804 excultum.
761 5750 854 5805 Via
911 5764 1037 5805 vero
1075 5766 1193 5820 qua:
1245 5752 1311 5806 ad
1358 5754 1598 5808 eamdem
1644 5769 1673 5809 a

1779 3286 1825 3329 et
1858 3279 2064 3332 domum
2097 3280 2270 3337 Patris
2298 3286 2372 3337 tui
2408 3285 2576 3357 (Psal.
2611 3293 2779 3356 ιιιν),
2812 3303 2864 3346 et
2894 3305 3107 3350 caetera.

1853 3368 1999 3423 Dixit
2039 3383 2208 3427 autem
2251 3376 2477 3441 Spiritus
2525 3377 2793 3452 Philippo.
2828 3383 2883 3437 in
2911 3389 3074 3440 corde
3124 3387 3353 3458 Spiritus

1765 3461 2032 3532 'Philippo
2083 3466 2415 3534 loquebatur.
2451 3471 2669 3540 Spiritui
2718 3475 2858 3526 enim
2893 3476 2985 3529 Dei
3034 3483 3182 3547 quasi
3216 3499 3361 3548 qua:-

1781 3552 1898 3605 datn
1925 3555 2078 3608 nobis
2102 3562 2259 3611 verba
2291 3561 2483 3625 facere,
2515 3571 2597 3615 est
2627 3563 2835 3617 occulta
2863 3566 2910 3620 vi
2937 3582 2996 3619 ea
3015 3583 3132 3637 qua:
3146 3571 3348 3640 agendi

1779 3654 1904 3696 sunt
1935 3645 2149 3697 imitari.

1852 3735 2116 3806 Tanquam
2142 3742 2244 3794 ovis
2291 3742 2359 3793 ad
2400 3745 2701 3799 oceisionem
2738 3747 2923 3802 ductus
2948 3761 3038 3802 est.
3069 3750 3212 3807 Sicut
3242 3757 3358 3810 ovis

1785 3839 1906 3878 cum
1959 3828 2169 3881 ducitur
2210 3830 2274 3882 ad
2327 3834 2616 3896 victimam,
2668 3851 2772 3888 non
2815 3852 3092 3907 repugnat,
3142 3844 3218 3898 sic
3267 3848 3355 3901 ille

1784 3923 1995 3984 propria
2033 3935 2217 3985 passus
2257 3933 2338 3974 est
2371 3923 2663 3977 voluntate.
2713 3927 2804 3980 Vel
2850 3928 3022 3983 altiori
3057 3933 3349 4002 intellectu,

1782 4005 1917 4060 sicut
1961 4023 2125 4077 agnus
2159 4012 2208 4062 in
2253 4014 2444 4078 pascha
2486 4014 2747 4069 immolari
2787 4019 3017 4086 solebat,
3050 4021 3126 4076 sic
3163 4029 3354 4095 pascha

1783 4112 2009 4150 nostrum
2037 4101 2328 4154 immolatus
2358 4115 2426 4156 est
2452 4104 2679 4158 Christus
2711 4107 2762 4177 (I
2791 4109 2909 4161 Cor.
2935 4112 3009 4179 v).

1855 4189 1921 4241 Et
1952 4192 2081 4243 sicut
2136 4209 2298 4260 agnus
2347 4211 2516 4247 coram
2566 4200 2802 4251 tondente
2831 4217 2882 4252 se
2921 4207 3026 4256 sine
3070 4220 3208 4260 uoce.
3246 4207 3358 4262 Non

1784 4282 1958 4335 solum
1992 4286 2248 4351 sanguine
2295 4301 2393 4338 suo
2435 4301 2532 4339 nos
2556 4289 2803 4354 redemit,
2837 4293 2928 4344 si-d
2962 4305 3016 4346 et
3055 4299 3185 4350 lanis
3225 4315 3359 4367 ope-

1785 4371 1910 4430 ruit,
1938 4382 1993 4423 ut
2019 4373 2259 4440 algentes
2291 4375 2599 4428 inﬁdelitate
2631 4395 2722 4430 sua
2749 4391 2894 4434 veste
2924 4385 3261 4453 calefaceret,
3295 4401 3350 4444 et

1785 4461 2090 4516 audiremus
2118 4464 2423 4528 Apostolum
2455 4468 2602 4518 nobis
2630 4468 2930 4537 loquentem
2959 4491 2971 4525 :
3009 4475 3264 4546 Quotquot
3302 4483 3356 4533 in

1786 4549 1984 4604 Clu-isto
2017 4554 2261 4617 baptizati
2310 4560 2446 4616 estis,
2503 4555 2755 4610 Christum
2799 4560 3056 4618 induistis.
3121 4566 3208 4619 Sic
3252 4586 3352 4623 non

1778 4647 1975 4714 aperuit
2003 4663 2057 4700 os
2087 4664 2252 4712 suum,
2284 4664 2404 4701 cum
2434 4651 2482 4702 in
2513 4652 2754 4716 passione
2788 4667 2880 4706 sua
2919 4656 3086 4719 Pilato
3121 4669 3175 4712 et
3206 4677 3340 4728 pon-

1795 4737 2024 4789 tilicihus
2051 4753 2234 4804 pauca,
2272 4739 2462 4792 Herodi
2493 4741 2632 4793 nulla
2663 4744 2988 4810 respondere
3016 4749 3244 4804 volebat.

1851 4826 1915 4880 In
1943 4830 2228 4881 humilitate
2249 4831 2509 4898 judicium
2546 4836 2655 4901 ejus
2694 4836 2949 4889 sublatum
2987 4850 3076 4894 est.
3110 4843 3238 4907 Quia
3268 4843 3358 4911 ju-

1778 4919 1878 4970 dex
1907 4920 2142 4972 omnium
2172 4920 2355 4986 judicii
2391 4936 2494 4974 non
2537 4926 2735 4990 reperit
2768 4930 3064 4993 veritatem,
3107 4933 3198 4985 sed
3228 4935 3353 4988 alts-

1779 5023 1883 5076 que
1917 5009 2019 5061 ulla
2064 5010 2218 5078 culpa
2267 5012 2534 5067 seditione
2578 5014 2882 5072 Judaeorum
2929 5029 2984 5074 et
3027 5021 3176 5078 Pilati
3222 5041 3353 5085 voce

1777 5099 2059 5155 damnatus
2081 5113 2186 5158 est.

1849 5210 2233 5268 Ccnerationem
2262 5219 2373 5283 eius
2400 5222 2511 5287 quis
2537 5223 2829 5276 enarrabit?
2859 5225 2960 5284 Aut
2987 5226 3054 5280 de
3080 5227 3356 5287 diviniiate

1777 5300 1893 5369 ejus
1935 5306 2304 5372 accipiendum
2345 5319 2448 5375 est,
2493 5313 2632 5378 quod
2676 5314 3003 5382 impossibile
3042 5319 3110 5371 sit
3158 5319 3355 5377 divinas

1779 5395 2066 5449 nativitatis
2100 5415 2255 5454 nosse
2303 5404 2575 5472 mysteria,
2624 5407 2690 5459 de
2735 5422 2836 5472 qua
2886 5411 3041 5464 Pater
3076 5412 3350 5480 loquitur:

1777 5483 1907 5537 Ante
1949 5486 2216 5552 luciferum
2265 5493 2416 5558 genui
2459 5502 2505 5544 te
2561 5493 2731 5564 (Psal.
2781 5501 2909 5566 CIX).
2963 5503 3066 5554 Aut
3095 5509 3159 5557 de
3203 5511 3355 5571 partu

1780 5571 2027 5641 Virginis,
2059 5578 2197 5645 quod
2229 5580 2515 5636 dil'lieulter
2548 5586 2715 5651 possit
2744 5591 2960 5656 exponi.
2993 5591 3156 5660 Cujus
3191 5596 3356 5646 ratio-

1780 5680 1898 5717 ncm
1933 5667 2106 5720 Maria:
2135 5674 2423 5738 quaerenti,
2463 5687 2556 5741 per
2586 5678 2828 5744 angelum
2852 5679 3084 5733 dicitur:
3122 5681 3348 5753 Spiritus

1779 5766 1981 5811 sanctus
2011 5763 2324 5827 superveniet
2363 5764 2412 5816 in
2446 5774 2511 5818 te.
2563 5765 2629 5821 Ut
2660 5767 2739 5820 vel
2791 5771 2856 5821 ab
2904 5770 3114 5840 angelo,
3171 5775 3251 5827 vel
3282 5773 3353 5830 ab
