3884 6232
595 377 703 436 0:13

1021 379 1224 435 unum
1267 363 1713 452 verissimus
1751 385 1900 440 ore.
1948 386 2120 444 mus

2264 389 2456 447 SECT.
2502 397 2540 451 I‘.
2582 425 2649 438 --
2691 397 3079 458 EXEGETICA
3120 403 3442 463 CENUINA.
3739 414 3818 466 94$

606 498 930 566 evangelista
977 508 1175 548 tantum
1231 498 1522 551 nativitatis
1575 499 1690 567 ejus
1723 512 2053 556 sacramenta
2087 503 2159 555 di-
2189 509 2233 561 Δ
2265 507 2418 569 bene.
2452 520 2506 564 et
2553 515 2814 582 propriam
2847 517 3179 585 sapientiam,
3224 539 3326 587 qua
3362 522 3720 590 perturbatur
3745 541 3816 578 ει.

593 599 808 654 cantur,
834 591 984 657 cujus
1031 599 1274 645 narrator
1303 592 1607 647 rarissimus
1639 602 1740 648 est.

673 683 924 745 Quoniam
967 684 1169 736 tolletur
1210 699 1241 734 a
1289 693 1421 736 terra
1449 685 1550 736 vita
1578 687 1709 754 eius.
1741 685 1804 741 Ut
1834 701 2161 757 nequaquam

595 777 645 828 in
673 786 832 836 terra,
875 773 966 827 sed
999 777 1048 826 in
1078 774 1213 828 cmlo
1245 774 1466 830 viveret.

665 868 908 931 Aperiens
940 878 1105 918 autem
1150 865 1428 934 Philippus
1465 884 1522 921 os
1559 885 1726 934 suum,
1756 880 1861 924 etc.
1893 870 2163 938 Philippus

591 955 971 1024 interpretatur
1021 972 1076 1009 os
1117 954 1392 1024 lampadis,
1444 959 1764 1027 pulcherque
1806 970 1888 1012 est
1938 975 2160 1023 sensus,

588 1048 733 1113 quod
763 1062 822 1099 os
857 1047 1116 1114 lampadis
1163 1060 1313 1098 sumn
1370 1051 1600 1115 aperiret
1646 1065 1726 1112 os,
1780 1050 1902 1103 dum
1938 1051 2161 1104 obscura

593 1136 892 1203 nmphetim
917 1136 969 1189 in
1016 1136 1253 1189 scientia:
1303 1135 1472 1189 lucem
1516 1137 1793 1202 proli-net.
1829 1141 2081 1204 Quamvis
2110 1145 2164 1192 et

582 1224 737 1296 juxta
768 1226 1039 1278 historiam
1082 1225 1250 1295 possit
1295 1226 1394 1278 ista
1434 1228 1840 1282 circumlocutio
1881 1229 2161 1299 designare

584 1315 858 1381 aliquanto
897 1315 1190 1385 longiorem
1227 1314 1461 1370 futurum
1495 1327 1621 1371 tunc
1647 1334 1769 1374 esse
1800 1320 1915 1387 ejus
1942 1333 2151 1374 sermo-

584 1425 729 1465 nem.

670 1499 930 1554 Venerunt
959 1502 1026 1553 ad
1047 1501 1318 1570 quamdam
1339 1516 1546 1572 quam.
1588 1503 1683 1559 Est
1711 1506 1972 1576 hodieque
1997 1508 2159 1563 Beth-

583 1603 710 1644 soro
741 1592 889 1645 vicus
920 1591 971 1645 in
1006 1592 1142 1645 tribu
1163 1583 1329 1654 Iuda,
1360 1597 1612 1650 euntibus
1640 1596 1708 1651 ab
1751 1598 1880 1650 Elian
1906 1598 2154 1653 Chebron

583 1680 634 1733 in
668 1683 921 1748 vigesimo
945 1682 1135 1749 lapide.
1158 1683 1311 1736 Juxta
1342 1698 1498 1752 quem
1523 1683 1641 1740 fons
1668 1687 1731 1740 ad
1763 1689 1968 1743 radices
1997 1705 2151 1742 mon-

584 1772 652 1826 tis
683 1773 962 1837 ebulliens,
994 1775 1063 1826 ab
1113 1775 1323 1839 eadem,
1355 1775 1435 1834 in‘
1459 1778 1851 1850 qua'gignitur,
1902 1786 2153 1836 sorbetur

584 1863 766 1918 humo.
801 1866 856 1919 In
882 1866 980 1919 hoc
1012 1876 1095 1921 est
1113 1870 1386 1921 eunuchus
1413 1881 1441 1923 a
1473 1869 1715 1938 Philippo
1747 1872 2061 1941 baptizatus.

659 1977 786 2043 Quis
813 1976 1039 2043 prohibet
1075 1993 1152 2030 me
1179 1979 1427 2043 baptizari
1449 1979 1475 2032 γ
1501 1972 1560 2033 Et
1592 1980 1749 2051 jussit
1771 1990 1906 2034 stare
1928 2000 2151 2049 currum,

584 2074 638 2119 et
670 2076 884 2119 caetera.
921 2067 1015 2119 llic
1043 2065 1146 2119 alia
1195 2067 1475 2120 translatio
1508 2068 1656 2136 juxta
1696 2070 1937 2124 Graecum
1971 2088 2150 2125 exem-

587 2153 702 2222 plar
731 2156 936 2223 aliquot
963 2170 1148 2209 versus
1194 2156 1314 2222 plus
1360 2152 1537 2221 habet,
1587 2159 1675 2210 ubi
1726 2160 1984 2226 scriptum
2030 2171 2150 2215 est:

573 2237 722 2301 ‘Ecre
769 2260 931 2318 aqua,
965 2250 1080 2316 quis
1111 2247 1334 2315 prohibet
1373 2260 1452 2300 me
1490 2248 1781 2316 baptizari?
1811 2253 1945 2304 Dixit
1978 2262 2151 2304 autem

581 2338 628 2390 ei
663 2336 934 2403 Philippus
968 2354 977 2387 :
1014 2335 1072 2389 Si
1101 2336 1262 2388 credis
1287 2348 1349 2388 ea:
1380 2345 1481 2388 toto
1511 2336 1660 2389 corde
1691 2344 1796 2397 tuo,
1828 2341 1996 2391 saltus
2029 2342 2146 2392 eris.

584 2423 935 2493 Respondens
965 2434 1140 2478 autem
1184 2423 1311 2476 dixit
1341 2439 1354 2476 :
1388 2422 1550 2478 Credo
1573 2425 1630 2477 in
1658 2425 1918 2478 Christum
1954 2425 2147 2479 Filium

581 2515 698 2571 Dei.
749 2515 815 2569 Et
847 2517 1006 2587 jussit
1037 2525 1170 2569 stare
1199 2530 1422 2577 currum,
1457 2525 1509 2568 et
1558 2525 1771 2569 coitera.
1808 2517 1868 2567 Et
1897 2515 1993 2570 hos
2021 2531 2150 2582 ergo

587 2605 882 2661 versiculus
910 2605 1069 2659 credo
1088 2606 1319 2674 primum
1352 2619 1380 2658 a
1409 2617 1590 2659 nostro
1607 2621 1825 2675 quoque
1857 2607 2149 2675 interprete

581 2700 893 2765 translatos,
922 2696 1015 2751 sed
1046 2698 1380 2766 scriptorum,
1407 2698 1534 2751 vitio
1575 2708 1754 2767 postea
1821 2699 1985 2755 fuisse
2018 2696 2147 2754 subL

575 2787 728 2842 latos.

648 2877 873 2947 Spiritus
920 2875 1124 2930 Domini
1169 2879 1339 2944 rapuit
1384 2876 1700 2949 Philipptm.
1735 2879 1994 2948 Suntqui
2031 2880 2143 2934 lucc

590 2968 834 3035 angelum
867 2969 920 3021 in
964 2969 1158 3034 Spiritu
1189 2980 1370 3025 sancto
1400 2969 1585 3025 fecisse
1615 2980 1896 3038 testantur,
1939 2984 1993 3027 ut
2026 2973 2145 3028 llie-

574 3071 829 3128 ronymus
863 3058 1059 3126 prodit.

647 3171 1047 3243 Evangelizabat
1069 3173 1350 3227 civitatibus
1372 3175 1583 3238 cunctis,
1615 3176 1774 3228 donec
1807 3177 1993 3230 veniret
2022 3176 2135 3231 Cre-

562 3278 794 3317 saream.
824 3263 1116 3318 Palestina:
1144 3265 1292 3330 dicit,
1326 3266 1414 3318 ubi
1458 3264 1593 3318 infra
1635 3267 1852 3342 domum
1885 3268 2137 3323 habuisse

571 3344 912 3418 describitur,
948 3372 1062 3424 qua:
1086 3370 1250 3422 usque
1271 3355 1426 3410 hodie
1452 3356 1866 3419 demonstratur,
1902 3373 1998 3411 nec
2031 3374 2134 3412 non

572 3434 637 3500 et.
676 3446 979 3500 cubiculum
1021 3456 1247 3513 quatuor
1287 3444 1512 3499 filiarum
1553 3447 1667 3514 ejus
1706 3447 1967 3516 virginum
2009 3464 2138 3518 pro-

575 3537 920 3606 pltetantium.

1171 3625 1392 3682 CAPUT
1441 3625 1532 3681 IX.

641 3735 834 3789 Saulus
865 3746 1033 3789 autem
1083 3734 1250 3787 adhue
1283 3736 1484 3803 spirans
1519 3735 1770 3789 minarum
1810 3747 1856 3789 et
1895 3740 2045 3792 credis
2084 3742 2136 3790 in

565 3829 843 3895 discipulos
876 3828 1101 3880 Domini.
1146 3827 1440 3881 Praesentes
1472 3829 1720 3883 videlicet
1745 3830 1975 3885 caulibus
2000 3831 2127 3882 affl-

564 3916 732 3980 ciens,
759 3927 812 3970 et
841 3917 995 3969 minis
1021 3915 1299 3969 deterrens
1329 3921 1598 3970 absentes.

644 4006 822 4075 Suule,
874 4006 1052 4074 Saule,
1075 4007 1198 4075 quid
1247 4024 1324 4059 me
1376 4011 1729 4076 persequeris?
1790 4009 1903 4064 Non
1951 4010 2130 4065 dixit:

563 4096 700 4161 Quid
735 4098 1072 4165 persequeris
1101 4099 1334 4152 membra
1379 4100 1536 4152 mea?
1579 4100 1672 4158 sed
1699 4105 1823 4170 quid
1860 4117 1939 4156 ms
1967 4120 2134 4171 perse-

567 4191 775 4258 queris?
807 4191 927 4257 quia
950 4190 1064 4256 ipse
1106 4191 1155 4243 in
1187 4205 1410 4256 coriore
1451 4207 1565 4252 suo,
1596 4193 1732 4259 quod
1761 4205 1840 4246 est
1872 4195 2131 4262 Ecclesia,

564 4283 740 4334 adhuc
768 4281 966 4349 patitur
996 4280 1222 4348 iniquos.
1257 4280 1309 4332 lu
1339 4282 1488 4347 cujus
1528 4285 1978 4358 etiam.membris
2029 4287 2124 4338 be-

564 4374 754 4425 nelicia
780 4370 990 4431 collata,
1051 4371 1149 4423 sibi
1191 4369 1324 4424 facta
1364 4387 1482 4432 esse
1521 4372 1812 4432 denuntiat,
1854 4390 1974 4427 cum
2017 4376 2125 4429 ait:

565 4461 790 4522 Esurivi,
831 4472 875 4513 et
906 4463 1114 4513 dedistis
1145 4463 1266 4514 mihi
1305 4463 1610 4516 manducare
1636 4463 1848 4534 (Matth.
1883 4465 2027 4535 xxv).
2067 4468 2129 4519 Et

565 4554 886 4621 exponendo
916 4552 1216 4620 subjunxit:
1255 4555 1492 4616 Quandiu
1537 4557 1713 4608 unica:
1745 4559 1965 4611 minimis
2005 4560 2127 4612 meis
2167 4543 2211 4599 ί)

563 4648 765 4715 fecistis,
798 4647 924 4698 mihi
969 4647 1156 4717 fecistis
1184 4645 1391 4714 (Ιὸἱιι.).

635 4755 748 4827 Ego
773 4774 883 4810 sunt
931 4755 1101 4818 Jcsus,
1133 4772 1276 4821 quem
1325 4768 1373 4805 tu
1404 4759 1728 4823 persequeris.
1781 4759 1892 4813 Non
1947 4762 2077 4815 dixit
2112 4781 2124 4816 :

566 4847 675 4914 ligo
701 4863 813 4899 sum
846 4847 1004 4909 Deus,
1033 4861 1130 4913 ego
1162 4862 1275 4898 sum
1320 4845 1482 4898 Filius
1515 4848 1626 4907 Dei,
1670 4849 1761 4901 sed
1806 4850 2119 4904 humilitatis

568 4937 780 5005 (inquit)
814 4953 940 4990 mea:
974 4936 1182 4990 inﬁrma
1213 4941 1444 5004 suscipe,
1479 4948 1531 4990 ct
1566 4948 1666 4993 tute
1689 4942 1950 5009 superbia:
1976 4957 2124 5011 Squa-

558 5044 674 5083 mas
713 5030 937 5096 depone.

635 5120 798 5186 Surge
829 5128 874 5170 et
911 5118 1175 5187 ingredere
1218 5120 1487 5182 civitatem,
1543 5127 1587 5172 et
1631 5120 1824 5173 dicetur
1876 5124 1964 5175 tibi
2006 5127 2125 5192 quid

559 5215 607 5260 te
628 5216 853 5273 Oporteat
882 5207 1068 5275 facere.
1112 5206 1224 5259 Non
1259 5210 1506 5260 continuo
1536 5227 1648 5273 quze
1677 5225 1850 5264 essent
1885 5214 2123 5267 facienda

564 5298 898 5362 monstravit,
956 5298 1049 5352 sed
1106 5301 1154 5354 in
1206 5301 1418 5352 cixitate
1467 5302 1809 5367 postmodum
1865 5306 2124 5357 audienda

562 5390 898 5456 prtemonuit,
929 5397 986 5442 ut
1034 5401 1175 5443 tanto
1220 5397 1334 5455 post
1364 5390 1436 5463 _in
1486 5377 1635 5445 bonis
1679 5394 1897 5447 solidius
1937 5407 2121 5461 staret,

557 5489 754 5545 quanto
802 5479 943 5548 prius
987 5478 1218 5533 funditus
1249 5497 1468 5534 eversus
1500 5496 1528 5533 a
1575 5483 1797 5551 pristino
1827 5501 2007 5542 errore
2037 5504 2123 5543 ce-

558 5569 788 5621 cidisset.

628 5660 920 5729 Apertisque
943 5662 1104 5714 oculis
1139 5662 1265 5713 nihil
1286 5664 1509 5715 videbat.
1551 5663 1890 5734 Nequaquam
1928 5671 2123 5738 potuis-

551 5763 633 5803 set
667 5752 797 5806 bene
825 5768 1006 5809 rursus
1057 5753 1255 5818 videre,
1292 5756 1388 5808 nisi
1434 5757 1576 5823 prius
1611 5771 1906 5812 cxcomams
1937 5760 2120 5818 [υἱ-εει

2267 598 2507 662 eludens,
2541 601 2660 654 fidei
2707 618 2764 658 se
2797 620 2887 672 per
2917 618 3102 661 cuncta
3131 611 3515 664 connnitteret.

2337 689 2403 742 Et
2441 701 2547 745 erat
2576 695 2734 748 tribus
2771 696 2947 749 diebus
2976 715 3077 752 non
3119 700 3311 754 videns.
3371 703 3503 769 Quia
3563 704 3819 758 Dominum

2265 797 2369 833 non
2403 784 2701 839 crediderat
2725 788 2877 840 tertia
2895 784 2981 842 die
3007 801 3231 845 mortem
3267 795 3606 861 resurgendo
3624 796 3817 854 VitlSSé.

2264 884 2363 922 suo
2388 873 2494 934 jam
2527 872 2806 929 instruitur
2834 881 3109 946 exemplo,
3162 881 3251 949 qui
3284 884 3535 938 tenebras
3561 883 3816 938 triduanas

2265 960 2383 1014 luce
2413 979 2623 1017 reversa
2656 975 2904 1020 mutaret.

2333 1050 2444 1118 Ego
2491 1055 2623 1106 enim
2664 1057 2926 1109 ostendam
2953 1058 3031 1110 illi
3077 1070 3266 1128 quanta
3317 1071 3546 1129 oporteat
3593 1081 3710 1116 eum
3749 1083 3819 1132 pra

2263 1144 2470 1196 nomine
2496 1160 2606 1199 meo
2639 1149 2764 1216 pati.
2807 1148 2922 1201 Non
2952 1150 3108 1204 debet
3134 1153 3356 1223 (inquit)
3391 1159 3543 1223 quasi
3581 1173 3815 1225 persecu-

2265 1240 2348 1286 tor
2376 1234 2572 1303 timeri,
2599 1238 2691 1292 sed
2738 1239 2914 1306 potius
2958 1242 3108 1309 quasi
3140 1242 3301 1296 frater
3326 1247 3603 1312 amplecti,
3639 1248 3724 1314 qui
3747 1253 3817 1298 ad-

2260 1339 2438 1389 versa,
2468 1341 2584 1392 qua:
2609 1330 2810 1382 sanctis
2839 1331 3109 1396 intulerat,
3155 1343 3433 1401 promptus
3461 1343 3547 1389 est
3574 1339 3814 1391 sustinere

2260 1430 2379 1468 cum
2411 1421 2632 1473 sanctis.

2331 1506 2396 1558 Et
2442 1509 2708 1578 confestim
2767 1511 3054 1563 ceciderunt
3119 1513 3179 1566 ab
3227 1513 3386 1566 oculis
3433 1517 3546 1585 ejus
3599 1524 3812 1576 tanquam

2257 1616 2496 1668 squamis.
2535 1601 2785 1654 Draconis
2809 1617 2966 1657 omne
2995 1619 3191 1672 corpus
3214 1605 3407 1658 dicitur
3437 1608 3685 1675 squamis
3715 1623 3810 1661 esse

2258 1701 2582 1745 contectum.
2613 1691 2743 1756 Quia
2775 1707 2903 1760 ergo
2931 1694 3099 1748 Judaei
3145 1706 3444 1763 serpentes,
3473 1707 3524 1750 et
3565 1698 3809 1764 genimiaa

2259 1783 2559 1848 viperarum
2605 1792 2730 1835 sunt
2783 1785 2952 1837 vocati
2984 1784 3073 1854 qui
3114 1783 3318 1838 illorum
3354 1786 3635 1854 perfidiam
3667 1799 3813 1839 secta-

2185 1852 2232 1911 B
2261 1876 2432 1935 batur,
2464 1876 2613 1941 quasi
2660 1868 2796 1942 pelle
2823 1877 3127 1942 serpentina
3158 1879 3341 1931 oculos
3385 1879 3562 1930 cordis
3609 1879 3809 1930 obtera-

2258 1973 2358 2016 rat.
2388 1963 2491 2018 Sed
2525 1964 2838 2020 cadentibus
2861 1968 2958 2020 sub
2982 1983 3140 2021 manu
3173 1968 3392 2022 Ananiae
3419 1969 3487 2021 ab
3518 1967 3638 2036 ejus
3669 1971 3808 2022 acutis

2258 2055 2494 2121 squamis
2521 2064 2849 2110 monstratur
2878 2058 2928 2110 in
2965 2057 3120 2124 facie,
3149 2060 3291 2128 quod
3321 2075 3504 2113 verum
3530 2061 3807 2129 lunienjam

2259 2144 2458 2209 recepit
2480 2144 2528 2196 in
2557 2155 2758 2198 mente.

2327 2235 2640 2304 Acripientes
2683 2245 2851 2289 autem
2882 2253 2994 2289 eum
3035 2238 3273 2307 discipuli
3313 2241 3425 2309 ejus
3456 2250 3621 2294 nocte.
3650 2241 3699 2293 ld
3723 2252 3806 2300 est,

2255 2327 2497 2393 discipuli
2541 2328 2760 2382 Christi.
2818 2330 2872 2382 lu
2903 2330 3089 2384 Grtnco
3127 2333 3268 2385 enim
3315 2349 3421 2386 non
3468 2342 3570 2408 agt,
3593 2334 3803 2387 additum

2255 2417 2394 2484 ejus,
2428 2419 2520 2472 sed
2556 2422 2923 2474 tantummodo
2950 2422 3213 2490 discipuli,
3248 2433 3306 2476 ut
3331 2425 3652 2493 generaliter
3681 2424 3804 2479 Cllfi°

2255 2507 2320 2558 Sli
2351 2507 2434 2558 vel
2480 2508 2728 2562 Ecclesiae
2760 2509 3138 2578 intelligantur.
3171 2512 3413 2566 Nondum
3445 2516 3586 2568 enim
3635 2515 3799 2568 Paulus

2253 2596 2540 2664 discipulos
2569 2595 2759 2652 fecisse
2787 2600 2996 2668 legitur,
3045 2601 3138 2655 sed
3188 2603 3363 2656 solum
3395 2603 3613 2659 Judzeos
3643 2609 3801 2658 confu-

2251 2685 2397 2738 disse
2425 2688 2514 2754 qui
2546 2686 2855 2741 habitabant
2897 2689 3157 2746 Damasci.

2325 2775 2424 2828 l’er
2455 2793 2652 2830 murum
2678 2779 2973 2831 dimiserunt
3002 2797 3136 2846 eum,
3174 2783 3519 2839 submittentes
3544 2786 3595 2838 in
3625 2798 3798 2850 sporta.

2254 2864 2363 2919 lloc
2412 2867 2590 2934 chugii
2637 2882 2803 2936 genus
2859 2869 3116 2937 hodieque
3162 2884 3404 2926 servatur
3452 2875 3505 2926 in
3560 2876 3792 2934 Ecclesia,

2257 2958 2467 3023 quando
2491 2961 2609 3024 quis
2639 2960 2838 3028 antiqui
2870 2961 3039 3016 hostis
3082 2963 3291 3019 insidiis
3329 2967 3414 3019 vel
3442 2967 3599 3035 hujus
3635 2972 3790 3022 seculi

2251 3047 2451 3115 laqueis
2496 3050 2866 3116 circumfusus,
2913 3069 3007 3122 spe
3051 3055 3281 3123 fideique
3312 3073 3421 3110 suae
3468 3061 3686 3113 minime
3713 3061 3798 3112 sal-

2248 3149 2419 3190 Valllt‘.
2452 3138 2630 3193 Murus
2656 3143 2796 3195 enim
2847 3143 3109 3210 Damasci,
3144 3164 3259 3212 qua:
3289 3151 3598 3217 sanguinem
3631 3151 3796 3202 bibens

2247 3230 2657 3298 interpretatur,
2711 3234 3010 3288 adversitas
3057 3239 3238 3291 sazculi
3318 3249 3420 3291 est.
3478 3239 3586 3292 Rex
3635 3241 3794 3302 Areu,

2244 3322 2330 3387 qui
2396 3322 2776 3389 interpretatur
2825 3325 3121 3389 descensio,
3179 3328 3425 3383 diabolus
3483 3330 3790 3398 intelligitur.

2245 3412 2439 3478 Sporta
2499 3429 2616 3482 qum
2666 3415 2840 3482 juncis
2892 3418 3185 3486 palmisque
3231 3420 3371 3474 solet
3425 3424 3636 3484 confici,
3691 3422 3793 3473 fidei

2243 3505 2464 3572 speique
2495 3507 2922 3576 conjunctioncm
2974 3511 3235 3578 designat.
3272 3513 3474 3567 .lunrns
3503 3516 3645 3567 enim
3687 3515 3788 3566 viri-

2241 3596 2463 3649 ditatem
2500 3598 2643 3662 lidei,
2699 3601 2871 3666 palma
2927 3616 3077 3668 Spem
3108 3604 3232 3656 vitae
3278 3619 3490 3659 :cterntn
3533 3607 3787 3676 significat.

2240 3686 2498 3756 Quisquis
2543 3704 2670 3756 ergo
2713 3705 2772 3744 se
2815 3707 2966 3744 muro
3004 3694 3336 3747 adversitalis
3368 3695 3511 3749 videt
3558 3708 3783 3759 cunctum,

2241 3790 2475 3842 Sportatn
2508 3779 2780 3845 virtutum,
2811 3795 2908 3848 qua
2941 3783 3148 3846 evadat,
3177 3785 3400 3837 festinus
3424 3787 3695 3839 ascendat.

2311 3868 2438 3920 Cum
2454 3880 2616 3920 autem
2639 3871 2844 3923 venisset
2862 3873 2916 3922 in
2936 3871 3240 3938 Jerusalem,
3271 3877 3494 3929 tentabat
3508 3882 3718 3948 jungere
3743 3895 3786 3930 se

2245 3957 2533 4025 discipulis.
2568 3959 2680 4011 Non
2721 3975 2839 4011 eum
2885 3976 3006 4015 mox
3037 3964 3352 4031 baptizatum
3399 3969 3677 4021 credamus
3704 3985 3778 4020 ve-

2239 4046 2379 4100 nisse
2411 4046 2474 4099 ad
2498 4048 2764 4114 apostolos
2794 4050 3110 4115 Jerusalem,
3155 4055 3246 4106 sed
3291 4056 3428 4108 sicut
3467 4058 3581 4124 ipse
3608 4058 3782 4112 Calatis

2243 4134 2475 4202 scripsit,
2513 4139 2681 4203 primo
2708 4138 2906 4192 abiisse
2939 4142 2987 4192 in
3024 4144 3292 4205 Arabiam,
3326 4155 3380 4196 et
3410 4146 3602 4200 iterum
3630 4164 3782 4201 rever.

2237 4238 2354 4275 sum
2382 4239 2500 4277 esse
2527 4225 2857 4278 Damascum.
2889 4227 3085 4282 Deinde
3119 4243 3234 4297 post
3257 4241 3365 4286 tres
3393 4249 3564 4290 annos
3590 4239 3779 4289 veniun-

2239 4319 2340 4364 tem
2373 4311 2752 4383 Jcrasolymam
2785 4316 2975 4371 vidisse
3018 4318 3251 4384 Petrum,
3283 4331 3336 4375 et
3366 4327 3627 4380 mansisse
3667 4328 3779 4390 apu-l

2238 4419 2357 4456 eum
2408 4404 2598 4460 diebus
2644 4411 2966 4474 quindecim.
3018 4413 3189 4464 Alium
3223 4426 3397 4469 autem
3447 4422 3778 4484 aposmlnruut

2239 4496 2431 4548 vidisse
2461 4499 2753 4562 neminem,
2786 4501 2884 4552 nisi
2921 4500 3175 4555 Jacobntn
3207 4502 3424 4559 fratrem
3465 4510 3685 4562 Domini.
3720 4511 3780 4560 Ac

2235 4589 2422 4642 deinde
2453 4594 2585 4643 sicut
2630 4601 2683 4642 et
2713 4591 2881 4644 Lucas
2927 4597 3259 4662 exsequitur,
3291 4599 3502 4652 venisse
3547 4601 3596 4652 in
3628 4615 3777 4666 partes

2232 4682 2398 4749 Syrize
2431 4693 2483 4736 et
2523 4684 2742 4738 Cicilim.
2791 4685 2977 4740 Utrum
3022 4697 3198 4740 autem
3245 4691 3432 4754 prima,
3481 4707 3543 4742 an
3574 4694 3776 4744 secunda

2234 4773 2346 4825 vice
2381 4774 2618 4827 Damasci
2671 4775 2889 4829 insidias
2945 4777 3236 4841 pertulerit,
3285 4795 3388 4832 non
3433 4782 3586 4834 facile
3637 4793 3776 4846 patri.

2232 4861 2363 4914 Nam
2394 4875 2445 4914 et
2491 4864 2720 4916 secunda
2766 4859 2986 4933 intelligi
3019 4877 3212 4931 potest,
3239 4883 3302 4920 ex
3339 4883 3401 4921 eo
3441 4871 3580 4936 quod
3609 4871 3774 4921 dicitur

2233 4953 2407 5003 multis
2437 4952 2621 5003 diebus
2650 4953 2881 5020 impletis
2910 4956 3191 5009 consilium
3225 4960 3408 5012 fecisse
3435 4959 3644 5011 .Iudmos
3674 4977 3772 5011 enni

2231 5042 2600 5096 interficiendi.
2632 5045 2827 5097 ldeireo
2859 5057 3035 5098 autem
3083 5048 3250 5101 Lucas
3283 5050 3526 5102 Arabiam
3576 5061 3770 5116 prmtvr-

2230 5135 2438 5189 mittere
2471 5137 2696 5199 videtur,
2723 5138 2859 5204 quod
2885 5139 2954 5190 ibi
2983 5141 3196 5194 minime
3231 5142 3620 5209 prredicaverit,
3646 5144 3769 5212 juxta

2231 5229 2368 5292 quod
2393 5229 2506 5294 ipse
2533 5230 2583 5280 in
2616 5230 2959 5294 sequentibus
2993 5235 3240 5299 Agrippa:
3273 5235 3383 5300 regi
3413 5235 3650 5302 loquens,
3679 5235 3732 5284 :tit
3761 5277 3766 5282 .

2231 5320 2364 5383 Quia
2409 5318 2650 5372 Damasci
2699 5322 2938 5387 primum,
2987 5333 3031 5374 et
3079 5321 3432 5392 Jerosolymis,
3488 5338 3531 5379 et
3562 5333 3613 5380 in
3659 5328 3769 5378 omni

2228 5414 2429 5482 regione
2454 5411 2652 5465 ludere:
2678 5425 2723 5467 et
2756 5416 2979 5481 gentibus
3012 5419 3371 5482 prccdicabam.

2300 5503 2562 5557 Barnabas
2589 5516 2756 5557 autem
2786 5508 3160 5572 apprehensum
3210 5510 3353 5561 illum
3403 5512 3548 5564 duxit
3580 5515 3641 5564 ad
3666 5527 3762 5575 apo-

2228 5591 2400 5643 stolas.
2429 5591 2520 5644 llic
2548 5603 2628 5646 est
2654 5594 2920 5648 Barnabas
2952 5597 3038 5649 ille
3067 5599 3287 5668 Cyprius
3313 5617 3534 5671 genere,
3565 5603 3764 5659 Levites

2226 5681 2312 5747 qui
2367 5695 2522 5746 supra
2565 5683 2784 5748 pretium
2840 5686 2947 5749 agri
3017 5687 3099 5741 sui
3148 5691 3211 5742 ad
3249 5692 3410 5759 pedes
3435 5695 3763 5759 apostolorum

2226 5769 2464 5823 attulisse
2495 5783 2838 5826 memoratur.
