3884 6232
78 383 186 442 oss

1019 377 1240 434 SUPER
1283 377 1458 430 ACTA
1504 369 2002 429 APOSTULORUM
2048 368 2423 424 EXPOSITIO.

3236 362 3340 420 963

153 500 487 568 Loqucbatur
530 513 722 567 quoque
753 506 795 549 et
823 496 1112 564 disputabat
1145 511 1254 546 runt
1286 493 1495 546 Crwcis.
1530 491 1658 543 Nota
1691 491 1738 544 Α
1767 502 1885 552 qua:
1918 487 2316 540 intermiserant
2340 486 2475 539 bona
2501 494 2615 538 acta
2649 485 2964 554 recogitant,
2994 482 3187 538 faciunt
3210 500 3338 554 pro-

81 596 229 664 quod
267 593 489 648 Grmcos
538 593 589 646 in
642 591 956 654 Jerusalem,
1013 589 1226 641 Judtuos
1279 589 1328 638 itt
1388 584 1663 644 Datnasco,

81 702 199 753 quzc
227 670 510 754 gentilium
539 695 620 737 est
649 683 864 744 civitas,
908 681 1167 744 docuerit,
1206 694 1270 731 ne
1295 679 1431 730 forte
1463 675 1564 729 hoc
1596 674 1668 726 si-

79 777 308 843 gniﬁcet
364 762 591 845 gentiles
643 774 695 826 in
744 773 1012 825 civitatem
1068 771 1157 824 llei
1209 769 1558 837 adjuvandos,
1614 774 1668 819 et

81 867 311 920 Judteos
357 866 412 920 in
465 865 738 933 perﬁdiam
788 864 1024 930 gentium
1071 874 1192 915 esse
1223 861 1482 928 lapsuros.
1513 858 1665 912 Juxta

82 960 224 1026 quod
264 958 429 1012 Isaias
457 958 568 1010 ait:
619 955 685 1008 Et
718 965 938 1008 vertetur
986 954 1207 1007 Libanus
1248 954 1303 1006 in
1331 949 1588 1012 Clt'irmel,
1622 956 1667 1001 et

84 1052 335 1103 ωιτη-περι
365 1053 416 1102 in
445 1050 633 1113 salluui
672 1049 988 1115 reputabitur
1019 1046 1171 1116 (lani.
1206 1045 1378 1117 xxn').

159 1137 374 1191 Inrenit
405 1149 571 1190 autem
600 1138 668 1190 ibi
699 1138 952 1191 hominem
986 1138 1278 1206 quemdam,
1310 1136 1508 1189 nomine
1565 1133 1664 1187 Ᾱῖ-

82 1245 256 1290 neam,
289 1228 355 1280 ab
382 1228 532 1280 annis
561 1237 672 1280 octo
695 1230 954 1297 jacentem
1000 1230 1054 1279 in
1085 1227 1310 1295 grabato.
1348 1225 1544 1278 lEueas
1569 1222 1669 1276 iste

84 1336 256 1387 genus
296 1319 566 1387 signiﬁcat
591 1321 904 1380 humanum,
953 1319 1288 1372 inﬁrmorum
1333 1316 1481 1383 prius
1522 1314 1670 1367 dele-

81 1413 333 1466 ctatione
359 1411 733 1479 languescens,
773 1411 865 1464 sed
898 1411 1258 1478 apostolorum
1293 1423 1461 1474 apere
1498 1419 1550 1462 et
1578 1422 1669 1460 ore

83 1510 369 1555 sanatum.
421 1501 552 1566 Quia
593 1503 792 1554 etenim
835 1500 1066 1553 mundus
1109 1498 1222 1566 ipse
1247 1508 1475 1564 quatuor
1506 1497 1671 1563 plagis

84 1589 434 1654 sublimatur,
466 1597 520 1641 et
550 1604 736 1643 cursus
764 1587 944 1642 saeculi
992 1588 1182 1640 annuis
1217 1595 1442 1654 quatuor
1472 1594 1670 1652 tempo-

86 1681 238 1732 ribus
302 1683 566 1743 variatur,
630 1680 933 1747 quicunque
996 1677 1278 1745 praesentia
1336 1675 1673 1742 lalicntiaque

87 1770 283 1833 gaudia
319 1769 713 1836 cutnpleCIitttr,
747 1768 896 1836 quasi
935 1768 1014 1821 his
1041 1767 1382 1837 quaternario
1413 1780 1671 1818 annorum

84 1876 336 1924 numero,
360 1861 578 1931 grabato
612 1861 871 1914 sternitur
907 1858 1140 1914 enervis.
1164 1857 1455 1911 Grabalum
1480 1855 1673 1923 quippe

83 1961 162 2004 est
195 1953 317 2020 ipse
351 1952 628 2019 segnities,
663 1952 749 2004 ubi
777 1951 1063 2020 requiescit
1099 1949 1311 2001 animus
1339 1963 1478 2016 aeger
1510 1958 1561 2000 et
1595 1947 1674 1998 in-

86 2040 302 2099 ﬁrmus,
347 2041 397 2093 id
441 2051 543 2103 e5t,
578 2042 629 2094 in
662 2044 933 2110 voluptate
973 2042 1214 2107 corporis
1255 2048 1308 2092 et
1355 2039 1499 2091 omni
1529 2037 1675 2092 dele-

87 2130 325 2183 ctatione
359 2132 625 2184 steculari.

154 2220 360 2284 xEnea,
393 2231 535 2275 sanet
566 2232 612 2275 te
644 2220 896 2275 Dominus
924 2220 1074 2274 Jesus
1107 2219 1356 2274 Christus.
1409 2219 1578 2292 Surge
1626 2229 1673 2273 et

91 2320 260 2363 sterne
312 2313 421 2364 tibi.
456 2313 623 2378 Quem
663 2313 731 2366 de
773 2313 1037 2382 paralypsi
1065 2321 1361 2375 curaverat,
1407 2327 1527 2365 mox
1557 2327 1674 2364 sur-

89 2418 212 2468 gere
241 2413 296 2456 et
329 2415 574 2459 sternere
601 2405 699 2459 sibi
740 2407 1010 2472 prtecepit,
1055 2405 1364 2470 spiritaliter
1398 2406 1673 2459 insinuans

90 2501 142 2545 ttt
176 2493 411 2562 quisque
442 2493 567 2548 ﬁdei
613 2496 1025 2548 solidamentum
1072 2497 1123 2548 in
1153 2497 1317 2549 corde
1352 2498 1668 2565 perceperit,

93 2601 191 2640 non
219 2589 400 2641 solum
435 2597 729 2657 torporem,
761 2591 810 2642 in
857 2604 963 2656 quo
1004 2587 1175 2643 fessus
1201 2589 1464 2657 iacuerat,
1496 2590 1671 2643 discu-

92 2677 216 2742 tiat,
250 2680 352 2732 sed
381 2679 540 2733 etiam
593 2680 730 2733 bona
779 2693 964 2748 opera,
1008 2677 1059 2732 iit
1108 2678 1300 2748 quibus
1331 2680 1669 2748 requiescere

93 2767 288 2831 valeat,
323 2779 498 2837 paret.

163 2858 229 2911 In
260 2859 434 2929 Juppe
485 2871 651 2926 autem
711 2861 812 2928 fuit
862 2860 1094 2928 quadam
1143 2860 1413 2927 discipula,
1471 2863 1671 2914 nomine

93 2950 336 3011 Tabitha.
372 2967 484 3020 qua
523 2953 850 3020 interpretata
892 2953 1076 3004 dicitur
1107 2951 1324 3006 Dorcas.
1368 2954 1420 3005 Id
1452 2965 1551 3015 est,
1585 2956 1671 3006 da-

96 3041 254 3104 mula,
289 3041 374 3094 vel
408 3056 620 3105 caprea.
650 3041 928 3109 Signiﬁcat
971 3052 1148 3095 autem
1179 3041 1384 3096 animas
1415 3045 1666 3098 virtutum

94 3131 267 3182 studio
298 3130 581 3192 sublimes,
612 3133 704 3184 sed
741 3131 1012 3184 hominum
1056 3131 1305 3197 Opinione
1353 3136 1666 3202 contempti-

99 3220 248 3274 biles.
294 3221 481 3290 Neque
529 3222 668 3275 enim
724 3222 910 3276 beatus
955 3222 1122 3276 Lucas
1173 3225 1664 3292 interpretationem

97 3315 324 3366 nominis
373 3325 615 3382 augeret,
654 3315 749 3367 nisi
784 3331 1030 3383 magnum
1062 3317 1108 3369 ei
1142 3319 1450 3387 mysterium
1493 3319 1669 3373 inesse

95 3418 468 3472 egnosr-eret.
525 3405 742 3458 Datnula
784 3409 981 3474 quippe
1027 3408 1106 3459 vel
1155 3422 1366 3478 caprea,
1421 3411 1668 3464 animalia

97 3503 213 3546 sunt
241 3505 430 3546 natura
454 3495 669 3559 similia,
694 3497 784 3548 sed
811 3498 1171 3565 magnitudine
1194 3498 1514 3560 dilTert-ntia.
1547 3517 1668 3570 qua

101 3595 374 3637 morantur
406 3587 458 3638 in
507 3587 734 3640 excelsis
778 3589 1071 3652 montibus,
1106 3598 1160 3641 et
1187 3591 1428 3656 quamvis
1458 3592 1524 3644 de
1552 3593 1668 3644 lon-

99 3676 306 3743 ginquo,
337 3674 523 3728 vident
555 3684 729 3729 tamen
778 3693 965 3731 omnes
995 3680 1081 3745 qui
1131 3680 1366 3732 veniunt.
1420 3679 1572 3735 Unde
1616 3692 1669 3735 et

99 3771 158 3820 ab
189 3771 438 3824 acumine
459 3769 718 3823 cernendi
761 3771 946 3825 Gratcc
981 3773 1240 3825 dorcades
1266 3784 1545 3828 vocantur.
1582 3774 1669 3828 Sic

100 3861 338 3914 nimirum
371 3862 540 3915 sancti
575 3863 778 3916 meritis
806 3879 1026 3929 Operum
1073 3866 1122 3915 in
1169 3867 1400 3918 excelsis
1426 3867 1666 3918 habitan-

104 3964 194 4015 tes,
229 3953 425 4008 rncntis
453 3954 906 4020 contemplatione
936 3963 987 4008 et
1025 3959 1269 4021 supernis
1297 3958 1558 4024 sagaciter
1582 3958 1665 4009 in-

104 4043 343 4106 tendunt,
379 4052 431 4096 et
477 4043 675 4097 suimet
725 4054 876 4096 cauta
927 4044 1407 4110 circumspectione
1456 4061 1666 4112 semper

103 4134 394 4202 invigilant.
429 4133 560 4186 Nam
594 4134 734 4198 quod
785 4134 974 4186 munda
1017 4135 1228 4198 quidem
1264 4139 1375 4188 limc
1422 4139 1664 4190 animalia

99 4224 235 4290 juxta
272 4225 468 4292 legem,
504 4225 595 4276 sed
623 4224 804 4277 timida
836 4234 956 4277 sunt
979 4235 1029 4276 et
1062 4226 1312 4287 intbcllia,
1341 4226 1488 4295 juxta
1525 4230 1663 4296 quod

103 4324 334 4365 naturam
364 4328 548 4366 eorum
580 4315 881 4379 exprimens
915 4314 1167 4368 Martialis
1194 4316 1263 4366 ait
1290 4334 1301 4366 :

215 4424 380 4489 Dente
408 4426 607 4489 timetur
631 4437 767 4481 aper,
793 4423 1056 4489 defendunt
1085 4438 1258 4472 cornua
1284 4441 1499 4489 cervum,

277 4486 509 4534 [inbelles
533 4489 704 4546 dature,
741 4488 854 4547 quid
880 4488 966 4533 nisi
999 4489 1155 4547 praeda
1180 4501 1344 4535 sumus
1366 4491 1387 4534 ?

170 4587 351 4641 bonne
382 4588 664 4641 manifeste
701 4590 960 4655 signiﬁcat
991 4606 1082 4642 eos
1131 4593 1216 4656 qui
1249 4594 1561 4660 simplii-iter
1590 4597 1665 4651 vi-

105 4690 220 4728 vere
257 4678 597 4742 discretoque
648 4692 831 4743 gressu
875 4679 1100 4732 actionis
1142 4682 1288 4746 quasi
1326 4685 1442 4734 tissa
1476 4687 1666 4753 ungula

109 4767 362 4829 incedere,
395 4779 447 4821 et
475 4771 695 4822 verbum
732 4770 822 4823 Dei
847 4773 1094 4823 continua
1131 4773 1471 4828 meditatione
1504 4780 1667 4830 rumi-

110 4875 224 4912 nare
248 4862 530 4928 satagunt?
562 4862 659 4925 Qtti
689 4861 731 4912 si
764 4863 841 4913 vel
879 4863 1174 4928 ignorantia
1209 4861 1370 4926 forte,
1402 4867 1483 4918 Vel
1519 4866 1672 4920 inﬁr-

111 4953 281 5004 mitate
314 4962 538 5006 mortem
575 4953 895 5005 incurrerint
924 4954 1234 5019 spiritalem,
1270 4971 1366 5021 pro
1409 4956 1674 5010 intentio-

111 5041 183 5093 nis
225 5052 396 5095 tamen
450 5052 614 5096 rectm
666 5045 970 5110 integritate
1019 5047 1329 5098 resuscitari
1379 5060 1667 5113 merentur,

115 5135 235 5185 sicut
263 5135 419 5187 Petro
446 5136 542 5201 ipsi
587 5136 871 5202 contigisse
916 5136 1186 5203 probatur,
1222 5140 1303 5191 cui
1351 5142 1666 5212 rectissime,

113 5224 240 5285 quod
272 5225 336 5278 de
371 5225 610 5279 Dorcade
641 5227 894 5295 scriptum
925 5238 1026 5292 est,
1060 5232 1230 5293 aptari
1262 5241 1457 5297 potest.

179 5314 388 5370 Factum
422 5329 492 5370 est
531 5328 699 5371 autem
728 5321 780 5371 in
811 5322 983 5373 diebus
1013 5323 1117 5376 illis
1148 5337 1200 5377 ut
1227 5325 1483 5392 inﬁrmata
1513 5343 1672 5380 more-

113 5414 255 5459 retur.
291 5409 466 5462 Sancti
492 5412 633 5463 enim
662 5427 782 5462 cum
809 5428 904 5478 per
933 5414 1268 5482 fragilitatem
1297 5429 1497 5470 natura:
1532 5435 1674 5472 inor-

118 5498 225 5549 talis
248 5501 415 5568 aliqua
446 5503 784 5570 delinquunt,
831 5506 1055 5572 quasiitt
1086 5508 1272 5563 diebus
1325 5525 1542 5575 cperunt
1577 5512 1671 5562 bo-

118 5604 287 5642 norum
335 5605 508 5645 causa
562 5595 752 5647 subitae
803 5596 1125 5650 inﬁrmitatis
1176 5601 1514 5654 occumbunt.
1568 5603 1669 5655 Sed

119 5696 221 5733 cum
251 5700 363 5737 mox
397 5687 644 5755 lacryntis
677 5688 946 5753 insistunt,
984 5707 1133 5758 spem
1161 5695 1540 5761 recuperanda)
1567 5697 1672 5748 vir-

124 5775 231 5826 tutis
257 5774 574 5845 asrendnnt,
618 5789 923 5834 sanctorum
955 5782 1148 5836 auxilia
1185 5784 1461 5852 invocant,
1499 5796 1548 5842 et
1578 5802 1670 5842 sua

1770 576 1910 632 lecto
1942 578 2080 646 quod
2110 579 2365 645 sequitur.

1844 671 2006 734 Quam
2046 685 2162 721 cum
2209 667 2465 733 lavissent,
2516 678 2785 732 posuerunt
2815 668 3015 722 eam‘in
3057 671 3341 725 cattaettle.

1779 760 1844 812 Et
1874 770 2084 826 cattera,
2124 777 2240 827 qua:
2271 760 2337 815 de
2387 760 2528 814 Petri
2580 761 2992 822 evocationc,ct
3041 761 3342 833 eleetnosy-

1770 867 1961 904 narunt
1992 852 2247 905 Dorcadis
2276 854 2582 907 ostensione
2616 864 2920 906 narrantur.

1844 941 1910 995 Et
1949 943 2385 998 circumsteterunt
2422 945 2570 997 illum
2613 961 2782 998 einnes
2831 946 2995 999 vidtur
3021 946 3216 1014 ﬂentes.
3249 946 3337 1001 Vi-

1773 1033 1891 1086 dnre
1918 1044 2044 1088 sunt
2075 1035 2173 1102 piae
2213 1034 2564 1103 cogitationes
2609 1038 2798 1090 animat
2842 1038 3167 1105 pwnitentis,
3218 1055 3335 1108 quan

1771 1137 1958 1177 sensus
1992 1124 2202 1192 pristini
2244 1126 2479 1194 vigorem
2510 1127 2657 1194 quasi
2692 1128 2790 1180 viri
2827 1129 3062 1196 regimen
3109 1129 3174 1181 ad
3208 1139 3341 1184 tem-

1773 1230 1872 1282 pus
1901 1218 2213 1282 omiserant,
2249 1233 2365 1285 qua)
2409 1233 2506 1286 pro
2544 1220 2719 1271 anima
2749 1218 3089 1288 delinquente
3118 1235 3344 1277 necesse

1772 1318 1853 1360 est
1883 1309 2192 1374 suppliciter
2217 1318 2463 1363 exorent.

1845 1396 1911 1449 Et
1936 1400 2247 1451 ostendmtes
2277 1402 2323 1452 ei
2351 1402 2551 1454 tunicas
2577 1410 2621 1453 et
2645 1411 2825 1468 restes,
2852 1418 2977 1469 quas
2999 1403 3214 1471 faciebat
3239 1403 3344 1456 illis

1775 1489 1990 1543 Dorcas.
2026 1491 2138 1543 Non
2181 1494 2292 1545 suis
2341 1508 2434 1560 pro
2474 1493 2721 1548 defuncta
2755 1495 3005 1558 vocibus,
3058 1498 3150 1551 sed
3185 1499 3348 1563 ipsius

1777 1586 2135 1649 precabantur
2166 1585 2437 1652 operibus,
2466 1589 2713 1652 quoniam
2745 1588 3082 1657 eleetnosyna
3115 1606 3218 1641 non
3252 1605 3344 1643 sn-

1792 1673 1896 1725 Innt
1931 1690 1958 1725 a
1985 1675 2240 1735 secunda,
2267 1676 2357 1728 sed
2385 1687 2433 1727 et
2460 1691 2486 1727 a
2513 1677 2677 1742 prima
2708 1687 2878 1729 morte
2902 1677 3113 1732 liberat.

1853 1763 1993 1817 Dixit
2023 1781 2041 1817 :
2072 1765 2306 1824 Tabitlta.
2340 1780 2504 1834 stnjqe.
2523 1767 2694 1821 Atilla
2721 1777 2921 1837 aperwt
2951 1770 3146 1833 oculos,
3173 1781 3216 1824 et
3245 1772 3352 1825 viso

1708 1830 1750 1888 Β
1781 1852 1934 1905 Petro
1956 1859 2160 1909 resedit.
2193 1856 2526 1910 Justissitnus
2563 1858 2694 1912 ordo
2723 1861 3068 1928 resurgentis.
3103 1872 3158 1915 ut
3200 1865 3351 1932 prius

1782 1946 1966 1997 oculos
1994 1947 2186 1999 mentis
2214 1947 2438 2013 aperiat,
2489 1957 2544 2000 et
2587 1950 2760 2014 agnita
2804 1951 2996 2005 deinde
3046 1949 3188 2006 Petrl
3221 1970 3352 2009 voce

1778 2033 2031 2102 resideat,
2066 2037 2242 2090 lumen
2275 2052 2383 2090 suae
2413 2040 2924 2106 circumspectionis.
2981 2044 3121 2108 quod
3171 2048 3353 2113 perdi-

1776 2124 1948 2193 derat,
1984 2129 2224 2196 recipiat,
2258 2138 2313 2182 et
2345 2129 2410 2182 ad
2458 2129 2753 2184 doctrinam
2782 2147 2967 2186 eorum
3001 2137 3090 2203 qui
3113 2151 3173 2190 se
3203 2137 3355 2202 adju-

1777 2230 1964 2273 verant
1988 2221 2153 2274 vivat.

1853 2306 1991 2366 Itans
2020 2327 2189 2367 autem
2211 2315 2293 2369 illi
2320 2333 2548 2380 manum,
2576 2318 2738 2370 erexit
2771 2335 2902 2373 eam.
2929 2319 3180 2374 Contacta
3212 2317 3356 2376 Petri

1777 2421 1936 2457 manu
1966 2407 2190 2459 Tabitha
2225 2409 2475 2476 resurgit,
2507 2411 2627 2476 quia
2649 2411 2998 2480 languescens
3019 2414 3194 2466 anima
3229 2428 3358 2480 pec-

1775 2495 1931 2559 catis,
1963 2498 2111 2550 nullo
2147 2499 2342 2552 melius
2366 2502 2552 2555 ordine
2579 2519 2734 2570 quant
2765 2518 3068 2558 sanetortttn
3097 2509 3356 2577 exemplis

1775 2587 2119 2641 convalescit.

2394 2699 2620 2756 CAPUT
2659 2701 2724 2755 Χ.

1851 2787 1941 2841 Vir
1957 2799 2122 2842 autem
2143 2791 2344 2858 quidam
2360 2804 2463 2845 erat
2488 2795 2538 2845 in
2563 2792 2813 2857 σινιστρα,
2839 2800 3040 2851 nomine
3059 2797 3348 2866 Cornelius,

1773 2886 1875 2931 etc.
1913 2879 2023 2931 Non
2060 2880 2342 2934 virtutibus
2369 2885 2431 2933 ad
2467 2884 2642 2947 ﬁdem,
2680 2886 2769 2936 stsd
2809 2886 2912 2939 ﬁde
2940 2887 3260 2955 pertingitttr
3287 2891 3354 2944 ad

1775 2966 2017 3032 virtutes,
2052 2979 2106 3021 ttt
2139 2971 2321 3024 beatus
2378 2987 2508 3038 papa
2542 2973 2830 3039 Gregorius
2877 2978 3112 3045 exponit.
3158 2979 3358 3034 Corne-

1774 3059 1871 3112 lius
1902 3059 2043 3114 enim
2081 3061 2294 3131 (inquit)
2320 3062 2472 3130 cujus
2496 3062 2852 3133 eleemosynm
2875 3079 3001 3122 ante
3033 3065 3352 3136 baptismum

1775 3151 1960 3213 angelo
1992 3158 2128 3204 teste
2180 3153 2408 3205 laudatae
2458 3164 2603 3216 sunt,
2660 3169 2763 3207 non
2798 3160 3049 3222 aperibtts
3073 3163 3135 3212 ad
3171 3163 3353 3224 ﬁdem,

1773 3243 1863 3292 sed
1898 3243 1999 3295 title
2030 3245 2172 3294 venLt
2200 3244 2263 3295 ad
2295 3259 2477 3310 opera.
2511 3244 2600 3299 Sic
2629 3246 2770 3298 enim
2814 3247 2922 3301 Deo
2953 3263 3079 3303 vero
3132 3263 3186 3305 et
3230 3262 3356 3309 ante

1774 3333 2093 3397 baptismum
2124 3350 2227 3387 non
2272 3336 2593 3399 crediderat,
2646 3352 2803 3405 quem
2856 3340 3076 3394 orabat?
3109 3343 3190 3398 vel
3221 3360 3356 3414 quu-

1774 3424 1931 3476 modo
1976 3427 2116 3479 hunc
2147 3428 2487 3494 omnipotens
2522 3429 2660 3483 Dens
2701 3431 3030 3497 exaudierat,
3079 3435 3123 3489 si
3155 3451 3258 3490 nan
3288 3439 3357 3491 ab

1775 3514 1892 3579 ipso
1923 3529 1980 3568 se
2011 3519 2062 3568 in
2096 3515 2246 3569 bonis
2291 3519 2466 3584 perlici
2505 3520 2758 3585 patebat?
2789 3522 3006 3576 Sciebat
3047 3539 3176 3594 ergo
3206 3540 3358 3581 crea-

1776 3616 1946 3660 torem
1975 3609 2212 3662 omniutn
2258 3609 2444 3671 Deum,
2469 3611 2562 3662 sed
2605 3611 2727 3678 quia
2760 3612 2876 3679 ejus
2908 3614 3245 3683 omnipotens
3272 3617 3357 3673 Fi-

1775 3699 1872 3750 lius
1901 3699 2203 3751 incarnatus
2231 3708 2394 3761 esset,
2422 3701 2719 3769 ignorabat.
2748 3700 2932 3756 Fidem
2966 3705 3170 3772 habuit,
3202 3709 3354 3777 cujus

1773 3791 2042 3846 orationes
2085 3803 2137 3845 et
2183 3794 2538 3862 cleetnosynze
2590 3790 2800 3862 placere
2851 3806 3154 3865 potuerunt.
3210 3802 3354 3857 Bona

1772 3890 1945 3935 autem
1978 3884 2185 3936 actimte
2217 3885 2507 3950 promeruit
2539 3893 2594 3938 ut
2620 3887 2782 3938 Deum
2811 3890 3039 3955 perlecta
3061 3906 3353 3960 cognosce-

1773 3979 1884 4034 ret,
1918 3980 1972 4023 et
2021 3971 2086 4023 de
2136 3971 2420 4040 Unigeuito
2467 3973 2582 4040 ejus
2615 3974 2999 4031 incarnationis
3033 3982 3345 4050 mysterium

1772 4066 2056 4128 crederet,
2119 4075 2382 4130 quatenus
2437 4066 2501 4119 ad
2561 4079 2952 4122 sacramentum
3018 4073 3352 4142 baptismatis

1776 4156 2104 4221 perveniret.
2142 4156 2238 4209 l’er
2269 4157 2426 4209 tidem
2462 4173 2586 4226 ergo
2618 4160 2765 4211 venit
2811 4160 2877 4213 ad
2923 4176 3108 4231 opera,
3139 4166 3231 4219 sed
3260 4181 3357 4235 per

1771 4261 1932 4312 Opera
1965 4259 2044 4299 est
2069 4247 2328 4300 solidatus
2361 4248 2412 4300 in
2444 4248 2567 4302 tide.

1853 4359 1988 4411 Vidit
2032 4361 2081 4411 in
2113 4360 2220 4412 visu
2251 4362 2516 4428 manifeste
2546 4365 2688 4430 quasi
2715 4364 2843 4416 liora
2891 4383 3025 4418 nona
3073 4369 3194 4432 diei,
3243 4381 3350 4425 etc.

1781 4453 1921 4504 Bene
1946 4454 2224 4505 oraculum
2260 4454 2503 4520 baptismi
2538 4457 2748 4519 petendi
2797 4456 2922 4509 liora
2967 4474 3104 4512 nona
3137 4461 3350 4529 accipit,

1700 4529 1750 4587 ι)
1777 4546 1892 4609 quia
1929 4546 1978 4596 itt
2016 4554 2186 4598 morte
2220 4546 2401 4612 ipsius,
2434 4547 2521 4613 qui
2559 4547 2684 4599 liora
2720 4563 2855 4602 nona
2891 4552 3140 4618 spiritum
3176 4553 3352 4608 tradi-

1775 4635 1870 4699 dit,
1901 4647 2014 4686 erat
2039 4635 2403 4700 baptiznndtts.

1849 4747 1910 4799 Et
1943 4765 2074 4800 nunc
2102 4750 2242 4800 mitte
2285 4751 2416 4800 riros
2461 4749 2510 4800 in
2551 4747 2770 4818 Joppen.
2818 4748 2949 4802 Cum
2999 4751 3349 4824 cleemosynis

1778 4842 2127 4908 [trt‘Ctilllsquc
2157 4843 2417 4909 susceptis
2447 4883 2459 4904 ,
2493 4857 2612 4893 mox
2647 4844 2832 4894 doctor
2863 4843 3052 4899 salutis
3098 4849 3349 4901 accersiri

1772 4933 2007 4999 jubetnr,
2042 4934 2319 4984 manifeste
2353 4933 2587 4984 innititur
2610 4932 2745 5000 quod
2771 4934 3126 5002 elcetnosynis
3157 4938 3257 4991 illis
3285 4954 3349 4993 ac

1777 5026 2017 5092 precibus
2049 5027 2250 5092 plcitant
2287 5041 2396 5077 sua:
2427 5024 2613 5078 salutis
2644 5026 3000 5094 cognitionem
3043 5043 3072 5080 a
3125 5029 3347 5087 iiomiuo

1776 5118 2062 5183 qtt:t'si(‘ril.

1854 5230 2064 5283 i’ocattit
2095 5233 2221 5282 duos
2255 5231 2551 5282 domesticos
2582 5247 2722 5295 suos,
2747 5244 2792 5305 et
2818 5234 3028 5286 militem
3052 5246 3349 5289 metuentem

1777 5324 2069 5376 Dominun.
2117 5325 2248 5378 Tres
2281 5329 2423 5376 tutstt
2472 5327 2534 5375 ad
2598 5327 2810 5377 l'etrunt
2864 5327 3177 5391 Cornelius,
3227 5334 3348 5396 quia

1775 5417 2037 5469 creditura
2063 5418 2325 5484 gentilitas
2357 5417 2658 5482 apostolica.-
2685 5416 2801 5469 lidt-i
2833 5418 3115 5483 Europam,
3144 5421 3349 5487 Asiam,

1780 5511 2117 5576 Africamque
2151 5511 2381 5579 subegit,
2429 5512 2617 5576 partim
2654 5511 2837 5562 studiis
2875 5511 3209 5574 militaribus,
3249 5517 3350 5570 hoc

1777 5611 1876 5659 est.
1911 5602 2156 5652 instantia
2192 5603 2536 5665 prmtliCandi,
2570 5603 2754 5670 partim
2786 5604 3092 5657 dmttcsticis
3132 5610 3356 5674 negotiis

1776 5695 2132 5761 occupandas.
2161 5694 2293 5748 Nota
2324 5695 2460 5763 quod
2489 5710 2624 5748 unus
2658 5695 2828 5756 utiles,
2861 5706 2914 5748 et
2942 5698 3046 5750 duo
3076 5699 3354 5754 domestii-i

1777 5788 2068 5842 mittantur.
2106 5786 2312 5852 Quanto
2336 5789 2476 5842 cuitu
2508 5786 2779 5853 fortiores,
2812 5795 2957 5842 tanto
2988 5790 3272 5858 pauciores
3305 5794 3362 5848 in
