3884 6232
547 364 650 427 967

972 367 1170 422 BEDAt‘.
1216 362 1655 422 VENERABILIS
1692 359 1838 419 OPPt
1884 358 2056 415 PARS
2098 355 2159 409 11.
2200 351 2390 411 SECT.
2436 358 2473 411 l.
2518 386 2585 405 -ν-
2628 357 3002 415 EXEGETICA
3046 355 3366 415 GENUINA.
3688 358 3799 416 963‘

547 482 805 542 Ecclesite
842 480 1094 538 membris
1133 478 1405 541 invenies,
1438 478 1613 547 plures
1639 476 1728 546 qui
1767 474 1949 529 audire
1989 485 2102 523 vero
2130 470 2175 524 A
2207 469 2411 536 positae,
2456 469 2731 524 interfecta
2772 472 3033 538 prtcterita
3068 472 3197 539 vita,
3232 471 3475 525 societin
3506 473 3784 539 Ecclesia,

553 573 699 643 bunt,
733 590 886 643 quam
911 575 998 642 qtti
1016 574 1191 626 dicere
1218 570 1406 626 sciant.

554 730 555 735 η
622 666 857 720 Ascendit
888 662 1070 716 Petrus
1095 664 1145 715 in
1174 660 1450 730 superiora.
1485 656 1760 726 SigniﬁCat
1793 650 2102 715 Ecclesiam,

548 740 747 814 relictis
796 755 1021 809 terrenis
1072 751 1485 822 cupiditatibus,
1528 740 1989 803 conversatiOnetn
2054 745 2105 795 in

548 851 698 905 caelis
726 846 1042 899 habituram.
1865 852 1869 855 ·

625 936 693 993 Ut
722 946 889 990 oraret
916 937 1048 989 circa
1071 934 1254 985 horam
1296 939 1507 985 sextam.
1536 928 1695 983 Sexta
1744 926 1869 979 Itora
1919 923 2105 977 Petrus

550 1032 687 1084 inter
718 1029 915 1083 medias
968 1039 1155 1093 preces
1196 1024 1382 1082 esurit,
1424 1023 1648 1073 salutem
1694 1016 1870 1085 utique
1902 1029 2024 1067 ntun
2049 1013 2103 1073 :i,

548 1137 705 1189 quem
736 1121 985 1173 Dominus
1011 1125 1158 1169 sexta
1181 1124 1336 1167 relate
1357 1112 1536 1167 saculi
1556 1116 1797 1179 'qua‘rere
1822 1115 1877 1159 et
1899 1107 2105 1159 salvare

546 1223 782 1265 venerat.
822 1211 970 1275 Quod
1018 1218 1068 1261 ct
1120 1207 1231 1273 ipse
1278 1202 1717 1265 volnitindicare,
1768 1214 1887 1251 cum
1918 1198 2102 1276 eadem

551 1303 678 1354 ltora
710 1302 809 1353 diei
841 1315 999 1367 super
1031 1297 1378 1351 Samaritauce
1412 1303 1622 1361 puteum
1655 1290 1888 1344 sitiebat.

622 1390 686 1444 Et
714 1391 1014 1464 descendens
1042 1405 1129 1441 vas
1166 1387 1419 1455 quoddam
1447 1386 1579 1439 velut
1608 1384 1812 1435 linteum
1844 1398 2099 1450 magnum.

546 1484 652 1537 Vas
678 1484 801 1537 illttd
830 1480 1115 1535 Ecclesiam
1137 1478 1396 1547 signiIiCat
1426 1476 1814 1543 incorruptibili
1841 1475 1942 1528 llde
1971 1490 2103 1541 pra:-

544 1580 725 1631 ditam.
754 1577 992 1630 Linteum
1014 1576 1154 1630 enim
1185 1576 1322 1626 tinea
1348 1588 1452 1626 non
1481 1571 1766 1634 consumit,
1790 1586 1907 1637 qua:
1931 1580 2104 1624 vestes

545 1668 675 1720 alias
720 1666 1025 1731 corrumpit.
1064 1667 1124 1718 Et
1156 1664 1273 1731 ideo
1302 1664 1392 1733 qui
1426 1666 1535 1716 vult
1557 1664 1621 1717 ad
1656 1664 1964 1732 mySIerium
2006 1660 2104 1715 Ee-

544 1760 721 1812 tlesiaa
748 1759 1020 1811 eatbnlicm
1062 1758 1347 1825 pertinere,
1385 1756 1630 1809 excludat
1682 1758 1748 1807 de
1797 1754 1956 1807 corde
2003 1768 2097 1805 suo

2209 576 2367 630 quam
2407 560 2668 629 signiﬁcat
2705 562 2911 627 Petrus,
2956 564 3272 617 inserantur.
3315 564 3477 618 Juxta
3524 567 3678 633 quod
3726 579 3784 620 oe

2211 652 2385 721 seipso
2416 653 2605 707 Paulus
2634 653 2909 720 apostolus
2936 657 3008 708 ait
3040 674 3051 708 :
3085 653 3194 723 Ego
3226 656 3358 707 enim
3386 672 3477 717 per
3502 659 3675 724 legem
3697 662 3787 727 tegi

2208 753 2435 798 mortuus
2475 762 2607 810 sunt,
2655 754 2708 798 ut
2753 745 2859 799 Deo
2907 747 3068 800 vivam
3109 759 3155 802 et
3186 747 3409 802 Christo.
3447 749 3511 802 Et
3543 752 3780 802 iterum:

2216 836 2341 889 Vivo
2369 850 2532 890 autem
2553 841 2667 908 jam
2715 853 2814 890 non
2857 854 2979 909 ego,
3021 841 3136 892 vivit
3177 857 3289 894 vero
3331 843 3381 893 in
3430 857 3508 893 me
3550 839 3784 893 Christus

2208 926 2401 995 (Galat.
2434 926 2515 998 tt).
2560 928 2656 995 Qui
2706 944 2829 983 vero
2860 930 2927 983 ab
2959 930 3226 986 haereticis
3272 933 3782 993 circumveniuntur,

2208 1019 2356 1088 quasi
2385 1019 2485 1071 vivi
2517 1018 2842 1073 devorantur
2876 1036 2909 1073 a
2945 1030 3139 1074 marte.

2281 1111 2414 1176 Quia
2437 1128 2691 1178 nunquam
2715 1113 3013 1166 manducavi
3041 1130 3186 1166 omne
3206 1131 3471 1168 commune
3494 1126 3540 1168 et
3564 1116 3785 1167 immatu-

2213 1201 2355 1273 dum.
2393 1202 2622 1269 Pupulus
2652 1203 2956 1257 Judzeorum
2988 1217 3186 1271 partem
3220 1207 3309 1259 Dei
3333 1222 3453 1260 esse
3476 1208 3781 1275 sejaetans,

2211 1307 2523 1347 communes
2549 1293 2698 1347 cibos
2730 1303 2900 1358 vocat,
2933 1295 3120 1363 quibus
3150 1310 3338 1349 omnes
3363 1310 3587 1351 utuntur
3620 1300 3782 1351 bomi-

2208 1397 2321 1435 nes.
2361 1383 2514 1436 Vt'l'bi
2546 1385 2735 1451 gratia,
2780 1385 2986 1437 suillam
3019 1401 3254 1447 carnem,
3287 1397 3516 1451 ostreas,
3548 1391 3781 1457 lepores,

2207 1484 2260 1526 et
2295 1474 2587 1527 istiusmodi
2629 1476 2939 1536 animantia,
2975 1494 3091 1545 qua:
3139 1480 3381 1547 nugttlam
3418 1495 3520 1532 non
3555 1481 3781 1545 ῆιιόιιιιι,

2208 1579 2306 1617 nec
2350 1566 2615 1618 ruminant
2640 1605 2654 1630 ,
2694 1582 2793 1620 nec
2831 1581 3111 1637 Sqttamosa
3155 1570 3204 1621 itt
3239 1571 3469 1635 piscibus
3498 1581 3651 1623 sunt.
3690 1571 3781 1623 lm-

2209 1654 2389 1707 tuttndi
2422 1671 2547 1709 vero
2593 1659 2695 1710 etbi
2736 1658 3004 1723 dicuntur,
3058 1660 3343 1713 bestiarum
3392 1662 3474 1713 Vel
3514 1663 3780 1729 reptiiiotn

2207 1761 2414 1811 carnes,
2450 1748 2571 1801 nulli
2599 1749 2899 1802 mortalium
2931 1752 3311 1805 comesubiles.

543 1854 934 1915 corruptionem
986 1848 1240 1901 malarum
1269 1848 1671 1915 cogitationum,
1722 1854 1772 1898 et
1812 1845 1884 1897 ita
1928 1844 2104 1897 incor-
2141 1817 2183 1873 Β
2284 1836 2398 1890 Hoc
2437 1847 2601 1891 autem
2645 1840 2837 1905 factum
2880 1849 2952 1893 est
2982 1858 3069 1907 per
3116 1854 3211 1894 ter.
3243 1843 3375 1906 Quia
3426 1858 3520 1907 per
3559 1855 3784 1911 quatuor

544 1940 859 2008 ruptibiliter
889 1939 1128 1992 ﬁrmetur
1157 1939 1207 1991 in
1238 1936 1359 2000 ﬁde,
1394 1948 1449 1989 ut
1481 1936 1653 2004 pravis
1692 1935 2103 2003 cogitatimibus

542 2043 793 2100 tanquam
815 2046 844 2084 a
873 2030 1027 2084 tineis
1051 2046 1152 2083 non
1176 2030 1392 2083 rodatur
1418 2031 1469 2080 in
1496 2037 1688 2079 mente.
1718 2026 1914 2078 Aliter:
1938 2024 2100 2077 Tinea

545 2126 824 2180 ltatreticus
853 2132 969 2186 est,
1003 2122 1367 2176 vestimentum
1403 2120 1605 2172 Domini
1638 2131 1984 2184 corrumpere
2008 2130 2100 2168 vo-

543 2218 679 2280 lens,
709 2216 799 2269 sed
826 2216 1163 2279 dispensante
1184 2213 1403 2266 Domino
1426 2227 1530 2280 non
1550 2211 1748 2262 valens.
1769 2208 1916 2275 Quod
1943 2206 2100 2260 etiam

542 2309 596 2362 itt
628 2308 802 2361 tunica
835 2306 920 2358 illa
971 2304 1176 2357 Domini
1226 2304 1502 2371 ligttratutn
1550 2310 1651 2363 est,
1699 2312 1855 2367 quam
1909 2295 2101 2349 milites

541 2400 784 2455 scindere
812 2412 916 2451 non
950 2395 1230 2449 audebant.

613 2489 844 2555 Quatuor
868 2485 1026 2538 initiis
1052 2484 1275 2537 submitti
1316 2483 1379 2535 de
1405 2481 1529 2535 coelo
1552 2484 1601 2533 in
1632 2492 1837 2533 terram.
1865 2479 2100 2545 Quatuor

542 2581 711 2643 initia,
757 2576 946 2646 quibus
986 2575 1205 2630 linteum
1250 2572 1603 2641 dependebat,
1653 2578 1877 2640 quatuor
1926 2569 2102 2638 plagas

539 2673 685 2724 orbis
707 2680 964 2722 terrarum
988 2666 1284 2734 designant,
1300 2665 1491 2734 quibus
1513 2662 1814 2718 extenditur
1840 2662 2097 2715 Ecclesia.

538 2762 652 2830 Ipsa
681 2771 761 2814 est
789 2759 927 2812 enim
950 2757 1134 2811 civitas
1166 2757 1254 2809 Dei
1282 2757 1443 2809 nostri
1477 2757 1527 2808 in
1558 2762 1736 2807 moote
1758 2764 1941 2807 sancto
1963 2750 2096 2819 ejus,

542 2854 767 2906 dilatans
795 2848 1174 2903 exsultationes
1198 2849 1455 2901 universae
1488 2855 1662 2900 teme.
1695 2845 1842 2912 Quod
1866 2846 2003 2897 enim
2036 2845 2101 2897 de

538 2943 675 2999 cado
700 2940 1060 3002 submittitur,
1116 2938 1313 2991 indicat
1364 2952 1480 2990 eam
1526 2938 1636 2990 sola
1684 2922 2107 3004 supervenientis

536 3033 764 3102 Spiritus
793 3031 961 3084 sancti
991 3029 1155 3099 gratia
1206 3027 1406 3081 servari
1454 3027 1649 3095 pariter
1695 3034 1852 3091 atque
1891 3024 2097 3090 augeri.

540 3105 688 3181 Unde
736 3122 865 3176 dicit
915 3122 967 3174 in
1017 3119 1330 3189 Apocalypsi
1370 3118 1600 3172 Joannes
1635 3136 1645 3168 :
1684 3115 1807 3169 Vidi
1848 3116 2097 3168 civitatem

535 3224 762 3267 sanctam
805 3208 1093 3264 Jerusalem
1130 3224 1333 3274 novam,
1381 3208 1759 3260 descendentem
1798 3205 1859 3257 de
1902 3204 2025 3258 cazlo
2067 3221 2097 3255 a

539 3303 648 3358 Deo
671 3303 852 3375 (Apoc.
888 3300 1022 3369 xxi).
1056 3298 1462 3352 Possontetiatn
1491 3305 1718 3365 quatuor
1749 3294 1908 3349 initiis
1941 3312 2100 3349 evan-

534 3393 739 3465 gelisun
782 3391 1016 3459 ligttrari,
1052 3404 1145 3457 per
1184 3403 1317 3456 quos
1362 3388 1592 3441 ECCiC:i.I
1643 3387 1844 3441 etelcsti
1884 3402 2101 3441 munere

537 3484 788 3539 imbuitur
811 3491 971 3550 atque
1001 3480 1333 3533 sublimatur.
1979 3539 1983 3542 .

607 3573 673 3628 In
697 3590 795 3642 quo
821 3582 963 3625 erant
992 3572 1163 3623 omnia
1191 3572 1541 3640 quadrupcdia
1576 3579 1622 3621 et
1656 3570 1904 3636 scrpentia
1934 3578 2098 3629 teme,

536 3668 764 3721 volatilia
792 3666 922 3718 cceli.
958 3664 1212 3717 Animalia
1245 3665 1333 3714 illa
1361 3678 1545 3714 omnes
1581 3674 1764 3730 gentes
1795 3669 1917 3713 sunt
1955 3676 2095 3713 erro-

539 3761 685 3813 ribus
709 3754 1020 3818 immundaa,
1050 3755 1142 3806 sed
1179 3754 1311 3806 trina
1341 3753 1727 3828 subtnersione,
1760 3752 1809 3803 id
1839 3760 1919 3803 est
1941 3791 1954 3814 ,
1991 3765 2103 3819 nty-

537 3852 701 3903 sterio
726 3860 923 3901 sancta:
954 3847 1227 3900 Trinitatis
1257 3845 1307 3897 itt
1357 3847 1615 3912 baptismo
1644 3845 1928 3907 inundatur,
1961 3861 2099 3911 qutr,

543 3940 774 3994 hominis
821 3936 1100 4004 imaginem
1151 3937 1527 4003 relinquentes,
1564 3937 1848 3989 bestiarum
1893 3952 1952 3989 ac
1985 3952 2100 3987 ser-

538 4031 771 4099 pentium
820 4041 1097 4095 sumpsere
1131 4027 1341 4093 figuras.
1376 4025 1523 4079 Unde
1552 4026 1616 4078 ad
1667 4026 1928 4079 Herodem
1978 4038 2101 4090 pro-

540 4134 653 4193 pter
682 4124 920 4176 dolosam
952 4120 1206 4173 malitiam
1238 4116 1427 4170 dicitur
1460 4136 1471 4169 :
1506 4116 1617 4179 Ite,
1653 4120 1801 4169 dicite
1848 4116 1987 4181 vulpi
2027 4117 2103 4167 illi

538 4214 692 4284 (Luc.
737 4214 874 4279 xm).
921 4212 987 4264 Et
1031 4210 1093 4261 ad
1146 4209 1481 4261 Pharisaeos:
1515 4206 1780 4259 Cenimina
1823 4208 2104 4275 viperarum

538 4306 701 4376 (Luc.
735 4308 841 4372 tu).
870 4301 933 4354 Et
962 4302 1023 4355 ad
1056 4301 1366 4354 libidinosos
1400 4318 1410 4352 :
1444 4298 1575 4367 Equi
1606 4301 1903 4352 insanimtcs
1945 4301 1997 4352 in
2026 4304 2102 4369 fe-

537 4400 697 4451 minas
752 4397 871 4466 facti
914 4403 1026 4447 sunt
1057 4390 1267 4462 (lerant.
1301 4395 1374 4461 v).
1402 4393 1484 4444 Et
1530 4392 1596 4445 de
1650 4392 2039 4457 impudentibus
2084 4411 2095 4443 :

540 4487 717 4541 Nolite
746 4486 867 4537 dare
893 4494 1120 4536 sanctum
1152 4482 1356 4535 canibus
1384 4481 1591 4550 (Matth.
1623 4484 1737 4550 vtt).
1773 4484 1833 4535 Et
1860 4484 1923 4536 de
1953 4485 2092 4535 volu-
2122 4509 2175 4567 Β

538 4579 740 4645 ptttosis
772 4592 783 4627 :
821 4575 993 4643 Neque
1014 4574 1219 4624 mittatis
1244 4574 1543 4641 margaritas
1568 4582 1753 4623 vestras
1780 4587 1894 4627 ante
1919 4589 2098 4640 porcos

536 4664 750 4735 (Ibid).
786 4663 848 4715 Et
876 4663 943 4715 de
970 4663 1211 4727 superbis
1239 4662 1391 4714 simul
1429 4674 1490 4712 ac
1520 4660 1714 4714 dolosis
1750 4679 1762 4714 :
1801 4662 1987 4727 Vulpes
2017 4664 2099 4729 fo-

534 4773 649 4811 veas
678 4756 887 4816 habent,
916 4762 961 4805 et
992 4753 1211 4805 volucres
1244 4752 1355 4805 caeli
1384 4753 1529 4803 nidos
1558 4750 1766 4820 (Matth.
1800 4755 1933 4821 vttt).
1956 4753 2015 4804 Et
2049 4755 2096 4804 itt

539 4863 823 4902 tontmune
850 4846 917 4897 de
940 4845 1185 4897 omnibus
1212 4861 1223 4896 ;
1257 4843 1319 4893 Et
1341 4844 1493 4895 homo
1522 4859 1633 4894 cum
1659 4845 1708 4894 in
1737 4845 1922 4895 honore
1950 4855 2095 4909 esset,

536 4939 588 4992 id
615 4948 725 5003 est,
755 4935 818 4989 ad
850 4935 1132 5003 imaginem
1168 4933 1253 4985 Dei
1288 4933 1484 4999 factus,
1521 4949 1622 4984 non
1653 4935 1923 4993 intellexit.
1956 4949 2095 4985 com-

535 5040 745 5098 paratus
766 5036 837 5077 est
853 5028 1095 5093 jumenm
1115 5023 1458 5090 insipientibus
1480 5022 1645 5091 (Psal.
1674 5032 1885 5081 XLVIII).
1907 5024 2095 5077 Verum

534 5128 736 5177 autem,
784 5116 829 5165 id
861 5125 961 5175 est,
996 5114 1355 5175 illt'Ol‘l‘U|~lUlll
1403 5114 1689 5177 hominem,
1720 5116 1968 5169 Salomon
2012 5133 2099 5169 os-

538 5210 725 5272 tendit,
758 5210 937 5261 dicens
967 5224 977 5257 :
1014 5206 1175 5257 Deum
1220 5207 1355 5268 time,
1387 5217 1430 5259 et
1467 5209 1704 5261 mandata
1734 5213 1841 5280 ejus
1871 5211 2095 5262 observa.

540 5304 654 5356 Hoc
676 5314 741 5353 est
768 5301 896 5353 enim
928 5300 1089 5351 omnis
1119 5297 1266 5351 homo
1295 5297 1489 5367 (Eccle.
1526 5308 1636 5367 xu).
1662 5338 1665 5341 -

609 5392 772 5461 Surge
792 5434 805 5459 ,
842 5390 989 5442 Petre
1015 5431 1029 5453 ,
1057 5391 1260 5451 occide,
1290 5399 1333 5442 et
1366 5391 1634 5445 manduca.
1670 5393 1865 5460 Surge,
1897 5394 2060 5459 inquit
2082 5437 2094 5458 ,

536 5483 602 5537 ad
642 5479 1114 5550 cvangelizandum
1172 5495 1489 5547 prteparare.
1536 5484 1728 5536 Occide
1761 5486 1808 5537 in
1853 5488 2097 5553 gentibus

538 5575 675 5641 quod
704 5571 931 5635 fuerant,
964 5583 1017 5625 et
1048 5574 1125 5625 l'ac
1171 5574 1310 5641 quod
1355 5589 1430 5627 es.
1480 5576 1576 5639 Qui
1623 5580 1761 5629 enim
1816 5580 2099 5631 manducat

537 5668 713 5719 cibum
745 5664 872 5718 loris
904 5664 1148 5730 positum,
1182 5666 1230 5715 in
1256 5679 1407 5716 suum
1435 5682 1629 5732 corpus
1664 5668 1874 5736 injicit.
1910 5670 2099 5722 Praeci-

537 5760 613 5823 pit
654 5771 778 5822 ergo
812 5767 862 5809 ut
896 5756 1135 5809 nationes
1180 5771 1269 5823 per
1321 5756 1739 5812 incredulitatem
1791 5771 1910 5817 autc
1968 5762 2094 5816 foris

2211 1938 2386 1995 partes
2417 1928 2560 1983 orbis
2589 1941 2847 1985 terrarum
2880 1934 3192 2001 mysterium
3222 1945 3421 1987 sanctae
3450 1936 3730 1988 Trinitatis
3758 1954 3779 1985 a

2210 2020 2490 2073 duodecim
2523 2023 2781 2088 apostolis
2824 2025 3216 2092 pradicandum
3251 2036 3387 2091 erat,
3418 2027 3536 2079 ideo
3560 2042 3783 2095 quatuor

2212 2110 2363 2162 lineae
2396 2112 2551 2163 tertia
2582 2112 2699 2167 vice
2728 2113 2793 2167 de
2824 2114 2961 2167 coelo
2983 2115 3227 2168 demissa
3258 2126 3402 2168 sunt.
3435 2117 3559 2171 Sive
3583 2127 3643 2171 ut
3666 2118 3781 2171 bea-

2212 2212 2296 2254 tus
2327 2202 2637 2257 Ambrosius
2689 2205 3083 2271 interpretatur,
3136 2209 3293 2260 tertio
3345 2211 3570 2276 repetita
3622 2210 3777 2277 ﬁgura

2210 2297 2575 2362 operationem
2600 2297 2877 2352 Trinitatis
2898 2300 3180 2367 expressit.
3208 2300 3272 2353 Et
3296 2301 3413 2354 ideo
3437 2301 3490 2355 in
3518 2304 3779 2371 mysteriis

2209 2385 2553 2454 interrogatio
2585 2388 2721 2440 trina
2748 2387 3005 2454 defertur,
3036 2398 3090 2443 et
3117 2390 3453 2444 conﬁrmatio
3486 2393 3625 2445 trina
3651 2395 3780 2445 cete-

2211 2478 2412 2540 bratur,
2445 2493 2541 2531 nec
2564 2486 2738 2545 potest
2766 2479 2884 2547 quis
2911 2480 3007 2532 nisi
3032 2481 3165 2533 trina
3188 2481 3526 2535 cottl'essimte
3551 2486 3775 2551 purgari.

2210 2569 2363 2625 Unde
2389 2580 2444 2625 et
2471 2571 2583 2638 ipse
2608 2570 2793 2624 Petrus
2824 2572 2873 2624 in
2902 2571 3215 2641 Evangelio,
3243 2575 3400 2628 tertio
3423 2578 3779 2643 interrogatur

2210 2662 2386 2713 utrum
2418 2662 2597 2725 diligat
2627 2661 2929 2726 Dominum,
2973 2673 3025 2715 ιιι
3060 2665 3195 2717 trina
3243 2666 3601 2733 responsione
3662 2668 3779 2716 vin-

2207 2752 2345 2815 cula,
2395 2767 2515 2818 quae
2565 2751 2846 2804 Dominum
2901 2753 3143 2820 negando
3199 2754 3396 2821 ligavit,
3453 2755 3773 2808 absolveret.

2209 2843 2332 2896 Haec
2356 2854 2653 2911 Opportune
2694 2844 2850 2897 Petro
2879 2855 3089 2898 ostensa
3136 2856 3281 2907 sunt,
3335 2861 3456 2899 cum
3506 2846 3778 2900 Cornelius

2208 2936 2415 3003 gentilis
2460 2937 2525 2989 ad
2558 2936 2915 2993 exhibendum
2958 2950 3079 2991 eum
3116 2938 3375 3004 mitteret,
3420 2954 3487 2993 ne
3518 2940 3776 2994 dubitaret

2208 3027 2589 3081 incircutncisis
2617 3027 2973 3081 Christianam
3024 3027 3232 3082 tradere
3275 3028 3449 3082 ﬁdem.
3486 3029 3615 3081 Erat
3644 3032 3773 3083 enim

2209 3135 2271 3174 cx
2329 3120 2431 3173 illis
2496 3120 2849 3173 animantibus
2916 3119 3202 3190 Evangelia
3265 3136 3390 3174 vase
3446 3124 3772 3175 monstrati;

2208 3209 2355 3264 Unde
2402 3219 2454 3264 et
2504 3226 2533 3263 a
2588 3211 2789 3279 Spiritu
2837 3223 3023 3266 sancto
3078 3214 3176 3267 ltoc
3208 3213 3344 3267 idem
3381 3212 3558 3268 facere
3587 3215 3773 3267 conﬁr-

2204 3313 2397 3355 llliillll‘.

2277 3391 2341 3445 Et
2367 3394 2538 3446 statim
2570 3403 2821 3463 receptum
2855 3403 2926 3447 est
2968 3410 3051 3447 vas
3079 3395 3130 3446 in
3176 3397 3377 3448 (celum.
3413 3395 3541 3448 Post
3586 3396 3769 3448 trinam

2205 3484 2614 3536 submiSsianetn
2660 3485 2874 3536 linteum
2906 3487 3043 3538 etelo
3075 3486 3358 3552 recipitur,
3388 3486 3510 3553 quia
3538 3497 3658 3554 post
3686 3492 3767 3536 ttu-

2206 3575 2290 3641 jus
2322 3576 2497 3628 satculi
2529 3577 3018 3641 eottversatiouem,
3070 3592 3169 3642 qua
3204 3592 3294 3644 per
3324 3577 3477 3628 tidtm
3530 3588 3586 3628 et
3610 3577 3769 3641 bapti-

2205 3683 2376 3719 smum
2402 3668 2652 3720 mundata
2683 3670 3048 3736 peregrinatur
3076 3665 3329 3730 Ecclesia,
3359 3668 3599 3721 ctelestis
3626 3668 3765 3719 inita-

2209 3756 2390 3808 bitatio
2417 3757 2541 3809 felix
2575 3768 2626 3808 et
2657 3768 2852 3809 aeterna
2884 3757 3139 3825 sequitur.

2279 3846 2419 3897 Dixit
2473 3846 2698 3911 Spiritus
2743 3848 2833 3897 ei:
2867 3844 2995 3898 Ecce
3042 3848 3132 3898 viri
3182 3856 3284 3899 tres
3331 3858 3563 3914 quarunt
3609 3859 3675 3900 te.
3715 3846 3763 3899 lu

2207 3946 2382 3989 mente
2409 3935 2527 3987 inec
2557 3951 2583 3989 a
2611 3934 2834 4002 Spiritu,
2863 3952 2964 3988 non
2999 3937 3048 3989 in
3079 3952 3203 3989 aure
3232 3940 3408 3989 carnis
3438 3939 3663 3989 audit-it.

2279 4026 2447 4095 Surge
2469 4028 2638 4094 itaque
2663 4036 2710 4077 et
2736 4025 2996 4086 descende,
3027 4036 3071 4079 et
3112 4028 3237 4079 valle
3274 4044 3387 4079 cum
3420 4030 3511 4081 eis.
3549 4028 3763 4080 Descen-

2206 4117 2332 4171 dere
2361 4119 2428 4170 de
2469 4126 2629 4176 lecto,
2662 4126 2715 4171 et
2759 4118 2823 4169 ad
2878 4118 3267 4185 prtedicandum
3326 4122 3400 4172 ire
3445 4122 3681 4185 iubetur,
3713 4130 3758 4169 tit

2208 4209 2441 4263 Ecclesia
2477 4211 2755 4263 Dominum
2790 4224 2892 4261 non
2934 4210 3105 4262 solum
3139 4212 3243 4261 alta
3274 4212 3552 4264 subeundo
3582 4226 3759 4276 SlPCCtl-

2206 4302 2364 4364 letur,
2391 4303 2479 4353 sed
2507 4301 2755 4354 eumdem
2779 4304 2937 4354 etiam
2961 4300 3180 4354 inﬁrmis
3204 4304 3520 4370 quibusque,
3546 4314 3599 4355 et
3622 4304 3756 4370 quasi

2204 4395 2379 4447 adhuc
2411 4396 2644 4447 extet-ius
2690 4394 2898 4461 positis,
2930 4394 3022 4446 sed
3058 4405 3229 4447 tamen
3275 4398 3469 4447 ostium
3519 4394 3755 4451 Simonis.

2206 4487 2253 4539 id
2297 4495 2399 4548 est,
2453 4485 2768 4538 ttltt’diettlit‘e
2819 4486 3171 4553 pulsantibus,
3219 4485 3281 4535 ad
3331 4485 3560 4537 aetivam
3610 4490 3754 4536 vitam

2209 4577 2504 4637 redeundo,
2537 4578 2679 4629 velut
2734 4593 2763 4629 e
2816 4578 2950 4630 lecto
2992 4578 3274 4644 surgendo,
3311 4578 3584 4643 pradicet.
3616 4576 3756 4630 Juxta

2205 4674 2343 4739 quod
2384 4672 2636 4724 Dominus
2665 4673 2740 4722 ait
2770 4685 2785 4723 :
2824 4668 3068 4722 Vidrbitis
3096 4670 3275 4721 caelum
3306 4680 3561 4733 apertum,
3594 4679 3640 4723 et
3676 4685 3756 4718 au-

2203 4766 2342 4831 gelos
2385 4763 2481 4815 llei
2508 4764 2831 4815 ascendentes
2880 4769 2927 4812 et
2975 4760 3326 4813 descendentes
3378 4776 3530 4830 super
3579 4759 3756 4812 Filium

2203 4854 2418 4907 hominis
2446 4855 2620 4921 (Joan.
2649 4852 2707 4921 t).

2275 4945 2431 5015 Cujus
2471 4945 2592 4996 bene
2634 4945 2815 4996 domus
2855 4943 3005 5012 juxta
3050 4958 3187 4995 mare
3239 4943 3404 5010 posita
3436 4956 3751 4997 memoratur.

2203 5035 2340 5089 Mare
2380 5034 2518 5087 enim
2569 5033 2875 5101 ﬂuctivagos
2921 5035 3098 5084 smculi
3148 5033 3405 5085 tumultus
3457 5032 3754 5101 furoresque

2201 5131 2462 5197 designat,
2496 5127 2580 5179 ubi
2610 5126 2850 5180 homines
2882 5126 3109 5193 improbi
3138 5126 3287 5193 quasi
3320 5128 3486 5192 pisces
3519 5129 3752 5180 avidissi-

2204 5216 2270 5275 ιιὶὶ
2328 5239 2445 5276 sese
2488 5222 2709 5275 invicem
2762 5230 3144 5288 persequuntur
3201 5230 3254 5273 et
3304 5220 3585 5273 devorant.
3638 5222 3754 5275 Srio.

2202 5325 2405 5366 ctorum
2441 5327 2569 5365 vero
2598 5309 2931 5365 conversatio
2963 5309 3013 5363 iu
3060 5311 3212 5363 cmlis
3258 5320 3343 5364 est
3372 5311 3630 5381 (Philipp.
3665 5326 3751 5369 Ill),

2202 5406 2287 5471 qtti
2320 5404 2415 5456 etsi
2444 5401 2709 5455 terrestris
2738 5402 2927 5454 domus
2961 5400 3114 5467 hujus
3144 5401 3484 5454 habitationis
3510 5404 3755 5457 dissona:-

2203 5505 2304 5559 tttr,
2333 5495 2737 5548 tedilic-atinnem
2765 5508 2831 5546 et
2869 5492 2976 5543 Deo
3008 5492 3225 5557 habent,
3253 5492 3467 5545 domum
3512 5510 3620 5547 non
3653 5509 3752 5545 ma-

2202 5590 2489 5648 nufactatn,
2523 5595 2774 5638 :rternant
2805 5586 2854 5635 in
2883 5583 3033 5635 cmlis
3069 5580 3151 5649 (II
3181 5582 3297 5637 Cor.
3324 5587 3397 5652 v).

2267 5679 2402 5731 Ecce
2427 5694 2517 5746 ego
2559 5694 2667 5729 sum
2692 5692 2840 5745 quem
2863 5676 3109 5741 qua'ritis.
3142 5676 3266 5738 Qua?
3287 5692 3439 5727 causa
3470 5687 3537 5727 cst
3567 5692 3750 5743 propter

2198 5786 2348 5840 qum:
2377 5770 2615 5822 venistis?
2636 5768 2863 5837 Spiritus
2891 5766 2939 5821 ci
2970 5767 3156 5820 adesse
3186 5767 3376 5819 tttilizes
3401 5768 3553 5829 dixit,
3588 5783 3635 5822 et
3669 5786 3751 5836 qm
