3884 6232
151 334 264 389 ςσε)

1093 338 1309 395 SUPER
1357 339 1530 394 ACTA
1571 334 2071 393 APOSTOLORUM
2116 331 2494 389 EXPOSiTlO.

3297 337 3401 393 970

142 457 324 502 eausa
351 460 629 515 venerant,
661 451 840 514 tacuit,
881 451 1003 517 quia
1057 450 1122 502 ad
1164 449 1578 504 conservandam
1635 451 1733 501 hu-
1763 451 1809 506 Α
1839 454 1916 497 est
1962 445 2160 510 Spirittt
2210 454 2424 509 sancto,
2456 446 2668 515 quando
2696 461 2853 517 super
2900 462 3018 502 eum
3079 448 3396 518 baptisatum

147 553 338 594 marite
369 542 560 595 mentis
593 541 966 605 luuuilitatem,
997 539 1278 608 aliquando
1303 541 1589 612 prophetia
1617 539 1736 609 Spi-

143 629 295 683 ritus
325 645 389 684 es
421 643 570 699 parte
599 633 782 702 tangit,
808 641 861 685 et
880 649 943 686 es
978 643 1123 700 parte
1149 647 1252 686 non
1284 636 1466 703 tangit.

224 716 304 774 Et
330 725 644 792 [σημῆναι.
672 743 787 778 cum
814 728 1064 782 introisset
1093 727 1299 794 Petrus,
1331 730 1504 784 obvius
1529 729 1578 783 ei
1605 729 1736 783 venit

147 807 531 880 Cornelius,'et
571 818 842 884 procidens
871 819 939 871 ad
976 822 1123 889 pedes
1149 822 1260 887 eius
1286 821 1538 876 adoravit.
1569 821 1735 878 Gestu

147 904 412 970 corporis
457 916 831 974 prmmonstrat
860 909 1136 965 Cornelius
1164 911 1289 980 quid
1323 912 1463 970 intus
1495 912 1545 967 in
1574 913 1736 968 corde

146 996 464 1055 devotionis
514 1001 773 1058 habuerit.
805 1004 1027 1059 Obviam
1057 1006 1196 1060 enim
1228 1021 1324 1060 suo
1353 1006 1559 1061 doctori
1591 1006 1735 1061 venit

144 1092 399 1158 auditor,
429 1095 519 1162 qui
553 1099 753 1150 mundo
789 1108 1003 1165 pectore
1040 1109 1092 1154 et
1119 1102 1320 1154 intenta
1348 1101 1561 1156 sedulus
1586 1116 1730 1164 aure,

145 1191 323 1251 atque
357 1185 576 1241 inbianti
607 1188 874 1244 desiderio
898 1193 1115 1246 verbum
1149 1192 1267 1247 fidei
1315 1194 1559 1260 suscipit.
1603 1192 1731 1246 Nam

145 1275 238 1342 qui
273 1278 433 1332 tarde
462 1279 528 1333 ad
560 1281 880 1336 credendum
909 1282 1251 1350 pertrahitur,
1280 1285 1428 1352 quasi
1458 1299 1484 1334 a
1515 1283 1734 1337 doctore

140 1363 343 1430 iacens
369 1369 606 1437 erigitur.
635 1370 739 1429 Sed
770 1374 880 1442 qui,
925 1374 992 1428 de
1020 1389 1130 1427 suae
1179 1374 1302 1427 vita
1349 1374 1565 1428 maculis
1613 1389 1733 1428 eru-

145 1453 414 1520 bescens,
451 1459 772 1524 procidendo
803 1463 852 1514 in
883 1462 1068 1517 faciem
1113 1461 1421 1516 humilitatis
1456 1463 1656 1532 pariter
1679 1471 1732 1517 et

153 1545 384 1609 pudoris
415 1547 604 1602 indicia
635 1550 865 1618 praefert,
893 1551 1014 1621 jure
1035 1567 1064 1608 a
1085 1568 1182 1608 suo
1205 1563 1530 1623 prascoptore
1557 1568 1730 1609 mere-

148 1644 236 1688 tur
264 1639 425 1707 erigi.

218 1726 418 1781 Petrus
448 1746 564 1785 vero
587 1730 767 1788 levavit
795 1750 929 1799 eum,
966 1735 1137 1790 dicens
1165 1751 1185 1790 :
1215 1735 1398 1806 Surge,
1430 1744 1474 1787 et
1503 1750 1593 1805 ego
1623 1735 1727 1803 ipse

1838 537 1980 590 velut
2008 537 2252 591 columba
2292 537 2584 594 descendit.
2617 539 2765 594 Tunc
2810 539 2951 594 enim
2997 555 3192 611 corpus
3217 557 3398 611 suum,

1837 627 1886 680 id
1912 635 2025 692 est,
2062 627 2354 683 Ecclesiam
2386 643 2534 683 suam
2573 631 2914 700 praefigurare
2943 632 3185 700 dignatus
3212 643 3317 700 est,
3347 637 3400 688 tu

1835 730 1934 786 qua
1984 717 2250 787 praecipue
2297 719 2619 788 baptizatum
2669 721 2924 789 Spiritum
2973 734 3214 779 sanctum
3261 725 3404 780 scci-

1837 808 2006 875 piunt.
2041 808 2147 862 Sed
2199 809 2296 862 ista
2326 811 2547 880 mystica
2577 819 2632 866 et
2682 809 2927 866 invisibili
2981 815 3230 868 unctione
3276 823 3414 892 tunc‘

1836 900 2207 971 intelligendus
2237 912 2316 956 est
2361 913 2580 966 unctus,
2629 904 2841 971 quando
2878 904 3106 960 Verbum
3136 906 3228 961 Dei
3269 921 3396 962 caro

1835 991 2026 1045 factum
2054 1000 2158 1055 est,
2193 992 2242 1046 id
2273 1002 2374 1057 est,
2404 994 2615 1064 quando
2643 996 2867 1050 humana
2909 1005 3090 1050 natura
3133 998 3252 1051 sine
3279 998 3400 1052 ullis

1834 1084 2257 1152 prmcedentibus
2299 1086 2557 1140 bonorum
2601 1103 2820 1155 operum
2855 1087 3055 1142 meritis
3086 1088 3194 1142 Deo
3221 1087 3398 1142 Verbo

1833 1185 1914 1230 est
1957 1177 2007 1230 in
2052 1186 2204 1232 utero
2235 1178 2451 1247 virginis
2478 1183 2742 1250 copulata,
2789 1181 2857 1234 ita
2888 1189 2941 1234 ut
2968 1194 3087 1234 cum
3129 1180 3220 1234 illo
3247 1179 3402 1235 fieret

1833 1281 1933 1320 una
1962 1282 2210 1337 persona.
2247 1269 2327 1324 0b
2359 1270 2458 1324 hoc
2485 1271 2799 1325 conﬁtemur
2825 1286 2943 1325 eum
2974 1279 3153 1324 natum
3181 1268 3247 1324 de
3277 1270 3402 1340 δρία

1832 1360 1932 1412 ritu
1961 1371 2146 1413 sancto
2169 1371 2222 1416 et
2246 1361 2400 1415 Maria
2432 1363 2657 1431 virgine.

1903 1451 2156 1515 Quoniam
2189 1450 2324 1506 Deus
2353 1460 2456 1504 erat
2490 1469 2604 1505 cum
2625 1453 2734 1506 illo.
2768 1452 2821 1506 id
2851 1463 2954 1517 est,
2982 1452 3136 1507 Pater
3163 1467 3280 1513 cum
3311 1449 3396 1505 Fio

1829 1539 1918 1592 lio.
1952 1540 2138 1594 Melius
2165 1550 2248 1595 est
2269 1543 2411 1595 enim
2439 1544 2513 1596 sic
2542 1543 2840 1611 intelligere
2870 1559 3024 1612 quam
3056 1544 3390 1598 divinitatem

1829 1629 1946 1682 Filii
1976 1645 2096 1684 cum
2140 1632 2372 1696 homine,
2402 1648 2557 1702 quem
2583 1636 2868 1702 assumpsit
2895 1634 3289 1688 cohabitantem
3323 1635 3396 1688 si-

1827 1722 2086 1789 gnificari,
2114 1737 2180 1776 ne
2201 1721 2394 1777 Christi
2424 1739 2700 1792 personam
2731 1726 3023 1794 geminare.
3048 1736 3100 1780 et
3127 1726 3177 1779 iu
3205 1725 3395 1780 Nesto-

145 1818 308 1872 homo
341 1837 476 1875 sum.
504 1822 944 1882 Commuuiouem
973 1829 1167 1896 quippe
1193 1801 1504 1896 aequalitatis
1532 1801 1728 1880 inet'uit
1761 1801 1802 1860 Β
1831 1811 1896 1866 iii
1925 1812 2112 1881 dogma
2136 1812 2326 1868 cadere
2356 1814 2654 1870 Videall'l'r-

147 1910 415 1963 sanctitas
443 1913 690 1968 actionis.
713 1914 843 1969 Nam
874 1917 925 1970 in
957 1916 1174 1971 Ananiae
1194 1928 1247 1972 et
1276 1917 1548 1986 Sappbirte
1576 1918 1729 1986 culpa

142 2001 300 2057 aelus
336 2003 552 2058 ultionis
575 2005 662 2074 jus
690 2010 897 2075 aperuit
929 2013 1227 2078 potestatis.

219 2093 293 2148 Et
336 2097 463 2149 mihi
490 2099 708 2152 ostendit
741 2099 874 2155 Deus
903 2103 1148 2157 neminem
1176 2120 1490 2158 communem
1518 2114 1605 2160 aut
1630 2106 1728 2160 int-

145 2187 408 2241 mundum
434 2190 602 2244 dicere
630 2192 906 2247 hominem.
952 2194 1060 2249 lloc
1107 2197 1285 2264 utique
1317 2205 1441 2252 tunc
1476 2200 1727 2262 ostendit,

144 2291 268 2330 cum
297 2293 403 2333 vox
433 2281 670 2350 angelica
700 2284 877 2338 sonuit
903 2301 914 2336 :
942 2285 1068 2350 Qua:
1091 2286 1225 2341 Deus
1251 2289 1558 2356 puriﬁcavit,
1590 2298 1644 2342 tu
1668 2307 1728 2345 ne

145 2382 422 2422 commune
446 2372 656 2426 dixeris.

217 2460 261 2512 Α
287 2461 479 2515 nudius
501 2473 681 2531 quarta
703 2466 784 2518 die
805 2483 960 2536 usque
980 2469 1030 2521 in
1051 2468 1181 2522 hanc
1203 2469 1399 2535 horam,
1425 2487 1570 2525 orans
1591 2489 1726 2526 eram

147 2551 276 2603 hora
316 2569 456 2606 nona
493 2553 545 2606 in
585 2556 736 2609 domo
770 2573 900 2621 mea,
932 2571 975 2610 et
1003 2575 1112 2612 ecce
1149 2560 1220 2612 vir
1245 2562 1378 2614 stetit
1406 2570 1524 2614 ante
1550 2580 1644 2627 me,
1676 2573 1729 2616 et

147 2650 372 2695 cetera.
408 2640 465 2696 lu
494 2642 679 2699 Grazco
707 2655 760 2700 et
801 2647 854 2701 in
885 2647 1192 2714 quibusdam
1226 2649 1424 2704 Latinis
1450 2652 1726 2707 Codicibus

149 2732 219 2785 ita
258 2734 520 2804 scriptum
549 2746 630 2793 est
663 2755 676 2792 :
705 2739 748 2792 Α
777 2751 956 2809 quarta
986 2743 1064 2796 die
1096 2760 1250 2812 usque
1276 2745 1342 2796 ad
1381 2744 1513 2798 hanc
1548 2745 1725 2798 horam

149 2840 286 2877 eram
304 2827 586 2897 jejunans,
609 2839 655 2886 et
686 2847 837 2885 orans
859 2849 891 2886 a
919 2844 1059 2888 sexta
1089 2839 1212 2889 hora
1240 2853 1396 2903 usque
1418 2839 1484 2890 ad
1517 2854 1721 2903 nonam,

154 2923 198 2964 et
220 2930 337 2966 ecce
357 2916 456 2980 vir,
481 2928 533 2972 et
560 2926 773 2974 uetera.
804 2920 1019 2976 Multum
1045 2924 1263 2978 decebat
1292 2925 1443 2978 illum
1463 2926 1720 2990 exaudiri,

152 3006 239 3072 qui
273 3005 584 3062 instantiam
617 3009 933 3078 deprecandi
967 3015 1132 3069 tribus
1163 3015 1305 3070 horis
1327 3017 1665 3081 continuans,
1695 3033 1722 3071 a

152 3103 299 3149 sexta
335 3097 674 3164 portrahebat
704 3099 767 3153 ad
803 3115 1016 3156 nouam.
1051 3106 1166 3168 Quo
1197 3113 1434 3174 tempore
1467 3106 1722 3162 Dominus

1905 1901 2064 1955 Nobis
2088 1904 2174 1972 qui
2202 1905 2610 1958 manducavimus
2637 1915 2682 1957 et
2708 1905 2923 1960 bibimus
2962 1922 3076 1960 sum
3106 1907 3216 1976 ille,
3246 1916 3396 1974 post-

1834 2010 1986 2064 quam
2031 1996 2304 2048 resurrexit
2349 2012 2380 2047 a
2409 1997 2638 2048 mortuis.
2672 1996 2765 2048 llic
2797 1997 2981 2050 beatus
3015 1997 3224 2063 Petrus,
3257 1999 3396 2068 quod

1832 2087 1884 2140 in
1916 2085 2200 2155 Evangelio
2232 2103 2336 2140 non
2361 2090 2614 2141 recitatur
2643 2088 2878 2154 exponit,
2909 2095 3026 2157 post
3050 2091 3395 2144 resurreCtio-

1831 2188 1974 2240 nem,
2008 2175 2231 2238 scilicet,
2262 2191 2320 2229 se
2350 2176 2542 2230 bibisse
2569 2190 2688 2229 cum
2725 2176 2962 2230 Domino.
2991 2177 3099 2230 Nisi
3131 2179 3262 2233 forte
3287 2180 3391 2232 illic

1829 2265 2108 2319 credamus
2137 2267 2421 2319 iudicatum
2451 2267 2534 2319 ubi
2563 2268 2634 2321 ait
2655 2286 2666 2320 :
2686 2267 2856 2320 Donec
2881 2268 3011 2321 illud
3034 2269 3196 2322 bibam
3226 2271 3390 2324 vobis-

1829 2372 1941 2408 cum
1970 2373 2148 2409 novunt
2177 2359 2227 2410 in
2256 2359 2405 2410 domo
2433 2357 2601 2412 Putris
2628 2360 2741 2414 mei.

1900 2449 2078 2500 Adhuc
2119 2451 2353 2519 loquente
2397 2451 2550 2504 Petro
2585 2453 2729 2504 verba
2756 2454 2891 2518 hwc,
2944 2455 3121 2506 cecidit
3169 2454 3392 2524 Spiritus

1830 2553 2030 2596 sanctus
2056 2559 2204 2612 super
2245 2561 2434 2612 omnes,
2459 2546 2543 2616 qui
2571 2549 2843 2601 audiebant
2881 2551 3103 2605 uerbum.
3137 2551 3282 2607 Tunc
3314 2570 3392 2606 ro-

1827 2647 2070 2704 gaverunt
2103 2653 2217 2690 eum
2252 2647 2305 2690 ut
2340 2651 2562 2693 maneret
2591 2642 2727 2709 apud
2760 2658 2843 2695 eos
2871 2643 3060 2710 aliquot
3086 2644 3282 2698 diebus.
3311 2645 3389 2698 Ne

1829 2728 2088 2795 baptisma
2119 2731 2365 2798 gentibus
2397 2731 2604 2784 tradere
2641 2733 2926 2798 dubitetur,
2960 2735 3188 2804 Spiritus
3217 2739 3387 2791 sancti

1830 2818 2133 2873 testimonio
2180 2820 2542 2886 confirmatur,
2590 2823 2732 2891 ipsas
2783 2825 2974 2880 lavacri
3023 2843 3206 2896 aquas,
3257 2845 3389 2898 quas

1829 2910 2159 2966 sanctificare
2201 2913 2361 2977 solet,
2406 2929 2542 2968 novo
2595 2917 2780 2971 ordine
2821 2921 3216 2986 prazcurrentis,
3248 2923 3389 2990 quod

1828 3004 1991 3057 semel
2024 3004 2074 3057 in
2106 3005 2460 3059 testimonium
2495 3005 2612 3060 fidei
2644 3008 2880 3074 gentium
2905 3047 2920 3073 ,
2948 3024 3215 3079 nunquam
3258 3027 3388 3066 vero

1830 3090 1880 3144 in
1913 3091 2108 3146 .Iudasis
2132 3093 2373 3149 evenisse
2405 3096 2683 3164 reperitur.

153 3184 284 3251 ipso,
317 3201 480 3254 quem
513 3187 747 3256 rogabat,
778 3203 870 3256 pro
894 3193 1054 3247 totius
1086 3195 1263 3248 mundi
1290 3155 1458 3251 stalute
1486 3197 1721 3254 extensis

1896 3183 1963 3237 Et
2000 3187 2151 3256 jussit
2180 3203 2262 3241 eos
2303 3189 2354 3241 in
2398 3190 2598 3243 nomine
2635 3189 2757 3244 Iesu
2799 3191 2986 3244 Christi
3022 3190 3285 3260 baptizari.
3321 3194 3390 3248 Et

153 3274 202 3326 in
231 3288 397 3329 cruce
425 3279 668 3332 manibus
697 3280 902 3334 orabat.

229 3364 452 3420 Verbum
475 3370 607 3421 misit
635 3370 754 3438 ﬁliis
785 3371 964 3439 Israel,
989 3378 1294 3430 annuntians
1324 3395 1494 3448 pacem
1524 3396 1613 3448 per
1634 3380 1723 3435 Je-

155 3472 259 3509 sttm
290 3457 576 3524 Christum,
603 3462 683 3514 hic
708 3472 780 3516 est
806 3465 1024 3518 omnium
1055 3467 1318 3522 Dominus.
1353 3469 1405 3522 In
1435 3472 1535 3526 hoc
1562 3488 1723 3541 appa-

157 3557 231 3599 ret
265 3548 485 3617 (iuquit)
519 3548 681 3602 Deum
705 3562 1037 3620 acceptorem
1069 3571 1174 3608 non
1206 3572 1326 3612 esse
1353 3575 1716 3626 personarum,

157 3638 277 3705 quia
319 3638 512 3692 Filium
543 3655 692 3693 suum
723 3642 1046 3712 unigenitum
1071 3686 1087 3710 ,
1116 3648 1203 3713 qui
1245 3657 1298 3701 et
1325 3649 1577 3704 Dominus
1604 3668 1719 3705 om-

160 3729 298 3782 nium
331 3741 495 3798 atque
517 3731 757 3786 conditor
785 3742 886 3799 est,
913 3748 1032 3788 cum
1062 3750 1254 3804 genere
1280 3737 1508 3794 humano
1538 3755 1721 3810 pacem

161 3817 328 3874 facere
358 3821 524 3886 misit,
562 3821 612 3874 in
644 3823 794 3892 cuius
824 3826 1065 3890 nomine,
1099 3828 1372 3895 Prophetis
1421 3837 1722 3886 attestanti-

159 3910 270 3975 bus,
321 3911 694 3967 remissionem
746 3925 1078 3983 peccatorum
1129 3932 1232 3971 non
1278 3918 1446 3974 Judrei
1492 3930 1714 3989 tantum,

159 4003 244 4056 sed
269 4018 462 4059 omnes
491 4006 576 4075 qui
599 4007 839 4073 credunt,
873 4009 1152 4076 accipiant.

231 4093 329 4147 Vos
365 4095 504 4148 scitis
548 4097 686 4165 quod
729 4097 915 4164 factum
959 4107 1029 4150 est
1077 4100 1275 4152 verbum
1319 4118 1407 4170 per
1435 4103 1719 4158 universam

160 4183 415 4247 Iudaeam,
447 4195 500 4239 et
529 4195 740 4240 caetera.
776 4188 1012 4242 Breviter
1037 4195 1211 4243 omnia
1243 4207 1358 4259 qua:
1388 4194 1438 4246 in
1467 4194 1719 4263 Symbolo

164 4275 426 4342 dicuntur,
461 4278 770 4343 complexus
811 4287 912 4344 est,
965 4281 1103 4348 quod
1145 4281 1299 4335 Jesus
1341 4284 1407 4336 sit
1455 4285 1715 4349 Christus,

164 4369 291 4434 quod
314 4369 550 4422 omnium
585 4369 861 4436 Dominus,
895 4372 1031 4439 qttod
1061 4374 1308 4425 mundmn
1345 4375 1450 4429 Deo
1475 4379 1712 4431 reconci-

166 4459 286 4514 liare
331 4461 542 4526 missus,
575 4461 712 4528 quod
758 4461 976 4516 Joannis
1024 4478 1152 4517 voce
1192 4477 1538 4532 prmcouatus,
1576 4469 1715 4536 quod

169 4551 358 4615 Spiritu
409 4561 595 4603 sancto
622 4561 936 4617 perunctus,
965 4555 1104 4621 quod
1137 4554 1240 4606 Deo
1272 4556 1592 4612 inhabitants
1621 4575 1714 4628 per

170 4639 418 4692 miracula
465 4641 758 4694 declaratus
779 4683 792 4704 ,
840 4643 979 4708 quod
1026 4646 1325 4707 crucifixus,
1357 4657 1408 4700 et
1439 4663 1466 4700 a
1497 4652 1718 4704 mortuis

169 4731 462 4794 suscitatus,
486 4732 694 4799 suisque
717 4729 1104 4799 manifestatus,
1136 4738 1270 4802 quod
1293 4737 1454 4803 judex
1479 4741 1713 4792 omnium

171 4818 216 4871 in
249 4821 346 4874 fine
376 4831 648 4884 venturus,
675 4822 914 4890 quodque
943 4825 1098 4876 etiam
1135 4826 1419 4879 Ecclesiam
1446 4841 1596 4881 suam
1622 4845 1716 4898 per

174 4909 313 4963 fidem
345 4919 510 4963 totum
543 4911 940 4964 sitdilataturus
971 4913 1022 4964 iu
1055 4916 1256 4968 orbem.

232 5003 491 5068 Quomodo
531 5006 669 5056 unxit
696 5021 809 5057 cum
853 5003 988 5058 Deus
1013 5006 1212 5072 Spiritu
1241 5021 1416 5062 sancto
1445 5021 1490 5063 et
1518 5012 1712 5065 virtute.

175 5091 275 5143 Alia
305 5093 466 5145 editio
496 5091 619 5145 dicit
651 5113 664 5146 :
697 5091 842 5146 Sicut
888 5095 1030 5146 unxit
1059 5112 1170 5147 eum
1211 5094 1367 5150 Deus.
1415 5099 1716 5154 Prmdicavit

176 5196 285 5249 ergo
326 5180 557 5236 Joannes
600 5182 802 5245 Jesum,
848 5184 982 5236 sicut
1012 5188 1158 5238 unxit
1201 5202 1318 5241 eum
1352 5187 1489 5242 Deus
1518 5192 1714 5258 Spiritu

180 5281 370 5334 sancto,
404 5282 528 5324 tunc
571 5274 748 5340 utique
775 5288 893 5326 cum
925 5274 1130 5330 dicebat
1162 5293 1174 5328 :
1205 5278 1228 5328 Ι
1239 5295 1323 5346 pse
1343 5295 1428 5331 vos
1455 5281 1717 5348 baptisabit

178 5364 221 5412 in
247 5364 436 5427 Spiritu
461 5372 632 5415 sancte
660 5364 877 5432 (Matth.
909 5367 1015 5433 Ill).
1057 5367 1123 5418 Et
1173 5367 1357 5421 iterum
1393 5387 1404 5421 :
1441 5371 1572 5436 Quia
1614 5373 1716 5424 vidi

183 5449 411 5515 Spiritum
453 5454 828 5506 descendentem
877 5459 1017 5524 quasi
1067 5458 1345 5511 columbam
1396 5477 1548 5529 super
1598 5480 1710 5516 eum

182 5538 338 5606 (han.
365 5538 424 5610 t).
454 5542 648 5596 Unctus
676 5552 756 5596 est
780 5561 903 5612 ergo
931 5546 1082 5601 Jcsus
1108 5563 1207 5600 non
1232 5551 1347 5602 oleo
1381 5551 1595 5617 visibili,
1621 5552 1712 5606 sed

182 5629 304 5684 dono
328 5635 527 5701 gratia,
557 5634 692 5701 quod
718 5634 907 5687 visibili
940 5637 1261 5704 significatur
1287 5651 1576 5709 unguento,
1610 5661 1714 5712 quo

187 5719 448 5790 baptisatos
493 5725 639 5794 ungit
691 5726 943 5778 Ecclesia.
995 5728 1100 5782 Nec
1137 5740 1308 5785 tamen
1357 5743 1477 5787 tunc
1527 5717 1714 5792 unctus

588 5841 850 5899 Ρλτιοι..
889 5841 1074 5902 XCII.

1826 3274 2185 3345 obstupuerunt
2207 3293 2267 3330 ea:
2289 3279 2665 3332 circumcisione
2683 3281 2880 3347 fideles,
2903 3282 2988 3351 qui
3013 3293 3250 3336 venerant
3271 3301 3389 3337 cum

1825 3366 2004 3428 Petro,
2032 3368 2151 3434 quia
2179 3377 2223 3420 et
2255 3368 2306 3420 in
2334 3369 2581 3430 nationes.
2613 3379 2715 3424 etc.
2758 3369 2888 3425 Cum
2932 3371 3178 3425 Ecclesia
3207 3375 3386 3441 regula

1823 3456 1891 3509 sit
1913 3456 2094 3511 fideles
2119 3457 2168 3509 in
2193 3459 2402 3511 nomine
2424 3469 2619 3514 sauctze
2643 3459 2913 3513 Trinitatis
2939 3461 3208 3528 baptizari,
3238 3480 3382 3532 qua:-

1823 3545 1957 3599 ritur
1990 3546 2254 3614 quomodo
2285 3547 2450 3601 Lucas
2476 3563 2569 3616 per
2599 3557 2764 3602 totum
2798 3550 2959 3603 libelli
2989 3551 3145 3620 hujus
3175 3562 3378 3606 textum

1824 3649 1926 3687 nou
1955 3634 2106 3688 aliter
2133 3650 2290 3703 quam
2339 3636 2391 3688 in
2440 3639 2652 3692 nomine
2691 3638 2814 3694 Jesu
2841 3640 3033 3694 Christi
3068 3643 3380 3710 baptismum

1823 3724 1934 3779 dari
1959 3727 2210 3780 testetur?
2235 3727 2383 3792 Quod
2410 3729 2477 3781 ita
2503 3729 2684 3784 beatus
2706 3731 3015 3784 Ambrosius
3035 3735 3216 3800 solvit,
3239 3737 3380 3803 quod

1823 3830 1917 3882 per
1945 3814 2193 3868 unitatem
2223 3817 2455 3872 nominis
2485 3819 2755 3884 impletum
2787 3824 3094 3891 mysterium
3127 3826 3216 3878 sit.
3245 3826 3380 3891 Quia

1822 3905 1934 3959 sive
1965 3904 2232 3960 Christum
2261 3907 2429 3972 dicas,
2459 3919 2510 3962 et
2543 3912 2706 3964 Deum
2739 3912 2968 3979 Patrem,
2999 3928 3026 3967 a
3057 3930 3160 3984 quo
3192 3928 3383 3974 unctus

1821 4004 1904 4049 est
1922 3996 2102 4059 Filius,
2121 4007 2174 4051 et
2195 4001 2364 4067 ipsum
2380 4001 2467 4066 qui
2491 4011 2675 4056 unctus
2693 4013 2774 4058 est
2797 4005 3008 4072 Filium,
3033 4017 3086 4061 et
3102 4008 3382 4076 Spit-itum,

1821 4101 1925 4156 quo
1951 4098 2134 4142 unctus
2148 4100 2250 4153 est,
2274 4090 2587 4160 designasti;
2611 4095 2862 4161 scripturn
2885 4105 2966 4150 est
2989 4099 3128 4152 euint
3156 4116 3169 4155 :
3199 4097 3378 4153 Jesuns

1821 4195 1852 4231 a
1883 4178 2158 4244 Nazareth,
2187 4185 2434 4250 quomodo
2464 4185 2604 4236 unxit
2631 4201 2740 4237 eum
2768 4185 2900 4239 Deus
2933 4187 3128 4253 Spiritu
3162 4200 3335 4243 sancto
3361 4208 3381 4254 ;

1821 4269 1932 4323 sive
1961 4270 2168 4324 Patrem
2216 4271 2380 4336 dicas,
2412 4284 2463 4326 et
2492 4273 2680 4328 Filium
2729 4275 2865 4344 ejus,
2898 4287 2951 4332 et
2992 4279 3243 4347 Spiritum
3272 4284 3382 4336 oris

1823 4361 2018 4425 pariter
2046 4359 2308 4423 indicasti,
2341 4363 2383 4414 si
2419 4373 2590 4416 tamen
2640 4365 2688 4416 id
2736 4367 2892 4419 etiam
2935 4368 3093 4421 corde
3131 4384 3378 4436 compre-

1825 4449 2056 4514 luendas;
2085 4450 2193 4506 sive
2221 4451 2470 4519 Spiritum
2494 4453 2654 4517 dicas,
2679 4465 2730 4508 et
2763 4456 2924 4509 Deum
2960 4458 3186 4523 Patrem,
3219 4477 3247 4513 a
3273 4478 3377 4530 qtto

1826 4541 2063 4607 procedit
2110 4541 2356 4608 Spiritus,
2403 4552 2457 4596 et
2480 4544 2710 4612 .Filium,
2745 4547 2864 4614 quia
2906 4548 3022 4602 Filii
3062 4565 3267 4619 quoque
3298 4563 3381 4605 est

1821 4635 2066 4700 Spiritus,
2103 4638 2434 4702 nuncupasti.
2469 4636 2616 4690 Unde
2646 4647 2702 4691 ut
2746 4641 2931 4693 rationi
2976 4643 3248 4708 copuletur
3285 4659 3379 4695 att-

1821 4727 2058 4791 eloritas,
2089 4729 2138 4782 in
2171 4728 2368 4796 Spiritu
2393 4744 2599 4798 quoque
2628 4742 2768 4784 recte
2797 4733 3046 4798 baptizari
3075 4749 3168 4788 nos
3194 4751 3371 4804 posse,

1822 4817 2090 4886 Scriptura
2125 4819 2340 4882 indicat,
2365 4819 2570 4874 dicente
2602 4820 2823 4875 Domino
2849 4841 2859 4874 :
2900 4822 2999 4876 Vos
3024 4834 3190 4878 autem
3212 4829 3378 4896 bapti-

1820 4909 2056 4962 zabimini
2104 4909 2300 4979 Spiritu
2338 4921 2510 4963 sancte
2559 4911 2691 4980 (Act.
2727 4912 2787 4979 t).
2837 4914 2900 4966 Et
2944 4915 3224 4981 Apostolus
3260 4919 3370 4968 ait:

1826 5001 2012 5054 Omnes
2039 5002 2170 5053 enim
2214 5005 2264 5054 in
2294 5003 2402 5070 ipso
2433 5018 2657 5071 corpore,
2688 5004 2739 5055 in
2768 5019 2870 5057 uno
2899 5005 3096 5068 Spiritu
3135 5005 3377 5062 barttizati

1821 5109 1992 5144 sumus
2025 5091 2074 5160 (Ι
2101 5091 2218 5145 Cor.
2251 5093 2368 5161 xu).
2402 5093 2569 5145 Aliter
2595 5112 2604 5146 :
2634 5093 2899 5160 Principue
2927 5097 3167 5164 congruit
3196 5115 3292 5150 nos
3320 5104 3370 5154 in

1823 5183 2032 5236 nomine
2058 5183 2264 5235 Domini
2290 5183 2414 5236 Jesu
2443 5183 2640 5238 Christi
2668 5185 2938 5250 baptizari,
2968 5189 3212 5252 quoniam
3236 5190 3372 5244 sicut

1819 5276 2102 5343 Apostolus
2129 5277 2203 5327 ait
2232 5293 2245 5328 :
2282 5276 2575 5343 Quicunque
2603 5277 2840 5344 baptisoti
2869 5294 3040 5330 sumus
3083 5279 3133 5332 in
3171 5282 3371 5336 Christo

1821 5365 1966 5431 Iesu,
1997 5369 2048 5418 in
2074 5377 2232 5420 morte
2258 5367 2416 5434 ipsius
2447 5367 2684 5433 baptizari
2713 5383 2903 5433 sumus,
2932 5378 3033 5421 etc.
3065 5367 3236 5437 (Rom.
3273 5373 3368 5440 vr.)

2419 5457 2641 5512 CAPUT
2685 5459 2770 5512 XI.

1895 5549 1959 5602 Et
1988 5548 2091 5601 vidi
2110 5549 2459 5616 quadrupedia
2497 5559 2659 5614 terrm,
2688 5560 2734 5602 et
2760 5550 2963 5615 bestias,
2998 5561 3044 5604 et
3073 5551 3291 5621 reptilia,
3322 5562 3372 5607 et

1821 5642 2044 5695 volatilia
2070 5642 2200 5706 caeli,
2227 5651 2326 5694 etc.
2359 5641 2516 5694 Miror
2542 5642 2806 5710 quomodo
2837 5642 2948 5696 haec
2977 5645 3182 5711 quidem
3213 5657 3372 5709 super

1821 5735 1956 5792 escis
1995 5734 2302 5804 quibusdam
2338 5737 2495 5787 reteri
2546 5733 2658 5802 lege
2706 5733 3018 5803 prohibitis.
3066 5750 3199 5787 nunc
3250 5751 3370 5790 vero

2871 5849 2943 5907 31
