3884 6232
499 278 596 334 971
924 283 1120 339 ΒΕυιΕ
1162 281 1606 337 "ENERABILIS
1644 276 1790 335 ΟΝ).
1832 280 2008 337 PARS

2157 281 2342 338 SECT.
2385 285 2424 339 l.
2466 315 2534 328 --
2575 287 2959 345 EXEGETICA
3000 293 3318 353 GENUINA.
3597 306 3679 361 972

494 399 894 461 manducandis,
919 399 1354 466 interpretantur,
1380 410 1499 451 cum
1534 410 1631 450 nec
1660 406 1933 463 serpentes
1966 395 2053 450 vel
2083 398 2130 454 Α
2158 394 2297 447 enim
2328 395 2593 466 Joseplius
2649 400 2854 467 Caium,
2891 403 3113 471 imperio
3142 419 3411 476 suscepto,
3456 416 3677 473 continuo

496 491 700 561 reptilia
736 491 936 560 possint
977 492 1086 557 edi,
1117 505 1217 545 nec
1240 490 1353 557 ipse
1380 486 1566 542 Petrus
1593 487 1671 541 sic
1716 487 2056 552 intellexerit,

496 583 590 639 sed
618 597 802 636 omnes
833 579 1073 635 homines
1096 580 1367 649 aequaliter
1398 579 1462 631 ad
1488 578 1682 633 Christi
1718 579 2054 647 Evangeiium

500 670 795 742 provocari,
824 669 1129 739 nullumque
1150 668 1438 724 secundum
1466 678 1707 721 naturam
1738 683 1854 722 esse
1884 669 2056 734 pollu-

470 771 628 819 ‘tum.
656 761 836 830 Neque
858 760 997 815 enim
1026 774 1190 828 quare
1215 759 1412 813 bestias
1435 758 1748 824 comederit,
1777 760 1868 812 sed
1891 772 2055 827 quare

491 855 742 927 gentibus
763 853 1253 920 communicaverit,
1276 852 1596 922 increpatus,
1622 852 1935 923 mysterium
1958 850 2056 907 hu-

490 948 577 1014 jus
603 944 822 999 visionis
845 943 1110 1014 exposuit.

576 1035 826 1092 Venerunt
846 1045 1012 1090 autem
1039 1050 1232 1089 mecum
1261 1042 1307 1087 et
1350 1047 1442 1088 sea:
1475 1032 1658 1103 fratres
1682 1034 1788 1088 isti.
1823 1033 2052 1089 Pulchre

492 1129 799 1199 septenario
840 1126 1064 1181 fratrum
1124 1139 1343 1180 numero
1393 1132 1550 1189 teste,
1602 1125 1770 1194 gratia
1818 1124 2053 1193 Spiritus

488 1221 661 1277 sancti
691 1218 1019 1287 septiformis
1049 1218 1213 1273 effusa
1234 1226 1335 1274 est.
1360 1216 1546 1272 Aliter.
1584 1216 1715 1282 Quia
1738 1232 1830 1271 sex
1861 1216 2049 1273 diebus

494 1325 577 1370 est
597 1314 824 1370 mundus
849 1315 947 1369 iste
977 1312 1252 1377 formatus,
1285 1326 1377 1381 per
1400 1324 1493 1365 sex
1518 1309 1709 1365 fratres
1738 1324 1901 1378 opera
1931 1325 2051 1378 per-

494 1406 629 1462 fecta
661 1411 1045 1459 monstrantur.
1077 1402 1174 1470 Qui
1225 1402 1361 1457 bene
1409 1401 1677 1480 doctorem
1705 1402 2045 1467 comitantur,

490 1495 705 1564 quando
737 1495 851 1549 suis
890 1493 1216 1549 auditoribus
1262 1496 1400 1549 inter
1450 1493 1607 1549 verba
1664 1493 2049 1550 exhortationis

452 1633 455 1637 .
492 1585 737 1654 exempla
765 1583 1011 1653 perfecta:
1036 1583 1399 1638 demonstrant
1426 1582 1775 1650 operationis.

559 1675 629 1729 Et
657 1675 1063 1746 gloriﬁcaverunt
1094 1672 1276 1739 Deum,
1326 1673 1544 1727 dicentes
1574 1688 1591 1725 :
1625 1673 1763 1743 Ergo
1805 1683 1852 1728 et
1882 1675 2045 1743 genti-

2156 484 2458 540 Judmorum
2492 490 2838 563 principatum
2870 492 2993 549 huic
3035 496 3226 551 lierodi
3258 501 3362 553 iiiio
3393 503 3677 571 Aristobuii,

2155 589 2311 643 quem
2364 585 2537 633 tamen
2597 581 2685 635 ille
2740 584 3024 651 Agrippam
3084 592 3351 655 nominat,
3405 592 3677 660 tradidisse,

2154 666 2313 719 simul
2366 678 2419 721 et
2466 669 2711 740 Philippo
2766 689 2829 727 ac
2860 673 3101 745 Lysaniaa
3134 680 3460 737 tetrarchias.
3508 685 3678 750 Quarto

2151 766 2353 827 autem,
2386 758 2436 813 id
2469 770 2574 826 est,
2618 763 2804 819 ultimo
2839 766 3059 843 imperii
3113 785 3252 823 anno
3297 772 3482 829 ilerodi
3528 778 3676 831 eidem

2159 848 2357 913 pariter
2384 853 2692 909 contulisse.
2726 855 2899 924 lpwm
2930 874 3057 915 vero
3103 861 3390 929 Herodem,
3418 868 3506 935 qui
3538 872 3610 922 vel
3637 872 3678 924 iu

2151 940 2370 999 Joannis
2386 959 2515 999 nece
2532 957 2718 1002 auctor
2736 952 3030 1018 exstiterat,
3049 955 3133 1009 vel
3156 956 3206 1009 in
3228 958 3467 1024 passione
3493 958 3678 1013 Domitii

2151 1031 2478 1101 interfuerat,
2511 1037 2695 1092 multis
2722 1043 3076 1096 excruciatum
3108 1044 3308 1099 morbis
3338 1048 3523 1101 exsilio
3551 1052 3679 1101 tiam-

2153 1138 2310 1179 nasse
2340 1137 2614 1195 perpetno.
2640 1128 2803 1184 Porro
2820 1131 2961 1186 hunc
2990 1132 3248 1189 llerodem
3271 1136 3382 1189 sive
3399 1140 3677 1207 Agrippam,

2153 1213 2308 1269 tertio
2339 1215 2542 1270 Claudii
2567 1232 2728 1282 anno,
2754 1223 2833 1273 sui
2864 1237 2989 1277 vero
3016 1224 3160 1291 regni
3179 1227 3407 1293 septimo
3432 1228 3495 1279 ab
3518 1230 3680 1296 angelo

2151 1317 2487 1377 percussum,
2523 1324 2743 1377 regnum
2775 1314 3018 1382 Agrippa
3040 1312 3149 1367 filio
3175 1314 3465 1383 reliquisse.
3496 1316 3677 1371 Aristo.

2151 1393 2303 1448 huius
2326 1405 2499 1449 autem
2525 1414 2684 1466 quem
2709 1401 2857 1469 dixit,
2888 1402 3000 1470 ipse
3028 1413 3129 1468 est,
3155 1404 3288 1474 quia
3314 1414 3453 1472 patre
3475 1410 3677 1476 perfido,

2151 1482 2203 1537 id
2228 1491 2330 1548 est,
2364 1485 2573 1542 Herode
2599 1490 2830 1557 seniore,
2854 1492 2953 1545 sub
2974 1507 3079 1561 quo
3123 1494 3374 1548 Dominus
3421 1506 3567 1550 natus
3593 1506 3677 1563 e-t,

2148 1585 2265 1625 cum
2299 1573 2460 1628 fratre
2488 1576 2796 1632 Alexandro
2824 1582 2993 1634 fuerat
3024 1582 3348 1639 interfectus.

2222 1660 2418 1718 Occidit
2444 1674 2612 1719 autem
2633 1665 2880 1722 Iacobum
2921 1674 3133 1740 fratrem
3164 1670 3379 1727 Joannis
3400 1675 3587 1745 gladio.
3621 1676 3680 1729 De

486 1768 578 1820 bus
602 1737 736 1819 Deus
766 1737 1109 1836 paenitentiam
1134 1767 1201 1817 ad
1243 1737 1397 1818 vitam
1443 1764 1602 1819 dedit.
1636 1737 1745 1818 Hoc
1771 1737 2045 1834 est,'quod

2157 1766 2256 1822 quo
2276 1753 2475 1811 Jacobo
2504 1757 2752 1824 Clemens
2773 1737 3162 1817 Alexandrinus
3208 1737 3475 1818 historiam
3504 1780 3681 1835 quam-

488 1856 539 1909 in
566 1854 704 1910 beati
726 1853 823 1908 Job
854 1853 986 1908 libro
1017 1854 1267 1923 legimus:
1295 1852 1369 1906 Ab
1390 1853 1637 1922 Aquilone
1663 1870 1846 1908 aurum
1862 1854 2041 1921 veniet,

476 1953 536 1999 et
561 1944 628 1997 ad
658 1943 814 1997 Deum
843 1943 1170 2012 formidolosa
1224 1943 1455 1996 laudatio
1481 1941 1627 2011 (Job.
1656 1945 1883 2012 xxxvn).
1913 1944 2046 2011 Quia

480 2035 636 2105 prius
662 2033 855 2104 frigido
877 2034 1114 2102 gentium
1140 2042 1353 2102 pectore
1382 2032 1635 2102 splendor
1668 2034 1787 2089 fidei
1830 2032 2046 2092 exortus

486 2141 587 2196 cst,
618 2139 670 2185 et
699 2144 793 2199 pro
820 2130 1006 2183 eodem
1054 2129 1320 2198 inopinata
1371 2128 1482 2183 iide'
1512 2126 1695 2183 Iudaea
1745 2128 1913 2184 Deum
1939 2139 2049 2185 tre-

489 2222 682 2278 mendo
707 2220 986 2289 glorificat.

556 2311 1039 2366 Perambulat'erunt
1092 2325 1251 2380 usque
1294 2306 1602 2374 Phoenicem,
1640 2317 1686 2364 et
1719 2308 1970 2380 Cyprum,
2000 2319 2047 2364 et

492 2400 833 2467 Antiochiam,
853 2410 955 2454 etc.
978 2399 1111 2454 Hinc
1132 2399 1243 2468 jam
1268 2407 1387 2468 post
1405 2399 1782 2454 revelationem
1807 2400 2047 2453 sindonis

478 2492 829 2565 evangelicae,
863 2492 916 2546 in
964 2505 1067 2562 qua
1117 2490 1349 2545 molliter
1393 2504 1623 2558 superna
1666 2504 1760 2559 spe
1792 2491 2044 2545 animalia

491 2597 671 2640 saneta
696 2584 1053 2653 quiescerent,
1082 2594 1170 2634 res
1199 2579 1449 2635 Ecclesia:
1467 2591 1711 2634 crescere
1740 2587 2039 2647 eruperunt,

488 2693 609 2731 cum
651 2690 745 2745 per
773 2681 987 2729 exteras
1040 2670 1360 2742 provincias,
1404 2670 1627 2737 insulas,
1685 2680 1735 2727 et
1777 2670 2067 2737 civitates,.

491 2787 593 2826 non
618 2771 785 2825 solum
806 2768 1024 2835 ludatis,
1052 2765 1149 2823 sed
1178 2776 1230 2823 et
1251 2766 1516 2837 gentibus,
1541 2764 1884 2837 Evangelium
1907 2784 2045 2839 prte-

480 2863 712 2917 dicatur.

561 2955 826 3026 Profectus
854 2959 925 3009 est
953 2961 1123 3007 autem
1151 2950 1391 3016 Tarsum,
1416 2957 1469 3004 ut
1497 2958 1779 3019 quarerent
1802 2948 2045 3007 Saulum.

484 3048 696 3103 Dictum
724 3053 803 3100 est
828 3042 969 3099 enim
970 3055 1150 3143 _supra
1201 3041 1325 3111 quia
1378 3040 1443 3095 de
1472 3038 1822 3112 Jerosolymis
1850 3040 2042 3096 Saulus
2065 3079 2114 3143 ο

485 3141 625 3197 clam
655 3140 951 3194 mitteretur
970 3134 1216 3192 Tarsum.

562 3228 629 3284 Et
655 3244 863 3299 surgens
891 3243 1022 3281 unus
1052 3242 1114 3281 ea:
1141 3227 1211 3280 eis
1234 3225 1435 3279 nomine
1472 3223 1693 3296 Agabus,
1722 3221 2041 3295 signiﬁcabat

484 3334 577 3389 per
594 3319 831 3389 spiritum
863 3317 1049 3387 famem
1069 3330 1303 3385 magnam
1333 3315 1579 3385 futuram.
1629 3313 1844 3383 Agabus
1875 3322 2045 3381 potest

484 3413 694 3465 nuntius
715 3406 1052 3463 tribulationis
1069 3403 1421 3474 interpretari,
1437 3404 1524 3474 qui
1540 3400 1831 3458 secundum
1851 3418 2041 3459 nomen

490 3517 667 3566 suum,
695 3511 746 3556 et
775 3500 865 3554 hic
896 3499 1088 3554 famem
1113 3496 1439 3569 generalem,
1467 3498 1531 3552 et‘
1562 3493 1699 3551 infra
1729 3496 1890 3552 Paulo
1918 3511 2045 3567 apo-

482 3593 631 3649 stolo
660 3591 868 3646 vincula
892 3587 1194 3659 prophetat.

539 3683 942 3759 .Proposuerunt
970 3681 1023 3735 in
1050 3680 1382 3734 ministerium
1416 3679 1608 3732 mittere
1630 3678 1964 3732 habitantibus
1988 3679 2042 3732 in

482 3775 677 3830 Judtea
700 3772 965 3845 fratribus.
992 3769 1238 3826 Sciebant
1259 3770 1310 3823 in
1335 3766 1536 3835 Iudaea,
1558 3776 1611 3823 et
1640 3767 1867 3823 maxime
1894 3768 2042 3821 Jero-

489 3864 729 3936 solymis,
782 3863 972 3916 famem
1025 3860 1197 3915 aerius
1250 3860 1570 3912 saeviturum.
1633 3856 1727 3911 Ubi
1783 3871 2043 3926 pauperes

491 3964 640 4009 erant
671 3962 1000 4016 sanctorum,
1032 3950 1119 4018 qui
1148 3949 1310 4004 rebus
1344 3948 1473 4013 suis,
1497 3946 1759 4013 domibus,
1792 3947 2042 4014 agrisque

452 4060 455 4061 '
492 4042 741 4111 venditis,
766 4044 933 4114 pretia
964 4040 1264 4097 deferentes
1293 4038 1569 4108 apostolis,
1602 4038 1838 4106 pecuniis
1859 4037 2040 4106 acqui-

492 4139 669 4195 rendis
700 4152 803 4192 non
853 4137 1075 4190 multum
1127 4131 1347 4186 ulterius
1377 4130 1651 4184 vacabant.
1696 4129 1799 4184 Sed
1831 4139 1885 4183 et
1909 4145 2044 4183 non-

499 4233 628 4288 nulii
661 4247 755 4301 pro
784 4229 1117 4285 confessione
1154 4226 1271 4279 fidei
1291 4226 1355 4278 ab
1378 4223 1504 4293 ipsis
1532 4223 1728 4278 Judzeis
1755 4223 2041 4277 incredulis

494 4322 702 4390 propria
731 4318 1021 4374 substantia
1052 4316 1407 4371 multabantur
1456 4312 1653 4367 ablata.
1686 4312 1887 4379 Quibus
1915 4312 2043 4366 dicit

2147 1843 2267 1899 dam
2295 1845 2505 1916 dignam
2534 1849 2793 1904 memoria
2822 1852 3012 1907 refert.
3040 1852 3106 1908 Et
3135 1856 3180 1908 is
3199 1854 3411 1926 (inquit)
3438 1858 3522 1925 qui
3546 1860 3680 1911 obtu-

2150 1934 2285 1989 lerat
2318 1951 2437 1991 eum
2462 1938 2625 2006 judici
2654 1939 2720 1993 ad
2772 1944 3081 2012 martyrium
3126 1944 3426 2014 (Jacobum,
3476 1946 3679 2017 scilicet)

2148 2038 2324 2082 motus
2353 2030 2518 2084 etiam
2541 2032 2675 2100 ipse,
2705 2036 2981 2091 confessus
3008 2049 3088 2091 est
3104 2052 3161 2092 se
3188 2054 3309 2094 esse
3325 2038 3678 2095 Christianum.

2152 2117 2304 2173 Ducti
2355 2133 2479 2176 sunt
2507 2133 2683 2179 autem
2729 2126 2885 2181 ambo
2936 2129 3131 2197 pariter
3168 2128 3235 2181 ad
3277 2130 3601 2198 supplicium.
3628 2131 3681 2182 Et

2147 2222 2269 2262 cum
2301 2210 2626 2269 ducerentur
2647 2216 2700 2269 in
2750 2217 2854 2283 via,
2900 2219 3105 2287 rogavit
3148 2218 3401 2274 Jacobum
3450 2221 3559 2275 dari
3596 2223 3680 2275 sibi

2149 2298 2543 2359 remissionem.
2594 2308 2662 2359 At
2712 2306 2800 2361 ille
2850 2322 3135 2377 parumper
3193 2308 3484 2364 deliberans
3532 2327 3545 2363 :
3589 2309 3679 2363 Pax

2150 2389 2266 2453 tibi,
2302 2390 2488 2461 inquit.
2517 2395 2582 2448 Et
2601 2398 2873 2451 osculatus
2895 2408 2976 2454 est
3003 2413 3148 2453 eum.
3175 2398 3246 2453 Et
3271 2401 3343 2454 ita
3370 2399 3519 2454 ambo
3540 2402 3679 2455 simul

2147 2480 2320 2549 capite
2352 2482 2489 2550 plexi
2517 2494 2660 2539 sunt.

2222 2570 2448 2626 Tradens
2472 2584 2689 2644 quatuor
2717 2579 3127 2643 quaternionibus
3152 2580 3392 2634 militum.
3413 2579 3555 2635 Sicut
3572 2594 3679 2633 ct-n-

2151 2663 2290 2718 turio
2317 2675 2547 2733 centum,
2580 2667 2647 2721 ita
2696 2671 2972 2739 quaternio
3019 2672 3246 2727 militum
3280 2672 3378 2727 sub
3403 2688 3460 2728 se
3499 2673 3679 2726 milites

2148 2758 2396 2813 habebat.
3105 2746 3108 2747 ν

2212 2847 2561 2921 Percussoque
2587 2851 2742 2907 latere
2788 2851 2927 2909 Petri
2955 2855 3215 2909 suscitavit
3261 2872 3393 2911 eum.
3421 2855 3679 2911 Percussio

2148 2940 2334 2997 lateris
2360 2947 2797 2999 commemoratio
2821 2948 3082 3016 passionis
3109 2948 3304 3003 Christi
3332 2958 3433 3012 est,
3458 2948 3520 3001 de
3546 2948 3680 3015 cujus

2147 3030 2367 3088 vulnere
2415 3034 2558 3089 salus
2612 3044 2792 3090 nostra
2848 3035 3112 3105 profluxit.
3170 3037 3232 3092 Et
3284 3037 3436 3091 nobis
3488 3052 3679 3105 quoque

2146 3135 2511 3191 pressurarum
2558 3134 2745 3180 catena
2793 3128 3053 3193 retentis,
3127 3128 3232 3183 tale
3292 3128 3523 3182 solatium
3578 3129 3678 3193 ipse

2145 3217 2318 3272 reddit
2342 3218 2610 3286 apostolus
2635 3219 2841 3287 Petrus,
2886 3220 3069 3275 dicens
3101 3238 3112 3273 :
3147 3219 3347 3274 Christo
3368 3221 3514 3288 igitur
3545 3234 3682 3286 pano

2141 3310 2196 3364 in
2216 3325 2384 3379 carne,
2404 3322 2450 3365 et
2479 3325 2562 3364 vos
2577 3313 2753 3366 eadem
2774 3313 3069 3382 cogitatione
3081 3314 3350 3367 armamini
3375 3310 3423 3382 (I
3444 3310 3575 3364 Petr.
3595 3311 3677 3378 tv).

2214 3401 2536 3475 Prwcingere
2564 3413 2611 3457 et
2636 3405 2807 3458 calcea
2835 3414 2883 3459 te
2921 3404 3111 3474 caligas
3137 3415 3274 3461 tuas.
3322 3405 3388 3460 Et
3416 3404 3679 3472 prepbetas

2142 3502 2199 3549 et
2227 3498 2495 3563 apostolos
2516 3496 2742 3565 cingulis
2766 3511 2892 3551 usos
2942 3496 3103 3550 fuisse
3137 3498 3385 3568 legimus,
3416 3496 3559 3564 cujus
3588 3496 3675 3548 sini

2147 3586 2338 3643 Petrus
2368 3588 2648 3656 ligamenta
2678 3598 2895 3662 propter
2924 3588 3149 3658 rigorem
3181 3588 3408 3642 carceris
3429 3588 3487 3639 ad
3512 3587 3677 3639 horam

2144 3673 2435 3737 laxaverat,
2458 3687 2513 3729 ut
2534 3677 2707 3729 tunica
2726 3677 2864 3731 circa
2890 3680 3049 3743 pedes
3068 3675 3319 3740 demissa,
3352 3677 3507 3745 frigus
3526 3675 3678 3728 noctis

2146 3772 2412 3831 utcunque
2441 3773 2786 3833 temperaret,
2819 3766 3120 3834 exemplum
3170 3765 3417 3835 praebens
3454 3765 3674 3825 inﬁrmis,

2145 3866 2264 3907 cum
2290 3854 2375 3909 vel
2427 3854 2671 3910 molestia
2721 3855 3006 3923 corporali,
3063 3855 3144 3909 vel
3196 3856 3391 3923 injuria
3440 3865 3679 3908 tentemur

2145 3947 2399 4013 humana,
2440 3946 2599 4001 licere
2649 3944 2806 4001 nobis
2847 3945 3041 4015 aliquid
3099 3945 3164 3999 de
3215 3948 3381 3998 nostri
3436 3945 3678 4014 propositi

2145 4041 2319 4109 rigore
2347 4039 2551 4091 laxare.
2584 4037 2647 4089 Et
2675 4038 2797 4103 quia
2837 4036 3035 4089 dictum
3072 4046 3187 4089 est:
3222 4036 3339 4090 Sint
3368 4037 3520 4089 lumbi
3546 4036 3679 4089 restri

2145 4129 2418 4200 pracincti,
2452 4134 2497 4180 et
2527 4126 2735 4181 calceats'
2758 4125 2907 4193 pedes
2934 4126 2987 4177 in
3022 4126 3396 4193 pra’paratione
3435 4122 3679 4193 Evangelii

2144 4219 2309 4288 pacis,
2365 4217 2675 4291 spiritaliter
2728 4216 3021 4280 virtutum,
3073 4214 3327 4283 verbique
3383 4215 3680 4283 praedicandi

2145 4322 2411 4362 resumere
2426 4307 2640 4376 jubetur
2656 4303 2889 4374 insignia
2905 4346 2919 4360 .

496 4412 775 4483 Apostolus
802 4427 818 4466 :
852 4409 913 4463 Et
936 4408 1165 4477 rapinam
1193 4404 1435 4457 bonorum
1474 4410 1745 4455 vestrorum
1774 4417 1886 4454 cum
1916 4418 2039 4472 gau-
2066 4418 2118 4476 D
2223 4398 2471 4452 Venerunt
2496 4400 2561 4450 ad
2589 4408 2784 4467 portam
2802 4401 3035 4465 ferream,
3053 4412 3168 4466 qua:
3183 4396 3320 4450 ducit
3348 4398 3415 4450 ad
3430 4398 3677 4451 ciuitatem.

495 4505 578 4556 dio
607 4500 896 4569 suscepistis
947 4496 1133 4570 (Hebr.
1163 4494 1243 4563 ι).
1292 4493 1400 4547 Hos
1428 4492 1562 4545 inter
1600 4492 2043 4560 eleemosynarios

499 4592 800 4661 religiosum
834 4587 1047 4641 Helena)
1076 4582 1467 4639 Adiabenorum
1491 4580 1687 4650 reginae
1709 4580 1897 4633 factum
1931 4594 2044 4634 mc-

498 4693 763 4744 tuoratur,
814 4693 931 4749 qua:
974 4676 1290 4743 comparatis
1335 4675 1401 4728 ab
1459 4673 1687 4741 Egypto
1736 4672 2037 4739 frumentis,

494 4770 984 4841 Jerosolyniitarum
1043 4764 1443 4821 necessitatibus
1502 4763 1798 4832 largissime
1854 4761 2039 4816 minis-

493 4863 669 4914 tiavit.
722 4859 871 4915 Unde
909 4866 965 4913 et
1012 4856 1357 4911 honorificam
1412 4862 1534 4907 ante
1585 4864 1761 4921 portas
1803 4852 2039 4921 ejusdem

492 4953 639 5007 urbis
664 4953 857 5005 meruit
886 4948 1229 5018 sepulturam.

1115 5036 1335 5091 CAPUT
1386 5035 1493 5090 ΧΗ.

503 5174 507 5178 -
566 5136 753 5189 Eodem
790 5143 956 5185 autem
1003 5143 1222 5199 tempore
1260 5131 1392 5182 misit
1436 5128 1665 5182 Herodes
1690 5142 1779 5181 rea:
1809 5145 2039 5194 magnm.

492 5230 606 5282 Non
636 5226 787 5279 lamis
815 5224 1058 5277 videlicet
1091 5235 1350 5288 tempore,
1395 5235 1551 5288 quam
1602 5231 1785 5287 quarto
1838 5220 2040 5274 Claudii

492 5334 630 5373 anno
684 5321 874 5371 iactam
926 5315 1158 5368 liistorire
1190 5313 1444 5374 referunt,
1474 5326 1588 5363 cum
1625 5310 1860 5363 Herodes
1889 5313 2042 5363 tertio

494 5409 728 5477 ejusdem
763 5408 829 5459 sit
874 5419 1010 5457 anno
1056 5401 1353 5465 defunctus,
1410 5402 1498 5453 sed
1556 5400 1642 5451 illo
1692 5400 1826 5451 liautl
1883 5401 2039 5453 dubie

496 5511 752 5569 tempore,
786 5512 890 5566 quo
916 5495 1212 5547 oblationes
1238 5492 1617 5561 Jerosoiymani
1649 5490 2035 5543 deferebantur.

501 5592 609 5644 Non
643 5599 812 5642 autem
861 5597 1098 5655 putemus
1132 5584 1413 5647 llcrodem,
1458 5586 1542 5650 qui
1594 5584 1853 5633 tetr.irclia
1906 5590 2039 5643 crat,

495 5691 673 5747 postea
702 5693 877 5745 regem
894 5676 1111 5741 factum,
1134 5674 1231 5729 hoc
1248 5674 1475 5742 capitulo
1492 5672 1841 5739 designatum.
1866 5672 2040 5723 Refert

2146 4491 2381 4560 Angusta
2413 4490 2518 4542 imo
2542 4488 2712 4542 ferrea
2744 4496 2859 4541 erat
2900 4497 3073 4556 porta,
3119 4503 3238 4556 qua:
3266 4487 3415 4541 ducit
3442 4490 3502 4542 ad
3543 4490 3682 4541 Jeru-

2143 4579 2306 4632 salem
2342 4578 2639 4641 omlestem,
2660 4578 2753 4632 sed
2779 4577 3147 4645 apostolorum
3180 4577 3419 4647 vestigiis
3449 4579 3592 4631 nobis
3612 4587 3683 4629 «st

2139 4667 2245 4734 jam
2277 4666 2411 4721 facta
2444 4667 2705 4733 tneabilis,
2739 4667 2826 4736 qui
2885 4670 3143 4736 sanguine
3197 4670 3413 4738 pl'Opl'iO
3467 4669 3679 4723 ferreum

2144 4760 2379 4814 vicerunt
2403 4761 2619 4814 ostium.
2650 4761 2721 4815 De
2753 4760 2853 4813 hoc
2880 4762 3075 4815 Arator
3103 4778 3116 4813 :

2267 4850 2463 4909 Ferrea,
2490 4852 2600 4910 quid
2622 4852 2790 4897 mirum
2813 4851 2853 4898 si
2878 4850 3056 4899 cedunt
3077 4852 3199 4899 ostia
3218 4850 3366 4900 Petro
3381 4850 3407 4901 τ

2266 4914 2419 4969 Quem
2443 4912 2576 4960 Deus
2597 4912 2826 4959 aetherem
2848 4913 3100 4960 custodem
3116 4912 3317 4967 deputat
3345 4912 3463 4959 aulai

2264 4973 2590 5032 Ecclesiaeun
2615 4984 2713 5019 suae
2738 4972 2916 5019 faciens
2941 4974 3157 5022 retinere
3180 4985 3411 5021 cacumen

2264 5035 2509 5083 Inl‘ernum
2532 5046 2765 5093 superare
2786 5034 2941 5091 jubet.

2218 5118 2282 5170 Et
2311 5118 2489 5171 Petrus
2522 5118 2587 5169 ad
2614 5132 2665 5169 se
2689 5131 2932 5169 reversus.
2962 5115 3015 5169 Id
3042 5124 3145 5182 est,
3180 5130 3207 5168 a
3235 5116 3682 5184 contemplationis

2143 5210 2371 5263 culmine
2413 5208 2478 5260 ad
2521 5210 2617 5261 hoc
2661 5219 2957 5275 regressus,
2995 5206 3133 5275 quod
3160 5204 3213 5260 in
3247 5206 3519 5260 intellectu
3540 5219 3681 5258 coui-

2144 5302 2361 5354 muniet
2386 5301 2528 5367 prius
2557 5298 2674 5354 fuit.

2216 5393 2465 5445 Processit
2495 5394 2661 5460 puella
2709 5394 2775 5445 ad
2820 5392 3155 5445 audiendum.
3209 5390 3275 5444 Et
3323 5390 3593 5445 Dominum
3624 5387 3684 5439 de

2142 5486 2329 5539 tumuli
2363 5487 2606 5540 claustris
2647 5499 2915 5555 egressum
2975 5486 3138 5550 prima
3193 5485 3382 5537 mulier
3427 5481 3703 5546 discipulis-

2145 5577 2421 5641 nuntiavit,
2470 5585 2527 5631 ut
2574 5578 2659 5631 ubi
2711 5576 2997 5630 abundavit
3028 5584 3323 5645 peccatum,
3376 5572 3686 5642 superabuno

2144 5667 2291 5721 daret
2322 5669 2505 5737 gratia.
