3884 6232
162 302 276 361 973

1085 310 1304 365 SUPER
1347 311 1520 367 ACTA
1560 312 2054 370 APOSTOLORUNI
2098 316 2484 372 EXPOSITIO.

3294 325 3397 377 θτι

245 425 342 481 Illi
378 435 543 480 autem
571 425 799 480 dicebant
825 441 841 479 :
869 424 1085 495 Angelus
1119 430 1234 497 ejus
1258 437 1350 482 est.
1379 428 1525 494 Quod
1565 445 1730 484 unus-
1764 439 1810 492 Α
1842 434 2042 487 actibus
2071 433 2239 495 daret,
2268 447 2423 498 quem
2455 433 2542 486 diu
2571 441 2750 488 contra
2783 436 3022 491 Stimulos
3051 441 3386 497 recalcitran-

129 563 133 569 .
160 514 401 584 quisque
431 524 670 568 nostrum
705 515 894 569 haheat
927 516 1190 582 angelum,
1225 526 1280 571 et
1308 517 1363 572 in
1393 517 1527 572 libro
1553 517 1737 571 Pasto-

160 607 267 672 ris,
294 616 350 660 et
375 607 426 660 iu
458 606 639 662 multis
689 617 886 662 sancta:
933 608 1221 675 Scriptura:
1267 609 1400 664 locis
1448 610 1735 687 inveni/tur.

161 695 304 749 Nam
335 708 388 751 et
429 696 680 750 Dominus
702 697 769 751 de
797 696 1025 764 parvulis
1055 714 1068 749 :
1103 699 1310 770 Angeli,
1339 699 1529 767 inquit,
1561 715 1736 754 eorum

159 802 372 850 seraper
417 787 582 842 vident
632 789 813 855 faciem
857 785 1025 842 Patris
1072 790 1168 842 mei
1217 788 1393 856 (Matt.
1441 791 1622 859 XVIII).
1670 790 1736 845 Et

160 875 339 929 Jacob
368 877 432 930 de
467 891 524 931 se
554 878 782 947 loquitur
811 895 821 930 :
857 878 1079 949 Angelus
1107 881 1194 948 qui
1232 883 1362 935 eruit
1391 899 1468 935 me
1504 883 1566 936 de
1607 899 1735 936 cun-

159 966 260 1015 ctis
302 965 474 1018 malis.
520 967 585 1020 Et
631 967 714 1020 hic
742 966 986 1036 discipuli
1031 970 1276 1039 angelum
1311 973 1541 1041 apes-toti
1592 972 1733 1026 Petri

160 1053 357 1107 venire
382 1053 683 1109 credebant.

240 1139 662 1213 Descendensque
696 1160 728 1198 a
777 1143 945 1200 Judea
994 1148 1047 1200 in
1102 1147 1404 1203 Casaream.
1455 1151 1730 1217 Quamvis,

154 1229 314 1299 juxta
364 1234 519 1285 situm
571 1234 834 1302 locorum,
864 1234 1158 1291 Caesaream
1190 1237 1412 1309 Philippi
1452 1241 1629 1297 dicere
1659 1250 1732 1295 vi-

179 1323 375 1386 'eatur,
405 1339 468 1378 eo
495 1326 632 1395 quod
664 1326 797 1393 haec,
830 1329 963 1382 sicut
989 1337 1043 1383 et
1067 1329 1236 1400 Tyrus
1282 1342 1335 1386 et
1374 1331 1562 1397 Sidon,
1606 1337 1730 1390 urbs

157 1415 232 1468 sit
262 1416 547 1484 Phoenicis,
592 1418 823 1486 Josepho
867 1429 1040 1476 tamen
1089 1434 1426 1490 exponente,
1477 1426 1728 1481 discimus

157 1503 281 1558 hare
332 1507 382 1558 in
435 1507 675 1562 Caesarea
728 1512 1017 1567 Palaestinae
1071 1526 1239 1582 gesta,
1286 1531 1405 1585 quae
1456 1520 1725 1588 quondam

157 1591 353 1649 Turris
383 1594 646 1652 Stratonis
688 1599 824 1653 diota
872 1610 975 1666 est,
1005 1612 1061 1657 et
1090 1614 1170 1658 est
1217 1605 1270 1659 in
1301 1607 1534 1661 conlinio
1564 1608 1722 1663 Phoe-

155 1687 296 1743 nicis
318 1699 374 1744 et
395 1690 709 1760 Palestina,
734 1693 786 1748 in
816 1695 988 1750 liuore
1020 1698 1182 1752 maris
1215 1700 1388 1769 Magni
1419 1704 1537 1754 sita.

1842 533 1946 577 tem
1978 523 2230 576 Dominus
2256 524 2521 593 elegisset.

1907 612 2039 668 Ecce
2066 630 2247 667 manus
2267 614 2470 669 Domini
2495 633 2647 685 super
2675 627 2739 683 te,
2773 630 2817 673 et
2842 621 2938 673 eris
2971 638 3150 680 cturus.
3174 625 3390 683 Sciebat

1836 706 2121 773 Apostolus
2151 706 2231 761 sui
2282 722 2486 764 memor
2520 711 2773 780 exempli,
2816 711 2882 766 de
2938 718 3167 770 tenebris
3209 722 3392 776 oculo-

1836 810 1952 849 rum
2002 795 2194 852 mentis
2239 813 2392 866 posse
2440 814 2718 869 resurgere
2769 802 2833 856 ad
2867 803 3057 860 lucem.
3096 807 3201 863 Nec
3248 813 3389 868 enim

1836 887 2136 942 merebatur
2180 889 2374 944 habere
2413 891 2586 946 carnis
2613 895 2814 959 oculos,
2847 897 2934 965 qui
2975 901 3164 954 mentis
3207 905 3392 962 oculos

1835 973 1951 1028 aliis
1979 976 2187 1032 atilerre
2217 979 2504 1034 laborabat.

1911 1063 2163 1120 Venerunt
2192 1069 2511 1124 Antiochiam
2547 1071 2774 1129 Pisidiar.
2821 1077 2947 1132 Dure
2987 1080 3281 1138 Antiochiae
3311 1089 3389 1142 ci-

1833 1150 2019 1207 vitales
2046 1163 2171 1208 sunt
2195 1173 2207 1207 :
2235 1173 2332 1211 una
2367 1161 2418 1213 in
2441 1160 2595 1230 Syria
2616 1164 2767 1233 cmle,
2801 1179 2828 1218 a
2862 1167 3082 1224 Saleuco
3114 1189 3235 1243 rege
3262 1192 3392 1231 cou-

1831 1241 1962 1309 dita,
1986 1259 2102 1313 qua:
2131 1245 2290 1302 Rebla
2317 1258 2439 1304 ante
2465 1252 2766 1320 vocabatur,
2795 1257 2878 1311 cui
2905 1257 3155 1327 Daphnen
3182 1241 3382 1321 lentem

1834 1334 2127 1402 proximum
2160 1339 2358 1405 dicunt,
2391 1342 2612 1412 ejusque
2641 1346 2782 1400 illam
2808 1351 2959 1417 aquis
2995 1353 3392 1413 abundantissi-

1832 1429 1931 1480 mis
1961 1429 2181 1496 perfrui,
2214 1431 2263 1485 iu
2293 1449 2393 1501 qua
2428 1436 2652 1503 primum
2683 1442 3039 1509 cognominati
3073 1456 3197 1501 sunt
3225 1447 3390 1504 disci-

1833 1520 1937 1585 puli
1984 1521 2300 1591 Christiani;
2351 1527 2514 1582 altera
2567 1541 2742 1585 autem
2801 1535 3110 1604 Antiochia,
3167 1539 3233 1595 de
3288 1558 3388 1611 qua

1831 1620 1972 1661 nunc
2001 1608 2196 1663 dictum
2225 1623 2324 1676 est,
2358 1613 2407 1668 in
2439 1618 2703 1683 provincia
2735 1619 2964 1677 Pisidiae.

1918 1696 2070 1752 Sorte
2109 1701 2362 1757 distribuit
2422 1706 2494 1760 eis
2557 1717 2743 1764 terram
2795 1728 3003 1781 eorum,
3074 1721 3219 1786 quasi
3276 1736 3388 1788 post

229 1799 568 1855 Pouulabam
618 1819 831 1872 pacem.
882 1821 938 1860 ω
993 1810 1128 1875 quod
1181 1809 1439 1864 alerentur
1487 1813 1719 1881 “9,0,,”
1751 1782 1798 1840 B
1827 1784 2214 1881 quadringentos
2264 1800 2309 1843 et
2359 1794 2722 1864 quinquaginta
2763 1815 2942 1855 annos.
2988 1803 3200 1861 Dixerat
3247 1810 3387 1865 Deus

154 1907 336 1944 eorum
383 1895 446 1945 ab
494 1892 606 1946 illo.
648 1893 1010 1948 Necessariam
1060 1897 1324 1953 habebant
1376 1901 1532 1955 vicini
1581 1903 1722 1969 regis

156 1984 472 2050 amicitiam,
503 2000 567 2041 eo
595 1987 734 2056 quod
773 1986 983 2042 illorum
1022 1990 1167 2059 regio
1209 1991 1365 2047 valde
1393 2003 1636 2062 angusta,
1667 2002 1721 2049 et

158 2072 394 2129 Galilaea:
426 2073 774 2147 Damascique
807 2093 988 2146 pressa
1018 2078 1207 2133 linibus
1236 2089 1396 2136 esset.
1427 2082 1578 2139 Unde
1622 2099 1721 2140 nec

156 2167 269 2234 ipsa
311 2169 622 2237 metropolis
663 2184 847 2224 eorum
892 2171 1064 2241 Tyrus
1094 2181 1266 2228 tantas
1315 2174 1546 2231 habebat
1586 2193 1718 2246 opes

153 2255 222 2310 de
251 2266 390 2310 terra
433 2273 553 2322 sua,
580 2266 637 2312 ut
684 2260 844 2314 totius
871 2261 1014 2316 orbis
1060 2277 1179 2318 esse
1210 2266 1377 2332 possit
1414 2269 1714 2337 emporion,

155 2359 380 2416 quantas
405 2349 471 2405 de
497 2350 845 2408 subnectione
881 2355 1114 2408 navium.
1151 2355 1245 2410 Est
1274 2367 1452 2412 autem
1485 2361 1714 2417 maxime

155 2452 405 2506 purpuras
441 2439 945 2511 conchyliorumque
987 2443 1153 2500 ferax.

220 2550 501 2622 Confestim
548 2565 712 2608 autem
765 2559 1005 2624 percussit
1052 2575 1164 2614 eum
1220 2564 1430 2633 angelus
1482 2564 1710 2621 Domini.

150 2639 518 2700 Consonanter
574 2649 732 2704 etiam
800 2649 1151 2722 Josephuszt
1183 2656 1314 2712 Dum
1388 2658 1714 2730 impietatem

152 2734 372 2804 (inquit)
419 2737 614 2794 illicita:
657 2739 977 2798 adulationis
1023 2759 1127 2800 non
1171 2747 1503 2817 exhorreret,
1546 2753 1715 2822 respi-

151 2827 298 2881 ciens
330 2829 485 2897 paulo
517 2841 634 2898 post
660 2832 1017 2890 imminentem
1050 2845 1209 2907 atque
1254 2840 1590 2898 insistentem
1624 2859 1714 2898 ca-

155 2917 244 2984 piti
287 2932 386 2972 suo
429 2921 574 2975 videt
628 2925 901 2993 angelum;
952 2942 1178 2999 eumque
1228 2931 1395 2986 sensit
1463 2937 1715 2991 continuo

156 3009 296 3065 exitii
326 3013 406 3066 sui
433 3014 754 3083 ministrum,
780 3031 936 3085 quem
971 3021 1111 3088 prius
1142 3032 1359 3078 noverat
1383 3027 1710 3093 provisorem

162 3101 434 3155 bonorum.
471 3121 489 3156 ι
525 3104 589 3157 Ει
620 3106 775 3173 paulo
807 3116 923 3175 post
953 3126 966 3161 :
1001 3128 1019 3162 ι
1054 3109 1244 3166 Verum
1270 3117 1532 3171 continuis
1561 3119 1710 3187 quin—
1743 3129 1792 3198 ο

162 3203 253 3212 ,,,,
287 3190 465 3212 ,μω
757 3197 768 3212 .
813 3199 823 3212 .
896 3199 926 3212 ..
1185 3202 1196 3212 .
1423 3206 1433 3212 .
1632 3206 1645 3212 -

160 3203 255 3256 que
283 3190 468 3247 diebus
499 3183 698 3251 ventris
739 3197 1011 3256 doloribus
1055 3202 1344 3272 cruciatus,
1386 3206 1549 3261 vitam
1576 3183 1710 3263 -νὶος⁵

163 3278 320 3335 lentor
341 3281 570 3351 abrupit.
601 3301 620 3336 ι

725 3397 949 3457 CAPUT
986 3401 1117 3459 Xlll.

224 3503 490 3575 Segregate
530 3506 655 3561 mihi
699 3508 988 3566 Barnabam
1017 3523 1064 3568 et
1095 3514 1312 3572 Saulum
1358 3521 1410 3574 in
1459 3537 1610 3594 opus,
1639 3527 1708 3578 ad

160 3595 286 3658 quod
323 3598 575 3666 assumpsi
602 3615 714 3678 .eos.
771 3599 985 3658 Videtur
1035 3602 1226 3662 Saulus
1267 3609 1416 3678 juxta
1463 3615 1707 3669 ordinem

163 3685 400 3754 historiae,
428 3689 585 3742 tertio
601 3671 810 3747 decimo
837 3704 953 3761 post
981 3695 1189 3751 Domini
1213 3702 1516 3767 passionem
1542 3720 1706 3772 anno,

161 3778 493 3844 apostolatum
522 3794 642 3834 cum
673 3782 912 3839 Barnaba
942 3786 1196 3855 Paulique
1225 3792 1497 3861 accepisse
1549 3810 1707 3850 voca-

163 3865 348 3922 bulum.
381 3868 580 3936 Quarto
608 3871 816 3927 decimo
842 3883 1018 3930 autem
1057 3891 1196 3932 anno
1222 3879 1369 3949 juxta
1401 3883 1702 3941 condictum

162 3955 352 4025 Jacobi,
377 3959 594 4028 Cephea,
635 3971 689 4016 et
713 3963 948 4029 Joannis,
982 3968 1049 4022 ad
1074 3972 1309 4038 gentium
1338 3974 1700 4043 magisterium

164 4046 436 4114 proiectum
467 4057 570 4104 est.
618 4050 726 4107 Nec
770 4053 989 4110 historia
1019 4057 1383 4116 ecclesiastica
1424 4076 1698 4134 repugnat,

163 4138 330 4193 dicens
381 4143 636 4210 apostolis
685 4143 849 4202 fuisse
899 4163 1252 4219 praeceptum,
1308 4163 1364 4209 ut
1418 4156 1696 4213 duodecim

165 4231 304 4285 annis
333 4234 678 4298 praedicarent
702 4237 754 4291 in
781 4237 978 4294 Judma.

228 4339 572 4399 Prcdicabant
599 4347 799 4402 verbum
829 4350 924 4403 Dei
968 4353 1021 4405 in
1067 4360 1335 4428 synagogis
1375 4358 1697 4417 Iudaeorum.

1823 1875 1886 1927 ad
1917 1877 2203 1948 Abraham,
2231 1883 2350 1950 quia
2397 1886 2499 1938 erit
2539 1900 2718 1943 semen
2769 1891 2884 1959 ejus
2931 1896 3107 1949 accola
3158 1898 3208 1952 in
3243 1911 3380 1956 terra

1821 1964 1992 2019 aliena
2047 1969 2199 2023 annis
2263 1973 2676 2046 quadringentis.
2726 1981 2790 2034 Et
2846 1982 3037 2040 iterum
3095 1989 3168 2042 ait
3207 1990 3383 2057 :Quia

1821 2053 1873 2107 in
1896 2053 2050 2110 Isaac
2078 2062 2334 2136 vocabitur
2362 2066 2450 2119 tibi
2471 2084 2658 2124 semen.
2690 2073 2770 2126 Ab
2800 2087 2987 2130 exortu
3018 2093 3143 2149 ergo
3165 2084 3386 2138 seminis

1821 2162 1984 2219 usque
2009 2152 2075 2207 ad
2105 2154 2301 2210 exitum
2330 2156 2490 2214 Israel
2516 2176 2578 2216 ex
2607 2163 2856 2237 Egypto,
2891 2168 3104 2226 luerunt
3128 2172 3207 2243 (ut
3240 2176 3380 2230 Exod

1819 2238 1919 2296 dus
1949 2243 2157 2312 scribit)
2205 2249 2331 2302 anni
2377 2254 2744 2324 quadringenti
2788 2261 3044 2332 quinque.
3099 2238 3192 2321 llis
3249 2270 3383 2325 addo

1818 2344 1987 2390 annos
2019 2339 2362 2411 quadraginta
2407 2346 2457 2399 in
2489 2350 2727 2419 deserto,
2774 2364 2828 2409 et
2857 2357 3088 2428 quinque
3138 2361 3189 2417 in
3242 2374 3382 2418 terra

1819 2422 2088 2493 Chanaan,
2142 2432 2336 2500 quibus
2392 2439 2524 2492 actis
2582 2442 2790 2498 videtur
2847 2457 2987 2501 terra
3042 2452 3308 2520 quievisse
3353 2471 3382 2508 a

1819 2515 2037 2582 proeliis,
2069 2529 2124 2574 et
2151 2535 2269 2578 sors
2297 2523 2460 2582 fuisse
2493 2529 2672 2598 missa,
2705 2542 2761 2588 et
2789 2535 3025 2592 invenies
3057 2555 3226 2597 annos
3252 2561 3383 2614 qua-

1818 2602 2123 2675 dringentos
2151 2614 2550 2686 quinquaginta.

1889 2695 1957 2750 Et
1986 2699 2126 2756 dedit
2156 2703 2291 2759 Deus
2320 2709 2424 2762 illis
2451 2712 2583 2765 Saul
2608 2717 2759 2770 annis
2786 2721 3150 2791 quadraginta.
3181 2727 3375 2796 Credo,

1821 2789 1946 2856 quia
1978 2790 2110 2848 liber
2133 2794 2332 2866 Regum
2365 2815 2466 2855 non
2495 2817 2673 2872 aperte
2695 2819 2825 2878 quot
2853 2789 3004 2866 annis
3031 2816 3155 2871 Saul
3187 2835 3378 2890 regna.

1819 2880 1953 2933 verit
2005 2887 2267 2952 exponit,
2325 2890 2640 2958 Apostolum
2698 2898 2852 2972 vulgo
2905 2904 3211 2972 loquentem
3244 2880 3375 2969 "hoc

1816 2973 1956 3039 quod
1998 2973 2138 3030 fama
2187 2981 2427 3038 crebrior
2481 2986 2696 3044 haberet
2741 2993 2924 3052 dicere
2973 3001 3219 3059 voluisse.
3272 3007 3376 3062 Sed

1817 3077 2115 3132 quaerentes
2147 3073 2428 3132 sollicitius
2459 3078 2676 3149 ibidem,
2725 3086 2860 3143 sicut
2906 3103 2958 3145 et
2989 3095 3375 3155 Chronicorum

1971 3167 2255 3232 testantur,
2282 3169 2579 3227 invenimus
2606 3174 2814 3232 Samuel
2844 3190 2896 3235 et
2922 3181 3047 3238 Saul
3073 3189 3377 3259 annisqua-

1814 3248 2055 3321 draginta
2083 3254 2264 3312 lsraeli
2297 3262 2598 3328 praefuisse.
2631 3266 2847 3323 Factum
2877 3280 2956 3327 est
2984 3276 3150 3342 enim,
3185 3248 3374 3350 inquit,

1813 3340 2334 3414 quadringentesimo
2381 3358 2704 3424 octogesimo
2760 3376 2899 3416 anno
2945 3371 3262 3435 egressioiiis
3314 3375 3376 3427 li-

1813 3431 2004 3488 liorum
2045 3436 2202 3493 Israel
2231 3455 2295 3496 ex
2327 3443 2580 3516 Aigypto,
2613 3453 2777 3520 cmpit
2821 3431 3074 3514 Salomon
3105 3461 3370 3521 aediﬁcare

1813 3526 2064 3595 templum
2093 3527 2341 3600 Domino,
2375 3549 2516 3590 anno
2551 3550 2740 3607 quarto
2775 3547 2922 3615 regni
2952 3550 3054 3603 sui.
3089 3553 3219 3608 Cum
3250 3570 3376 3612 vero

1810 3616 1874 3669 ad
1927 3624 2190 3678 trecentos
2243 3631 2526 3698 nonaginta
2566 3647 2655 3689 sex
2702 3651 2892 3708 annos,
2934 3646 3123 3713 quibus
3164 3649 3374 3719 jndices

1815 3706 2158 3777 praefuerunt,
2180 3725 2235 3770 ut
2257 3732 2440 3773 eorum
2461 3723 2590 3777 liber
2611 3725 2830 3796 indicat,
2849 3706 3194 3807 quadraginta
3212 3706 3374 3801 David

1813 3807 1866 3850 et
1916 3798 2218 3861 Salomonis
2247 3819 2471 3877 quatuor
2500 3814 2744 3884 adjicies,
2779 3798 2980 3882 restant
3011 3798 3373 3904 quadraginta.

1814 3907 2039 3961 quorum
2071 3896 2150 3968 (ut
2175 3899 2442 3969 .losephus
2474 3910 2623 3964 testis
2669 3917 2775 3983 est)
2807 3896 3032 3976 Samuel
3072 3896 3275 3995 viginii,
3324 3896 3378 3985 et

1810 3981 1937 4039 Saul
1965 3985 2098 4042 alios
2130 3989 2350 4047 totidem
2387 3995 2439 4048 in
2479 3999 2737 4068 regimine
2759 3981 3158 4079 transegeruntv.

1881 4076 2133 4141 Quoniam
2179 4080 2312 4136 hanc
2359 4085 2498 4142 Deus
2538 4092 2830 4164 adimplevit
2878 4076 2999 4166 filiis
3050 4109 3242 4174 uestris,
3293 4128 3376 4164 re-

1806 4167 2051 4221 suscitans
2080 4170 2278 4238 Jesum,
2310 4175 2438 4228 sicut
2483 4189 2530 4232 et
2560 4182 2611 4234 in
2652 4188 2848 4252 psalmo
2872 4195 3091 4248 secundo
3130 4201 3374 4268 scriptum

1806 4266 1877 4307 est
1921 4256 2133 4313 :Filius
2179 4279 2315 4317 meus
2343 4282 2394 4320 es
2436 4278 2509 4334 tu,
2539 4288 2629 4342 ego
2665 4275 2815 4330 hodie
2858 4285 3010 4348 genui
3039 4293 3101 4339 te.
3145 4256 3260 4342 Non
3293 4302 3375 4346 est

1808 4348 2095 4413 putandum
2146 4350 2248 4408 hoc
2277 4361 2578 4428 exemplum
2612 4365 2796 4430 psalmi
2828 4370 2891 4422 ad
2926 4378 3369 4433 resurrectionem

166 4428 368 4500 Propter
397 4436 603 4503 ignaros
630 4438 862 4494 locorum
885 4445 1048 4498 semel
1072 4451 1430 4505 annotandum
1457 4455 1654 4509 credidi
1680 4475 1690 4509 :

169 4520 309 4540 ,ηενρ
873 4531 893 4540 -
955 4535 966 4540 -

1824 4439 2026 4506 3hristi,
2057 4444 2206 4512 cujus
2236 4451 2479 4516 proxime
2510 4458 2773 4526 meminit,
2807 4462 2900 4515 sed
2949 4466 3014 4517 ad
3061 4468 3227 4536 ipsam
3256 4473 3372 4540 ejus

169 4520 456 4594 Ubicunque
500 4542 819 4600 synagogam
865 4531 1172 4592 Judmorutn
1219 4541 1433 4608 videris,
1465 4546 1598 4598 scito
1646 4545 1697 4599 in

167 4615 359 4672 civitate
381 4626 546 4687 gesta,
577 4635 693 4690 qua:
723 4623 987 4679 dicuntur.

225 4705 312 4759 Cui
343 4726 516 4764 nomen
545 4723 654 4770 erat
683 4713 893 4786 Barjeu.
927 4717 1185 4789 Corrupto
1238 4724 1423 4794 legitur
1455 4727 1688 4796 Barjesu,

167 4809 270 4850 cum
316 4800 514 4870 Barjeu,
547 4804 597 4858 id
646 4814 745 4871 est,
799 4809 1080 4878 maleﬁcus,
1131 4816 1243 4869 sive
1291 4818 1342 4868 in
1390 4820 1545 4883 malo,
1596 4821 1696 4889 legi

168 4886 354 4942 debeat.
385 4892 556 4948 Credo
585 4896 705 4963 quia
737 4913 928 4954 nomen
957 4900 1082 4958 Jesu
1130 4904 1314 4959 iisdem
1364 4908 1570 4971 litteris,
1605 4886 1695 4964 sed

169 4987 273 5030 nota
297 4986 639 5052 superposita,
684 4989 964 5047 scribatur.
1011 4994 1123 5048 Non
1156 4995 1294 5050 enim
1323 5001 1569 5053 convenit
1601 5002 1695 5056 ho-

172 5069 342 5125 minem
389 5073 701 5143 ilagitiosum
733 5089 788 5134 et
819 5096 1052 5150 magum,
1083 5087 1243 5141 lilium
1294 5089 1439 5157 Jesu,
1493 5092 1542 5146 id
1592 5104 1692 5159 est,

170 5159 426 5218 Salvatoris
451 5170 725 5237 appellari,
755 5187 911 5242 quem
939 5190 970 5229 e
999 5181 1268 5234 contrario
1302 5181 1496 5238 Paulus
1529 5186 1691 5242 lilium

172 5248 340 5305 diaboli
371 5270 651 5326 nuncupat.

228 5339 401 5397 Saulus
425 5358 613 5413 autem,
651 5351 736 5417 qui
763 5362 807 5403 et
836 5350 1052 5420 Paulus,
1079 5358 1299 5424 repletus
1343 5360 1546 5430 Spiritu
1576 5381 1694 5417 sun-

171 5436 252 5482 cto.
299 5434 340 5486 A
384 5436 565 5505 Sergio
629 5439 789 5494 Paulo
838 5448 1186 5513 proconsule,
1252 5464 1316 5503 eo
1370 5453 1511 5519 quod
1570 5468 1690 5507 eum

171 5517 340 5577 Christi
391 5526 506 5580 [ἰᾶεὶ
555 5531 839 5599 subegerit,
889 5533 1039 5589 Pauli
1074 5541 1292 5594 sortitus
1339 5517 1422 5597 est
1469 5561 1685 5600 nomen.

177 5609 229 5662 Et
255 5621 504 5684 sequentia
539 5620 698 5675 libelli
731 5623 881 5693 hujus
911 5627 977 5680 de
1009 5629 1154 5684 Pauli
1202 5633 1473 5690 miraculis
1504 5649 1686 5706 agunt.

176 5699 389 5769 Oportuit
426 5712 562 5766 enim
595 5722 650 5766 ut
695 5713 805 5783 ipse
833 5723 1338 5782 consummationem
1384 5731 1687 5798 apostolicis

1806 4532 2243 4604 incarnationem,
2279 4542 2345 4596 de
2374 4559 2473 4610 qua
2522 4560 2679 4613 supra
2712 4551 2916 4608 locutus
2945 4567 3045 4623 est,
3079 4563 3364 4628 pertinere.

1803 4623 1932 4679 Nam
1979 4641 2206 4696 sequens
2261 4636 2574 4702 versiculus,
2630 4639 2697 4695 de
2749 4649 3141 4705 resurrectione
3192 4655 3365 4707 mani-

1802 4715 2088 4774 feStissime
2117 4728 2355 4776 testatur.
2391 4727 2524 4781 Cum
2554 4733 2695 4784 enim
2742 4737 2983 4803 superius
3024 4739 3090 4794 de
3123 4743 3363 4798 incarna-

1804 4806 1967 4876 tione,
2002 4811 2265 4879 passione,
2297 4829 2359 4869 ac
2406 4823 2794 4877 resurrectione
2836 4826 2976 4882 illius
3023 4842 3222 4900 ageret,
3260 4852 3351 4886 vn-

1800 4900 1898 4955 luit
1943 4909 2161 4972 utraque
2213 4908 2441 4974 pariter,
2487 4911 2624 4968 datis
2671 4915 2735 4969 de
2787 4919 2986 4985 psalmo
3035 4926 3343 4980 testimonii.-

1798 5001 2055 5048 astruere.
2086 4996 2182 5060 Qui
2206 5014 2348 5068 ergo,
2401 5001 2590 5072 inquit,
2636 5016 2850 5062 retentus
2893 5027 2962 5075 es,
3013 5025 3128 5068 ante
3169 5023 3358 5072 sa’cttla

1799 5081 1998 5151 Filius,
2057 5104 2188 5142 nunc
2231 5090 2281 5143 in
2329 5102 2551 5162 tempore
2597 5106 2746 5152 nutus
2796 5104 3084 5170 apparebis.
3135 5107 3357 5175 Quidam

1797 5181 2015 5236 Codices
2047 5184 2276 5239 habent:
2306 5187 2452 5243 Sicut
2478 5193 2528 5242 in
2562 5194 2723 5260 primo
2750 5197 2945 5262 psalmo
2983 5201 3229 5270 scriptum
3264 5222 3356 5260 est.

1796 5272 1946 5337 Quod
1980 5277 2046 5327 ita
2077 5279 2374 5344 exponitur,
2409 5282 2632 5348 primum
2665 5295 2718 5338 et
2747 5289 3037 5344 secundum
3085 5293 3349 5350 Psalmnm

1795 5365 2231 5434 compositos,qui
2263 5374 2316 5419 et
2347 5384 2374 5421 a
2421 5371 2746 5428 beatitudine
2792 5376 3027 5444 incipiat,
3060 5390 3111 5434 ct
3139 5383 3188 5434 in
3222 5384 3348 5439 ben-

1795 5456 2069 5509 tituilinem
2106 5461 2330 5514 desinat.

1865 5548 1999 5612 Quia
2028 5550 2154 5604 dabo
2184 5553 2317 5607 vobis
2346 5566 2520 5609 sancta
2553 5555 2720 5612 David
2759 5560 2953 5627 ﬁdelia,
2987 5562 3038 5618 id
3067 5575 3169 5632 est,
3208 5582 3355 5635 qutu-

1792 5655 1997 5709 cunque
2029 5641 2191 5696 David
2246 5648 2486 5713 promisi,
2525 5650 2707 5704 eadem
2743 5655 2889 5706 vobis
2945 5656 3238 5711 certissime
3285 5663 3344 5713 li~

1791 5731 1921 5788 detis
1969 5747 2194 5801 Sponsor
2239 5739 2488 5807 implebo,
2540 5741 2808 5799 Christum
2844 5747 3086 5804 videlicet
3132 5750 3197 5804 de
3232 5752 3346 5820 ejus
