3860 6230
495 341 599 395 975

886 335 1085 391 ηεῡιΕ
1130 333 1569 391 VENERABILIS
1614 334 1762 390 OPP.
1810 334 1983 391 PARS
2022 334 2042 387 Ι

2165 334 2323 389 ΕΟΤ.
2369 334 2409 389 Ι.
2448 366 2514 375 -
2556 336 2956 394 ΕΧΕΟΕΤΙΟΑ
2994 338 3316 397 ΟΕΝΕΙΝΛ.
3596 344 3674 401 976

490 465 609 506 esse
633 452 795 518 stirpe
826 448 1171 503 nasciturum.
1209 447 1299 505 Sic
1327 448 1466 502 enim
1500 448 1661 502 lsaias
1698 447 1826 501 Novi
1856 447 2043 502 Testa-
2072 447 2125 505 Α
2219 444 2307 498 Dii
2347 444 2542 500 similes
2572 448 2712 517 'fucti
2764 448 3051 503 hominibus
3084 446 3447 504 descenderunt
3488 455 3551 507 ad
3588 473 3673 511 nos.

489 541 654 596 monti
686 540 931 610 mysteria
962 548 1313 609 prmgustans,
1342 538 1416 593 ait
1444 556 1456 590 :
1482 536 1547 590 Et
1586 539 1887 591 constituam
1917 537 2051 590 vobis

487 639 837 688 tutamentum
871 641 1115 683 aeternum
1144 636 1319 681 sancta
1351 626 1516 678 David
1555 627 1727 693 ﬁdelia
1760 624 1912 696 (Isai.
1948 632 2051 692 Lv).

488 722 641 789 Quod
683 723 735 776 in
768 720 1020 777 Iiebraica
1051 720 1272 774 veritate
1318 717 1513 787 legitur
1542 735 1553 769 :
1583 716 1649 771 Et
1678 716 1859 785 feriam
1890 716 2053 770 vobis-

489 830 603 867 cum
651 824 851 884 pactum
899 814 1277 884 sempiternum,
1332 811 1711 865 misericordias
1766 810 1935 865 Dauid
1984 811 2055 879 [i-

489 906 641 959 ιιι-[ιε.

560 993 735 1049 Secuti
759 1002 871 1046 sunt
916 992 1062 1047 multi
1087 990 1388 1046 Judworum
1428 1000 1475 1045 et
1501 992 1775 1046 colentium
1827 990 2052 1044 advena-

487 1102 621 1139 rum.
656 1085 837 1139 Melius
885 1084 1075 1154 legitur
1106 1101 1117 1136 :
1154 1082 1219 1135 Et
1250 1081 1522 1137 colentium
1575 1081 1761 1142 Deum,
1815 1080 1957 1138 sicut
1997 1080 2052 1135 in

490 1176 677 1230 Crteco
719 1175 963 1230 vidimus.
1015 1173 1292 1243 Signiﬁcat
1339 1182 1515 1226 autem
1571 1185 1663 1227 eos
1718 1172 1807 1239 qui
1866 1178 2051 1223 natura

488 1268 707 1337 gentiles
758 1275 932 1331 erant,
985 1265 1080 1319 sed
1140 1264 1397 1333 religione
1448 1262 1635 1328 Judazi,
1686 1276 1818 1333 quos
1868 1260 2053 1317 Graace

488 1360 783 1430 proselytos
805 1365 1135 1426 nuncupant.

560 1451 649 1506 Sic
674 1452 801 1504 enim
843 1452 1080 1520 pracepit
1112 1450 1253 1503 nobis
1286 1448 1583 1503 Dominus:
1615 1447 1772 1502 Posui
1800 1457 1846 1501 te
1875 1449 1925 1501 in
1970 1448 2053 1502 lu-

486 1557 598 1594 men
628 1542 879 1613 gentibus.
929 1540 1080 1608 Quod
1133 1540 1358 1593 Domino
1401 1537 1613 1593 Christo
1642 1539 1945 1607 specialiter
1971 1538 2051 1593 di-

487 1642 631 1689 ctum
677 1641 775 1697 est,
810 1632 909 1686 hoc
953 1634 1061 1701 jam
1092 1631 1193 1685 sibi
1226 1631 1423 1685 dictum
1452 1630 1774 1685 arbitrantur
1802 1628 2048 1700 apostoli,

489 1724 724 1779 membra
769 1737 829 1779 se
875 1724 1119 1779 videlicet
1166 1722 1309 1778 illius
1355 1736 1475 1777 esse
1521 1722 1864 1787 recolentes,
1913 1721 2051 1775 sit-ut

488 1816 647 1871 etiam
680 1817 791 1883 ipse
819 1822 1036 1885 pr0pter
1066 1814 1303 1883 ejusdem
1333 1815 1572 1883 corporis
1604 1814 1852 1869 unionem
1875 1813 2045 1868 dixit:
2082 1794 2129 1853 Β

488 1908 665 1974 Saule,
698 1908 878 1973 Saule,
909 1907 1032 1977 quid
1057 1922 1133 1961 nte
1162 1908 1476 1978 persequeris
1503 1906 1640 1979 (Act.
1678 1908 1781 1976 ts)?

558 2000 621 2054 At
649 1999 726 2052 illi
750 2014 955 2052 excusso
986 1999 1190 2067 pulvere
1220 2000 1403 2068 pedum
1434 2000 1485 2053 in
1526 2016 1632 2063 eos,
1661 2008 1900 2052 uenerunt
1930 1998 2052 2052 1co-

488 2096 651 2149 nium.
678 2094 860 2150 Pulvis
905 2092 1060 2163 juxta
1094 2094 1367 2164 Evangelii
1414 2103 1739 2164 praeceptum
1789 2092 2052 2149 excutitur

486 2186 553 2242 de
581 2184 798 2253 pedibus
828 2185 880 2239 in
907 2184 1267 2240 testimonium
1302 2184 1499 2239 laboris
1526 2184 1631 2253 sui,
1662 2184 1803 2253 quod
1839 2184 2048 2239 illorum

486 2277 756 2333 civitatem
792 2276 1009 2345 ingressi
1048 2286 1192 2340 sunt,
1224 2285 1277 2331 et
1325 2276 1632 2343 praedicatio
1661 2276 1953 2345 apostolica
1983 2274 2049 2329 ad

487 2367 607 2424 illos
657 2380 825 2436 usque
876 2366 1209 2435 pervenerit;
1264 2366 1379 2421 sive
1428 2366 1692 2421 excutitur
1746 2364 1937 2436 pulvis,
1994 2373 2052 2419 ut

489 2458 620 2514 nihil
647 2457 715 2511 ab
742 2458 817 2511 eis
844 2456 1124 2526 accipiant,
1158 2470 1255 2511 nec
1284 2456 1349 2509 ad
1381 2457 1577 2510 victum
1612 2456 1830 2527 quidem
1867 2470 2052 2510 neces-

488 2549 707 2610 sarium,
736 2546 826 2616 qui
858 2545 1204 2614 Evangelium
1234 2552 1572 2613 spreverunt.

559 2637 815 2707 Discipuli
872 2653 1068 2707 quoque
1133 2638 1457 2708 replebantur
1508 2638 1698 2709 gaudio
1751 2646 1799 2691 et
1850 2637 2053 2705 Spiritu

487 2740 681 2784 sancto.
716 2728 771 2782 in
796 2728 980 2784 Grzeco
1012 2728 1235 2783 habetur
1261 2746 1271 2781 :
1300 2727 1552 2797 Discipuli
1584 2738 1774 2793 autem,
1806 2736 1862 2781 ut
1890 2728 2049 2783 intel-

488 2822 708 2889 ligamus
750 2821 946 2876 iudicis
990 2822 1143 2875 iidem
1177 2820 1644 2891 persequentibus,
1684 2820 1974 2892 discipulos
2019 2835 2055 2877 α

492 2913 762 2970 contrario
790 2913 1013 2983 spiritali
1042 2913 1233 2983 gaudio
1262 2914 1452 2967 ditatos

1069 3004 1293 3059 CAPUT
1333 3003 1471 3059 XIV.

558 3098 637 3150 Ad
662 3095 977 3151 iracundiam
1018 3096 1398 3148 concitaverunt
1440 3094 1639 3150 animas
1684 3096 1910 3167 gentium
1954 3098 2047 3150 ad-

487 3205 655 3243 versus
683 3188 887 3257 fratres.
920 3186 1077 3253 Quod
1107 3186 1160 3239 in
1192 3186 1377 3241 Graeco
1404 3186 1639 3255 sequitur
1669 3206 1679 3239 :
1712 3186 1849 3241 Deus
1876 3197 2046 3240 autem

489 3296 663 3352 pacem
701 3279 838 3348 fecit,
886 3278 1099 3347 quidam
1141 3276 1360 3331 Codices
1403 3277 1573 3331 Latini
1622 3278 1797 3332 minus
1829 3279 2047 3334 habent.

492 3370 556 3424 Et
600 3370 667 3424 ibi
702 3388 714 3423 :
746 3368 908 3422 Erant
947 3366 1381 3437 Evangeliaantes,
1426 3368 1665 3433 sequitur
1711 3368 1763 3423 in
1813 3368 2046 3426 Grzcco:

490 3460 557 3513 Et
578 3470 822 3513 commota
840 3466 914 3513 est
936 3460 1094 3512 omnis
1116 3458 1386 3511 multitudo
1414 3458 1464 3511 in
1488 3458 1719 3510 doctrina
1747 3475 1940 3514 eorum.

563 3549 760 3603 Paulus
798 3558 965 3603 autem
993 3558 1039 3601 et
1071 3547 1330 3603 Barnabas
1372 3549 1700 3601 morabantur
1737 3552 1789 3602 in
1828 3550 2046 3620 Lystris.

494 3641 559 3697 Et
598 3641 649 3695 hi
678 3654 891 3711 quoque
921 3638 1165 3694 versiculi
1213 3638 1266 3693 in
1298 3638 1611 3709 quibusdam
1663 3640 1861 3694 nostris
1889 3642 2048 3695 Codi-

488 3732 637 3789 eibus
664 3746 770 3785 non
798 3730 1074 3784 habentur.

563 3821 627 3875 Et
656 3820 860 3891 quidam
882 3819 958 3875 vir
984 3819 1177 3891 Lgstris
1207 3820 1439 3889 inﬁrmus
1463 3821 1673 3892 pedibus
1696 3821 1918 3887 sedebat,
1942 3831 2045 3878 etc.

490 3909 879 3969 Seutclaudus
905 3909 993 3964 illa
1014 3922 1169 3979 quem
1201 3907 1393 3963 Petrus
1414 3920 1467 3962 et
1488 3909 1720 3963 Joannes
1751 3911 1817 3964 ad
1846 3922 2051 3979 portam

495 4003 676 4072 templi
721 4010 993 4065 curarunt,
1026 4001 1251 4055 salutem
1294 3998 1594 4068 praeﬁgurat
1622 3999 1947 4066 Judaaorum,
1982 4001 2052 4054 ita

493 4103 548 4149 et
578 4093 663 4148 hic
704 4092 997 4165 Lycaonius
1046 4105 1209 4161 aeger,
1232 4090 1485 4159 populum
1530 4090 1768 4160 gentium
1822 4090 1977 4160 longe
2024 4104 2055 4144 a

494 4168 624 4253 legis
662 4182 948 4251 templique
995 4180 1251 4249 religione
1292 4189 1576 4246 remotum,
1612 4181 1706 4234 sed
1753 4179 1900 4233 Pauli
1927 4194 2055 4249 apo-

493 4275 613 4329 stoli
644 4271 1016 4339 praedicatione
1044 4270 1347 4327 collectum.
1393 4268 1638 4333 Dextras,
1671 4270 1859 4338 inquit,
1890 4270 2056 4323 dede-

493 4372 611 4417 runt
639 4363 763 4417 milii
786 4374 830 4415 et
859 4360 1109 4414 Barnabas
1143 4360 1417 4426 societatis,
1448 4370 1501 4413 ut
1531 4376 1623 4413 nos
1651 4361 1703 4413 in
1733 4372 1921 4431 gentes,
1953 4361 2055 4427 ipsi

2155 536 2357 591 Stultus
2387 551 2539 590 error
2585 538 2881 606 gentilium,
2932 540 3018 608 qui
3064 554 3223 595 omne
3273 543 3411 611 quod
3456 556 3599 613 supra
3635 562 3677 603 se

2157 628 2338 683 vident
2363 626 2491 683 deos
2525 640 2731 695 putant.

2226 718 2292 773 Et
2319 720 2555 771 vocabant
2587 719 2877 773 Barnabam
2917 720 3131 787 Jovem,-
3169 722 3236 776 ob
3284 724 3403 789 hoc,
3450 726 3675 796 videlicet,

2155 809 2274 879 quia
2322 811 2464 879 prior
2512 825 2695 864 eorum
2748 826 2866 865 esse
2918 813 3206 867 videretur.
3258 813 3438 869 Jovem
3490 834 3678 884 namque

2157 902 2333 960 divum
2364 912 2587 972 patrem,
2618 914 2776 973 atque
2808 906 3077 960 hominum
3107 922 3287 979 regem
3314 919 3627 976 putaverunt.

2228 993 2453 1048 Paulum
2493 1010 2608 1049 vero
2659 996 2990 1059 Mercurium,
3033 1001 3426 1068 quoniam‘ipse
3468 1011 3565 1054 erat
3602 1006 3680 1054 dux

2155 1085 2293 1139 verbi
2310 1101 2328 1149 ;
2359 1086 2478 1157 quia
2508 1085 2822 1141 Mercurium
2854 1087 3140 1141 credebant
3164 1072 3428 1156 eloquium
3459 1090 3681 1158 linguam-

2154 1192 2255 1246 que
2281 1185 2533 1249 prcstare
2568 1177 2898 1231 mortalibus.
2937 1176 3087 1232 Unde
3116 1188 3170 1231 et
3220 1178 3527 1234 Mercurium
3562 1185 3682 1249 quasi

2154 1268 2315 1320 medio
2344 1277 2648 1332 currentem,
2680 1267 2729 1321 id
2761 1278 2861 1332 est,
2888 1269 3025 1321 inter
3053 1284 3211 1321 aures
3257 1270 3573 1341 linguasque,
3602 1276 3682 1324 La-

2156 1358 2246 1412 tini
2278 1360 2666 1427 nuncupabant.
2701 1357 2873 1427 Grteci
2903 1368 3077 1435 autem
3106 1368 3312 1432 Ἑρμῆν,
3365 1364 3460 1414 hoc
3498 1372 3589 1423 est,
3618 1364 3681 1414 in-

2152 1458 2439 1518 terpretem,
2475 1449 2829 1519 appellabant.

2226 1542 2423 1596 Tauros
2452 1552 2498 1595 et
2530 1558 2745 1595 coronas
2772 1551 2887 1595 ante
2906 1544 3098 1614 januas
3131 1543 3368 1609 aﬂerens.
3408 1543 3600 1607 Tauros
3634 1544 3682 1595 ad

2154 1631 2414 1697 victimas,
2445 1646 2668 1687 coronas
2699 1648 2847 1698 vero,
2883 1641 2940 1685 ut
2986 1635 3065 1687 vel
3114 1633 3302 1687 faciem
3351 1636 3525 1701 templi
3564 1636 3682 1700 juxta

2155 1724 2313 1779 ritum
2341 1724 2574 1793 gentium
2602 1733 2836 1790 ornaret,
2870 1726 2952 1779 vel
2992 1724 3073 1779 eis
3102 1725 3253 1794 quasi
3281 1724 3380 1779 diis
3422 1726 3685 1778 immolatu-

2154 1830 2245 1870 rus
2276 1814 2590 1883 imponeret.

2223 1905 2499 1960 Conscissis
2526 1904 2711 1959 tunicis
2741 1905 2849 1959 suis
2877 1905 3171 1959 exsilierunt
3214 1905 3267 1957 in
3299 1907 3482 1969 turbas,
3512 1913 3561 1958 et
3602 1919 3685 1957 ca:-

2154 2007 2284 2054 tera.
2326 1999 2584 2053 Paventes
2632 1999 2879 2058 scindunt
2928 2000 3263 2063 vestimenta,
3304 1999 3441 2066 quod
3492 1998 3683 2051 deorum

2152 2090 2296 2144 cultu
2328 2088 2738 2144 honorareutur.
2772 2089 2883 2144 iloc
2929 2090 3068 2143 enim
3118 2089 3293 2143 facere
3321 2090 3684 2142 consuetudinis

2151 2180 2456 2236 Judzcorum
2485 2190 2588 2245 est,
2607 2182 2815 2250 quoties
2840 2182 3035 2249 aliquid
3072 2180 3460 2247 blasphemum,
3488 2192 3539 2233 et
3564 2180 3684 2247 quasi

2151 2283 2338 2327 contra
2389 2273 2557 2327 Deum
2606 2272 2898 2326 audierint.
2948 2271 3183 2326 ilerodes
3229 2282 3425 2336 autem,
3452 2274 3569 2340 quia
3600 2289 3683 2324 null

2150 2363 2295 2420 dedit
2325 2362 2583 2419 honorem
2631 2361 2758 2427 Deo,
2796 2363 2890 2416 sed
2938 2362 3198 2431 acquievit
3248 2362 3584 2415 immoderato
3626 2362 3685 2414 ta-

2151 2458 2269 2514 vori
2301 2458 2501 2528 populi,
2526 2456 2708 2513 statim
2734 2456 2802 2511 ab
2824 2455 3015 2524 angelo
3044 2470 3329 2522 percussus
3355 2462 3451 2509 est.

2746 2547 2969 2601 CAPUT
3010 2545 3123 2601 XV.

2223 2640 2528 2697 Statuerunt
2574 2648 2631 2693 ut
2674 2642 3000 2695 escenderent
3045 2640 3243 2695 Paulus
3274 2648 3320 2691 et
3358 2638 3620 2702 Barnabas,
3645 2645 3685 2689 et

2151 2732 2361 2801 quidam
2384 2732 2473 2784 alii
2502 2747 2565 2787 ea:
2598 2731 2717 2785 aliis
2744 2732 2810 2785 ad
2836 2729 3093 2801 apostolos
3116 2740 3167 2783 et
3196 2736 3502 2799 presbyteros
3539 2732 3585 2781 in
3611 2729 3684 2780 Je-

2149 2822 2394 2887 rusalem,
2439 2829 2543 2875 etc.
2598 2821 2669 2875 De
2723 2822 2819 2875 hac
2868 2821 3183 2875 ascensione
3225 2836 3319 2873 sua
3368 2820 3547 2873 Paulus
3592 2821 3684 2885 ip-e

2153 2912 2343 2967 scribit
2374 2911 2441 2965 ad
2483 2910 2694 2966 Galatas
2726 2927 2741 2963 :
2773 2910 2966 2963 Deinde
3006 2921 3117 2978 post
3157 2927 3314 2963 annos
3341 2911 3685 2979 qutttuordertnt

2151 3004 2354 3057 escendi
2374 3002 2768 3077 Jerosolyngam,
2801 3019 2913 3057 cum
2947 3000 3201 3064 Barnaba,
3224 3012 3478 3068 assumpto
3504 3012 3545 3053 et
3572 3000 3684 3062 Tito,

2152 3105 2199 3148 et
2224 3095 2417 3147 contuli
2446 3110 2559 3146 cum
2583 3093 2684 3146 illis
2714 3092 3066 3161 Evangelium,
3100 3093 3234 3159 quod
3258 3094 3474 3160 praedico
3504 3092 3551 3141 in
3579 3106 3685 3160 gen-

2153 3184 2284 3238 tibus
2308 3182 2503 3253 (Galat.
2531 3182 2629 3252 tt);
2662 3186 2747 3237 ubi
2781 3197 3029 3236 numerus
3059 3182 3192 3249 ipse.
3224 3198 3379 3249 quem
3412 3182 3589 3257 posuit,
3621 3196 3689 3233 re-

2154 3276 2446 3330 censendus
2466 3282 2547 3328 est
2574 3289 2855 3327 annorum.
2873 3273 3081 3328 Scimus
3103 3274 3241 3325 enim
3273 3271 3477 3325 Petrum
3500 3258 3552 3325 ei
3576 3271 3681 3323 Pau-

2154 3365 2264 3420 lum
2316 3366 2582 3434 apostolos
2628 3380 2767 3419 anno
2800 3374 2917 3433 post
2967 3363 3269 3433 passionem
3324 3363 3519 3416 Domini
3550 3363 3685 3429 trige-

2153 3457 2290 3511 simo
2329 3466 2534 3523 octavo,
2588 3457 2639 3509 id
2688 3464 2792 3520 est,
2825 3455 3011 3508 ultimo
3052 3446 3284 3510 Neronis
3335 3469 3511 3523 passos
3548 3452 3688 3506 fuisse

2153 3546 2488 3616 martyrium,
2540 3555 2594 3600 et
2622 3548 2838 3601 beatum
2872 3544 3087 3599 Petrum
3137 3545 3319 3597 Rom-.c
3352 3543 3524 3613 viginti
3555 3544 3691 3609 quin-

2154 3654 2257 3709 que
2288 3639 2441 3693 auuis
2487 3638 2845 3707 episc0palem
2893 3636 3099 3689 sedisse
3144 3634 3468 3687 cathedram.
3520 3631 3689 3698 Viginti

2154 3729 2385 3798 quinque
2467 3738 2641 3782 autem
2720 3738 2773 3781 et
2821 3726 3261 3796 quatuordecim.
3331 3741 3431 3779 non
3502 3724 3689 3792 triginta

2154 3828 2293 3883 octo,
2324 3820 2417 3873 sed
2458 3820 2669 3889 triginta
2709 3836 2900 3874 novem
2952 3820 3168 3874 faciunt.
3204 3820 3453 3887 Sequitur
3482 3834 3599 3885 ergo
3643 3829 3688 3867 ut

2154 3906 2366 3961 beatum
2397 3906 2612 3962 Petrum
2641 3907 2830 3962 eodem
2873 3919 3062 3977 quarto
3111 3909 3315 3963 decimo
3349 3920 3462 3977 post
3505 3908 3689 3960 DOmini

2160 4000 2457 4065 passionem
2510 4013 2683 4064 anno,
2725 4014 2830 4068 quo
2873 4014 2991 4053 cum
3045 4000 3392 4067 Jerosolyniis
3442 4000 3692 4065 aiiOqtiiltli'

2156 4084 2384 4146 Paulus.
2435 4097 2623 4157 quarto
2677 4088 2880 4141 Claudii
2933 4088 3156 4141 Caesaris
3231 4088 3453 4140 Romam
3506 4090 3691 4139 venisse

2156 4178 2470 4243 credamus;
2502 4164 2787 4247 simulque,
2835 4178 2931 4232 nisi
2984 4179 3151 4241 fallor,
3198 4194 3263 4233 ex
3318 4179 3413 4231 hac
3462 4178 3692 4245 pusitioie

2156 4268 2365 4323 beatum
2420 4270 2637 4322 Paulum
2688 4269 3011 4337 apostolum,
3071 4269 3254 4322 eodem
3312 4284 3415 4337 quo
3466 4269 3692 4321 Dominus

2158 4376 2346 4429 passus
2374 4370 2473 4427 est,
2502 4372 2555 4416 et
2579 4362 2864 4415 resurrexit
2891 4376 3052 4428 anno,
3077 4364 3139 4415 ad
3172 4362 3331 4417 ﬁdem
3355 4363 3557 4416 venisse
3586 4376 3691 4429 pro-

494 4464 660 4508 autem
685 4450 1221 4506 in'circumcisionem.
1255 4449 1357 4503 Sed
1389 4460 1442 4503 et
1469 4462 1704 4517 tempora
1736 4452 2050 4517 expositioni
2084 4482 2132 4540 ο
2160 4454 2333 4508 batur.

493 4546 831 4601 conveniunt.
868 4542 996 4597 Nam
1040 4543 1130 4595 ille
1170 4542 1349 4609 primis
1399 4541 1518 4594 lidei
1552 4542 1899 4609 temporibus,
1930 4557 2050 4595 cum

494 4640 718 4693 necdum
765 4637 1008 4706 gentibus
1054 4635 1271 4688 verbum
1303 4633 1629 4697 crederetur,
1677 4634 1760 4688 hic
1804 4650 1930 4687 vero
1958 4634 2053 4688 Ju-

493 4729 625 4790 dacis
648 4730 722 4801 ob
745 4727 1018 4801 perﬁdiam
1064 4725 1320 4794 expulsis,
1354 4736 1405 4778 et
1434 4724 1789 4779 damnationis
1835 4726 2054 4794 pulvere

494 4799 774 4887 respersis,
818 4800 958 4869 inter
1004 4830 1137 4869 nova
1188 4828 1462 4869 conversa:
1511 4814 1819 4882 gentilitatis
1865 4817 2053 4885 gaudia

492 4918 728 4963 sanatur.

566 4997 629 5053 Et
665 4999 835 5051 videns
874 4999 992 5067 quia
1035 4998 1233 5050 haberet
1280 4998 1454 5064 ﬁdem,
1492 5008 1543 5049 ut
1592 5000 1758 5051 salvus
1797 4999 1958 5066 ﬁeret.
1994 5001 2057 5053 Et

495 5092 584 5147 ille
610 5089 825 5144 Judaico
854 5104 1000 5143 more
1029 5090 1327 5158 pecuniam,
1361 5090 1460 5143 iate
1504 5100 1678 5145 autem
1710 5107 1773 5145 ex
1821 5093 1923 5147 lide
1969 5106 2056 5147 sa-

499 5183 659 5236 lutem
688 5181 871 5249 qua-rit
896 5180 960 5231 ab
984 5179 1258 5246 apostolis.

565 5268 711 5326 Dixit
748 5287 933 5339 magna
969 5286 1084 5323 voce
1116 5286 1134 5324 :
1161 5271 1327 5342 Surge
1356 5288 1503 5341 super
1536 5274 1684 5341 pedes
1724 5284 1836 5327 tuos
1865 5284 2049 5328 rectus.

497 5364 551 5418 In
582 5361 765 5417 Grmco
794 5362 1077 5427 exemplari
1112 5360 1301 5427 legitur
1328 5380 1339 5413 :
1369 5362 1515 5415 Dixit
1545 5381 1731 5433 magna
1762 5380 1880 5417 voce
1905 5383 1922 5418 :
1950 5365 2058 5417 Tibi

494 5456 609 5511 dico
635 5457 683 5507 in
711 5454 911 5505 nomine
936 5451 1138 5504 Domini
1168 5450 1291 5505 Jesu
1322 5452 1528 5518 Christi,
1560 5470 1708 5523 surge
1732 5472 1883 5520 super
1910 5458 2057 5522 pedes

496 5557 605 5599 tuos
634 5556 815 5615 rectus.
851 5545 971 5598 liae
1003 5544 1068 5597 de
1098 5544 1441 5598 translatione
1496 5549 1765 5612 posuimus
1789 5586 1802 5610 ,
1856 5561 1921 5599 ne
1956 5544 2056 5599 Co-

496 5636 669 5691 dicum
718 5636 975 5691 varietate
1021 5635 1379 5707 stupefactus,
1416 5635 1539 5699 quid
1573 5636 1748 5693 verius
1796 5639 1865 5692 sit
1900 5638 2057 5707 igno-

498 5744 601 5781 103.

2227 4544 2461 4597 Dicentes
2486 4544 2601 4611 quia
2624 4553 2814 4611 oportet
2843 4544 3208 4596 circumcidere
3253 4559 3359 4595 eos.
3390 4542 3494 4596 Hoc
3531 4556 3693 4596 errore

2118 4666 2121 4667 ν
2157 4634 2361 4703 decepti
2406 4644 2558 4688 erant
2609 4636 2840 4700 Galatze,
2882 4648 2936 4689 ut
2982 4636 3441 4689 circumcisiouem
3486 4648 3537 4688 et
3580 4637 3692 4701 legis

2156 4727 2501 4779 caeremonias
2522 4740 2641 4781 cum
2669 4727 2839 4795 gratia
2868 4726 3115 4795 baptismi
3152 4728 3429 4780 crederent
3468 4740 3582 4780 esse
3608 4725 3690 4777 mi-

2156 4819 2399 4872 scendas.

2226 4906 2358 4963 Fide
2388 4910 2662 4977 puriﬁcans
2716 4909 2870 4962 corda
2918 4923 3110 4963 eorum.
3138 4909 3253 4963 Non
3289 4923 3413 4979 ergo
3442 4908 3693 4963 circumci-

2157 5002 2311 5055 siOue
2351 5002 2526 5054 carnis
2555 5001 2677 5054 illos
2719 5000 2971 5055 mundare
3018 5015 3149 5068 opus
3176 5009 3276 5061 est,
3312 5016 3527 5069 quorum
3569 5010 3691 5053 tanta

2154 5092 2283 5145 ﬁdes
2313 5092 2471 5145 corda
2502 5092 2763 5159 puriﬁcat,
2796 5101 2852 5143 ut
2900 5091 3057 5144 etiam
3104 5103 3227 5144 ante
3255 5092 3507 5159 baptisma
3537 5090 3690 5159 Spiri~

2159 5192 2271 5234 tum
2303 5188 2540 5234 sanctum
2572 5181 2812 5246 acripere
2843 5192 3164 5233 mereantur.
3217 5182 3221 5185 ’

2229 5273 2332 5326 Sed
2364 5288 2451 5338 per
2477 5273 2691 5340 gratiam
2717 5270 2923 5323 Domini
2950 5269 3070 5323 Iesu
3099 5270 3289 5322 Christi
3333 5272 3576 5323 credimus
3601 5269 3693 5319 sal-

2157 5366 2286 5429 rari,
2310 5364 2729 5433 quemadmodum
2753 5375 2799 5417 et
2856 5364 2949 5415 illi.
2982 5364 3035 5416 Si
3060 5378 3185 5429 ergo
3215 5364 3397 5415 etilli.
3427 5364 3471 5414 id
3496 5371 3590 5423 est,
3619 5374 3695 5426 pa-

2159 5467 2265 5509 tres
2315 5454 2724 5522 portarejugum
2776 5452 2901 5520 legis
2930 5454 3123 5505 veteris
3174 5468 3275 5504 non
3327 5455 3576 5513 valentes,
3619 5462 3699 5511 per

2157 5546 2378 5613 gratiam
2414 5546 2618 5599 Domini
2650 5546 2775 5599 Jesu
2800 5544 2993 5597 Citriin
3025 5545 3200 5597 salvos
3242 5560 3298 5597 se
3332 5544 3439 5596 ﬁeri
3473 5538 3697 5593 credide-

2158 5645 2301 5697 runt,
2336 5638 2669 5689 manifestum
2704 5634 2944 5701 estquod
2972 5634 3081 5687 haec
3112 5636 3278 5701 gratia
3311 5643 3445 5684 esset
3477 5644 3587 5696 quae
3616 5642 3696 5677 an-

2161 5731 2330 5799 tiquos
2358 5731 2528 5802 justos
2561 5732 2738 5785 vivere
2770 5730 2907 5783 iecit.
2952 5728 3083 5795 Quia
3125 5730 3293 5800 justus
3336 5743 3394 5779 ex
3434 5725 3528 5792 [ide
3576 5722 3698 5783 τίνα,
