3860 6230
146 377 229 434 977
1037 362 1257 421 SUPER
1302 359 1478 417 ACTA
1519 346 2023 413 APOSTOLORUM
2063 341 2447 403 EXPOSITIO.

3252 336 3354 392 978

147 494 249 550 ideo
272 493 596 543 sacramenta
614 495 735 539 esse
756 489 1040 547 potuerunt
1069 494 1166 547 pro
1197 486 1494 543 temporum
1516 469 1689 525 diver—
1717 464 1767 523 Δ
1794 461 2064 532 perﬁdiam
2113 463 2402 527 usurpatae.
2468 448 2694 510 Gentilis
2739 464 2869 507 vero
2924 447 3186 550 institutio.
3214 486 3229 511 .
3302 460 3360 503 ut

146 586 280 641 sitate
303 581 531 640 diversa,
563 576 627 629 ad
652 576 913 629 unitatem
949 580 1127 627 tamen
1156 568 1397 639 ejusdem
1420 564 1541 620 fidei
1564 576 1694 618 con-

153 670 443 729 cordissime
472 666 824 721 recurrentis.

210 764 320 818 Post
351 764 456 814 hare
480 767 723 821 revertar,
750 766 797 811 et
818 755 1085 825 wdiﬁcabo
1102 752 1484 807 Tabernaculum
1510 747 1695 813 David,

152 856 271 925 quod
299 854 509 917 decidit,
538 861 591 906 et
611 861 822 905 cratera.
860 846 1284 903 Tabernaculnm
1327 843 1486 899 David
1514 841 1698 896 umbra

154 949 267 1017 legis
296 946 583 1014 significat,
609 958 725 1013 qua:
750 941 1119 995 traditionibus
1148 937 1531 991 Pbarismorum
1573 946 1698 987 cor-

152 1050 288 1109 rupta
313 1046 363 1092 et
394 1036 701 1098 dilacerata,
735 1034 848 1098 sed,
878 1032 1099 1087 Domino
1134 1036 1455 1089 revertente,
1505 1022 1555 1076 id
1596 1028 1697 1087 est,

154 1140 198 1189 in
224 1150 371 1190 carne
407 1140 721 1202 apparente,
761 1146 790 1187 a
825 1131 932 1185 Deo
963 1127 1184 1196 Spiritali
1214 1135 1294 1180 est
1312 1123 1477 1192 gratia
1501 1130 1699 1188 erecta,

153 1239 202 1280 ut
232 1242 327 1283 non
358 1232 566 1279 tantum
598 1222 786 1285 Judmi,
820 1219 909 1274 sed
942 1226 995 1273 et
1039 1225 1240 1272 cunctae
1272 1214 1504 1286 gentium
1536 1212 1707 1265 natio-

153 1332 236 1371 nes
263 1330 449 1370 nomen
475 1316 591 1384 ejus
612 1313 899 1382 requirant.

216 1406 276 1461 Et
322 1408 591 1475 suﬁ'aeatis
615 1415 661 1461 et
699 1404 968 1474 sanguine,
1015 1401 1068 1457 id
1090 1412 1193 1467 est,
1229 1417 1257 1453 a
1286 1397 1553 1453 fundendo
1584 1411 1705 1450 san-

154 1500 313 1567 guine,
342 1496 426 1551 vel
460 1494 829 1551 manducando
858 1508 984 1551 cum
1026 1492 1313 1561 sanguine.
1346 1490 1467 1543 llaec
1491 1487 1705 1557 quidem

154 1597 211 1647 de
234 1592 401 1661 gentili
426 1591 536 1644 vita
567 1586 924 1652 venientibus,
948 1600 1045 1655 pro
1070 1584 1202 1653 ipsis
1226 1584 1344 1639 fidei
1368 1581 1704 1647 rudimentis,

156 1692 202 1737 et
227 1684 509 1736 inveterata
530 1678 841 1749 gentilitatis
863 1674 1249 1734 consuetudine
1270 1686 1521 1730 concessa
1556 1680 1704 1735 sunt,

156 1775 238 1830 sed
271 1790 334 1828 ne
364 1783 674 1841 putarentur
699 1770 888 1827 eadem
936 1770 1092 1825 etiam
1128 1766 1527 1838 perlectioribus
1553 1764 1701 1820 sulti-

156 1880 285 1925 cere,
312 1863 592 1932 vigilanter
615 1861 875 1931 adjunxit,
902 1869 1057 1928 atque
1081 1860 1152 1912 ait
1178 1874 1192 1911 :

221 1952 376 2005 Moses
406 1954 537 2004 enim
574 1968 605 2003 α
646 1950 948 2019 temporibus
987 1949 1203 2017 antiquis
1234 1947 1381 2000 habet
1410 1948 1459 1999 in
1491 1946 1706 2014 singulis

157 2044 434 2107 ciritatibus,
461 2044 548 2112 qui
572 2057 683 2096 eum
710 2041 987 2109 praedicent
1015 2040 1066 2093 in
1098 2038 1404 2110 synagogis;
1436 2037 1486 2091 id
1514 2047 1615 2101 est,
1648 2048 1705 2093 et

155 2136 193 2189 si
219 2142 597 2203 praeceptorum
629 2146 767 2185 nunc
794 2132 1085 2185 acerbitate
1110 2145 1211 2183 non
1253 2138 1533 2198 graventur
1558 2143 1585 2181 a
1612 2143 1707 2182 no-

158 2228 246 2290 his,
280 2225 598 2294 procedente
630 2236 805 2278 tamen
838 2234 1095 2289 tempore,
1132 2225 1252 2275 dum
1284 2220 1610 2292 frequentius
1637 2220 1703 2275 ad

158 2315 415 2370 lectionem
440 2315 574 2383 legis
606 2316 1090 2383 propltetarumque
1114 2316 1480 2377 convenerint,
1517 2314 1700 2381 paula~

160 2409 239 2457 tim
264 2406 378 2459 vita:
425 2404 666 2458 instituta
696 2413 749 2461 et
795 2405 1065 2459 servanda:
1123 2405 1344 2459 invicem
1401 2404 1702 2458 dilectionis

156 2497 259 2565 jura
288 2496 601 2563 suscipiant.
620 2494 940 2549 Primitivam
970 2496 1109 2551 enim
1142 2496 1313 2550 adhuc
1339 2495 1699 2551 Judaizantem

161 2586 473 2654 Ecclesium,
541 2585 655 2640 haec
715 2582 963 2641 Sabbaiis
1026 2586 1321 2641 Celebrasso
1393 2596 1701 2656 perceptum

160 2685 250 2728 (‘SL

228 2767 393 2821 l’isum
420 2776 492 2822 est
511 2769 640 2821 enim
667 2768 887 2839 Spiritui
907 2777 1079 2825 sancto
1109 2778 1154 2821 et
1178 2769 1349 2834 nobis;
1383 2768 1433 2823 id
1464 2778 1563 2835 est,
1596 2768 1704 2838 pla-

164 2860 259 2912 cuit
296 2860 505 2928 Spiritui
539 2870 745 2926 sancto,
792 2863 899 2931 qui,
933 2863 1132 2916 arbiter
1154 2876 1263 2915 sua:
1295 2862 1565 2927 potestatis
1594 2859 1705 2915 exi-

165 2961 313 3010 stens,
351 2950 439 3003 ubi
469 2951 579 3003 vult
613 2951 795 3018 spirat,
825 2960 875 3004 et
904 2966 963 3004 ea
990 2967 1102 3018 quae
1133 2950 1242 3004 vult
1272 2952 1520 3018 loquitur.

230 3037 413 3091 Placuit
452 3048 499 3093 et
554 3042 731 3105 nobis;
775 3054 879 3093 non
912 3048 1091 3093 nostra
1131 3043 1242 3095 sola
1269 3039 1556 3103 voluntate,
1606 3038 1701 3095 sed

167 3128 377 3197 ejusdem
400 3129 631 3198 Spiritus
659 3130 927 3185 instinctu.
970 3121 974 3125 ’

229 3216 405 3271 Paulus
436 3227 601 3271 autent
629 3227 672 3273 et
702 3216 964 3273 Barnabas
994 3219 1381 3273 detnorabantur
1408 3218 1704 3273 Antiochiaz.

174 3304 252 3360 llis
280 3307 460 3361 diebus
494 3308 766 3376 impletum
800 3318 883 3363 est
907 3309 1045 3378 quod
1080 3310 1350 3379 apostolus
1381 3309 1572 3364 Paulus
1593 3310 1705 3363 ait:

168 3397 275 3449 Cum
298 3401 501 3453 uenisset
552 3398 749 3471 Cephas
796 3401 1145 3466 Antiochiam,
1190 3403 1242 3455 in
1273 3405 1452 3471 [aciein
1478 3403 1525 3456 si
1550 3402 1710 3456 restiti

168 3483 341 3555 (Calat.
375 3490 454 3557 tt).

229 3576 411 3631 Paulus
465 3586 635 3633 autem
687 3579 937 3650 rogabat,
997 3596 1097 3635 non
1153 3581 1328 3635 debere
1375 3582 1533 3650 recipi
1572 3598 1705 3635 eum.

168 3665 399 3731 Quoniam
432 3668 485 3723 in
516 3669 627 3737 ipsa
655 3684 713 3724 se
756 3670 887 3724 aciei
950 3671 1123 3724 fronte
1168 3671 1521 3739 constituens,
1550 3672 1708 3725 nimis

170 3759 323 3823 tepide
371 3768 589 3814 steterat
619 3802 634 3823 ,
686 3759 876 3813 merito
922 3774 1040 3814 eum
1092 3762 1285 3816 Paulus
1343 3761 1535 3830 abjecit
1567 3803 1583 3827 ,
1642 3776 1711 3817 ne

170 3846 292 3900 illius
336 3848 483 3917 quasi
534 3850 845 3917 contagione
883 3848 1023 3903 vires
1076 3860 1545 3918 corrumperentur
1581 3850 1711 3905 alio-

165 3949 285 3990 rum.

233 4024 385 4080 Facta
438 4040 517 4084 est
566 4041 735 4085 autem
790 4032 1057 4088 dissensio.
1120 4030 1236 4085 Noli
1306 4032 1409 4087 hoc
1459 4033 1708 4089 delictum

169 4127 352 4182 putare.
385 4120 495 4174 Non
526 4123 675 4176 enim
715 4122 1039 4176 commoveri
1082 4123 1275 4176 malum
1306 4132 1404 4188 est,
1439 4124 1530 4177 sed
1576 4125 1709 4178 irra-

170 4205 477 4277 tionabiliter,
536 4212 782 4281 nulloque
828 4210 973 4283 justo
1005 4212 1275 4283 ﬂagitante
1308 4214 1521 4284 negotio
1567 4230 1712 4271 com-

172 4310 371 4353 BIOVCI'I.
578 4315 581 4317 ’

234 4384 293 4439 Et
326 4388 587 4445 Barnabas
631 4404 887 4465 assumpto
940 4393 1115 4448 Marco
1166 4397 1420 4465 nauigaret
1464 4396 1707 4466 Cyprum.

170 4475 367 4548 Propter
411 4494 640 4536 amatum
672 4484 771 4539 sibi
825 4486 1065 4548 fratrem,
1112 4494 1165 4539 ct
1207 4486 1459 4541 affinitate
1487 4487 1705 4558 conjun-
1738 4494 1791 4556 D

168 4580 288 4623 t‘lum
315 4572 571 4643 (leguntur
611 4576 747 4629 enim
778 4576 937 4631 fuisse
973 4578 1300 4647 consobrini)
1326 4579 1591 4634 Barnabas
1621 4593 1709 4633 se-

172 4672 360 4727 paratus
388 4682 417 4719 a
448 4666 630 4730 Paulo,
665 4668 886 4737 patrium
916 4670 1106 4737 repetit
1136 4669 1387 4737 insulam,
1416 4680 1468 4724 et
1511 4670 1706 4725 nihilo-

172 4754 323 4808 minus
353 4756 673 4828 Evangelicre
716 4760 1107 4831 praedicationis
1130 4760 1420 4831 injunctum
1450 4763 1549 4817 sibi
1577 4776 1710 4831 opus

172 4856 396 4901 exercuit.

721 4940 948 4998 CAPUT
972 4943 1112 5000 XVI.

232 5023 532 5082 Circumeidit
576 5045 693 5083 eum
737 5042 942 5102 propter
982 5031 1215 5099 Iudaeos,
1241 5034 1327 5100 qui
1354 5044 1494 5089 erant
1522 5036 1575 5090 in
1606 5035 1710 5095 illis

175 5111 296 5168 locis.
341 5116 448 5170 Non
496 5119 636 5189 quod
663 5120 858 5191 figuras
886 5123 1040 5193 legis,
1085 5124 1356 5191 Evangelii
1387 5126 1606 5181 veritate
1634 5128 1711 5180 lu«

176 5214 327 5270 rente,
352 5208 612 5278 quidpiam
647 5213 888 5267 utilitatis
930 5214 1173 5269 crederet
1200 5214 1480 5283 allaturos,
1512 5217 1603 5270 sed
1644 5232 1711 5271 ne

179 5306 258 5355 per
300 5300 617 5355 occasionem
666 5303 897 5370 gentium
950 5304 1118 5359 Judaei
1172 5321 1201 5360 a
1244 5304 1347 5360 fide
1377 5308 1708 5362 recederent.

179 5382 354 5445 Quibus
381 5399 549 5445 tamen
599 5393 782 5447 umbra
829 5404 979 5450 vetus
1024 5396 1273 5464 paulatim
1306 5396 1535 5452 tollenda
1574 5406 1710 5467 erat,

182 5475 231 5527 si.
248 5488 297 5533 ut
337 5493 388 5537 et
430 5488 675 5554 gentibus
720 5504 926 5543 morum
978 5490 1207 5559 pravitas
1243 5492 1600 5560 antiquorum,
1654 5499 1710 5544 ut

182 5584 315 5637 supra
339 5575 528 5633 dictum
572 5590 682 5637 est.
709 5582 823 5637 Istas
849 5584 992 5637 enim
1038 5583 1238 5636 umbrae
1261 5581 1478 5651 legales,
1506 5584 1654 5651 quasi
1680 5600 1708 5637 ιι

184 5656 373 5720 Domino
398 5668 673 5739 aliquando
697 5673 1014 5739 constitutae,
1048 5672 1314 5727 interdum
1341 5673 1408 5726 ab
1444 5674 1711 5742 Apostolis

186 5761 289 5808 sunt
328 5758 418 5817 illis
471 5764 793 5836 temporibus
834 5765 903 5823 ob
973 5766 1340 5824 declinandam
1410 5766 1709 5824 iudicatum

1791 567 1916 609 vere
1963 567 1994 605 s
2048 550 2243 607 Satana
2291 556 2503 620 reperta
2537 578 2556 613 ,
2626 558 2892 614 nunquam
2941 555 2973 597 s
3022 540 3220 596 sanctis
3278 547 3365 595 est

1790 651 2009 699 sttacta.

1876 735 2039 790 Vetati
2064 742 2179 790 sunt
2208 747 2239 787 a
2268 731 2465 801 Spiritu
2505 741 2679 787 sancto
2725 728 2861 798 loqui
2901 726 3099 782 verbum
3130 725 3186 781 in
3217 726 3362 793 Asia,

1797 837 1923 892 etc.,
1972 840 2140 896 usque
2182 823 2457 878 Transiens
2500 823 2554 875 in
2604 820 2983 883 Macedoniam,
3018 820 3210 889 adjutus
3250 834 3363 872 nos.

1798 920 1943 973 Vere
1996 900 2255 972 terribilis
2283 914 2537 969 Dominus
2566 912 2617 967 iu
2646 910 2883 967 consiliis
2908 924 3066 980 super
3096 908 3233 962 filios
3281 909 3361 961 ho-

1800 1013 2019 1065 minum.
2042 1009 2145 1062 Iste
2172 1022 2229 1061 se
2256 1006 2564 1075 magistrum
2594 1018 2688 1073 per
2709 1002 2885 1056 omnia
2915 1000 3062 1071 sequi
3086 999 3363 1069 promittit,

1802 1117 1902 1157 nec
1942 1101 2292 1171 permittitur;
2343 1098 2476 1151 alter
2529 1097 2675 1165 sequi
2720 1096 2923 1163 jussus,
2984 1107 3081 1149 nec
3111 1092 3369 1161 adpatris

1803 1195 2134 1264 sepulturam
2178 1190 2370 1261 petitas
2415 1188 2621 1259 accepit
2650 1188 2907 1245 inducias.
2938 1186 3167 1240 Invictus
3194 1198 3256 1238 ac
3283 1199 3369 1239 rc-

1807 1301 2044 1357 pugnans
2119 1282 2407 1338 attrahitur
2464 1281 2671 1338 Saulus.
2726 1279 2973 1333 Cornelio
3029 1276 3272 1346 precibus
3317 1286 3372 1329 et

1810 1374 2177 1446 elecmosynis
2199 1373 2485 1438 insistenti,
2514 1370 2655 1426 velut
2682 1367 3123 1425 remunerationis
3152 1367 3265 1420 vice
3290 1366 3369 1417 via

1808 1469 1998 1526 salutis
2027 1468 2348 1531 ostenditur,
2379 1474 2431 1521 et
2452 1468 2541 1535 qui
2570 1464 2717 1519 novit
2744 1462 2903 1518 corda
2936 1461 3097 1525 Deus,
3129 1458 3370 1514 beneficii

1806 1563 1970 1631 gratia
1996 1561 2272 1614 Ductorem
2300 1556 2366 1612 ab
2394 1558 2520 1611 Asia
2551 1554 2798 1618 removit,
2834 1568 2901 1607 ne
2941 1551 2985 1606 si
3015 1560 3253 1605 sanctum
3284 1563 3374 1602 ca-

1808 1652 1963 1707 nibus
2003 1649 2178 1711 detur,
2236 1662 2388 1701 error
2440 1644 2618 1699 cordis
2675 1643 2841 1714 iniqui
2897 1642 3105 1714 gravius
3133 1641 3199 1696 de
3246 1656 3373 1695 con-

1810 1748 2005 1809 tempta
2039 1737 2417 1809 praedicatione
2443 1734 2734 1803 iudicetur.
2772 1735 3104 1801 Rursumque
3136 1732 3237 1785 alia
3266 1748 3372 1784 cu-

1734 1809 1781 1870 Β
1812 1837 1964 1882 raute
2009 1826 2294 1897 apostolo,
2345 1824 2552 1895 legatus
2602 1822 2861 1888 Macedo,
2919 1837 3073 1891 quem
3126 1821 3374 1891 angelum

1808 1926 1984 1996 gentis
2012 1923 2151 1979 illius
2179 1923 2474 1990 credimus,
2506 1920 2670 1976 micas
2699 1921 2797 1976 sibi
2832 1919 3077 1975 dominici
3112 1918 3263 1989 panis
3286 1934 3373 1986 pe-

1810 2018 1875 2073 tit
1898 2016 2100 2073 olTerri.
2670 2002 2675 2007 ’

1883 2108 2008 2175 Ωυιε
2052 2115 2125 2163 est
2166 2107 2329 2178 prima
2384 2113 2525 2177 parte
2578 2103 2897 2159 Macedonia!
2926 2103 3122 2167 civitas,
3149 2103 3371 2156 colonia.

1809 2199 2028 2255 Colonia
2060 2207 2182 2262 est,
2223 2213 2342 2267 quae
2373 2195 2580 2252 defectu
2616 2196 2983 2266 indigenarum
3017 2194 3168 2249 novis
3206 2198 3376 2249 cultv—

1809 2291 1954 2346 ribus
1982 2287 2323 2357 adimpletur.
2352 2286 2511 2362 ‘Unde
2541 2296 2594 2340 et
2622 2301 2649 2338 a
2673 2286 2815 2339 cultu
2846 2286 2958 2355 agri
3000 2284 3209 2339 colonia
3237 2282 3376 2336 dicta

1842 2389 1909 2435 Si.

1842 2396 1909 2435 δι.

1808 2396 1837 2436 e
1882 2468 2119 2523 Puellam
2166 2468 2439 2537 quamdam
2487 2464 2748 2521 habenten.
2800 2465 3033 2536 spiritum
3084 2463 3374 2535 pythoncm.

1809 2559 1942 2626 Quid
1976 2560 2257 2630 pythonica
2288 2558 2543 2612 divinatio
2566 2566 2713 2626 gerat
2741 2558 2893 2625 artis,
2930 2559 2982 2612 in
3007 2557 3142 2613 libro
3169 2556 3370 2628 lieguut

1812 2654 2125 2718 invenimus,
2157 2649 2267 2717 ubi,
2318 2660 2535 2720 rogante
2574 2651 2750 2716 Saule,
2784 2650 3090 2721 pythonissa
3125 2650 3205 2705 vel
3254 2650 3375 2703 ani-

1812 2763 1949 2802 mam
1972 2746 2344 2812 Samuelis,vel
2365 2760 2459 2816 pro
2478 2760 2536 2800 ea
2562 2748 2736 2815 potius
2766 2745 3012 2814 spiritum
3042 2745 3375 2799 immundum

1809 2840 2045 2896 evocavit
2071 2839 2138 2893 ab
2165 2838 2366 2893 inferis.
2392 2837 2543 2905 Quod
2566 2838 2782 2909 magica:
2806 2837 3100 2908 phantasia:
3121 2852 3287 2906 genus
3306 2837 3372 2891 ab

1819 2931 2061 3001 Apolline
2092 2930 2284 3001 Pythio
2313 2939 2607 2999 repertum,
2636 2941 2792 2999 atque
2826 2929 2893 2983 ab
2920 2928 3034 2998 ejus
3064 2928 3377 2997 cognomine

1811 3027 1890 3078 sic
1922 3023 2106 3077 dicunt
2135 3037 2254 3077 esse
2284 3033 2557 3076 vocatum.
2608 3021 2711 3077 Sed
2760 3030 2811 3074 et
2861 3019 3138 3075 llebraaum
3184 3032 3375 3073 nomen

1764 3148 1781 3211 Ξ
1809 3113 2072 3182 congruit,
2100 3113 2185 3183 qui
2211 3112 2449 3185 Pythona
2479 3129 2534 3167 os
2556 3112 2721 3183 abyssi
2742 3112 2941 3166 dicunt.

1881 3204 1978 3259 Isti
2024 3204 2247 3258 homines
2269 3204 2394 3258 servi
2422 3202 2515 3256 Dei
2543 3202 2725 3259 excelsi
2754 3212 2893 3256 sunt.
2936 3201 3049 3257 Non
3092 3201 3374 3255 voluntatis

1810 3296 1911 3351 ista
1924 3295 2187 3352 confessio
2203 3304 2306 3362 est,
2331 3310 2487 3363 quam
2512 3296 2785 3364 praemium
2812 3293 3049 3366 sequitur
3064 3292 3378 3357 conlltendi;

1812 3390 1906 3445 sed
1959 3391 2150 3445 timore
2205 3388 2435 3457 Spiritus
2484 3386 2655 3442 sancti
2698 3396 2940 3457 cogente,
2980 3400 3105 3440 vera
3155 3384 3374 3453 spiritus

1814 3483 2044 3538 mendax
2082 3482 2338 3550 loquitur,
2370 3494 2475 3535 non
2519 3492 2679 3533 ausus
2707 3478 2822 3531 luce
2854 3486 3112 3546 praesente
3140 3489 3265 3532 suas
3295 3475 3375 3529 ul-

1814 3581 1895 3626 tra
1946 3571 2123 3626 celare
2166 3569 2436 3625 tenebras.
2496 3564 2769 3624 Peccatari
2819 3574 2995 3625 autem
3043 3565 3169 3623 dicit
3201 3564 3374 3619 Deus:

1814 3664 1985 3729 Quare
2013 3674 2067 3716 tu
2095 3677 2302 3717 enarras
2322 3658 2547 3727 iustitias
2567 3674 2701 3717 meas
2718 3659 2744 3711 ?

2416 3756 2491 3806 Ne
2515 3756 3067 3816 corrumpantursmari.

1995 3815 2143 3868 Melle
2169 3816 2285 3879 doli,
2310 3819 2352 3866 si
2374 3829 2488 3867 vera
2512 3825 2666 3878 canat,
2689 3815 2771 3879 qui
2791 3817 2904 3865 falsa
2921 3816 3198 3878 ministrat,

1810 3909 1868 3956 ut
1895 3901 2088 3956 Arator
2110 3902 2202 3955 ait.

1882 3993 2137 4064 Praecipio
2169 3992 2255 4047 tibi
2300 3994 2351 4047 in
2388 3993 2590 4047 nomine
2628 3990 2754 4047 Jesu
2797 3991 2983 4048 Christi
3023 3991 3160 4046 exire
3200 3990 3262 4044 ab
3295 4005 3379 4047 ea.

1811 4083 2084 4153 Barjesum
2117 4084 2204 4151 qui
2238 4082 2359 4137 fidei
2391 4082 2731 4153 impugnator
2752 4090 2887 4147 erat,
2918 4090 2973 4136 et
2997 4081 3127 4135 artis
3155 4080 3379 4135 iulirtui~

1811 4184 1939 4239 tate,
1988 4182 2046 4228 et
2090 4172 2372 4228 oculorum
2413 4171 2703 4228 amissione
2744 4172 2979 4227 cmcavit.
3037 4171 3182 4225 lianc
3225 4186 3375 4233 vero,

1810 4282 1927 4336 quas
1958 4280 2207 4335 perversa
2257 4265 2383 4320 licet
2423 4271 2625 4328 mente,
2656 4278 2782 4318 vera
2836 4271 3010 4317 tamen
3039 4261 3374 4332 loquebatur,

1811 4365 1927 4411 arte
1954 4355 2289 4411 solummodo
2328 4355 2532 4409 nefaria
2562 4353 2770 4423 privare
2799 4352 3023 4407 curavit.
3071 4352 3200 4416 Quia
3230 4352 3373 4405 enim

1818 4449 2087 4519 indignum
2118 4457 2235 4505 erat
2264 4456 2322 4503 ut
2360 4448 2579 4504 verbum
2609 4445 2883 4515 Evangelii
2911 4444 3127 4512 spiritus
3150 4444 3380 4498 immun-

1813 4543 1914 4598 dus
1946 4543 2307 4611 aununtiaret,
2337 4540 2629 4596 abscedere
2658 4540 2796 4595 hunc
2831 4547 2886 4593 et
2912 4538 3072 4594 silere
3101 4539 3372 4607 praecepit,

1810 4634 1935 4703 quia
1963 4632 2227 4689 daautonia
2260 4648 2380 4687 cum
2407 4641 2635 4686 tremore
2676 4628 2877 4684 debent
2902 4628 3179 4682 Dominum
3208 4627 3375 4682 eonfi-

1811 4728 1937 4790 teri,
1965 4742 2071 4782 non
2098 4736 2275 4781 autem
2307 4725 2520 4779 laudare
2541 4738 2661 4778 cum
2701 4721 2915 4793 gaudio.

1882 4816 1953 4870 Et
1998 4818 2545 4880 aununtiant’morem,
2579 4830 2721 4883 quem
2747 4830 2847 4867 non
2890 4814 3003 4866 licet
3034 4812 3175 4867 nobis
3213 4813 3379 4868 susci-

1810 4928 1943 4982 pere,
1994 4927 2169 4980 uequer
2190 4911 2377 4981 facere,
2404 4926 2517 4963 cum
2539 4909 2696 4963 simus
2726 4907 2966 4961 Romani.
2999 4904 3076 4961 De
3121 4906 3224 4960 fide
3252 4905 3377 4959 .lesu

1809 5002 2017 5057 Christi
2044 5003 2247 5067 dicunt,
2298 5001 2350 5056 in
2397 5002 2550 5069 cujus
2591 4999 2805 5054 nomine
2855 4997 3109 5068 Pythonis
3152 4996 3370 5066 spiritus

1809 5095 2030 5151 exierat.
2061 5094 2176 5150 Jam
2206 5096 2349 5150 enim
2375 5094 2722 5147 decreverant
2756 5091 2976 5145 Romani
3000 5106 3065 5145 ne
3092 5092 3211 5160 quis
3239 5089 3371 5143 Dcus

1810 5195 1952 5241 esset
1978 5197 2245 5255 acceptus,
2272 5183 2370 5238 nisi
2398 5199 2425 5235 a
2455 5192 2641 5237 senatu
2662 5182 2933 5249 probatus.

1882 5278 2055 5331 Media
2076 5286 2242 5329 autent
2270 5284 2413 5329 nocte
2444 5273 2642 5329 Paulus
2668 5283 2713 5328 et
2739 5274 2881 5330 .Sitas
2902 5274 3172 5328 adorantes
3196 5273 3377 5338 Deum,

1810 5372 2051 5441 hymnum
2096 5370 2347 5433 dicebant,
2380 5376 2433 5423 et
2461 5378 2675 5423 caetera.
2707 5367 2930 5423 Devotio
2958 5368 3113 5422 simul
3161 5377 3376 5437 aposto-

1812 5463 1893 5515 Iici
1929 5462 2179 5531 pectoris,
2211 5469 2265 5515 et
2294 5461 2458 5513 virtus
2500 5461 2814 5528 exprimitur
2856 5459 3291 5527 orationis,cutn
3321 5471 3375 5515 et

1812 5552 1885 5606 illi
1913 5551 2139 5621 hymnos
2170 5553 2218 5605 in
2244 5552 2350 5604 imo
2380 5565 2594 5606 carcere
2623 5551 2940 5617 cecinerint,
2965 5560 3021 5607 et
3046 5565 3228 5605 eorum
3262 5553 3378 5607 laus

1814 5654 2009 5700 terram
2032 5646 2260 5699 carceris
2289 5643 2661 5713 commoverit,
2696 5654 2749 5698 et
2778 5643 3117 5700 fundamenta
3148 5659 3376 5699 concus-

1812 5740 1957 5809 scrit,
2002 5744 2056 5793 et
2085 5736 2352 5810 aperuerit
2389 5737 2549 5807 ostia,
2606 5745 2767 5808 atque
2797 5735 3236 5811 ipsaspostremo
3261 5736 3377 5794 vin-
