3860 6230
509 384 607 439 ἒτθ

920 381 1121 436 BEDE
1158 379 1602 436 VENERAB'LIS
1639 382 1788 437 OPP.
1830 378 2004 436 PARS
2041 379 2103 435 ll.
2147 378 2339 436 SECT.
2382 384 2422 439 Ι.
2459 412 2529 424 —-
2569 385 2954 451 EXEGETICA
2995 388 3311 445 GENUINA.
3589 389 3670 444 930

503 498 794 551 culatorum
846 504 1061 557 catenas
1113 492 1338 548 resolvet
1355 491 1413 549 it.
1446 491 1629 546 Aliter.
1661 491 1967 560 Quicunque
1996 491 2052 544 fi-
2080 488 2133 548 Α
2158 499 2355 545 ctorem
2384 493 2563 547 mundi
2594 495 2934 566 omniumque
2963 511 3080 554 esse
3125 499 3328 565 doceat,
3365 500 3418 552 in
3448 512 3548 567 uno
3572 501 3675 553 vivi-

507 588 701 641 delium
731 601 887 639 omne
914 584 1164 653 gaudium
1194 584 1479 647 existimat,
1507 599 1626 637 cum
1655 583 1705 636 in
1739 582 2056 636 tentatioues

509 679 682 729 varias
707 675 940 730 inciderit
975 673 1114 745 (Jac.
1156 675 1218 741 ι).
1244 673 1571 741 libenterque
1611 671 1865 741 gloriatur
1889 671 1939 724 iu
1973 672 2053 724 in-

507 769 840 824 ﬁrniitatibus
879 769 1010 834 suis,
1067 777 1119 821 ut
1148 765 1406 820 inhabitet
1456 766 1505 819 in
1553 780 1616 819 eo
1655 766 1819 827 virtus
1861 763 2054 818 Christi

505 859 593 927 (11
629 860 744 914 Cor.
790 859 910 928 xu),
963 858 1046 912 hic
1073 857 1309 927 profecto
1338 872 1456 910 cum
1485 855 1649 910 Paulo
1693 865 1746 910 et
1785 855 1889 912 Sila
1923 856 2057 909 iter

503 952 732 1006 carceris
786 951 1029 1006 tenebras
1085 949 1372 1020 hymnizat,
1403 956 1453 1002 et
1485 962 1600 1000 cum
1655 947 1930 1002 Psalm’sta
1956 946 2056 999 Do-

507 1042 649 1094 mino
675 1040 951 1094 decantat:
986 1039 1063 1092 Tu
1086 1055 1137 1094 es
1177 1039 1299 1091 mihi
1321 1040 1572 1109 refugium
1601 1055 1630 1089 a
1661 1053 1915 1107 pressura,
1947 1053 2057 1105 qua:

507 1131 829 1184 circumdedit
855 1147 951 1197 me,
977 1129 1238 1185 exsultatio
1265 1145 1372 1182 mea
1396 1127 1562 1199 (Psal.
1590 1131 1735 1196 XXXI)

577 1211 718 1274 Lavit
739 1221 918 1290 plagas
957 1237 1153 1287 eorum,
1185 1230 1230 1273 et
1267 1221 1543 1283 baptizatus
1578 1231 1649 1273 est
1671 1223 1793 1287 ipse.
1833 1219 2055 1273 Pulchra

509 1326 681 1364 rerum
729 1310 975 1366 varietas.
1008 1310 1206 1376 Quibus
1235 1310 1412 1379 plagas
1467 1310 1738 1363 vulnerum
1787 1309 1928 1374 lavit,
1964 1325 2056 1377 per

505 1414 597 1454 eos
626 1401 738 1472 ipse
770 1401 943 1471 plagas
969 1401 1166 1455 amisit.

1077 1492 1300 1547 CAPUT
1329 1491 1485 1547 XVII.

577 1582 883 1649 Adaperiens
932 1590 976 1634 et
1028 1582 1290 1636 insinuans
1353 1583 1466 1652 quia
1534 1579 1784 1634 Christum
1831 1580 2055 1648 oportuit

504 1670 610 1739 pati
649 1679 694 1723 et
742 1687 1002 1742 resurgere
1050 1689 1080 1725 a
1128 1674 1352 1741 mortuis,
1405 1683 1447 1726 et
1477 1674 1594 1741 quia
1627 1672 1706 1726 hic
1732 1681 1800 1724 est
1826 1669 2054 1725 Christus

502 1758 673 1813 Jesus.
733 1760 1020 1830 Utrumque
1068 1761 1222 1815 Pater
1266 1762 1333 1816 de
1373 1761 1658 1827 Scripturis
1709 1760 2049 1825 insinuabat,

2156 595 2292 646 mus,
2321 584 2374 636 et
2404 597 2699 652 movemur,
2728 595 2781 639 et
2806 601 3008 652 sumas,
3039 587 3188 656 cujus
3217 596 3270 642 et
3298 602 3464 656 genus
3500 603 3674 656 sumus,

2155 678 2210 722 ut
2251 684 2353 725 non
2395 671 2565 726 solum
2609 683 2823 742 propter
2862 690 3076 729 munera
3103 675 3240 729 lucis
3267 684 3322 730 et
3341 678 3480 741 vitze,
3522 691 3674 731 veruta

2154 761 2311 816 etiam
2345 773 2557 830 propter
2602 767 2967 834 cognationem
3003 767 3279 832 quamdam
3326 768 3534 837 generis
3579 769 3676 824 diti-

2152 850 2378 917 gendum
2427 853 2688 916 ostendat,
2723 854 2916 910 deinde
2958 856 3256 924 opinionem
3291 855 3430 909 illam
3467 870 3580 924 qua
3611 868 3674 910 est

2155 940 2219 994 de
2250 943 2423 1008 idolis,
2455 952 2638 1010 aperta
2661 945 2865 998 ratione
2887 948 3154 1014 devineat,
3179 946 3317 1014 quod
3345 946 3502 1000 totius
3523 949 3675 1001 mundi

2154 1034 2393 1087 conditor
2438 1044 2493 1089 et
2553 1035 2806 1089 Dominus
2868 1039 3076 1104 templis
3143 1055 3246 1092 non
3294 1037 3456 1108 possit
3505 1038 3675 1093 includi

2155 1124 2345 1187 saxeis,
2382 1123 2520 1191 quod
2570 1126 2742 1178 omnis
2791 1125 3032 1180 beneficii
3064 1127 3276 1196 largitor
3306 1127 3553 1195 sanguine
3587 1141 3674 1180 non

2154 1221 2304 1280 egeat
2332 1214 2680 1278 victimarum,
2735 1213 2871 1283 quod
2928 1214 3199 1269 hominum
3232 1215 3460 1284 denique
3499 1224 3682 1269 creator

2155 1310 2207 1353 et
2258 1301 2576 1370 gubernator
2624 1304 2856 1355 omnium
2913 1319 3014 1357 non
3062 1306 3229 1372 possit
3269 1304 3496 1359 hominis
3545 1319 3678 1357 manu

2155 1389 2349 1453 creari,
2398 1390 2536 1458 quod
2567 1399 2830 1458 postremo
2860 1391 3016 1457 Deus,
3048 1392 3115 1445 ad
3157 1391 3308 1462 cujus
3339 1395 3494 1447 homo
3539 1393 3679 1447 factus

2155 1490 2232 1534 est
2263 1480 2563 1549 imaginem,
2590 1497 2694 1536 non
2718 1482 2908 1537 debeat
2931 1483 3160 1538 metallis
3180 1483 3472 1537 existimari
3496 1485 3678 1544 similis.

2155 1571 2350 1624 erroris
2394 1571 2683 1625 remedium
2720 1571 2916 1627 docens
2963 1586 3082 1627 esse
3121 1571 3348 1629 studium
3397 1571 3678 1640 paenitendi.

2156 1661 2283 1715 Nam
2311 1665 2350 1715 si
2381 1663 2548 1731 primo
2574 1663 2849 1719 destruere
2875 1667 3126 1719 voluisset
3164 1663 3504 1718 caeremonias
3534 1663 3680 1716 idolu~

2157 1769 2295 1815 rum,
2345 1770 2500 1808 aures
2540 1756 2773 1825 gentium
2828 1756 3174 1821 respuissent.
3219 1754 3350 1808 Cum
3386 1768 3507 1823 ergo
3545 1770 3681 1808 unum

507 1850 624 1915 quia
661 1859 714 1903 et
744 1821 1007 1904 Christum
1038 1851 1142 1919 pati
1171 1860 1224 1905 et
1252 1865 1526 1920 resurgere
1549 1860 1835 1919 Oporteret,
1868 1860 1918 1905 et
1942 1852 2052 1906 haec
2083 1821 2130 1879 Β
2161 1845 2322 1898 Deum
2369 1861 2487 1901 esse
2514 1847 2879 1913 persuaderet,
2924 1856 3048 1900 tunc
3085 1844 3284 1915 judicio
3313 1845 3426 1914 eius
3459 1844 3680 1910 astruxit,

514 1941 699 1993 eadem
738 1939 910 2008 passio
940 1955 999 1994 ac
1024 1942 1340 1995 resurrectio
1369 1942 1432 1995 ad
1465 1941 1660 1996 nullurn
1685 1942 1865 2008 alium,
1897 1957 2050 2010 quam

506 2028 568 2080 ad
594 2027 773 2082 Jesum
796 2028 1118 2083 Nazarenum
1152 2032 1456 2097 pertineret.
1486 2029 1649 2083 Erant
1677 2030 1817 2084 enim
1842 2029 2052 2099 quidam

505 2118 825 2182 Judmorum,
858 2119 991 2171 sicut
1028 2127 1078 2173 et
1128 2119 1280 2173 hodie
1331 2130 1473 2186 sunt,
1502 2121 1569 2172 ita
1620 2119 1824 2187 perfidi,
1855 2127 1910 2174 ut
1934 2133 2054 2174 cum

506 2207 699 2262 Christi
741 2208 1033 2276 passionem
1064 2223 1125 2262 ac
1169 2210 1607 2265 resurrectionem
1637 2209 1922 2279 Scripturis
1969 2212 2052 2265 ino

508 2311 701 2355 sertam
750 2317 940 2371 negare
991 2303 1364 2369 nonpossint,
1410 2303 1522 2356 lucc
1581 2315 1752 2359 tamen
1783 2302 1847 2356 ad
1877 2301 2052 2358 Iesum

507 2392 771 2457 pertinere
820 2390 1034 2444 omnino
1072 2401 1262 2460 negent
1291 2434 1304 2458 ,
1358 2392 1626 2460 magisque
1671 2391 2053 2446 Antichristum

503 2489 829 2547 exspectare,
860 2495 1014 2547 quam
1067 2480 1245 2535 Jesum
1293 2478 1560 2535 Christum
1609 2481 1827 2536 credere
1871 2481 2050 2535 velint.

509 2569 572 2623 lit
595 2571 714 2625 ideo
742 2571 952 2636 Paulus,
986 2587 1086 2625 non
1113 2572 1266 2626 modo
1294 2569 1485 2625 Christi
1517 2575 1762 2642 mysteria
1794 2573 2056 2640 prmdica-

507 2661 614 2727 hat,
641 2664 732 2717 sed
758 2663 868 2717 haec
899 2662 1134 2722 etiamin
1173 2663 1381 2719 Christo
1411 2665 1533 2721 Jesu
1575 2675 1932 2720 consummata
1964 2665 2057 2721 do-

504 2751 672 2805 cebat.

579 2846 642 2897 Et
660 2849 722 2900 de
743 2847 1033 2912 colentibus,
1079 2847 1441 2918 gemitibusque
1467 2849 1735 2903 multitudo
1763 2863 1973 2917 magna;
2003 2847 2053 2901 id

509 2946 590 2991 est
618 2946 670 2991 et
699 2937 764 2991 de
790 2936 871 3000 iis,
923 2935 1012 3006 qui
1037 2938 1286 3005 gentilem
1316 2937 1470 2990 ritum
1503 2938 1776 2991 Judaismo
1807 2949 2051 2991 mutave-

504 3039 641 3094 rant,
685 3039 737 3083 et
785 3029 852 3082 de
885 3028 967 3096 iis,
1015 3031 1101 3098 qui
1143 3029 1358 3083 omnino
1383 3027 1608 3098 gentiles
1632 3035 2051 3097 permanserant,

510 3122 656 3176 multi
689 3121 753 3176 ad
783 3119 1051 3175 Christum
1073 3120 1427 3176 confluebant.

580 3214 652 3267 Ili
678 3223 845 3267 autem
886 3224 1026 3268 erant
1068 3214 1331 3268 nobiliores
1352 3230 1519 3268 eorum
1540 3214 1623 3283 qui
1642 3223 1756 3267 sunt
1783 3211 2052 3267 Thessalo-

509 3305 650 3358 πίσω.
680 3305 879 3356 Anima:
918 3304 1241 3358 nobilitatem
1285 3304 1431 3370 dicit,
1476 3317 1576 3373 qua
1603 3304 1764 3358 verbo
1793 3304 2055 3359 audiendo

512 3393 899 3459 serntandoque
928 3394 1279 3448 instituerant.

582 3485 798 3550 Quidam
835 3494 1002 3539 autem
1036 3484 1269 3555 Epicurei
1298 3497 1343 3540 et
1368 3486 1525 3542 Stoici
1553 3487 1855 3556 philosophi,
1898 3488 2056 3540 disse-

515 3579 690 3632 rebant
730 3594 840 3631 cum
882 3594 960 3630 eo.
1020 3577 1256 3643 Epicurei
1288 3576 1619 3645 prmceptoris
1649 3577 1728 3630 sui
1761 3577 2054 3631 tarditatem

515 3669 700 3733 secuti,
722 3668 1019 3723 felicitatem
1047 3668 1271 3727 hominis
1297 3669 1349 3721 in
1378 3669 1491 3721 sola
1508 3668 1748 3735 corporis
1764 3669 2053 3736 voluptate,

515 3763 674 3815 Stoici
706 3775 831 3814 vero
860 3761 909 3812 in
937 3760 1047 3812 sola
1075 3759 1236 3811 animi
1265 3758 1455 3813 virtute
1482 3768 1783 3828 posuerunt.
1803 3759 1898 3825 Qui
1922 3759 2058 3812 inter

513 3869 568 3904 se
607 3852 817 3919 quidem
849 3851 1185 3914 dissidentes,
1232 3851 1540 3919 Apostolum
1576 3862 1747 3904 tamen
1798 3850 2058 3903 unanimi-

511 3955 589 3997 ter
620 3942 942 4011 impugnant,
973 3958 1034 3996 eo
1065 3945 1201 4011 quod
1245 3943 1507 3995 hominem
1551 3944 1768 3997 sicutex
1793 3944 1962 3996 anima
2005 3951 2059 3998 et

510 4048 729 4101 corpore
757 4034 1063 4098 subsistere,
1108 4036 1175 4087 ita
1235 4033 1286 4087 in
1338 4041 1556 4100 utroque
1603 4032 1819 4087 doceret
1847 4033 2055 4087 beatum

511 4130 626 4180 esse
648 4126 870 4190 debere;
896 4127 987 4180 sed
1017 4128 1113 4180 hoc
1146 4141 1240 4180 nec
1265 4135 1498 4194 tempore
1528 4124 1793 4193 praisenti.
1827 4139 1925 4179 nec
1953 4123 2059 4177 vir-

513 4228 620 4271 tute
651 4224 896 4282 humana,
930 4218 1021 4271 sed
1051 4219 1213 4286 gratia
1250 4218 1339 4271 Dei
1373 4233 1463 4283 per
1489 4218 1664 4270 .lesum
1715 4216 1980 4270 Christum
2007 4217 2055 4268 in

510 4311 910 4364 resurrectionis
939 4311 1098 4379 gloria
1132 4309 1528 4377 perliciendum.

581 4401 715 4463 Quid
763 4401 862 4452 vult
892 4401 1257 4453 seminiverbius
1296 4400 1376 4452 hic
1403 4399 1606 4453 dicere?
1653 4400 1811 4454 Recte
1843 4400 2058 4454 semini-

2079 3164 2127 3226 C

2159 1951 2249 2003 per
2270 1934 2534 1990 Christum
2561 1938 2711 1993 nobis
2734 1938 2956 1992 salutem
2979 1937 3176 2003 datam,
3204 1936 3371 2007 magis
3390 1946 3556 1992 tamen
3578 1951 3679 1992 eum

2161 2025 2452 2092 hominem,
2500 2043 2656 2095 quam
2683 2028 2847 2083 Deum
2881 2043 3208 2096 nuncupans,
3250 2028 3597 2098 incipiensque
3630 2028 3685 2080 ab

2157 2115 2261 2169 illis
2289 2132 2405 2184 qurc
2434 2119 2596 2186 gessit
2640 2119 2692 2171 in
2724 2133 2968 2186 corpore,
3012 2127 3063 2173 et
3094 2133 3154 2173 ea
3185 2119 3359 2172 divina
3389 2116 3681 2180 describens,

2159 2216 2211 2258 ut
2254 2204 2372 2274 plus
2401 2223 2554 2274 quam
2607 2209 2766 2262 homo
2805 2208 2965 2263 fuisse
2991 2208 3276 2273 videretur,
3323 2207 3506 2261 victam
3551 2207 3683 2259 unius

2159 2299 2241 2372 [F.
2262 2297 2426 2369 illius]
2457 2300 2646 2354 virtute
2673 2310 2915 2366 mortem,
2942 2293 3310 2370 mortuumque
3337 2300 3402 2354 ab
3425 2298 3590 2354 inferis
3610 2313 3680 2352 rs-

2156 2394 2461 2447 suscitatum
2486 2391 2756 2461 (paulatim
2774 2392 2917 2447 enim
2939 2392 3069 2448 fides
3087 2386 3320 2459 crescit),
3343 2400 3398 2446 ut
3417 2405 3528 2445 cum
3545 2403 3680 2456 supra

2157 2480 2427 2536 hominem
2446 2480 2603 2536 fuisse
2627 2481 2911 2548 videretur,
2929 2482 3068 2537 Deus
3089 2495 3207 2537 esse
3231 2483 3543 2536 crederetur.
3563 2476 3680 2546 Quid

2170 2576 2308 2628 enim
2359 2575 2576 2630 interest
2622 2591 2726 2645 quo
2753 2578 2974 2646 quisque
3025 2575 3207 2630 credat
3232 2575 3455 2630 ordine?
3497 2574 3598 2627 Non
3639 2573 3681 2628 in

2160 2666 2430 2734 principiis
2460 2665 2692 2735 perfecta
2715 2678 3040 2736 quaaruntur,
3063 2666 3154 2722 sed
3175 2667 3242 2722 de
3263 2665 3424 2722 initiis
3439 2664 3499 2720 ad
3516 2678 3683 2734 eaquae

2159 2757 2388 2826 perfecta
2415 2767 2536 2812 sunt
2565 2758 2886 2828 pervenitur.

2227 2847 2294 2902 In
2322 2848 2433 2919 ipso
2458 2849 2587 2902 enim
2636 2849 2864 2912 vivimus,
2895 2858 2943 2902 et
2974 2865 3244 2916 movemur,
3305 2859 3351 2902 et
3383 2863 3563 2901 sumus.
3605 2843 3684 2897 llic

2160 2951 2364 3006 versus,
2419 2939 2541 3008 quia
2568 2939 2770 2993 difficili
2818 2940 3084 2995 intellecm
3121 2949 3222 3004 est,
3273 2938 3409 2992 beati
3440 2933 3684 3004 Augustini

2161 3026 2335 3080 verbis
2379 3027 2538 3082 debet
2591 3028 2808 3097 exponi.
2847 3046 2865 3080 ι
2903 3029 3162 3095 Ostendit,
3215 3030 3402 3097 inquit,
3431 3025 3682 3096 Apostolus

2161 3119 2324 3175 Deum
2355 3121 2406 3173 in
2438 3119 2539 3185 his,
2571 3135 2686 3188 qua:
2717 3120 2935 3186 creavit,
2965 3121 3329 3175 indesinenter
3357 3117 3572 3188 operari.
3597 3116 3684 3170 Ne-

2159 3224 2262 3279 que
2286 3210 2428 3266 enim
2459 3219 2707 3279 tanquam
2740 3211 3035 3265 substantia
3058 3210 3172 3280 ejus
3199 3211 3277 3264 sic
3315 3209 3366 3263 in
3397 3210 3481 3263 illo
3504 3221 3682 3269 sumus,

2159 3302 2603 3372 quemadmodum
2636 3301 2834 3356 dictum
2855 3311 2956 3367 est,
2987 3300 3128 3371 quod
3159 3301 3350 3355 habeat
3377 3300 3527 3352 vitam
3553 3298 3684 3351 inse-

2162 3395 2422 3463 metipso;
2476 3394 2567 3449 sed
2599 3395 2777 3462 utique
2802 3409 2923 3449 cum
2963 3391 3102 3448 aliud
3149 3405 3333 3446 sumus
3384 3405 3528 3458 quam
3565 3388 3681 3456 ipse,

2161 3500 2265 3539 non
2289 3487 2356 3540 ob
2381 3485 2520 3540 aliud
2549 3487 2599 3540 in
2624 3484 2716 3540 illo
2751 3500 2956 3552 sumus,
2987 3484 3085 3540 nisi
3113 3484 3232 3552 quia
3281 3483 3330 3538 id
3354 3491 3602 3551 operatur.
3625 3478 3681 3533 Et

2161 3573 2260 3629 hoc
2286 3583 2366 3629 est
2390 3589 2520 3642 Opus
2564 3574 2680 3644 ejus
2705 3590 2809 3644 quo
2833 3573 3069 3629 continet
3106 3575 3300 3634 omnia.
3333 3583 3385 3628 et
3425 3570 3551 3639 quod
3577 3567 3678 3640 ejus

2157 3665 2412 3734 sapientia
2454 3667 2712 3735 pertendit
2751 3682 2780 3720 a
2807 3667 2910 3720 fine
2934 3680 3098 3734 usque
3118 3664 3185 3718 ad
3216 3665 3372 3718 finem
3402 3661 3604 3726 fortiter,
3628 3670 3677 3717 et

2159 3755 2388 3822 disponit
2416 3757 2592 3810 omnia
2620 3756 2872 3810 suaviter.
2908 3755 3007 3810 Per
3045 3769 3200 3824 quam
3228 3753 3606 3823 dispositionem
3630 3753 3674 3804 in

2160 3848 2249 3900 illo
2271 3848 2514 3911 vivimus,
2547 3857 2602 3902 et
2630 3863 2924 3913 movemur,
2953 3857 3006 3901 et
3045 3862 3248 3902 sumus.
3279 3846 3428 3901 Unde
3453 3845 3679 3914 colligitur

2157 3937 2294 4006 quod
2325 3940 2367 3992 si
2399 3939 2500 3993 hoc
2529 3954 2661 4007 opus
2690 3953 2844 3993 suum
2875 3939 3032 3994 rebus
3060 3938 3414 4004 subtraxerit,
3446 3954 3534 3994 nec
3562 3939 3681 3993 vive-

2160 4048 2298 4097 mus,
2328 4049 2423 4086 nec
2471 4034 2814 4098 movebimur,
2853 4049 2950 4089 nec
2975 4037 3192 4090 erimus.
3227 4055 3244 4088 ›
3283 4035 3348 4089 Et
3380 4035 3525 4102 paulo
3552 4043 3679 4103 post:

2165 4145 2182 4177 t
2211 4123 2389 4192 Neque
2411 4127 2541 4180 enim
2565 4127 2772 4195 (inquit)
2807 4126 2984 4180 caelum
3007 4135 3051 4180 et
3075 4136 3229 4192 terra,
3255 4135 3301 4178 et
3330 4129 3493 4180 omnia
3517 4139 3612 4194 quis
3637 4127 3680 4176 in

2160 4219 2230 4270 eis
2281 4227 2418 4282 sunt,
2464 4219 2708 4272 universa
2762 4217 2964 4271 scilicet
3023 4217 3273 4286 spiritalis
3325 4218 3681 4285 corporalisque

2159 4320 2395 4363 creatura
2427 4312 2476 4364 in
2507 4311 2677 4378 seipsa
2724 4319 2923 4375 manet,
2953 4312 3041 4365 sed
3073 4311 3251 4381 utique
3297 4313 3348 4366 in
3393 4312 3479 4366 illo
3517 4310 3576 4365 de
3593 4324 3681 4378 quo

2159 4401 2350 4454 dictum
2384 4411 2495 4455 est:
2528 4400 2590 4454 In
2622 4402 2708 4455 illo
2746 4403 2876 4454 enim
2904 4403 3135 4467 vivimus,
3177 4410 3224 4455 ct
3254 4419 3519 4466 movemur,
3547 4411 3586 4456 et
3607 4417 3680 4454 stt-

509 4494 740 4560 verhius,
770 4495 818 4546 id
847 4503 944 4556 est,
971 4495 1310 4568 σπερμὸ).ογος
1339 4502 1570 4554 vocatur.
1622 4496 1739 4560 quia
1771 4509 1949 4546 semen
1977 4504 2056 4546 est
2087 4506 2133 4564 ι)
2161 4510 2288 4545 mus.
2333 4493 2463 4559 Quia
2490 4502 2542 4547 et
2570 4495 2614 4546 si
2643 4509 2969 4561 unaqquue
2997 4508 3116 4561 pars
3147 4504 3320 4562 potest
3345 4509 3460 4550 esse
3487 4495 3532 4546 in
3568 4502 3679 4554 toto,

513 4588 726 4638 veihunt
763 4585 875 4638 Dei.
911 4585 975 4638 Et
1006 4586 1114 4652 ipse
1143 4586 1334 4638 Paulus
1377 4585 1656 4651 Apostolus
1683 4585 1835 4638 dicit:
1866 4586 1929 4639 Si
1967 4603 2054 4638 nos

510 4680 638 4730 z-ohis
660 4679 904 4746 spiritalia
920 4678 1288 4741 seminavimus,
1317 4688 1417 4731 etc.
1450 4676 1501 4745 (Ι
1531 4675 1645 4730 Cor.
1677 4678 1772 4745 ix).

581 4768 751 4820 Inveni
796 4785 958 4833 aram,
1009 4770 1057 4821 in
1095 4787 1188 4838 qua
1233 4771 1470 4836 scriptum
1511 4780 1659 4822 erat:
1710 4769 1887 4837 Ignoto
1932 4772 2052 4825 Ileo.

511 4861 740 4912 Notusin
775 4861 948 4913 ind-tea
991 4862 1148 4920 Deus,
1191 4861 1280 4914 sed
1324 4877 1424 4914 non
1467 4872 1728 4930 receptus.
1761 4863 1972 4931 Ignotus
2001 4864 2053 4918 in

511 4951 702 5002 Achaia
756 4950 909 5011 Deus,
939 4953 1173 5018 quamvis
1203 4967 1292 5018 per
1324 4953 1482 5004 multa
1528 4953 1799 5018 quaesitus.
1835 4955 1898 5007 Et
1939 4955 2056 5010 ideo

513 5039 596 5106 qui
629 5041 828 5107 ignorat
858 5040 1197 5104 ignorabitur,
1249 5044 1335 5107 qui
1370 5045 1739 5109 prmvaricatur
1787 5046 2057 5099 damnabi-

513 5145 614 5183 tur.
644 5132 822 5183 Ncntii
855 5133 1113 5183 immunes
1145 5149 1171 5183 a
1205 5133 1375 5200 culpa,
1408 5135 1498 5184 scd
1525 5136 2056 5204 excusaliiliores,qui

513 5224 663 5274 fidem
689 5237 789 5274 non
824 5222 1057 5275 obtulere
1085 5222 1312 5285 Christo,
1347 5241 1498 5290 quem
1543 5228 1866 5293 nesciebant,
1903 5245 2055 5296 quam

509 5315 592 5382 qni
618 5329 803 5367 manus
835 5314 1051 5365 intulere
1082 5315 1309 5380 Christo,
1343 5333 1496 5382 quem
1530 5317 1786 5370 sciebant.

582 5407 709 5458 Deus
737 5409 821 5473 qui
855 5405 968 5474 fecit
1013 5410 1272 5469 mundum,
1320 5418 1363 5458 el
1414 5409 1575 5460 omnia
1605 5425 1717 5477 qua:
1757 5412 1806 5460 in
1839 5428 1892 5462 eo
1923 5423 2055 5473 sunt,

506 5498 585 5548 hic
613 5501 722 5551 cwli
747 5511 789 5550 et
830 5509 856 5550 t.
879 5517 972 5552 rm?
1007 5517 1114 5551 cum
1142 5500 1204 5552 δέ(
1239 5500 1498 5563 Dominus,
1531 5519 1625 5554 non
1673 5503 1721 5554 in
1757 5504 2057 5571 tnomtfacti;

508 5589 702 5650 {emptis
732 5590 941 5651 Ital/iiut,
975 5603 1027 5643 ct
1054 5605 1260 5645 (HL-tera.
1292 5596 1430 5647 Ordo
1454 5595 1731 5660 diligi-nter
1759 5597 2058 5661 apuslulit'u}

505 5679 871 5741 .!i~ptt!:itiunis
928 5689 1006 5731 est
1058 5685 1353 5744 intuendus”,
1415 5701 1510 5750 qua
1565 5686 1635 5738 ita
1667 5686 1800 5751 apud
1837 5688 2056 5753 gentiles

506 5779 748 5820 hui-status
775 5770 960 5823 seriem
995 5771 1204 5836 format,
1235 5783 1281 5826 ut
1313 5775 1537 5840 primum
1584 5791 1743 5830 unum
1779 5777 1935 5832 Deum
1966 5796 2049 5832 uu-

2160 4580 2308 4651 cnjus
2336 4597 2456 4650 pars
2483 4592 2584 4642 cst.
2640 4584 2807 4651 ipsum
2839 4593 3013 4639 tamen
3040 4593 3204 4637 totum
3253 4601 3356 4638 non
3397 4595 3493 4648 est,
3523 4583 3606 4636 nisi
3635 4584 3678 4634 in

2160 4678 2270 4740 illo,
2303 4691 2330 4728 a
2356 4693 2457 4744 quo
2507 4676 2771 4729 conditum
2818 4685 2919 4730 est.
2961 4693 2980 4728 ι
3017 4676 3154 4730 Idem
3189 4677 3368 4730 beatus
3393 4676 3681 4745 Augustinus

2158 4771 2324 4823 alibi:
2363 4789 2378 4820 ‹
2434 4770 2542 4822 Hoc
2590 4769 2801 4839 (inquit)
2859 4770 2902 4823 si
2942 4770 3227 4824 secundum
3278 4784 3464 4838 corpus
3509 4769 3680 4821 diceret

2160 4862 2463 4929 Apostolus,
2495 4864 2650 4915 etiam
2679 4863 2746 4915 de
2776 4861 2876 4914 isto
2904 4875 3160 4928 corporeo
3191 4860 3386 4913 mundo
3412 4867 3572 4926 posset
3609 4857 3678 4908 in-

2162 4957 2337 5024 telligi.
2370 4957 2498 5009 Nam
2543 4965 2593 5007 et
2622 4955 2672 5008 in
2720 4954 2810 5007 illo
2837 4954 3124 5007 secundum
3153 4967 3343 5019 corpus
3373 4953 3596 5013 vivimus,
3634 4957 3676 5000 et

2161 5063 2436 5100 movemur
2465 5057 2516 5099 et
2545 5061 2746 5100 Sumus.
2784 5063 2802 5095 ι
2836 5045 3007 5108 Unde,
3033 5044 3320 5098 secundum
3348 5053 3561 5094 mentem
3578 5052 3677 5104 qua

2163 5138 2292 5190 facta
2326 5150 2404 5191 est
2433 5138 2496 5190 ad
2528 5139 2643 5205 ejus
2689 5136 2990 5203 imaginem,
3019 5135 3175 5189 debet
3205 5136 3301 5188 hoc
3347 5135 3499 5202 accipi
3528 5129 3679 5186 excel-

2161 5231 2380 5283 lentiore
2404 5230 2627 5296 quodam
2682 5227 2973 5295 eodemque
3019 5243 3119 5282 non
3151 5227 3362 5291 visibili,
3393 5227 3482 5281 sed
3511 5220 3680 5278 intelli-

2158 5325 2298 5392 g'bili
2333 5323 2503 5374 modo.
2536 5323 2668 5374 Nam
2698 5319 2818 5390 quid
2852 5337 2954 5374 non
2986 5329 3065 5375 cst
3094 5321 3143 5372 in
3172 5323 3306 5387 ipso,
3367 5320 3431 5372 de
3475 5333 3568 5383 quo
3605 5316 3677 5366 di-

2161 5429 2275 5464 rane
2301 5411 2550 5477 scriptum
2581 5419 2661 5463 est
2687 5427 2699 5464 :
2738 5409 2986 5475 Quoniam
3011 5427 3070 5464 ea;
3098 5412 3230 5479 ipso,
3257 5421 3302 5462 et
3326 5427 3410 5477 per
3446 5410 3613 5478 ipsum,
3639 5415 3680 5457 et

2158 5505 2208 5554 iri
2241 5504 2345 5570 ipso
2376 5513 2486 5553 sunt
2511 5503 2677 5553 omnia
2708 5501 2885 5569 (Rom.
2917 5500 3028 5558 xu?

2232 5595 2374 5649 Sicut
2419 5603 2462 5643 et
2507 5595 2708 5659 quidam
2731 5606 2998 5646 vestrorum
3027 5602 3284 5661 poetarum
3317 5591 3557 5645 dixerunt.
3587 5586 3681 5638 Hoc

2160 5697 2257 5747 est,
2284 5683 2419 5751 quod
2447 5683 2568 5735 alibi
2601 5682 2759 5735 dicit:
2795 5681 2936 5735 Nihil
2958 5685 3184 5751 judicari
3212 5700 3286 5734 me
3313 5683 3436 5734 scire
3455 5685 3569 5732 inter
3591 5691 3677 5728 vos.

2162 5779 2255 5830 nisi
2302 5777 2471 5832 Jrsuin
2521 5779 2844 5847 cruciﬁxum.
2904 5778 2992 5832 llis
3042 5779 3177 5831 enim
3211 5777 3295 5846 qui
3340 5775 3676 5845 prophetatum
