3860 6230
159 373 260 431 98!

1071 364 1285 422 SUPER
1324 362 1504 418 ACTA
1541 356 2040 416 APOSTOLOHUM
2081 352 2462 411 EXPOSITIO.

3261 348 3372 406 989

162 491 323 546 ﬁdem
351 503 458 544 non
483 485 830 555 recipiebant,
859 498 970 538 non
994 483 1145 547 Mosi,
1171 497 1273 536 non
1298 479 1468 552 Isaiae,
1503 477 1587 532 vel
1617 476 1715 528 ali-
1743 478 1789 535 Α
1820 483 1994 528 ctores
2022 472 2272 526 Ecclesiae
2321 467 2672 536 Hieronymus
2698 473 2752 520 et
2796 462 3136 532 Augustinus,
3167 461 3219 518 ln
3256 466 3368 517 suis

162 582 316 649 cujus
359 567 758 648 prophetarum,
809 573 900 651 sed
930 584 1203 628 auctorum
1243 584 1460 628 suorum
1489 567 1721 636 loquitur

165 668 509 732 testimoniis,
538 680 743 720 versum
791 663 1037 717 videlicet
1064 662 1210 715 Arati
1240 660 1546 722 decantans,
1575 663 1630 710 et
1657 656 1722 709 de

164 761 319 817 falsis
345 763 601 829 ipsorum,
629 759 818 830 quibus
839 756 1200 811 contradicere
1221 769 1325 809 non
1351 762 1612 822 poterant,
1628 765 1722 805 sua

165 870 298 911 vera
323 855 666 910 conﬁrmans.
699 854 901 921 Magna:
948 852 1140 935 quippe
1184 849 1419 904 scientias
1463 854 1565 912 est,
1597 845 1724 900 dare

165 947 222 1001 in
247 957 490 1014 tempore
509 945 708 1001 cibaria
731 942 1022 1009 conseri-is,
1046 951 1099 997 et
1121 939 1442 995 audienti-um
1482 937 1723 992 conside-

163 1052 287 1091 rare
312 1051 580 1105 personas.

238 1127 413 1196 Ipsius
469 1129 604 1181 enim
649 1135 696 1181 et
749 1140 905 1196 genus
960 1136 1154 1176 sumus.
1208 1117 1382 1174 Genus
1432 1116 1724 1172 rectissime

164 1219 397 1273 dicimur
451 1218 583 1283 Dei,
623 1231 725 1271 non
773 1231 838 1270 ex
894 1214 1010 1284 ejus
1065 1222 1250 1266 natura
1299 1210 1458 1277 editi,
1498 1207 1589 1263 sed
1631 1222 1724 1275 per

164 1310 413 1375 spiritum
444 1307 583 1362 illius
611 1316 665 1364 et
685 1305 984 1362 voluntarie
1019 1303 1210 1368 creati,
1253 1309 1308 1357 et
1340 1299 1622 1370 adeptione
1650 1313 1727 1353 re-

161 1400 358 1454 creati.

237 1490 305 1544 In
333 1491 506 1559 quibus
544 1499 591 1544 et
635 1488 908 1558 Dionysius
935 1485 1263 1557 AreOpagita'.
1289 1483 1382 1537 Hic
1410 1490 1494 1537 est
1526 1479 1723 1548 Diony-

163 1583 298 1646 sius,
357 1581 445 1648 qui
495 1591 614 1649 post
643 1579 923 1648 episcopus
952 1577 1345 1631 Corinthiorum
1373 1572 1601 1641 gloriose
1628 1571 1726 1625 Ec-

162 1671 390 1725 clesiam
433 1671 592 1739 rexit,
624 1670 892 1736 multaque
920 1667 984 1720 ad
1013 1665 1291 1721 utilitatem
1323 1662 1572 1717 Ecclesia:
1605 1675 1722 1730 per-

167 1761 416 1825 tinentia,
445 1775 562 1830 qua:
593 1760 847 1815 hactenus
870 1766 1103 1823 manent,
1131 1755 1326 1826 ingenii
1353 1755 1433 1808 sui
1458 1752 1722 1806 volumina

1822 574 2040 631 uterque
2063 559 2322 630 epistolis,
2354 567 2408 613 et
2436 554 2688 627 singulari
2721 568 2942 609 numero
2972 561 3190 620 ponunt,
3222 561 3276 609 et
3299 552 3366 606 de

1821 653 1985 709 Paulo
2028 653 2453 722 interpretantur.
2499 648 2818 702 l’onitenim
2870 647 2937 698 ita
2977 644 3363 714 Hieronymus:

1825 763 1846 797 ι
1883 743 2154 798 Fratribus
2181 742 2473 796 ialedicens
2522 738 2798 807 navigabat
2823 734 3050 806 Syriam,
3081 743 3276 788 etcum
3306 748 3372 788 eo

1822 834 2056 890 Priscilla
2081 844 2134 889 et
2164 831 2437 901 Aquila,et
2457 828 2681 907 totondit
2705 826 2804 882 sibi
2835 826 2885 880 in
2907 825 3160 880 Cenchris
3184 834 3365 892 caput,

1822 938 2002 985 votum
2032 929 2172 983 enim
2204 927 2475 980 habuerat.
2514 941 2535 975 ι

1893 1018 2152 1090 Profectus
2180 1029 2252 1074 est
2290 1017 2353 1072 ab
2391 1015 2616 1083 Epheso.
2657 1023 2705 1068 et
2736 1013 3058 1078 descendens,
3092 1009 3368 1064 Casurum

1821 1116 2067 1176 ascendit,
2091 1122 2138 1167 et
2175 1112 2410 1167 salutavit
2441 1109 2738 1163 Ecclesium.
2771 1105 3063 1160 Ctesaream
3095 1101 3367 1172 Cappado-

1823 1207 1920 1260 ciae
1949 1203 2285 1272 metmpolim
2307 1200 2453 1255 dicit.
2477 1199 2716 1254 Nondum
2748 1198 2887 1251 enim
2910 1195 2962 1248 in
2982 1192 3186 1263 Syriam
3215 1190 3371 1246 l’hm—

1825 1297 1958 1350 nicis
1979 1295 2283 1349 advenerat.
2317 1291 2438 1345 llzcc
2466 1287 2730 1358 quondam
2773 1301 2801 1339 a
2845 1284 3023 1339 Mosoe
3050 1282 3160 1337 lilio
3178 1281 3373 1350 Japbet

1825 1386 2068 1442 Mosacha
2094 1384 2252 1449 dicta,
2297 1392 2417 1450 post
2452 1394 2494 1434 a.
2517 1378 2723 1432 Caesare
2750 1376 2984 1446 Augusto
3011 1371 3248 1428 Caesarea
3278 1387 3372 1426 no-

1825 1493 1944 1532 men
1973 1477 2198 1544 accepit.
2401 1473 2404 1477 ’

1897 1569 1997 1635 Qui
2033 1584 2146 1620 cum
2171 1567 2379 1620 venisset
2402 1603 2418 1631 ,
2448 1561 2657 1618 contulit
2698 1561 2910 1614 multum
2938 1559 3000 1612 iis
3027 1555 3113 1627 qui
3145 1554 3372 1608 credide-

1825 1671 1964 1716 runt.
2017 1659 2368 1714 Vehementer
2422 1655 2566 1709 enim
2620 1653 2831 1707 .ludteos
2880 1647 3200 1705 revincebat.
3261 1646 3373 1700 Alia

1827 1747 2099 1804 translatio
2126 1747 2281 1801 habet
2307 1762 2321 1798 :
2347 1743 2548 1814 Profuit
2571 1740 2784 1795 multum
2807 1738 3117 1792 credentibus
3146 1751 3234 1801 per
3257 1751 3375 1804 gre-

160 1856 384 1923 reliquit
406 1840 424 1918 V,
463 1868 754 1922 cognomen
799 1867 828 1906 a
879 1851 998 1906 loco
1037 1851 1121 1905 cui
1173 1854 1395 1918 praeerat
1433 1845 1716 1913 accipiens.
1759 1812 1800 1870 Β
1827 1840 1968 1892 tiam.
2003 1837 2109 1892 lloc
2138 1844 2221 1890 est
2249 1849 2376 1903 ergo
2416 1833 2555 1903 quod
2587 1831 2784 1886 eisdem
2827 1827 3068 1883 Achaicis
3099 1828 3378 1896 Apostolus

165 1949 476 2014 Areopagus
526 1953 607 1999 est
648 1944 787 1998 enim
844 1943 1169 1998 Athenarum
1221 1938 1363 1993 curia
1396 1977 1412 2002 ,
1453 1949 1650 1991 nomen
1691 1947 1720 1986 a

159 2035 334 2090 Marte
364 2034 596 2090 trahens.
631 2034 690 2090 Si
719 2033 932 2102 quidem
956 2032 1137 2088 Graece
1166 2028 1329 2095 Mars,
1352 2026 1498 2102 ἅρης.
1525 2033 1578 2081 et
1601 2023 1724 2079 villa

159 2127 330 2196 πάγος
359 2125 569 2181 dicitur.

733 2214 958 2272 CAPUT
981 2213 1165 2269 XVIII.

236 2307 318 2363 Eo
346 2307 506 2379 quod
533 2308 844 2378 pracepisset
873 2304 1115 2360 Claudius
1141 2301 1391 2356 discedere
1416 2313 1586 2355 omnes
1627 2295 1724 2350 Ju-

159 2398 301 2452 dtzos
327 2415 360 2451 a
387 2395 720 2456 Ramessﬂoc
756 2396 1018 2464 Josephus
1057 2408 1194 2448 nono
1222 2391 1424 2447 Claudii
1472 2403 1612 2444 anno
1649 2387 1724 2442 fa-

170 2498 320 2542 ctum
348 2495 546 2542 narrat.
593 2487 875 2542 Suetonius
910 2493 1088 2540 autem
1120 2482 1398 2537 historicus
1428 2481 1529 2535 hoc
1569 2478 1725 2533 modo

171 2582 372 2636 refert:
399 2580 650 2636 Claudius
677 2578 906 2644 Judtcos,
947 2577 1236 2646 impulsore
1256 2575 1491 2640 Christo,
1519 2573 1726 2628 assidue

165 2670 545 2723 tumultuantes
593 2667 758 2722 Roma
816 2666 1035 2735 expulit.
1101 2664 1251 2731 Quod
1308 2675 1481 2718 utrum
1543 2669 1725 2716 contra

162 2760 432 2813 Christum
460 2757 852 2814 tumultuantes
872 2757 1083 2813 Judaeos
1107 2755 1339 2811 coerceri
1369 2764 1420 2809 et
1447 2751 1724 2820 comprimi

165 2851 416 2920 jusserit,
458 2865 524 2904 an
560 2851 717 2905 etiam
760 2847 1088 2903 Christianos
1136 2846 1291 2901 simul
1325 2846 1462 2900 velut
1493 2852 1728 2913 cognatae

164 2947 438 3015 religionis
469 2947 713 3002 homines
742 2945 965 3002 voluerit
1010 2945 1238 3014 expelli,
1289 2957 1617 3013 nequaquam
1647 2942 1730 2996 di-

163 3039 450 3093 scernitur.

1821 1929 2002 1984 scribit
2033 1943 2047 1981 :
2079 1926 2187 1996 Ego
2212 1924 2455 1997 plantavi,
2482 1921 2668 1992 Apollo
2689 1920 2868 1990 rigavit
2890 1918 2945 1990 (.l-
2970 1917 3089 1973 Cor.
3123 1916 3228 1988 tu).

2391 2033 2613 2089 CAPUT
2652 2031 2793 2085 XIX.

1893 2119 2134 2188 Dixitque
2168 2117 2236 2171 ad
2284 2132 2366 2171 eos
2407 2130 2427 2170 :
2457 2114 2517 2170 Si
2557 2113 2806 2184 Spiritum
2849 2119 3075 2164 sanctum
3117 2109 3378 2177 accepistis

1825 2211 2122 2266 credentes?
2156 2210 2261 2263 lloc
2289 2215 2388 2272 est,
2419 2205 2475 2261 Si
2507 2212 2618 2273 post
2649 2201 2905 2271 baptisma
2946 2215 3131 2254 manus
3156 2199 3369 2268 imposi-

1828 2301 2042 2364 tionem,
2075 2313 2177 2368 qua
2205 2297 2435 2367 Spiritus
2464 2301 2676 2349 sanctus
2702 2291 2812 2346 dari
2831 2290 2969 2344 solet
2994 2289 3308 2355 accepistis?

1891 2390 2115 2445 Joannes
2159 2386 2428 2456 baptizavit
2472 2383 2716 2452 baptismo
2757 2379 3074 2452 panitentitc.
3123 2377 3237 2432 Non
3280 2376 3380 2432 hoc

1824 2482 2104 2550 baptisma,
2139 2479 2330 2548 inquit,
2370 2476 2739 2532 remissionem
2777 2481 3109 2541 peccatorum
3139 2470 3336 2526 donare
3360 2512 3377 2536 ,

1824 2576 1920 2631 sed
1964 2573 2324 2642 paenitentiam
2363 2579 2561 2624 tantum
2607 2565 2778 2635 potuit
2816 2564 3030 2618 docere.
3077 2560 3206 2616 Nam
3244 2562 3383 2617 sicut

1825 2666 2035 2737 signum
2064 2661 2490 2718 circumcisionis
2527 2658 2857 2728 signaculum
2889 2655 2940 2709 ln
2978 2653 3289 2723 patriarcbis
3318 2653 3380 2707 ll-

1823 2757 1908 2813 dei
1937 2770 2092 2825 quam
2133 2754 2390 2825 gerebant
2418 2753 2725 2814 exstiterat,
2772 2748 2845 2802 ita
2874 2756 2946 2801 et‘
2971 2745 3070 2800 boc
3114 2745 3377 2799 lavacrum

1825 2846 2047 2917 populus
2081 2844 2377 2914 pmnitens,
2409 2839 2557 2911 quasi
2598 2838 2864 2903 singulare
2910 2834 3235 2905 signaculum
3272 2848 3381 2887 sum

1823 2936 2120 2993 devotionis
2157 2935 2404 3003 accepit:
2451 2931 2588 3002 quod
2630 2940 2805 2984 tamen
2850 2929 3023 2996 ipsum
3069 2926 3375 2998 ﬁguraliter,

1825 3029 1983 3084 etiam
2014 3027 2210 3083 Christi
2240 3026 2499 3095 baptisma
2546 3038 2650 3093 quo
2689 3020 2928 3076 remissio
2957 3020 3170 3075 daretur
3204 3028 3380 3074 osten-

231 3127 396 3183 Erant
435 3139 602 3182 autent
627 3129 1005 3199 scenofactorite
1032 3127 1176 3180 artis.
1230 3125 1390 3192 Quasi
1418 3124 1631 3180 exsules
1672 3122 1722 3177 in
1756 3144 1804 3209 ρ
1832 3119 2003 3176 deret.

167 3227 302 3271 terra
333 3230 387 3273 et
419 3221 703 3287 peregrini,
737 3217 958 3272 tentoria
988 3217 1110 3282 sibi,
1143 3217 1333 3285 quibus
1377 3216 1427 3269 in
1462 3214 1542 3268 via
1571 3223 1732 3267 utan-

169 3317 270 3374 tur,
323 3308 616 3375 aedificant;
653 3319 833 3368 σκῆναι
876 3307 1060 3362 Graece
1092 3305 1419 3359 tabernacula
1463 3303 1733 3368 dicuntur,

171 3402 546 3473 etymologiam
602 3401 668 3456 ab
708 3399 1078 3456 aliumbrando
1113 3398 1378 3465 ducentia,
1424 3397 1562 3467 apud
1603 3411 1735 3466 quos

170 3495 340 3551 umbra
367 3497 486 3549 σκία
514 3494 727 3558 dicitur,
745 3502 921 3551 σκῆναι
947 3503 1122 3546 autem
1147 3493 1223 3547 vel
1250 3485 1735 3560 σκηνώματα,(ιυ88ί

170 3584 461 3636 umbracula
509 3591 717 3646 sonant,
769 3597 888 3650 quae
933 3582 1075 3652 sagis
1114 3582 1278 3636 laneis
1328 3581 1407 3634 vel
1435 3580 1624 3648 ligneis
1644 3587 1733 3632 aut

170 3672 415 3739 ciliciuis,
437 3674 549 3727 sive
575 3686 639 3726 ex
668 3671 918 3726 arborum
944 3671 1217 3726 lrondibus
1253 3680 1344 3726 aut
1371 3672 1614 3741 virgultis
1645 3684 1732 3725 ve-

173 3772 304 3815 teres
336 3777 452 3815 com
464 3760 745 3829 ponebant.
788 3761 1004 3831 Mystice
1057 3772 1255 3825 autem,
1281 3761 1421 3814 sicut
1451 3760 1636 3813 Petrus
1659 3759 1735 3827 pi-

172 3853 378 3913 scando,
414 3867 510 3904 nos
538 3866 566 3903 a
594 3850 835 3906 ﬂuctibus
863 3854 1040 3905 saeculi
1093 3867 1187 3918 per
1219 3853 1352 3905 retia
1395 3851 1516 3904 fidei
1548 3860 1730 3904 extra-

178 3944 268 4008 hit,
303 3945 370 3996 ita
401 3942 596 3996 Paulus
641 3943 948 3997 umbracula
974 3941 1320 4011 protectionis
1351 3940 1626 4012 erigendo,
1665 3940 1733 3994 ab

176 4036 336 4089 imbre
366 4050 462 4089 nos
510 4034 809 4099 criminum,
853 4035 920 4088 ab
955 4034 1149 4088 ardore
1193 4033 1566 4097 tentationum,
1613 4039 1664 4086 et
1700 4047 1730 4086 a

177 4131 343 4184 ventis
379 4131 690 4184 insidiarum
713 4130 873 4184 verbo
903 4128 1161 4198 lactisque
1200 4127 1456 4183 defendit.
1489 4126 1733 4195 Sequun-

179 4231 256 4274 tur
284 4224 334 4276 in
363 4222 464 4277 hoc
493 4221 609 4277 loco
647 4222 754 4276 duo
783 4235 968 4276 versus
995 4221 1047 4274 in
1080 4219 1287 4286 Graeco,
1322 4218 1410 4289 qui
1436 4218 1489 4273 in
1515 4217 1730 4286 quibus-

178 4315 288 4367 dam
317 4313 512 4368 nostris
539 4312 819 4367 Codicibus
846 4328 950 4365 non
976 4311 1253 4366 habentur.

245 4403 540 4472 Disputabat
581 4416 746 4456 autem
775 4404 826 4455 in
854 4417 1110 4471 synagoga
1139 4416 1227 4467 per
1253 4415 1397 4451 omne
1427 4397 1728 4463 Sabbalum,

1912 3209 2004 3262 His
2031 3207 2239 3269 auditis,
2272 3206 2510 3282 baptisatt
2537 3213 2654 3258 sunt
2679 3205 2730 3256 in
2759 3201 2960 3256 nomine
3002 3199 3209 3254 Domini
3236 3198 3378 3253 Jcsn.

1836 3298 2066 3368 Quaestio
2094 3297 2282 3353 crebro
2312 3296 2626 3362 ventilatur,
2669 3303 2843 3347 utrum
2875 3292 2942 3346 illi
2984 3291 3072 3359 qui
3103 3305 3196 3358 per
3231 3291 3382 3358 igno-

1836 3390 2060 3444 rantiam
2095 3387 2227 3441 forte
2252 3401 2281 3439 a
2305 3400 2408 3439 non
2438 3384 2730 3453 haptizatis,
2760 3381 2852 3436 sed
2883 3390 3052 3435 tamen
3081 3388 3237 3435 recta:
3263 3379 3384 3435 lldei

1835 3478 2096 3547 aliquibus
2140 3475 2390 3543 baptizati
2422 3484 2574 3538 sunt,
2605 3473 2791 3528 iterum
2831 3470 3080 3538 baptizari
3124 3469 3384 3535 debeant;

1832 3585 1987 3640 quam
2019 3570 2116 3623 hoc
2138 3567 2370 3636 capitulo
2397 3563 2690 3633 expositam
2717 3577 2854 3618 reor.
2883 3562 3016 3627 Quid
3043 3561 3185 3615 enim
3208 3560 3387 3614 dillert

1833 3677 2011 3719 utrum
2053 3673 2175 3717 tunc
2203 3671 2324 3715 ante
2355 3661 2561 3713 initium
2604 3655 2848 3724 baptismi
2889 3653 3117 3719 Christi,
3151 3649 3217 3706 an
3248 3667 3388 3706 nunc

1833 3754 1948 3808 sine
1985 3751 2320 3808 successione
2357 3748 2591 3818 ejusdem
2637 3747 2856 3814 quisque
2901 3745 3216 3814 baptizatur,
3265 3758 3383 3796 cum

1833 3843 1988 3896 etiam
2025 3841 2134 3908 ipse
2175 3839 2406 3894 Joannes
2449 3850 2544 3892 eos
2586 3849 2716 3904 quos
2760 3833 2811 3887 in
2853 3832 2954 3886 ﬁde
2991 3841 3045 3886 et
3083 3833 3134 3886 in
3177 3845 3387 3885 nomine

1832 3933 2028 3988 Christi
2068 3931 2193 3986 licet
2220 3927 2423 3984 venturi
2467 3926 2852 3993 baptizaverat,
2890 3923 3077 3977 iterum
3111 3921 3386 3989 baptizan-

1833 4024 1930 4078 dos
1957 4037 2073 4078 esse
2099 4017 2483 4091 pradicaverit,
2509 4018 2689 4071 dicens
2721 4034 2732 4068 :
2762 4013 2870 4084 Ego
2898 4015 3096 4080 baptizo
3121 4028 3204 4065 vos
3229 4028 3381 4080 aqua,

1832 4115 1919 4166 ille
1957 4127 2038 4165 vos
2068 4110 2333 4180 baptisabit
2372 4109 2424 4160 in
2463 4106 2660 4175 Spiritu
2703 4114 2875 4158 sancto
2919 4103 3126 4174 (llattlt.
3161 4103 3282 4172 tu)?
3324 4103 3393 4158 Si.

1832 4205 1970 4259 enim
2005 4216 2141 4255 nunc
2173 4199 2364 4254 talibus
2403 4197 2469 4251 ad
2507 4194 2798 4250 remedium
2829 4195 2939 4248 sola
2983 4193 3388 4247 communicatio

1831 4298 2070 4361 corporis
2104 4302 2157 4346 et
2200 4290 2470 4361 sanguinis
2511 4285 2744 4350 Christi,
2789 4295 2846 4338 ιιι
2881 4283 3092 4353 quidam
3134 4283 3388 4350 dogmati-

1834 4393 1976 4448 sant,
2004 4382 2248 4437 sufficere
2277 4386 2474 4449 posset,
2510 4377 2766 4445 potuisset
2788 4387 2841 4428 et
2869 4383 2991 4427 tunc
3015 4389 3029 4431 ;
3063 4386 3230 4438 neque
3255 4387 3386 4439 opus

182 4464 504 4559 suadebatque
544 4491 742 4547 Judaei:
782 4502 825 4547 el
853 4464 1064 4546 (ξηεξξιί
1094 4464 1170 4544 Ac
1199 4490 1389 4544 deinde
1432 4488 1568 4558 quod
1599 4488 1725 4540 utri-
1757 4489 1809 4546 ι)
1835 4487 1972 4531 esset
1997 4491 2024 4528 a
2049 4473 2243 4529 Christi
2266 4470 2536 4539 discipulis
2560 4467 2811 4537 baptizari
2837 4479 2970 4535 quos
2996 4464 3228 4542 Joannes
3253 4479 3385 4533 aqua

184 4603 278 4656 que
304 4588 520 4643 Codices
543 4587 755 4650 habent,
783 4586 1114 4656 adiungitur:

249 4676 366 4730 Cum
389 4680 633 4731 venissent
683 4693 714 4728 a
766 4676 1065 4730 Macedonia
1096 4675 1234 4729 Silas
1258 4682 1302 4728 et
1333 4674 1646 4745 Timotheus,
1680 4688 1731 4734 et

189 4779 382 4822 caetera.
420 4769 515 4834 Qui
542 4767 634 4820 sibi
651 4768 936 4820 tetenderat
960 4768 1009 4820 in
1035 4764 1272 4821 Cenchris
1303 4775 1492 4834 caput;
1524 4770 1732 4824 habebat

190 4860 308 4911 enim
331 4870 509 4910 colunt.
533 4857 784 4911 Cencbra:
815 4868 991 4924 portus
1019 4865 1099 4910 est
1138 4857 1398 4920 Corinthi,
1433 4857 1520 4911 ubi
1554 4859 1729 4913 navim

193 4963 480 5003 ascensurus
501 4955 659 5015 caput
685 4962 744 5002 ex
770 4956 892 5001 voto
924 4946 1164 5001 totondit.
1202 4947 1354 5014 Nam,
1375 4947 1524 5016 juxta
1565 4948 1730 5017 legem

195 5037 334 5098 llosi.
366 5041 447 5107 qui
480 5055 536 5092 se
563 5039 670 5092 Deo
700 5047 972 5100 voverunt,
1008 5052 1212 5091 comam
1244 5039 1462 5103 nutrire,
1497 5037 1729 5107 quandiu

197 5127 389 5182 Nazarei
417 5130 528 5183 fieri
557 5129 745 5190 velint,
773 5139 823 5181 et
855 5138 1035 5197 postea
1064 5143 1178 5180 eam
1204 5127 1421 5181 tondere
1451 5137 1607 5196 atque
1627 5128 1731 5196 igni

201 5217 389 5273 tradere
428 5219 768 5284 jubebantur.
805 5218 926 5271 llazc
950 5232 1072 5286 ergo
1096 5216 1218 5271 fecit
1242 5217 1452 5280 Paulus,
1487 5232 1587 5271 non
1619 5218 1731 5284 qui-

200 5307 301 5360 dem
346 5309 560 5374 oblitus,
612 5310 737 5378 quid
791 5309 856 5363 de
885 5309 1171 5362 abolitione
1221 5308 1348 5376 legis
1378 5323 1494 5361 cum
1528 5310 1730 5362 etc-teris

201 5397 422 5463 aposmlis
455 5398 804 5466 .lerosMytnis
850 5405 1123 5459 statuerat,
1172 5394 1263 5449 sed
1316 5411 1380 5448 ne
1410 5395 1730 5447 scandaliza-

206 5500 384 5554 reutur,
415 5491 501 5558 qui
532 5507 594 5543 ex
629 5491 824 5543 ludatis
854 5490 1208 5551 crediderant,
1259 5487 1524 5540 simulavit
1553 5501 1610 5540 se
1636 5487 1728 5540 Ju-

205 5578 371 5645 daeum,
404 5593 456 5633 ut
483 5580 694 5634 Judzeos
725 5581 1071 5633 lucrifacerel.
1101 5579 1320 5644 Quidam
1345 5577 1564 5631 Codices
1617 5578 1728 5645 pluo

209 5672 285 5721 r.tli
313 5687 519 5724 numero
550 5671 744 5724 habent
786 5671 1133 5722 Tetenderunt
1163 5676 1317 5734 caput
1344 5713 1356 5733 ,
1400 5675 1446 5718 et
1484 5667 1729 5720 [iubebant

211 5774 373 5830 totum,
425 5763 471 5815 id
500 5773 599 5828 ρει,
659 5761 889 5816 Priscilla
921 5771 972 5815 ct
1003 5759 1206 5828 Aquila.
1268 5759 1370 5813 Sed
1402 5759 1597 5828 cgrcgii
1629 5757 1726 5812 do-

1835 4570 2232 4636 baptizaverat,
2285 4561 2378 4617 sed
2423 4569 2624 4614 tantum
2670 4556 2940 4624 sanguinis
2988 4554 3395 4624 participatione-

1832 4660 2080 4714 confirma
2090 4659 2150 4710 ri.

1907 4751 2067 4803 Erant
2100 4760 2263 4801 autem
2295 4761 2461 4798 omnes
2501 4743 2591 4795 viri
2612 4743 2714 4809 [ere
2744 4737 3026 4802 duodecim,
3057 4746 3157 4791 etc.
3191 4736 3386 4789 Verum

1830 4845 2030 4915 judicia
2066 4842 2156 4895 Dei
2186 4842 2408 4910 abyssus
2439 4835 2620 4888 multa.
2655 4834 2788 4886 Ecce
2833 4829 2953 4883 Asia
2983 4844 3147 4896 nuper
3173 4839 3387 4894 aposto-

1835 4937 2003 4989 lorum
2035 4947 2132 4986 nec
2163 4931 2463 4984 visitatione
2494 4927 2645 4994 digna
2670 4965 2686 4992 ,
2716 4936 2853 4976 nunc
2886 4932 2938 4975 et
2978 4920 3279 4988 Apostolico
3307 4935 3390 4972 sa-

1833 5039 1971 5082 crata
2005 5042 2225 5080 numero
2247 5066 2260 5090 ,
2291 5037 2342 5078 et
2373 5020 2668 5089 prephetali
2711 5027 2793 5072 est
2842 5031 3058 5070 munere
3088 5014 3386 5067 sublimata.

1835 5121 1896 5173 Et
1925 5120 2209 5171 notandum
2237 5113 2374 5184 quod
2410 5112 2632 5179 Spiritus
2663 5117 2878 5162 sanctus
2907 5118 2958 5159 et
2989 5106 3073 5159 hic
3105 5106 3156 5157 in
3186 5104 3388 5156 duode-

1831 5212 1932 5264 cim
1964 5209 2279 5275 discipulos,
2329 5213 2379 5258 ct
2410 5218 2564 5271 supra
2596 5201 2648 5253 in
2691 5208 2898 5252 centum
2941 5195 3150 5265 viginti,
3178 5195 3262 5262 qui
3308 5203 3390 5246 est

1831 5299 2188 5353 duodenarius
2233 5307 2484 5350 numerus
2520 5287 2697 5342 decies
2745 5287 2929 5340 ductus
2955 5325 2969 5350 ,
3012 5284 3266 5337 adventus
3305 5281 3388 5334 sui

1831 5393 1978 5460 signa
2007 5384 2405 5447 monstraverit,
2435 5379 2566 5434 illud
2590 5379 2642 5432 in
2671 5377 2986 5440 Jerusalem,
3016 5372 3117 5426 hoc
3139 5373 3187 5424 iu
3219 5369 3390 5436 Ephe-

1831 5498 1912 5546 so,
1949 5496 2064 5548 quze
2105 5487 2185 5533 est
2213 5474 2396 5529 civitas
2425 5471 2753 5525 Graecorum.
2776 5465 2947 5520 Credo
2977 5473 3031 5516 ut
3060 5461 3382 5524 ostenderet,

1831 5592 1910 5638 sc,
1940 5574 2050 5626 sive
2076 5572 2140 5625 de
2161 5568 2356 5624 ludatis
2386 5581 2478 5619 seu
2509 5562 2752 5634 gentibus
2780 5559 2957 5613 credat
2986 5555 3123 5624 quis,
3149 5567 3240 5607 eos
3271 5561 3388 5604 tan-

1832 5663 2103 5717 tummodo
2130 5660 2216 5727 qui
2247 5656 2433 5710 unitati
2466 5651 2717 5706 Ecclesiae
2747 5646 3017 5703 catholicae
3044 5654 3200 5712 atque
3232 5655 3384 5709 apos-

1838 5756 2003 5810 lolica:
2035 5749 2421 5806 communicent
2459 5743 2696 5813 implere.
