3860 6230
518 347 625 402 983

932 344 1131 400 BEDE
1174 344 1615 400 VENERADILIS
1652 346 1803 402 OPP.
1846 345 2019 403 PARS
2058 343 2117 401 ll.
2160 345 2348 404 SECT.
2391 350 2429 407 Ι.
2473 382 2540 394 -
2579 354 2964 415 EXEGETICA
3002 362 3324 421 GENUINA.

3630 374 3713 433 98¢

592 463 923 518 Teutam-unt
960 472 1124 517 autem
1167 464 1374 533 quidam
1418 464 1483 517 de
1522 464 1942 517 circumeuntibus
1980 464 2073 514 Jn—
2107 461 2161 521 Λ
2188 464 2479 536 Demetrius
2508 469 2606 527 iste
2634 476 2720 542 qui
2753 477 2891 532 viam
2924 479 3126 535 Domini
3158 485 3370 538 turbare
3402 487 3601 551 nititur,
3632 505 3714 541 ηο.

521 555 645 608 deis
672 554 964 617 exorcistis,
1008 555 1237 608 invocare
1272 568 1423 619 super
1449 569 1564 621 eos,
1608 555 1715 624 qui,
1748 564 1853 611 etc.
1895 553 2078 609 Refert

521 642 783 715 Iosephus
822 661 998 716 regem
1043 647 1377 703 Salomonetn
1411 646 1779 716 excogitasse,
1824 662 2077 715 suamque

521 747 730 808 gentem
760 738 1002 797 docuisse
1041 739 1222 792 modos
1261 738 1572 801 exorcismi,
1618 738 1668 792 id
1717 748 1817 804 est,
1866 738 2077 806 adjura-

530 830 714 895 timus,
745 829 934 898 quibus
965 829 1215 883 immundi
1265 831 1481 897 spiritus
1513 830 1718 900 expulsi
1760 832 1827 885 ab
1864 832 2076 886 homine

522 918 743 973 ulterius
772 919 961 974 reverti
1000 935 1107 973 non
1137 922 1245 975 sint
1282 920 1414 975 ausi.
1451 920 1530 974 Fit
1563 932 1738 975 autem
1782 922 1885 976 hoc
1912 922 2072 979 inter-

520 1013 644 1065 dum
667 1011 827 1065 etiam
858 1026 950 1078 per
971 1013 1241 1077 reprobos,
1270 1012 1337 1064 ob
1371 1011 1865 1067 condemnationem
1889 1028 2070 1067 eorum

521 1102 608 1169 qui
641 1101 875 1167 faciunt,
922 1103 1002 1157 vel
1032 1102 1100 1157 ob
1141 1104 1417 1158 utilitatem
1459 1118 1642 1157 eorum
1689 1104 1780 1173 qui
1814 1105 1992 1158 vident
2020 1114 2075 1160 et

520 1194 759 1256 audiunt,
792 1202 849 1247 ut
880 1194 1000 1250 licet
1029 1194 1270 1248 homines
1298 1194 1590 1264 despiciant
1618 1196 1763 1264 signa
1788 1196 2067 1262 facientes,

524 1293 695 1339 tamen
724 1284 887 1339 Deum
920 1286 1209 1354 honorent,
1234 1286 1298 1341 ad
1340 1288 1490 1357 cujus
1523 1289 1905 1345 invocationem
1947 1292 2073 1347 ﬁant

524 1382 662 1427 tanta
694 1374 945 1430 miracula
978 1394 994 1428 :-

590 1464 749 1519 Erant
778 1477 942 1520 autem
982 1468 1185 1538 quidam
1221 1471 1392 1527 Secuta
1421 1473 1595 1528 ,ιιιάωί
1622 1477 1870 1545 principis
1907 1495 2069 1533 sacer-

518 1556 690 1608 dotum
730 1568 916 1623 septem
959 1561 1055 1626 ﬁlii
1078 1602 1093 1626 ,
1130 1562 1216 1629 qui
1254 1563 1346 1616 ltoc
1378 1564 1645 1633 faciebant.
1694 1568 1881 1623 Melius
1922 1568 2066 1637 juxta

523 1644 762 1703 Graecum
790 1650 977 1719 legitur
1005 1670 1016 1706 :
1047 1652 1204 1706 Erant
1227 1663 1393 1709 autem
1420 1659 1683 1727 cujusdam
1714 1660 1902 1715 Scene.
1929 1663 2068 1729 Quo-

520 1738 661 1793 niam
683 1753 808 1807 ergo
832 1741 943 1809 ipse
969 1743 1192 1798 Satanas
1221 1746 1555 1816 transfigurat
1582 1764 1639 1804 se
1660 1751 1802 1806 velut
1825 1754 2066 1823 angelum

2179 571 2299 614 men
2327 568 2601 632 proprium
2634 568 2785 623 factis
2810 573 3134 642 exsequitur.
3163 575 3542 647 interpretatur
3565 584 3713 647 enim,

2180 653 2395 709 nimium
2428 669 2772 729 persequens.
2804 660 2956 718 Unde
2983 678 3367 737 consequenter
3398 673 3583 739 templa
3613 690 3714 741 qua:

2180 743 2360 797 Diana:
2388 744 2509 800 facit
2532 764 2635 803 non
2666 751 2770 804 alio
2798 768 2950 821 quam
2977 761 3180 825 argenti
3224 763 3437 815 metallo
3461 762 3678 817 :ediﬁcat
3701 808 3713 827 ,

2177 846 2395 904 argento
2420 841 2559 892 enim
2590 843 2639 894 in
2669 841 2954 911 Scripturis
2976 848 3264 918 eloquium,
3300 853 3436 907 sicut
3462 869 3589 907 auro
3610 871 3716 908 seu-

2176 940 2263 979 sus
2310 928 2527 983 indicari
2575 932 2731 986 solet.
2780 934 2844 988 Et
2886 937 3095 1003 gentilis
3139 943 3370 995 versutia
3421 942 3711 1011 religionem

2175 1032 2323 1070 suam
2362 1033 2464 1076 non
2498 1020 2601 1075 ulla
2642 1036 2827 1078 sensus
2867 1026 3107 1094 ratione,
3156 1032 3251 1085 sed
3286 1033 3428 1087 nudo
3469 1035 3713 1089 sermonis

2175 1110 2347 1164 nitore
2375 1111 2512 1165 solet
2538 1122 2795 1169 astruere.

2246 1199 2365 1253 Non
2405 1201 2567 1255 solum
2606 1216 2773 1258 autem
2803 1206 2910 1260 Ita'c
2954 1208 3318 1276 periclitabitur
3359 1215 3498 1267 nobis
3528 1211 3642 1283 pars
3670 1216 3713 1266 in

2172 1295 2572 1361 redurgutionmt
2611 1297 2776 1351 venire
2796 1338 2811 1361 ,
2839 1296 2928 1351 sed
2956 1307 3002 1353 et
3048 1317 3241 1370 magna
3272 1302 3450 1357 Diana:
3489 1308 3711 1373 templum

2171 1384 2223 1435 in
2266 1384 2477 1436 nihilum
2507 1388 2833 1455 reputabitur,
2875 1397 2921 1441 et
2950 1390 3173 1453 destrui,
3216 1400 3345 1457 etc.;
3380 1392 3573 1457 idest,
3621 1411 3711 1447 nun

2171 1474 2342 1527 solum
2371 1488 2531 1543 opera
2566 1485 2746 1531 nostra
2774 1492 2927 1545 rana,
2961 1494 3058 1533 nec
3084 1482 3331 1535 mercede
3362 1481 3511 1551 digna
3542 1484 3711 1535 redar-

2171 1576 2415 1634 guentur,
2445 1582 2623 1620 verum
2669 1568 2855 1637 religio
2880 1584 3089 1638 quoque
3133 1580 3313 1624 nostra
3348 1571 3711 1626 deboncstabi-

2172 1658 2365 1722 tur,-si
2410 1657 2550 1711 Pauli
2595 1658 2831 1713 doctrina
2876 1661 3225 1728 praevaluerit,
3258 1661 3400 1715 idola
3450 1664 3576 1717 deos
3621 1681 3710 1717 non

2172 1762 2311 1804 esse.
2343 1749 2405 1801 Et
2429 1749 2563 1802 mira
2589 1751 2862 1817 gentilium
2891 1751 3134 1815 stultitia,
3164 1752 3253 1820 qui
3278 1752 3392 1806 illos
3418 1754 3591 1807 colere
3620 1769 3709 1806 non

520 1830 651 1883 lucis
695 1829 776 1899 (ll
833 1832 951 1887 Cor.
997 1836 1099 1903 si),
1146 1837 1413 1893 ministros
1470 1855 1678 1911 quoque
1720 1859 1845 1899 suos
1882 1820 2065 1902 eadem
2100 1820 2521 1903 Berubescunt,
2566 1855 2699 1907 quos
2748 1841 2815 1896 ab
2860 1841 3073 1897 homine
3119 1844 3355 1897 construi
3400 1845 3482 1899 vel
3525 1846 3709 1900 destrui

517 1919 855 1977 simulatione
882 1925 1119 1981 colorare
1149 1944 1251 1983 non
1284 1932 1449 1985 timet.
1490 1932 1638 1989 Unde
1664 1938 1784 2005 quia
1824 1949 2068 2008 septena-

517 2010 597 2064 rio
628 2027 849 2069 numero
874 2018 1008 2071 solet
1043 2017 1268 2087 Spiritus
1298 2024 1462 2078 sancti
1492 2026 1657 2093 gratia
1685 2027 1981 2099 designari,
2013 2032 2068 2088 in

516 2117 619 2170 qua
669 2105 832 2174 tlgura
880 2116 933 2164 et
983 2107 1233 2165 Dominus
1285 2122 1404 2181 post
1455 2106 1896 2175 resurrectionem
1946 2135 2067 2178 eum

515 2203 717 2259 septem
741 2195 1010 2265 discipulis
1031 2200 1297 2267 epulatur,
1324 2212 1378 2258 et
1407 2214 1607 2274 septem
1639 2208 1826 2264 fratres
1848 2212 1912 2264 ad
1939 2210 2068 2267 Cor-

516 2284 711 2339 nelium
764 2285 963 2354 Spiritu
1005 2301 1186 2345 sancto
1228 2293 1599 2363 baptizandum
1647 2300 2067 2371 Evangelizaturi

522 2377 770 2439 veniunt,
810 2378 897 2433 lilii
930 2380 1111 2437 Sceva:
1154 2387 1301 2452 quasi
1330 2386 1558 2455 Spiritus
1592 2390 1756 2444 malos
1797 2394 2067 2461 expulsuri

516 2469 819 2535 septenario
863 2482 1082 2529 ntlmero
1123 2487 1425 2532 censentur.
1475 2480 1573 2544 Qui
1621 2482 1741 2548 quia
1792 2498 1896 2535 non
1941 2499 2071 2539 cre-

518 2559 725 2626 dendo,
758 2561 849 2616 sed
882 2566 1128 2621 tentando
1157 2566 1349 2622 Christi
1390 2580 1442 2624 et
1480 2574 1835 2640 apostolorum
1878 2592 2066 2631 nomen

516 2654 784 2720 invocant,
811 2671 913 2711 non
943 2671 972 2713 α
1004 2657 1114 2713 Deo
1145 2666 1369 2725 tantum,
1402 2677 1580 2716 verum
1612 2665 1677 2716 al)
1708 2666 1831 2732 ipsis
1860 2667 2069 2721 daemo-

515 2744 667 2799 nibus
707 2746 940 2801 subdolae
984 2748 1223 2805 falsitatis
1268 2753 1457 2807 merito
1486 2755 1921 2811 condemnamur.
1966 2758 2065 2825 Qui

516 2835 772 2889 henelllii
822 2835 1000 2892 Sceva:
1028 2839 1291 2904 dicuntur,
1323 2843 1419 2911 qui
1460 2842 1834 2910 interpretatur
1874 2847 2068 2915 vulpe-

515 2926 633 2979 cula
661 2928 914 2982 clamans.
955 2929 1065 2982 lloc
1095 2932 1286 2985 animal
1322 2932 1427 2986 doli
1464 2944 1517 2989 et
1544 2937 1747 2989 astutia:
1783 2940 2068 3005 sagacissi-

517 3032 658 3069 tnum
682 3056 697 3081 ,
724 3017 932 3072 Judaaos
978 3021 1201 3089 gentiles
1223 3062 1237 3085 ,
1268 3032 1322 3076 et
1370 3024 1646 3080 hmreticos
1694 3026 1941 3082 Ecclesia:
1972 3028 2063 3083 Dei

514 3119 723 3173 semper
760 3108 1091 3174 insidiantes,
1126 3119 1177 3164 ct
1218 3114 1364 3179 quasi
1402 3116 1609 3182 garrula
1655 3132 1783 3172 voce
1832 3126 2061 3186 perstre-

517 3205 699 3257 pentes
727 3198 973 3257 ostendit.
1006 3199 1079 3253 De
1109 3201 1297 3267 quibus
1328 3202 1561 3271 ejusdem
1597 3205 1849 3261 Ecclesia:
1883 3217 2059 3263 custo-

512 3282 664 3339 dibus
693 3285 979 3355 imperatur
1014 3306 1027 3341 :
1061 3288 1236 3359 Capite
1275 3293 1414 3347 nobis
1441 3295 1612 3364 vulpes
1655 3299 1865 3365 pusillas
1891 3340 1905 3364 ,
1949 3315 2061 3369 qua:

514 3376 850 3431 dentalisrntur
875 3378 1062 3435 uineas.

578 3463 754 3521 Iesum
784 3470 900 3526 novi
921 3509 936 3534 ,
982 3479 1027 3524 ct
1064 3470 1283 3529 Paulum
1320 3474 1441 3530 scio.
1485 3475 1560 3531 De
1607 3476 1705 3532 hoc
1741 3492 1892 3532 versu
1935 3480 2061 3535 dicit

511 3554 715 3619 Arator,

1174 3651 1416 3712 Cognosce
1438 3654 1647 3706 furorem
1662 3694 1674 3710 .

691 3707 822 3777 tiens
844 3708 1050 3777 inimica,
1067 3718 1224 3761 tuum:
1240 3707 1876 3777 daemouregsarefatetur,

689 3772 847 3842 Quem
862 3774 1050 3842 venisse
1076 3786 1243 3842 negas,
1265 3783 1409 3836 atque
1431 3772 1837 3829 hoc'coaviaceris
1854 3772 1974 3842 ipso,

688 3833 793 3888 Quo
810 3832 1087 3881 stimulante
1108 3832 1226 3884 ruis.

578 3912 731 3966 Multi
755 3921 921 3967 autem
956 3929 1018 3966 ex
1049 3915 1112 3967 iis
1139 3917 1225 3985 qui
1251 3916 1449 3985 fuerant
1475 3920 1673 3972 curiosa
1701 3922 1907 3986 sectati,
1937 3938 2057 3976 con-

508 4002 729 4056 tulerunt
756 4003 930 4067 libros,
970 4014 1074 4058 etc.
1104 4004 1321 4059 Curiosa
1350 4006 1515 4072 dicit,
1552 4009 1766 4078 magica:
1794 4010 1923 4063 artis
1968 4013 2054 4065 in-

505 4095 781 4158 dustriam,
813 4095 963 4163 cujus
993 4105 1280 4153 sectatores
1314 4099 1502 4154 merito
1529 4114 1654 4153 suos
1684 4101 1846 4156 libros
1876 4104 2054 4156 incen-

504 4188 634 4240 duut
659 4229 673 4253 ,
714 4203 900 4257 magno
942 4188 1065 4242 licet
1102 4189 1269 4256 pretio
1301 4190 1591 4245 aestimatos
1616 4233 1630 4255 ,
1673 4193 1880 4261 quando
1909 4195 2052 4260 ipsos

503 4278 694 4344 quibus
724 4278 1016 4333 servierant
1048 4279 1313 4333 daemones
1352 4278 1531 4333 Jesum
1560 4279 1829 4337 Christum
1875 4281 2053 4337 Domi-

503 4386 627 4424 num
658 4380 711 4424 et
737 4371 1003 4437 apostolos
1030 4369 1145 4438 ejus
1190 4368 1366 4424 vident
1396 4371 1675 4425 honorare.

575 4461 883 4516 Invenerunt
911 4462 1170 4531 pecuniam
1198 4460 1520 4513 denariorum
1551 4462 1908 4533 quinquaginta
1936 4464 2051 4517 mil-

502 4554 653 4609 lium.
685 4554 749 4606 Et
775 4552 1101 4608 debitoribus
1129 4552 1179 4605 in
1217 4552 1499 4620 Evangelia
1534 4555 1633 4607 sub
1659 4556 2047 4625 quinquagena.

499 4646 582 4701 rio
610 4659 830 4699 numero
859 4646 1193 4699 denariorum
1230 4643 1403 4697 debita
1434 4646 1694 4700 laxantur.
1718 4646 1897 4702 .Credo
1925 4650 2044 4719 quia

499 4739 735 4807 corporis
778 4739 1005 4807 quinque
1042 4736 1284 4793 sensibus
1327 4736 1676 4792 subsistentes
1710 4739 1761 4793 in
1802 4741 1899 4796 hac
1938 4742 2042 4795 vita

503 4827 746 4897 Decalogi
770 4837 1030 4896 praecepta
1058 4826 1489 4895 transgredimur.
1516 4826 1613 4883 llic
1634 4838 1808 4884 autem
1833 4840 2046 4898 propter

499 4918 865 4971 enormitatem
895 4917 1082 4985 magici
1124 4918 1375 4985 sceleris,
1403 4918 1727 4973 millenarius
1766 4921 1919 4975 etiam
1950 4922 2045 4977 ad-

494 5014 665 5075 jectus
706 5017 787 5063 est
826 5023 1096 5063 numerus.
1146 5008 1330 5062 Aliter.
1374 5009 1864 5080 Quinquageoarius
1906 5029 2048 5081 saepe

499 5120 745 5160 numerus
785 5104 1012 5160 refertur
1035 5104 1099 5158 ad
1144 5104 1505 5171 pmnitentiam
1529 5145 1544 5169 ,
1580 5104 2047 5176 remissionemque

497 5201 872 5262 peccatorum,
922 5192 1060 5247 unde
1109 5202 1163 5248 et
1210 5194 1673 5262 quinquagesimus
1726 5195 2044 5262 pmuiteutia:

499 5285 763 5356 psalmus,
800 5294 853 5340 et
881 5284 1345 5353 quiuquagesimus
1376 5285 1705 5338 remissionis
1733 5293 1817 5337 est
1854 5298 2039 5338 annus.

568 5376 769 5431 Mittens
798 5386 967 5428 autent
994 5374 1047 5427 in
1077 5373 1427 5429 Macedoniam
1455 5374 1581 5428 duos
1619 5390 1681 5433 ea;
1716 5374 2044 5426 ministranti-

498 5471 587 5521 bus
632 5468 761 5533 sibi,
804 5476 906 5521 etc.
940 5466 1197 5520 Prmmisit
1241 5465 1526 5533 discipulos
1568 5466 1631 5519 ad
1678 5467 2043 5535 praeparandas

496 5560 888 5625 «let-iiiosynas,
929 5571 1058 5623 quas
1086 5555 1467 5626 Jerosolymam
1508 5565 1621 5610 erat
1647 5556 1897 5611 allaturos
1922 5598 1936 5617 ,
1976 5571 2042 5611 ne

496 5667 613 5703 cum
648 5651 757 5717 ips‘c
787 5652 1004 5712 veniret,
1036 5658 1161 5703 tunc
1189 5650 1422 5703 collectae
1454 5651 1658 5703 tierent.

564 5741 840 5795 [)mtrtrius
882 5741 1007 5792 enim
1050 5739 1249 5807 quidam
1288 5740 1504 5803 nomine,
1536 5738 1851 5803 argentarius
1876 5774 1890 5799 ,
1931 5749 2033 5794 etc.

2170 1946 2325 2001 posse
2354 1941 2698 2001 cognoscunt.

2239 2022 2306 2076 Et
2336 2024 2738 2078 exclamaverunt
2767 2025 2986 2078 dicentes
3010 2041 3028 2079 :
3058 2024 3254 2098 Magna
3286 2028 3453 2081 Diana
3480 2028 3709 2097 Ephesio-

2169 2131 2301 2168 rum.
2336 2114 2502 2180 Quam
2543 2115 2840 2170 Demetrius
2881 2117 3165 2186 perituram
3193 2119 3325 2172 dixit
3366 2120 3617 2184 Dianam,
3647 2122 3707 2173 illi

2169 2219 2198 2258 e
2226 2204 2493 2258 contrario
2522 2219 2763 2272 magnam
2794 2220 2913 2260 esse
2941 2208 3220 2259 mirantur.

2237 2294 2306 2349 Et
2334 2296 2570 2363 impetum
2601 2299 2822 2365 fecerunt
2852 2313 2952 2349 uno
2974 2298 3139 2350 animo
3169 2298 3220 2350 in
3249 2299 3518 2354 theatrum.
3552 2299 3707 2353 Thcs-

2168 2395 2304 2442 trum
2325 2425 2342 2453 ,
2372 2385 2519 2440 locus
2548 2396 2628 2441 est
2657 2387 2974 2442 semicirculi
3011 2386 3224 2456 figuram
3266 2387 3467 2443 habens
3492 2432 3506 2455 ,
3538 2391 3585 2442 in
3614 2406 3703 2458 quo

2165 2488 2364 2533 stantes
2384 2479 2562 2548 pepuli
2584 2479 2734 2531 ludos
2759 2479 2998 2533 scenicos
3017 2480 3157 2534 intus
3181 2481 3546 2547 inspiciebant.
3573 2482 3702 2536 Unde

2168 2579 2221 2622 et
2242 2585 2267 2618 a
2296 2568 2597 2637 spectaculo
2620 2570 2804 2623 Grazce
2833 2570 3025 2623 theatri
3050 2584 3237 2624 nomen
3272 2572 3494 2639 accepit.
3521 2572 3698 2642 itaque.

2166 2659 2301 2713 sicut
2326 2659 2517 2713 Arator
2543 2657 2645 2710 ait:

2345 2748 2451 2811 Non
2473 2749 2572 2797 alio
2587 2749 2750 2797 decuit
2775 2762 2962 2799 causam
2978 2754 3305 2811 meritumque
3330 2752 3500 2802 Diana

2349 2807 2799 2875 l.asci_yos_tr_actare
2824 2813 2943 2871 foro,
2960 2817 3091 2875 capit
3112 2807 3234 2862 area
3246 2816 3402 2875 turpis

2346 2869 2542 2919 Concilii
2562 2870 2790 2921 delormis
2810 2869 2948 2935 Opus.

2740 2974 2965 3031 CAPUT
3021 2974 3117 3031 XX

2230 3083 2299 3148 Et
2325 3086 2580 3156 profectus
2610 3096 2682 3141 .rst
2709 3096 2763 3145 ut
2787 3089 2877 3146 iret
2906 3088 2960 3147 in
2988 3086 3365 3145 Macedoniam.
3398 3089 3519 3144 Cum
3546 3100 3695 3143 autem

2165 3178 2557 3247 perambulesset
2595 3191 2761 3249 partes
2798 3179 2949 3245 illas,
2994 3192 3039 3233 et
3083 3180 3374 3237 exhortatus
3420 3199 3501 3235 eos
3542 3184 3694 3251 {uisset

2161 3271 2321 3331 multo
2361 3287 2588 3326 sermone
2611 3312 2627 3335 ,
2659 3273 2789 3326 venit
2814 3273 2880 3323 ad
2918 3270 3191 3329 Grtcciam.
3225 3271 3427 3327 Gracia
3473 3281 3550 3326 est
3593 3285 3694 3339 pro-

2162 3363 2334 3416 vincia
2360 3362 2603 3429 Achaiae,
2638 3378 2795 3430 quam
2827 3361 2994 3415 Graeci
3032 3360 3214 3424 tusae
3240 3370 3451 3417 voeaut.
3482 3360 3695 3429 Denique

2162 3454 2251 3512 ubi
2278 3453 2450 3508 Latini
2479 3453 2700 3508 Codices
2731 3451 2954 3519 Graecos,
2981 3454 3079 3516 vel,
3110 3454 3174 3506 ad
3199 3452 3586 3512 distinctionem
3613 3451 3693 3506 to-

2160 3544 2390 3602 dteorum
2420 3588 2434 3612 ,
2486 3546 2691 3612 gentiles
2740 3543 2977 3609 habent,
3033 3544 3103 3599 ibi
3150 3544 3396 3599 Graecum
3446 3542 3691 3610 exemplar

2158 3636 2357 3697 ελληνας
2382 3643 2437 3689 et
2460 3634 2748 3696 mima.
2779 3636 3011 3704 scripsit.
3039 3636 3118 3690 Ad
3149 3636 3285 3687 hanc
3308 3650 3437 3701 ergo
3469 3644 3576 3701 post
3600 3631 3691 3687 Meo

2160 3724 2435 3780 eedoniam
2463 3724 2603 3778 venit
2649 3722 2853 3785 Paulus,
2887 3724 3007 3790 quia
3049 3735 3396 3791 praposuerat
3419 3764 3435 3789 ,
3465 3734 3520 3777 ut
3547 3736 3685 3790 supra

2157 3811 2351 3867 dictum
2383 3820 2499 3876 est,
2532 3810 2758 3868 transire
2793 3825 2822 3863 a
2853 3810 3156 3869 Macedonia
3189 3820 3243 3866 et
3276 3812 3471 3867 Achaia
3495 3853 3510 3879 ,
3549 3821 3599 3867 et
3623 3813 3688 3865 ire

2155 3904 2556 3981 Jerosolymam.

2227 3994 2292 4046 In
2322 4010 2421 4045 una
2449 4004 2617 4047 autem
2659 3992 2871 4049 Sabbati
2896 4009 3008 4047 cum
3035 3994 3433 4048 convenissem”
3471 3994 3536 4046 ad
3562 3994 3685 4063 [rana

2155 4083 2371 4150 gendum
2406 4096 2629 4152 panem,
2673 4091 2801 4146 etc.;
2835 4082 2884 4137 id
2930 4092 3031 4147 est,
3066 4083 3151 4137 die
3192 4083 3465 4136 Dominico
3506 4084 3685 4151 quiest

2155 4175 2352 4242 primus
2379 4188 2408 4226 a
2433 4173 2685 4241 Sabbato,
2717 4186 2835 4225 cum
2865 4173 2929 4227 ad
2954 4173 3205 4246 mysteria
3236 4173 3552 4227 celebranda
3574 4186 3683 4226 con-

2153 4268 2349 4337 gregali
2376 4281 2635 4322 essemus.

2222 4360 2578 4428 Protraxitque
2623 4374 2898 4414 sermonem
2947 4374 3101 4427 usque
3138 4375 3191 4412 in
3222 4358 3438 4411 mediam
3485 4368 3677 4410 noctem.

2158 4450 2316 4503 Erant
2356 4459 2520 4504 autem
2561 4450 2820 4517 lampades
2864 4450 3081 4516 copiosa:
3108 4450 3160 4500 in
3198 4452 3469 4501 miraculo.
3514 4448 3681 4501 Possu-

2154 4556 2267 4591 mus
2299 4539 2383 4593 hic
2411 4539 2692 4608 allegorice
2735 4539 2913 4592 dicere
2956 4538 3078 4606 quia
3108 4538 3438 4591 cmnaculum
3480 4536 3544 4589 sit
3579 4534 3680 4587 alti-

2152 4631 2276 4687 tudo
2303 4632 2618 4699 spiritalium
2648 4631 3027 4685 charismatum
3050 4669 3066 4695 ,
3101 4643 3201 4682 nos
3240 4631 3527 4683 obscuritas
3556 4625 3679 4681 Serio

2149 4736 2441 4794 pturarum,
2487 4724 2786 4793 latnpadum
2827 4724 3002 4789 c0pia,
3049 4721 3393 4774 secretiorum
3442 4716 3677 4785 expositio

2147 4819 2425 4881 dictorum,
2472 4816 2582 4869 dies
2626 4814 2915 4877 Dominica,
2966 4809 3264 4865 recordatio
3292 4810 3381 4862 vel
3425 4808 3676 4862 dominica:

2148 4909 2229 4958 vel
2264 4916 2453 4958 nostra:
2484 4902 2934 4967 resurrectionis;
2968 4910 3023 4953 et
3062 4898 3388 4967 spiritualem
3418 4898 3677 4950 admouere

2150 4998 2420 5052 doctorem
2448 5039 2462 5063 ,
2494 5007 2549 5049 ut
2586 4996 2628 5049 si
2658 4994 2868 5061 quando
2896 4992 3173 5046 dulcedine
3218 4989 3607 5044 resurrectionis
3631 4994 3678 5039 et

2151 5092 2269 5153 vita;
2300 5099 2532 5150 venturae
2562 5086 2764 5156 gaudiis
2804 5084 3006 5139 illectos
3034 5082 3302 5136 auditores
3340 5094 3463 5134 suos
3491 5078 3552 5132 ad
3588 5079 3675 5129 vir-

2150 5190 2317 5235 tutum
2363 5195 2565 5234 summa
2598 5176 2985 5246 provocaverit.
3016 5189 3078 5227 ac
3108 5172 3361 5242 prolixius
3385 5169 3675 5240 disputando

2146 5282 2348 5330 secreta
2379 5274 2623 5341 quaslibet
2649 5271 3038 5338 Scripturarum
3072 5267 3297 5333 attigerit
3318 5305 3334 5327 ,
3367 5280 3486 5318 mox
3512 5265 3673 5317 eadem

2150 5378 2362 5438 propter
2407 5364 2642 5417 inﬁrmos
2687 5362 2963 5415 auditores
2999 5359 3237 5425 lampade
3280 5357 3447 5424 plana:
3490 5352 3674 5421 exposi-

2147 5458 2300 5513 tinnis
2348 5458 2591 5512 illustret.
2623 5454 2767 5508 Sicut
2796 5452 3110 5519 Apostolus,
3138 5464 3257 5502 cum
3289 5449 3489 5501 diceret
3531 5446 3675 5499 Abra-

2145 5553 2262 5605 liant
2295 5550 2423 5602 duos
2450 5548 2583 5600 filios
2616 5545 2883 5607 habuisse,
2915 5558 3073 5595 unum
3100 5541 3165 5592 de
3196 5539 3384 5593 ancilla
3411 5579 3427 5602 ,
3456 5548 3508 5593 et
3533 5548 3672 5590 unum

2142 5645 2207 5697 de
2240 5641 2439 5703 libera,
2488 5652 2606 5691 mox
2641 5633 2971 5701 explanando
3014 5630 3282 5701 sultjunxit
3322 5646 3334 5684 :
3364 5628 3489 5686 Hm
3529 5636 3672 5680 autem

2140 5742 2257 5791 sum
2288 5733 2387 5784 duo
2418 5736 2706 5793 testamenta
2760 5735 2865 5780 etc.
