3860 6230
129 379 234 441 985

1055 378 1276 437 SUPER
1319 378 1499 435 ACTA
1536 371 2037 434 APOSTOLORUSI
2076 378 2456 438 EXPOSITIO.

3260 387 3366 444 98‘

198 499 394 557 Sedens
420 504 588 553 autem
625 494 828 561 quidam
862 494 1155 549 adolescens
1182 496 1400 549 'nomine
1432 493 1693 563 Eutychus
1724 491 1770 551 Δ
1798 504 1857 545 se
1885 505 1916 546 a
1956 495 2313 563 proximorum
2360 496 2613 562 sanguine
2642 498 2894 554 mtmtlum
2942 500 3168 556 credidit
3195 542 3211 567 ,
3254 518 3364 573 quo

128 607 281 660 super
325 595 633 663 fenestram,
685 596 789 642 etc.
844 586 1114 658 Eutychus
1165 587 1421 642 iiebraice
1470 601 1695 650 amens,

130 685 314 739 Graece
349 696 478 737 vero
520 680 836 733 fortunatus.
889 678 1127 743 Quorum
1174 694 1334 731 unum
1383 675 1431 730 ei
1474 678 1561 745 qui
1606 689 1699 745 per

132 772 505 829 adolescentia:
545 770 871 838 voluptatem
899 770 965 822 de
997 772 1247 823 virtutum
1278 769 1510 823 culmine
1552 768 1696 822 ceci-

132 864 288 927 derit,
321 862 545 915 alterum
575 860 622 913 ei
660 860 747 929 qui
782 874 875 927 per
902 859 1405 914 condescensionem
1438 858 1698 926 prmdica-

134 954 264 1007 toris
295 952 361 1006 ad
390 935 640 1005 virtutum
670 950 1141 1015 summa'redierit,
1172 949 1434 1019 congruit.

194 1059 433 1117 Eductus
477 1078 674 1127 somno,
721 1062 901 1116 cecidit
949 1062 1013 1116 de
1058 1064 1204 1116 tertio
1252 1062 1509 1116 cenaculo
1548 1062 1739 1134 deor-l

128 1170 259 1217 sum,
291 1164 396 1209 etc.
430 1153 574 1208 Inter
602 1151 760 1207 verba
792 1152 1187 1222 prtedicutionis
1215 1151 1444 1207 occurrit
1487 1152 1697 1205 occasio

128 1242 437 1309 curationis,
471 1252 526 1296 ut
555 1242 839 1298 dulcedine
880 1243 1119 1298 miraculi
1156 1252 1211 1299 et
1239 1244 1491 1299 doctrina:
1519 1258 1696 1298 sermo

128 1335 389 1396 ﬁrmetur,
429 1342 482 1388 et
523 1332 818 1402 vigiliarum
858 1334 1007 1386 labor
1031 1344 1294 1398 arceatur,
1342 1343 1396 1387 et
1437 1332 1693 1387 memoria

127 1421 366 1491 magistri
401 1422 510 1490 jam
554 1422 837 1477 discessuri
879 1424 1075 1479 arctius
1111 1424 1380 1478 mentibus
1427 1423 1691 1492 inligatur.

124 1514 242 1567 Tria
277 1530 409 1568 vero
436 1514 708 1568 cmuacula
751 1515 804 1568 in
836 1530 1059 1584 quorum
1098 1529 1351 1585 supremo
1380 1513 1574 1569 Paulus
1613 1511 1695 1566 di-

123 1613 322 1674 sputat,
355 1606 508 1673 fides,
538 1622 671 1675 spes,
702 1616 750 1658 et
781 1605 1027 1673 charitas,
1054 1616 1191 1660 sunt.
1224 1606 1398 1677 καίοι·
1423 1613 1589 1658 autem
1616 1604 1694 1657 Itis

123 1698 343 1751 charitas
374 1696 426 1766 (1
474 1696 593 1751 Cor.
648 1693 789 1762 xm).
830 1696 999 1763 Quam
1053 1698 1097 1750 si
1129 1696 1247 1765 quis
1294 1710 1387 1765 per
1432 1693 1691 1764 ignaviam

123 1788 457 1857 deseruerit,
502 1799 554 1843 et
602 1789 739 1842 inter
777 1788 1015 1855 Apostoli
1052 1801 1210 1841 voces
1254 1786 1544 1840 dormitare
1584 1798 1688 1837 non

125 1880 398 1943 timuerit,
450 1879 560 1946 jam
613 1878 754 1932 inter
799 1887 1041 1933 mortuos
1092 1878 1504 1949 computabitur.
1554 1876 1687 1931 Cum

122 1970 255 2021 enim
310 1967 361 2020 in
408 1981 518 2021 uno
564 1964 888 2034 oﬂ‘enderit,
938 1967 1103 2021 iactus
1152 1975 1235 2020 est
1282 1966 1517 2019 omnium
1568 1981 1690 2022 rens

123 2059 255 2130 (Jac.
298 2059 383 2118 tt).

186 2172 263 2225 Ad
304 2187 454 2241 quem
482 2187 594 2223 cum
629 2171 971 2225 descendisset
1008 2168 1207 2225 Paulus
1230 2209 1246 2235 ,
1279 2168 1504 2223 incubuit
1541 2186 1692 2239 super

122 2278 248 2313 eum.
297 2262 451 2325 Quod
482 2260 797 2325 descendit,
841 2261 1117 2327 incumbit,
1148 2259 1536 2329 complectitur,
1588 2261 1689 2315 hoc

123 2363 197 2403 est
224 2352 363 2418 quod
395 2351 508 2418 ipse
536 2350 699 2402 dicit:
734 2348 914 2403 Filioli
939 2349 1055 2415 mei,
1084 2366 1208 2418 quos
1227 2351 1405 2403 iterum
1435 2351 1687 2419 parturio,

123 2446 270 2497 donec
300 2449 547 2514 formetur
579 2443 808 2497 Christus
842 2445 894 2497 in
925 2444 1082 2497 vobis.
1121 2442 1405 2511 Operosior
1434 2440 1577 2497 enim
1610 2450 1691 2495 est

123 2538 453 2592 resuscitatio
480 2552 663 2591 eorum
706 2537 795 2605 qui
828 2550 920 2604 per
949 2536 1362 2606 negligentiam,
1402 2548 1559 2603 quam
1597 2532 1689 2602 qui

124 2646 209 2698 per
250 2629 612 2683 infirmitatem
668 2634 907 2697 peccant.
951 2628 1015 2681 Et
1049 2628 1163 2681 hmo
1213 2641 1307 2695 per
1346 2625 1641 2693 Eutychum
1672 2665 1688 2691 ,

124 2724 207 2776 illa
238 2738 333 2791 per
364 2722 644 2776 Tabitham
671 2735 833 2789 quam
865 2722 1055 2776 Petrus
1084 2718 1398 2785 suscitavit,
1429 2718 1687 2787 exprimi-

127 2821 225 2863 tur.
259 2812 324 2865 Et
353 2811 473 2864 ideo
497 2810 582 2864 illa
615 2810 667 2863 in
693 2809 881 2864 diebus
910 2809 1176 2863 inﬁrmata
1198 2809 1439 2872 moritur,
1468 2806 1553 2860 hic
1578 2820 1691 2860 me-

123 2901 198 2954 dia
230 2908 387 2955 nocte
413 2900 553 2955 Cadit
583 2908 638 2955 et
665 2900 915 2954 moritur.
965 2900 1053 2953 Illa
1085 2908 1205 2968 post
1242 2906 1466 2953 mortem
1499 2897 1605 2950 lota
1636 2897 1687 2950 in

123 2994 393 3047 caenaculo
420 2994 651 3061 ponitur,
679 2993 765 3046 hic
790 2991 947 3045 tertio
970 2991 1246 3045 sternacqu
1265 2989 1514 3060 delapsus
1534 2990 1687 3043 deor-

125 3102 232 3139 sum
267 3094 510 3139 mortuus
539 3086 769 3155 lugetur.
815 3083 915 3139 Isle
948 3094 1208 3153 praesente
1236 3092 1290 3138 et
1314 3082 1568 3145 docente,
1601 3081 1689 3134 illa

128 3179 338 3231 absente
385 3175 659 3245 magistro.
710 3174 790 3228 Ad
835 3175 976 3228 hunc
1022 3176 1218 3229 Paulus
1260 3172 1576 3239 descendit,
1622 3172 1689 3227 ad
1720 3176 1764 3237 C
1795 3172 2228 3287 ἓζέῆἶὲἷίξιξςὶ

128 3267 257 3287 μμ*
294 3266 481 3287 τι-.----
516 3267 868 3287 -----ε.-.----.-
895 3265 1126 3287 --μ-..μ
1185 3266 1270 3287 ιι.-
1306 3280 1423 3287 __-_
1454 3267 1563 3287 ,τη
1595 3264 1661 3287 η..

128 3267 261 3319 illam
294 3266 483 3321 Petrus
513 3267 871 3319 suscitaturus
894 3265 1151 3319 ascendit.
1185 3266 1275 3319 illa
1305 3280 1425 3320 mox
1454 3267 1567 3321 viso
1594 3264 1690 3319 Pe.

129 3370 203 3411 tro
228 3358 447 3423 resedit,
482 3357 566 3411 hic
595 3368 751 3411 nocte
782 3357 954 3410 media
985 3357 1264 3411 defunctus
1292 3359 1502 3411 tandem
1532 3369 1689 3412 masc

124 3451 345 3521 resurgit
372 3491 389 3517 ,
431 3459 486 3505 et
516 3448 738 3519 justitia:
767 3448 879 3503 sole
924 3448 1142 3504 uitiante
1166 3491 1181 3514 ,
1225 3450 1493 3505 redivivus
1523 3449 1685 3503 addu-

122 3544 268 3605 citur.

185 3652 477 3707 Festinabat
506 3654 640 3705 enim
686 3652 731 3705 si
760 3652 996 3721 possibile
1034 3659 1194 3713 esset,
1226 3660 1281 3704 ut
1311 3652 1444 3705 diem
1486 3650 1687 3704 Pente-

122 3755 281 3798 costen
310 3748 498 3812 faceret
527 3742 882 3812 Jerosolymis.
928 3743 1256 3813 Prmceptum
1296 3742 1514 3812 quidem
1557 3742 1687 3812 legis

124 3844 230 3887 erat
260 3847 314 3889 ut
362 3848 547 3888 omnes
577 3833 744 3887 Judaei
777 3842 856 3887 ter
898 3832 947 3884 iu
994 3846 1134 3884 anno
1160 3870 1176 3893 ,
1209 3832 1258 3883 id
1291 3839 1373 3884 est
1396 3871 1412 3896 ,
1446 3840 1685 3898 tempore

123 3924 364 3988 Pascha,
410 3924 786 3987 Pentecostes,
831 3930 885 3975 et
912 3920 1292 3988 Scenopegite,
1334 3918 1683 3989 Jerosolymis

124 4017 497 4079 convenirent,
547 4014 642 4068 sed
681 4012 964 4080 Apostolus
1013 4010 1181 4079 ruptis
1226 4010 1409 4064 saeculi
1460 4008 1685 4063 nexibus

125 4110 254 4161 diem
286 4107 764 4178 quinquagesimae,
797 4106 897 4160 hoc
926 4113 1008 4161 est
1048 4104 1401 4173 remissionis,
1432 4116 1487 4159 et
1516 4103 1686 4173 Spiri-

126 4209 202 4259 ttts
228 4201 394 4255 sancti
421 4240 438 4267 ,
471 4214 632 4269 agere
662 4199 898 4255 festinat.

198 4310 398 4366 i’ocavit
423 4312 642 4380 majores
670 4320 791 4364 natu
821 4307 1087 4365 Ecclesia".
1122 4310 1223 4366 Pro
1243 4311 1529 4382 majoribus
1557 4320 1683 4366 natu

122 4403 170 4456 in
196 4403 377 4459 Crtcco
402 4404 781 4480 πρεσϐυτέρους
808 4402 1054 4458 habetur.

1800 581 2053 638 leriendis
2081 599 2266 641 eorum
2299 587 2433 641 vitiis
2465 602 2567 642 non
2610 590 2865 657 pepercit.

1868 672 1934 725 In
1964 690 2062 744 quo
2088 691 2173 730 vos
2204 677 2429 745 Spiritus
2454 687 2660 733 sanctus
2689 681 2855 749 posuit
2885 685 3167 751 episcopos.
3200 683 3365 741 Dite-

1799 770 1880 816 rat
1904 765 2046 818 enim
2077 779 2233 835 supra
2266 768 2603 838 presbyteros
2632 768 2827 839 Ephesi
2860 772 3087 827 Miletum
3117 785 3360 842 vocatos,

1796 870 1930 922 quos
1972 872 2108 923 nunc
2136 862 2450 927 episcopos,
2487 863 2535 914 id
2576 871 2694 927 est,
2725 868 3219 931 superinspectores
3263 884 3366 922 no-

1799 948 1982 1001 minat.
2024 948 2137 1003 Non
2188 952 2326 1011 enim
2360 967 2459 1005 una
2509 954 2697 1007 civitas
2730 955 2907 1022 plures
2948 958 3225 1025 episcopos
3267 959 3363 1012 ba-

1804 1037 1929 1094 bere
1960 1042 2150 1107 potuit,
2181 1041 2273 1095 sed
2304 1044 2517 1097 eosdem
2551 1045 2911 1116 presbyteros,
2944 1058 2998 1101 ut
3031 1064 3156 1103 rere
3184 1064 3366 1103 sacer.

1798 1134 1950 1187 dotes
1977 1135 2077 1189 sub
2120 1136 2334 1190 nomine
2376 1139 2746 1207 episcoporum
2789 1139 3069 1206 signiﬁcat.
3120 1138 3360 1211 Coniun-

1796 1235 1915 1279 ctus
1944 1235 2025 1280 est
2052 1228 2193 1280 enim
2225 1229 2437 1295 gradus,
2471 1241 2522 1283 et
2556 1232 2605 1283 in
2639 1232 2815 1284 multis
2844 1246 2978 1299 pene
3005 1233 3289 1289 similibus.

1868 1314 2061 1385 Regere
2086 1316 2366 1370 Ecclesium
2397 1318 2490 1372 Dei
2512 1336 2662 1387 quant
2686 1322 2950 1387 acquisivit
2975 1324 3223 1390 sanguine
3242 1337 3359 1378 suo.

1795 1406 1908 1461 Non
1938 1408 2143 1462 dubitat
2170 1408 2478 1478 sanguinem
2512 1410 2600 1463 Dei
2633 1410 2836 1475 dicere,
2872 1422 3088 1482 propter
3112 1414 3362 1469 unionem

1801 1513 2047 1566 personat
2092 1499 2144 1554 in
2189 1500 2395 1555 duabus
2443 1502 2646 1556 naturis
2688 1503 2924 1571 ejusdem
2968 1503 3095 1559 .iesu
3141 1504 3364 1563 Christi.

1795 1588 2019 1656 Propter
2048 1605 2203 1658 quam
2245 1592 2403 1645 etiam
2434 1592 2630 1646 dictum
2660 1603 2742 1647 est
2772 1612 2783 1646 :
2820 1591 2989 1648 Filius
3031 1594 3252 1650 hominis
3278 1595 3369 1664 qui

1793 1688 1866 1733 est
1896 1679 1948 1732 in
1976 1679 2101 1735 coelo
2132 1678 2306 1750 (Joan.
2356 1680 2456 1750 in).
2492 1683 2675 1737 Cesset
2703 1698 2831 1753 ergo
2860 1684 3135 1740 Nestorius
3175 1685 3361 1741 l-‘ilium

1796 1769 2023 1826 hominis
2063 1786 2092 1825 a
2133 1771 2269 1827 Filio
2314 1772 2404 1827 Dei
2446 1786 2695 1843 separare
2722 1817 2737 1841 ,
2782 1783 2839 1829 et
2880 1775 3016 1830 duos
3045 1776 3143 1830 sibi
3193 1779 3366 1832 facere

1791 1862 2051 1919 Christus.

1867 1952 1932 2005 Et
1963 1971 2025 2007 ea:
2051 1956 2187 2008 vobis
2216 1954 2341 2023 ipsis
2384 1965 2653 2027 exsurgent
2696 1958 2789 2011 uiri
2820 1958 3073 2027 loquentes
3105 1973 3359 2026 peruersa.

1792 2041 1868 2097 De
1901 2041 2087 2098 iisdem
2115 2055 2169 2099 et
2206 2044 2437 2102 Joannes
2467 2062 2481 2099 :
2513 2046 2593 2099 Ea:
2620 2047 2758 2102 vobis
2787 2088 2803 2114 ,
2855 2050 3023 2118 inquit
3047 2089 3062 2114 ,
3091 2050 3361 2117 exierunt,

1790 2134 1879 2187 sed
1909 2150 2010 2186 non
2040 2144 2181 2187 erant
2210 2152 2274 2190 ea:
2302 2138 2440 2190 vobis
2472 2135 2522 2206 (I
2550 2134 2705 2190 Joan.
2740 2138 2822 2207 ιι).

1866 2224 2115 2293 Quoniam
2145 2244 2233 2295 per
2260 2228 2527 2284 triennium
2556 2240 2701 2283 nocte
2729 2240 2771 2284 et
2794 2231 2876 2284 die
2899 2245 3001 2285 non
3029 2232 3221 2287 cessari
3246 2245 3361 2286 sum

1788 2312 2051 2385 lacrymis,
2100 2332 2308 2370 monens
2351 2334 2753 2388 unumquemque
2798 2330 3038 2375 vestrum.
3088 2322 3199 2378 lloc
3238 2322 3361 2393 pul-

1789 2404 1919 2459 cltre
1953 2414 2005 2459 ct
2036 2404 2268 2460 breviter
2298 2408 2521 2472 espouit
2562 2410 2751 2462 Arator
2780 2427 2793 2464 :

1976 2494 2066 2563 Qui
2089 2496 2217 2563 canit
2241 2494 2468 2563 Ecclesia:
2493 2498 2580 2545 tria
2604 2498 2829 2559 dogmata
2846 2538 2859 2559 ,
2886 2502 3063 2563 sepius
3088 2502 3188 2551 edit

1972 2555 2279 2625 illstorjcum,
2302 2558 2484 2606 morale
2504 2555 2697 2625 sonans:
2719 2555 3023 2625 typtcumque
3045 2564 3297 2625 volumen;

1974 2616 2099 2687 limo
2116 2617 2281 2687 Juda-a
2305 2631 2491 2687 vacans,
2518 2616 2697 2669 sterilis
2718 2616 2829 2682 (iure
2852 2616 3031 2687 dicitur
3054 2626 3197 2687 arbor
3218 2659 3237 2687 ,

1974 2677 2241 2739 Expectata
2270 2681 2423 2729 tribus
2443 2677 2649 2730 fructum
2675 2677 2769 2731 non
2792 2684 2950 2734 attulit
2975 2686 3130 2736 annis.

1863 2758 2047 2815 Omnia
2072 2763 2265 2817 ostendi
2302 2763 2459 2819 vobis.
2502 2764 2557 2818 ld
2588 2774 2690 2829 est,
2730 2780 2835 2820 non
2881 2769 3052 2823 solum
3104 2770 3358 2825 doctrinm

1792 2849 1930 2905 inter
1962 2866 2235 2919 pressuras
2265 2862 2321 2907 et
2358 2854 2625 2925 lacrymss
2656 2856 3004 2912 insistendum
3032 2899 3049 2925 ,
3077 2872 3260 2914 verum
3293 2877 3362 2915 ne

1796 2941 1918 3011 quis
1945 2944 2273 2999 inlirmorum
2302 2956 2552 3013 gravetur
2581 2948 2823 3002 manibus
2846 2964 2964 3003 esse
2988 2948 3357 3007 laborandum.

1794 3033 1907 3087 iloc
1937 3041 2019 3087 est
2045 3044 2222 3089 autem
2249 3037 2388 3105 quod
2419 3037 2617 3091 dictum
2646 3046 2729 3091 est
2761 3058 2771 3090 :
2805 3036 2873 3091 Et
2910 3041 3245 3111 quodcunque
3270 3058 3361 3095 su-

1795 3126 2169 3195 pererogaueris
2191 3165 2207 3191 ,
2238 3141 2330 3195 ego
2359 3143 2475 3181 cum
2502 3128 2699 3182 rediero
2728 3131 2937 3183 reddam
2979 3131 3069 3184 tibi
3102 3129 3249 3201 (Luc.
3280 3133 3357 3201 at),

2234 3219 2425 3274 delicet
2474 3220 2801 3289 praedicare,
2856 3231 2909 3277 et
2951 3238 3019 3278 ex
3070 3224 3357 3293 Evangelia

1788 3320 2031 3378 sumptus
2060 3324 2164 3363 non
2188 3320 2449 3380 quarere.

1857 3398 2068 3454 Beatius
2096 3409 2168 3453 est
2188 3402 2349 3471 magis
2373 3403 2496 3456 dare
2522 3419 2671 3473 quam
2690 3404 2943 3473 accipere.
2970 3404 3083 3460 Non
3108 3406 3212 3461 illis
3238 3406 3353 3475 qui,

1789 3490 1989 3544 relictis
2011 3492 2279 3558 omnibus,
2300 3494 2465 3547 secuti
2496 3506 2618 3549 sunt
2645 3495 2947 3563 Dominum,
2971 3497 3165 3552 divites
3194 3500 3355 3551 etiam

1787 3581 2241 3653 eleemosynarios
2271 3584 2571 3653 praeponit,
2603 3587 2698 3641 sed
2748 3586 2870 3640 illos
2913 3599 3071 3656 quam
3123 3588 3356 3642 maxime

1785 3670 2077 3737 gloriﬁcat,
2111 3672 2199 3741 qui
2244 3675 2449 3726 cunctis
2479 3688 2595 3743 qua:
2627 3671 2899 3743 possident
2945 3674 3110 3729 mtuel
3157 3692 3358 3730 renuu-

1788 3761 1951 3826 tiatis,
1998 3761 2627 3817 nihilominri;.laborant
2651 3763 2923 3834 operando
2946 3766 3189 3820 manibus
3214 3770 3359 3836 quod

1786 3851 1981 3905 bonum
2011 3862 2115 3921 est,
2160 3862 2216 3907 ut
2246 3854 2472 3909 habeant
2521 3856 2661 3909 unde
2704 3854 2935 3912 tribuant
2981 3860 3358 3915 necessitatem

1788 3943 2025 4012 patienti.

2368 4034 2592 4091 CAPUT
2624 4035 2762 4092 XXI.

1856 4123 2084 4195 Profecti
2120 4125 2339 4191 ibamus,
2365 4126 2726 4184 deducentibus
2767 4143 2859 4183 nos
2885 4141 3000 4184 cunt
3035 4130 3281 4187 mribus
3305 4142 3358 4189 st

1785 4217 1929 4286 ﬁliis,
1962 4227 2064 4272 etc.
2098 4218 2318 4289 lmpleta
2350 4230 2434 4276 est
2478 4222 2783 4297 prophetia,
2816 4236 2937 4295 qua
2969 4221 3219 4283 Ecclesia
3265 4242 3355 4283 ca-

1787 4323 1919 4363 nens
1949 4310 2023 4361 ait
2057 4327 2069 4362 :
2103 4308 2256 4364 Filia
2284 4309 2424 4380 Tyri,
2454 4312 2507 4365 in
2530 4312 2843 4378 muneribus,
2872 4316 3064 4369 vultum
3092 4325 3238 4372 suum
3265 4318 3357 4371 de-

1786 4400 2128 4468 precabuntur
2156 4418 2329 4458 omnes
2354 4405 2533 4458 divites
2560 4402 2720 4473 plebis
2762 4402 2937 4474 (Psal.
2964 4409 3133 4479 sur),
3164 4419 3216 4463 et
3245 4424 3350 4463 cae-

192 4494 306 4549 Nisi
335 4495 467 4563 quod
496 4493 717 4563 Spiritus
750 4505 953 4548 sanctus
978 4512 1069 4564 per
1096 4511 1269 4550 omnes
1308 4497 1532 4551 civitates
1557 4514 1675 4569 pro-
1705 4521 1759 4583 υ
1787 4503 1894 4548 lera
1925 4538 1940 4563 ,
1995 4511 2161 4565 USQtte
2206 4494 2275 4553 ad
2320 4498 2477 4553 linem
2523 4499 2733 4569 psalmi.
2782 4497 2935 4556 Nulla
2980 4505 3123 4558 enim
3167 4505 3355 4559 civitas

124 4593 323 4640 testatur
349 4587 493 4641 mihi.
520 4586 652 4640 Cum
681 4586 809 4641 dicit
833 4602 923 4657 per
950 4588 1199 4653 civitates,
1230 4598 1412 4655 aperte
1439 4592 1676 4644 ostendit

126 4677 252 4738 quod
284 4690 344 4731 ea
368 4690 486 4745 quas
514 4676 615 4729 sibi
649 4678 817 4730 futura
846 4685 1016 4744 erant,
1047 4692 1147 4731 non
1174 4678 1273 4733 sibi
1297 4678 1419 4748 ipsi,
1440 4681 1532 4735 sed
1558 4681 1675 4735 aliis

125 4768 185 4819 de
224 4783 281 4822 se
316 4770 549 4824 revelata
590 4769 858 4838 cognovit.
911 4768 985 4822 Ex
1027 4769 1215 4836 quibus
1257 4779 1372 4825 erat
1420 4771 1676 4841 prepheta

128 4862 322 4930 Agabus
346 4901 363 4927 ,
408 4876 507 4916 nec
537 4876 640 4914 non
672 4870 723 4913 et
752 4859 823 4913 illi
864 4859 1104 4929 discipuli
1145 4861 1233 4929 qui
1264 4860 1403 4915 hunc
1450 4864 1501 4916 in
1532 4863 1674 4933 Tyro

131 4953 493 5008 consistentem
534 4952 822 5005 monebant
862 4966 954 5020 per
982 4951 1233 5021 Spiritum
1270 4968 1335 5006 ne
1364 4954 1676 5009 ascenderet

131 5041 519 5111 lerosolymam.

196 5129 393 5196 Dicens,
449 5131 687 5200 quoniam
730 5130 928 5185 uincula
974 5140 1020 5185 et
1066 5130 1411 5185 tribulationes
1441 5150 1518 5187 me
1556 5150 1678 5188 ma-

135 5232 241 5274 nent
267 5222 318 5275 in
346 5221 697 5293 Jerosolymis.
730 5220 799 5277 Ut
825 5222 911 5276 ubi
950 5223 1232 5292 aliquando
1260 5224 1678 5293 persequebatur

139 5314 445 5382 Ecclesium,
477 5314 547 5369 ibi
577 5326 716 5368 nunc
746 5327 841 5384 pro
870 5312 1125 5369 Ecclesia:
1153 5329 1281 5382 pace
1308 5314 1563 5370 decertet.

198 5402 299 5457 Nec
344 5406 473 5472 facio
517 5409 743 5459 animam
785 5419 946 5458 meum
994 5406 1336 5474 pretiosiorem
1379 5423 1535 5475 quam
1574 5423 1675 5462 me.

134 5495 360 5548 Animam
393 5495 519 5550 dicit
550 5497 718 5565 ipsam
760 5497 921 5549 vitam
952 5496 1004 5549 in
1037 5510 1260 5565 corpore
1291 5499 1633 5565 temporalem
1658 5537 1678 5565 ,

134 5603 271 5653 quam
303 5602 396 5657 pro
442 5591 659 5644 minimo
698 5588 880 5654 ducit,
911 5589 998 5660 qui
1047 5590 1101 5643 in
1145 5590 1246 5644 alia
1277 5590 1380 5644 vita
1428 5591 1678 5661 gaudium

137 5679 447 5743 prmstolatur
473 5689 754 5734 aeternum.

199 5769 319 5833 Quia
348 5771 558 5826 mundus
588 5787 697 5826 sunt
725 5787 758 5825 ι
786 5771 1035 5846 sanguine
1060 5772 1282 5828 omnium
1326 5782 1561 5830 vestrum.
1599 5778 1677 5835 Eo

1780 4586 1971 4655 majori
1999 4587 2281 4644 dulcedine
2321 4591 2635 4659 Apostolum
2660 4591 2919 4664 suscepit,
2952 4596 3118 4650 tenuit
3141 4635 3157 4660 ,
3186 4596 3350 4651 dimi-

1777 4679 1864 4731 sit.
1915 4676 2152 4747 Denique
2181 4679 2337 4736 hodie
2373 4690 2705 4739 monstratur
2749 4682 2802 4739 in
2839 4683 3021 4743 arenis
3068 4684 3216 4740 locus
3262 4685 3352 4742 ubi

1778 4770 1977 4839 pariter
2005 4773 2255 4826 orabant.

1849 4859 2145 4931 Superuenit
2176 4864 2387 4935 quidam
2409 4861 2652 4922 eludas
2681 4864 2948 4938 propheta.
2980 4866 3025 4921 Α
3052 4865 3234 4922 Jutlma
3264 4868 3347 4921 di-

1777 4952 1851 5006 cit
1888 4952 2010 5021 quia
2039 4952 2286 5009 Carsarea
2334 4954 2386 5009 in
2414 4968 2519 5024 qua
2551 4956 2916 5023 morabantur,
2965 4958 3030 5011 ad
3076 4958 3344 5026 regionem

1780 5045 2034 5101 Samaria
2080 5044 2339 5116 pertinet,
2392 5047 2447 5105 in
2488 5047 2722 5103 conﬁnio
2764 5047 3035 5104 Phoenicis
3078 5060 3131 5104 et
3180 5052 3346 5105 Palae-

1778 5136 1931 5189 stinas
1957 5136 2080 5190 sita.

1850 5225 1975 5302 ῌωα
2016 5228 2138 5282 dicit
2169 5228 2393 5297 Spiritus
2429 5238 2630 5284 sanctus
2656 5245 2677 5285 :
2713 5229 2891 5285 Virum
2930 5234 3077 5303 cujus
3105 5242 3178 5287 est
3215 5251 3345 5287 zona

1778 5318 1907 5389 hoc,
1932 5319 2004 5375 sic
2031 5318 2315 5391 alligabunt
2342 5322 2395 5374 in
2409 5320 2904 5379 Jerusalemludcei.
2932 5322 3225 5393 Prophetas
3254 5340 3345 5378 ve-

1778 5418 1919 5464 teres
1957 5410 2213 5479 imitatur,
2243 5414 2334 5482 qui
2378 5412 2553 5470 dicere
2581 5414 2827 5470 solebant
2860 5433 2873 5468 :
2910 5414 3036 5470 licet:
3072 5416 3199 5471 dicit
3239 5415 3346 5468 Do-

1777 5506 1942 5558 minus
1973 5504 2128 5560 Deus.
2160 5506 2291 5572 Quia
2321 5507 2549 5579 Spiritus
2579 5518 2795 5570 sanctus
2824 5524 2975 5579 atque
3004 5520 3061 5564 ut
3102 5510 3259 5565 Pater
3285 5520 3345 5564 et

1779 5596 1819 5651 F
1826 5597 1941 5652 ilius
1966 5638 1985 5665 ,
2035 5600 2293 5665 Dominus
2322 5610 2375 5656 et
2404 5604 2539 5658 Deus
2581 5613 2664 5658 est
2687 5642 2703 5670 ,
2750 5616 2849 5660 nec
2877 5618 3063 5659 eorum
3109 5602 3347 5671 separari

1778 5698 1951 5757 potest
1977 5692 2240 5760 operatio,
2277 5708 2502 5763 quorum
2534 5705 2717 5749 natura
2747 5703 2801 5749 et
2828 5694 3076 5749 voluntas
3105 5710 3207 5747 una
3239 5704 3345 5750 est.

1781 5779 1929 5839 Unde
1959 5791 2008 5838 et
2040 5797 2197 5853 supra
2233 5782 2455 5857 legimus
2485 5804 2497 5842 :
2529 5784 2667 5841 Dicit
2712 5784 2939 5857 Spiritus
2966 5795 3167 5843 sanctus
3194 5799 3213 5838 :
3244 5783 3346 5840 Se-
