3860 6230
510 349 613 406 98Ἲ

905 345 1105 402 ΒΕΒᾹΞ
1152 345 1596 406 VENERADILIS
1634 346 1784 403 OPP.
1823 349 1998 406 PARS
2036 348 2097 404 il.
2126 348 2321 404 SECT.
2365 352 2402 408 l.
2446 386 2517 396 —
2555 354 2941 429 EXECETICA
2981 358 3299 417 GENUINA.
3631 369 3706 426 ιιι

511 469 714 532 gregale
756 460 881 513 mihi
928 453 1214 511 Barnabam
1244 465 1288 510 et
1320 455 1534 511 Sautum
1576 456 1631 511 in
1675 473 1802 526 opus
1834 457 1902 509 ad
1946 452 2076 527 quod
2111 464 2153 517 Α
2183 459 2369 516 Cra-co
2413 462 2644 519 dicitur:
2695 465 2821 520 Cum
2873 477 3041 521 autem
3083 471 3392 536 incipiebant
3420 482 3599 543 septem
3624 479 3708 531 diu

509 550 759 619 assumpsi
788 565 873 604 eos
903 551 1043 621 (Act.
1074 548 1217 621 xm),
1250 547 1300 615 id
1330 555 1435 611 est,
1468 548 1841 615 apostolatum.
1874 548 1941 601 Et
1966 549 2080 616 ipse

514 638 708 695 Paulus
737 638 922 693 scribit
954 656 967 692 :
999 636 1196 694 Paulus
1225 637 1486 705 apostolus
1510 652 1612 689 non
1657 636 1721 689 ab
1751 637 2038 691 hominibus
2062 679 2078 702 ,

512 745 671 797 neque
714 745 803 792 per
845 728 1135 789 hominem,
1187 727 1276 781 sed
1322 743 1412 797 per
1455 725 1631 780 Iesum
1677 724 1976 792 Christum,
2032 737 2085 779 et

516 818 676 870 Deum
709 816 911 871 Patrem
942 815 1143 883 (Colat.
1176 816 1236 887 t).
1270 816 1391 871 llaec
1417 816 1668 881 diximus,
1702 832 1769 872 ne
1798 818 1916 887 quis
1947 816 2083 875 forte

513 906 661 976 juxta
685 907 1041 961 Macedonium
1071 907 1327 975 Spiritum
1351 918 1590 961 sanctum
1616 922 1736 963 esse
1756 918 2079 976 creaturam,

514 1006 603 1050 aut
651 997 870 1052 minoris
912 998 1248 1053 auctoritatis
1296 1012 1453 1068 quam
1498 998 1708 1056 Patrem
1757 1000 1837 1055 vel
1886 1000 2080 1055 Filium

514 1087 730 1141 credat-

586 1177 823 1247 Sequenti
848 1188 1013 1232 autem
1041 1180 1122 1232 die
1143 1178 1362 1232 introivit
1393 1178 1587 1233 Paulus
1615 1182 1876 1236 nobiscum
1902 1184 1969 1236 ad
1989 1181 2082 1235 Ja-

515 1265 713 1321 cobum.
763 1267 989 1323 Jacobus
1020 1271 1118 1323 iste
1157 1269 1321 1345 frater
1366 1272 1611 1335 Domini,
1647 1272 1697 1325 id
1744 1281 1868 1339 est,
1910 1273 2085 1328 Maria:

516 1358 714 1410 Sororis
761 1359 943 1411 matris
994 1359 1240 1425 Domini,
1283 1360 1435 1430 cujus
1478 1360 1710 1418 Joannes
1761 1349 2085 1435 evangelista

514 1450 794 1515 meminit,
841 1450 979 1504 illius
1032 1450 1149 1505 fuit.
1203 1451 1301 1517 Qui
1350 1461 1467 1521 post
1512 1454 1818 1522 passionem
1874 1456 2081 1511 Domini

513 1540 688 1591 statim
717 1541 783 1594 ab
814 1542 1070 1607 apostolis
1095 1542 1378 1612 episcopus
1409 1544 1704 1616 ordinatus,
1749 1539 1960 1617 triginta
1991 1564 2083 1602 an-

512 1630 595 1683 nis
637 1629 979 1701 Jerosolyma:
1008 1632 1146 1685 rexit
1185 1633 1471 1688 Ecclesiam
1501 1678 1514 1699 ,
1550 1635 1601 1689 id
1632 1646 1715 1691 est
1744 1677 1759 1705 ,
1804 1651 1971 1708 usque
2019 1640 2082 1694 ad

513 1721 797 1786 septimum
842 1721 1065 1776 Neronis
1112 1738 1329 1777 annum.
1360 1726 1488 1781 Cum
1519 1727 1662 1782 enim
1706 1726 1899 1795 Judzei,
1938 1729 2077 1799 quod

2178 556 2540 609 consummari.
2587 555 2836 625 Alioquin
2885 576 2990 615 non
3040 572 3214 630 potest
3261 571 3409 619 stare
3458 571 3707 632 sententia,
3806 596 3807 625 ι

2178 658 2338 712 quam
2369 643 2483 713 ipse
2513 658 2627 714 post
2651 648 2883 717 quinque
2927 652 3044 707 dies
3068 653 3329 708 adventus
3359 655 3440 710 sui
3486 655 3538 710 in
3565 656 3709 712 ϐίη.
3806 656 3807 661 “

2178 748 2346 797 ream,
2379 737 2588 803 ρι’.ρείἀί
2634 737 2804 793 dixit:
2857 742 2991 804 Quia
3029 760 3129 797 non
3175 748 3292 813 plus
3320 757 3437 800 sunt
3480 748 3584 802 dies
3611 752 3707 805 mihi

2178 838 2333 892 quant
2358 826 2643 895 duodecim,
2676 844 2741 882 ex
2759 846 2857 897 quo
2877 834 3083 885 ascendi
3109 836 3322 890 adorare
3347 838 3399 889 in
3429 836 3706 896 Jerusalem.

2181 912 2235 967 Si
2266 915 2410 969 enim
2438 916 2521 971 his
2549 928 2755 986 septem
2801 932 2850 973 et
2884 922 2989 976 illis
3034 925 3267 993 quinque
3313 926 3499 981 diebus
3529 931 3707 985 Consilii

2179 1003 2321 1059 illius
2344 1007 2482 1060 diem
2510 1023 2615 1077 quo
2638 1010 2687 1063 in
2720 1023 2779 1064 se
2817 1011 3111 1067 Pharisteos
3139 1026 3191 1070 et
3221 1016 3537 1072 Sadduceos
3556 1021 3707 1074 disso-

2179 1096 2431 1165 ciaverat,
2456 1110 2509 1154 et
2543 1101 2687 1156 illum
2731 1118 2835 1174 quo
2864 1121 2924 1160 se
2958 1104 3127 1161 Judaei
3154 1108 3479 1165 devoverant
3500 1127 3613 1167 eum
3638 1129 3709 1169 oc-

2180 1187 2384 1241 cisuros
2410 1191 2689 1257 adieceris,
2736 1194 2914 1260 procul
2945 1196 3104 1251 dubio
3139 1198 3254 1266 plus
3282 1216 3438 1268 quam
3461 1203 3707 1259 duodecim

2181 1277 2250 1331 ibi
2279 1280 2615 1346 reperientur
2640 1297 2761 1337 esse
2788 1284 2921 1339 dies.

2254 1369 2355 1422 Hic
2380 1380 2452 1424 est
2477 1371 2625 1425 homo
2652 1375 2739 1443 qui
2767 1374 3011 1430 adversus
3045 1380 3289 1445 populum
3318 1392 3363 1433 et
3393 1382 3549 1450 legem
3589 1396 3629 1438 et
3648 1386 3709 1439 lo-

2178 1477 2295 1516 cum
2326 1465 2482 1531 hunc,
2509 1480 2682 1518 omnes
2706 1467 2885 1534 ubique
2915 1471 3119 1525 docens.
3152 1472 3286 1537 Quia
3319 1473 3566 1530 videbant
3589 1493 3711 1531 nova:

2178 1556 2364 1622 gratia:
2390 1567 2679 1612 sectatores
2724 1561 2896 1614 minus
2941 1562 3259 1618 cerimonias
3296 1566 3427 1635 legis
3471 1575 3525 1620 et
3562 1572 3711 1635 templi

2179 1648 2439 1701 solemnia
2477 1648 2835 1717 frequentare,
2882 1652 3161 1719 timebant,
3190 1657 3329 1710 sicut
3375 1658 3424 1708 in
3460 1657 3712 1728 Evangelia

2180 1737 2389 1809 legitur,
2434 1754 2497 1793 ne
2530 1740 2772 1796 venirent
2800 1742 3052 1817 Romani,
3086 1753 3142 1799 et
3179 1746 3427 1801 tollerent
3453 1762 3628 1803 eorum
3672 1761 3712 1802 et

513 1809 762 1876 maxime,
802 1814 1107 1881 quaerebant
1142 1814 1363 1869 Paulum
1405 1818 1653 1877 occidere
1682 1834 1785 1873 non
1838 1830 2071 1888 possent,
2109 1800 2156 1861 Β
2184 1800 2441 1887 locum'et
2461 1842 2694 1902 gentem.

512 1915 634 1954 mox
667 1910 721 1953 ut
764 1900 948 1957 Festus
980 1912 1220 1961 mortuus
1267 1915 1368 1973 est,
1404 1908 1733 1979 necdumque
1771 1910 1991 1965 Albinus
2024 1911 2074 1965 in

512 1991 837 2059 provinciam
867 2004 1105 2061 venerat,
1139 2004 1346 2051 vertere
1383 2013 1570 2053 manus
1596 1990 1653 2054 in
1679 1997 1957 2065 Iacobum,
1987 2004 2075 2071 qui

509 2081 658 2151 juxta
708 2086 958 2153 templum
989 2087 1074 2141 ubi
1110 2088 1470 2160 praecipitatus
1501 2091 1670 2146 fuerat
1711 2094 1949 2161 sepultus
1972 2105 2074 2152 est.

582 2173 865 2241 Audierant
908 2166 1078 2229 autem
1103 2177 1167 2232 de
1195 2188 1259 2245 te,
1304 2182 1421 2250 quia
1461 2181 1811 2237 discessionem
1842 2189 2022 2242 doceas
2046 2203 2077 2240 a

513 2260 729 2335 Moyse,
778 2281 946 2318 eorum
984 2268 1069 2337 qui
1108 2284 1196 2339 per
1223 2279 1391 2339 gentes
1429 2281 1545 2323 sunt
1582 2270 1900 2347 Judteorum,
1946 2287 2073 2342 etc.;

515 2351 569 2409 id
602 2362 712 2419 est,
743 2359 861 2425 quia
911 2371 1003 2425 per
1029 2357 1323 2422 doctrinam
1352 2359 1572 2427 Christi,
1602 2364 1745 2418 velut
1775 2367 2033 2438 sacrilega
2055 2410 2071 2432 ,

513 2457 614 2498 nec
660 2443 768 2499 Deo
822 2447 1103 2502 mandante
1138 2451 1434 2519 conscripta
1480 2453 1717 2509 damnari
1767 2457 1913 2512 dicas
1960 2472 2077 2527 quae

513 2551 609 2605 per
637 2536 855 2607 Moysen
897 2539 1130 2607 patribus
1158 2540 1303 2594 fuere
1336 2541 1653 2597 ministrata.
1691 2544 1804 2600 lloc
1839 2547 1981 2601 enim
2010 2547 2077 2604 de

513 2628 677 2683 Paulo
718 2628 1051 2697 jactaverant
1080 2669 1095 2695 ,
1148 2646 1253 2683 non
1305 2624 1377 2684 illi
1428 2633 1517 2701 qui
1564 2634 1926 2707 iutelligebant
1972 2653 2079 2706 quo

512 2723 691 2776 animo
717 2736 748 2775 a
774 2722 970 2776 Juda-is
999 2723 1240 2778 ﬁdelibus
1268 2729 1572 2781 conservari
1609 2739 1730 2784 tunc
1758 2732 1856 2785 ista
1884 2731 2079 2786 debue-

513 2813 619 2866 rint
644 2852 661 2876 .
703 2821 921 2881 propter
950 2815 1445 2870 commendandam
1468 2818 1672 2874 scilicet
1710 2821 2075 2890 auctoritatem

514 2904 789 2968 divinam,
839 2913 894 2958 et
939 2895 1408 2962 Sacrainentorum
1461 2908 1669 2963 illorum
1720 2912 2075 2981 propheticam

514 2999 891 3062 sanctitatem,
941 3010 1043 3050 non
1093 3008 1306 3065 prapter
1358 2997 1751 3069 adipiscendam
1803 3005 2074 3068 salutem,

515 3100 632 3153 qua
667 3085 775 3153 jam
806 3087 857 3140 in
883 3085 1099 3140 Christo
1127 3091 1358 3143 revelata
1384 3106 1476 3159 per
1500 3093 1742 3161 baptismi
1769 3109 2073 3151 sacramen-

514 3183 624 3228 tum
655 3176 1085 3242 ministrabatur;
1112 3179 1205 3231 sed
1235 3179 1305 3233 illi
1338 3180 1440 3236 hoc
1469 3181 1534 3236 de
1558 3182 1721 3238 Paulo
1746 3196 2075 3253 sparserant,

514 3263 604 3330 qui
651 3265 728 3317 sic
755 3279 815 3318 ea
858 3267 1106 3320 volebant
1136 3268 1406 3323 observari
1452 3276 1699 3342 tanquam
1748 3275 1864 3329 sine
1893 3275 1975 3331 his
2023 3277 2074 3330 in

516 3354 802 3423 Evangelia
828 3356 972 3410 salus
1002 3358 1332 3412 credentium
1388 3375 1508 3415 esse
1557 3378 1660 3417 non
1692 3365 1876 3434 possit.
1901 3365 2076 3433 Ipsum

512 3443 652 3496 enim
682 3454 962 3499 senserant
992 3446 1519 3505 vehementissimam
1553 3452 1737 3520 gratiae
1766 3455 2076 3523 przedicatoo

511 3548 646 3600 rem,
672 3543 726 3587 et
748 3537 1026 3591 intentioni
1052 3554 1237 3592 eorum
1266 3542 1493 3600 maxime
1521 3544 1740 3600 adversa
1766 3547 2070 3616 docentem,

511 3640 616 3681 non
658 3640 753 3695 per
782 3628 867 3681 illa
913 3629 1177 3683 hominem
1217 3631 1492 3698 justiflcari
1519 3674 1535 3699 ,
1584 3636 1677 3689 sed
1721 3654 1813 3704 per
1855 3638 2073 3707 gratiam

514 3716 709 3772 Christi
736 3758 752 3785 ,
784 3718 934 3785 cujus
985 3720 1399 3787 praenuntiandm
1437 3729 1593 3787 causa
1642 3725 1744 3781 illa:
1785 3729 1987 3784 umbrae
2020 3731 2072 3785 in

513 3810 633 3879 lege
681 3810 939 3864 mandatae
969 3822 1111 3869 sunt.
1147 3812 1210 3865 Et
1250 3813 1371 3867 ideo
1420 3813 1496 3881 illi
1526 3816 1776 3871 invidiam
1807 3830 1861 3873 et
1890 3834 2072 3888 perse.

511 3901 775 3956 cntionem
821 3904 1089 3959 concitare
1138 3907 1459 3973 molientes,
1505 3917 1751 3979 tanquam
1798 3912 2073 3977 inimicum

512 3992 644 4060 legis
676 3994 1155 4063 mandatorumque
1180 3996 1480 4051 divinorum
1507 3999 1943 4056 criminabantur.
1971 4004 2073 4058 Cu-

507 4081 596 4151 jus
628 4081 775 4135 falsa:
826 4084 1209 4139 criminationis
1240 4085 1485 4141 invidiam
1522 4092 1897 4158 congruentius
1928 4094 2074 4148 devi-

510 4181 625 4225 tare
654 4187 756 4225 non
790 4184 1006 4245 posset,
1048 4190 1201 4242 quam
1234 4186 1289 4229 ut
1328 4192 1388 4231 ea
1429 4178 1541 4245 ipse
1587 4180 1924 4249 celebraret,
1959 4198 2073 4256 quae

510 4260 761 4315 damnare
813 4271 1058 4332 tanquam
1112 4265 1367 4334 sacrilega
1417 4268 1741 4336 putabatur,
1796 4282 1951 4347 atque
2001 4275 2070 4327 ita

510 4357 812 4412 ostenderet
844 4373 941 4413 nec
972 4357 1187 4413 Judaeos
1218 4370 1339 4414 tunc
1368 4360 1435 4415 ab
1462 4361 1538 4416 eis
1568 4372 1815 4431 tanquam
1857 4362 2071 4420 nefariis

2254 1922 2356 1989 Qui
2380 1924 2509 1978 dixit
2525 1939 2544 1979 :
2559 1922 2735 1997 Crtsce
2749 1926 2916 1981 nosti?
2936 1926 3119 1982 Nonne
3142 1937 3192 1981 tn
3218 1946 3269 1982 es
3286 1929 3582 2001 ,Egyptius.
3603 1933 3713 1987 etei

2178 2012 2459 2084 Egyptius
2486 2015 2627 2070 enim
2645 2016 2856 2085 quidam
2881 2029 3099 2072 venerat
3123 2020 3187 2073 ad
3208 2019 3445 2075 ledaeam
3468 2022 3554 2091 qui
3578 2022 3709 2075 tidem

2178 2107 2277 2162 sibi
2310 2107 2599 2176 prophetia:
2629 2109 2834 2179 magica
2873 2120 2987 2165 arte
3033 2113 3399 2179 consciscens,
3435 2112 3496 2165 ad
3527 2113 3712 2180 triginta

2182 2194 2344 2250 millia
2381 2196 2684 2252 Iudaeorum
2716 2191 3086 2267 congregavit;
3108 2209 3164 2253 et
3190 2203 3391 2256 ducem
3420 2218 3509 2257 eos
3531 2218 3616 2270 per
3640 2203 3713 2258 de-

2177 2298 2402 2353 sertum,
2435 2289 2693 2357 pervenit
2724 2290 2787 2342 ad
2814 2289 3047 2345 montem
3070 2291 3281 2356 Oliveti,
3307 2303 3514 2359 paratus
3538 2294 3713 2347 indcir-

2178 2394 2334 2434 ruere
2363 2377 2774 2451 Jerosolymam,
2809 2382 3103 2452 urbemque
3146 2383 3245 2436 sibi
3276 2383 3577 2452 subjugare.
3624 2384 3710 2439 Sed

2178 2478 2402 2524 conatus
2425 2469 2540 2539 ejus
2585 2471 2845 2539 praevenit
2883 2470 3052 2537 Felix,
3096 2488 3217 2551 mox
3245 2488 3366 2528 cum
3409 2477 3614 2531 amatis
3637 2490 3713 2529 oc.

2178 2567 2420 2614 currens.
2472 2560 2723 2631 Egyptio
2764 2562 2976 2629 quidem
3006 2579 3126 2618 cum
3160 2564 3344 2633 paucis
3390 2565 3583 2635 fugato,
3612 2568 3712 2620 aliis

2179 2650 2338 2705 etlam
2366 2652 2670 2717 peremptis,
2705 2659 2908 2707 temere
2935 2661 3107 2719 empta
3138 2652 3294 2709 facile
3338 2655 3621 2709 restrinxit.

2256 2740 2489 2804 Quatuor
2518 2739 2682 2794 millia
2709 2742 2930 2795 virorum
2961 2744 3285 2799 sicariorum.
3310 2744 3425 2798 Non
3451 2754 3527 2799 cat
3554 2744 3616 2798 de
3631 2744 3713 2797 hoc

2180 2818 2401 2887 numero
2439 2834 2722 2888 satellitum
2769 2835 2905 2889 inter
2950 2834 3217 2889 tribunum
3264 2837 3356 2905 qui
3396 2840 3505 2890 haec
3533 2836 3712 2889 locutus

2180 2936 2283 2993 est,
2313 2934 2365 2980 et
2401 2926 2687 2994 Josephum
2719 2928 2805 2994 qui
2842 2927 2909 2982 de
2941 2927 3190 2997 Egyptio
3221 2929 3465 2993 scripsit,
3497 2929 3709 2982 habenda

2181 3018 2558 3072 controversia.
2592 3017 2766 3072 Potuit
2791 3004 2932 3071 erﬁm
2963 3017 3073 3071 tieri
3110 3027 3164 3071 ut
3191 3017 3361 3085 primo
3389 3033 3503 3072 cum
3532 3019 3708 3084 paucis,

2181 3106 2471 3177 iisdemque
2523 3110 2658 3162 clam
2710 3108 3038 3179 tyrannidem
3093 3108 3374 3177 agentibus
3431 3109 3710 3172 adveniens,

2178 3198 2356 3267 plures
2399 3198 2498 3252 sibi
2534 3208 2713 3268 postea
2747 3198 2955 3267 publica
2984 3198 3165 3253 fraude
3192 3198 3547 3266 conjunserit.
3578 3198 3710 3263 Legi-

2178 3298 2262 3342 tur
2285 3298 2463 3343 autem
2493 3296 2732 3355 tempore
2765 3288 2957 3343 Felicis
2995 3288 3093 3342 hoc
3114 3303 3282 3357 genus
3323 3291 3613 3344 surrexisse
3648 3290 3711 3339 ls-

2180 3371 2419 3448 tronum,
2469 3383 2565 3451 qui
2620 3397 2725 3436 non
2778 3382 3016 3436 locorum
3064 3382 3144 3436 vel
3210 3391 3504 3449 temporum
3563 3381 3710 3435 abdita

2174 3485 2485 3543 captantes;
2531 3476 2625 3530 sed
2670 3477 2827 3540 sicas,
2876 3477 2927 3530 id
2973 3485 3074 3542 est,
3115 3476 3307 3531 breves
3338 3494 3494 3532 manu
3534 3478 3709 3547 gladio!

2172 3576 2461 3635 gestantes,
2493 3567 2543 3620 in
2578 3568 2691 3635 ipsa
2733 3566 2851 3621 lucc
2897 3567 3000 3621 diei
3046 3568 3240 3635 populo
3291 3566 3545 3635 permisti,
3589 3581 3713 3619 cast:

2176 3654 2506 3708 adhaerentes
2539 3656 2755 3709 vulnere
2784 3656 3154 3719 cruentabant,
3186 3663 3248 3709 ut
3291 3656 3556 3724 querelam
3584 3668 3710 3708 mors

2175 3742 2508 3810 przeveniret,
2533 3752 2585 3795 et
2616 3757 2899 3811 percussor
2926 3746 3133 3797 lateret.
3165 3742 3229 3796 Et
3255 3744 3301 3796 si
3323 3744 3412 3812 qui
3441 3751 3710 3797 commotus

2174 3833 2363 3887 fuisset
2395 3832 2533 3901 quod
2569 3832 2621 3886 in
2653 3832 2828 3887 medio
2860 3831 3004 3887 urbis
3041 3834 3163 3887 talia
3206 3843 3532 3900 gererentur,
3560 3843 3611 3887 et
3638 3834 3709 3885 hic

2175 3922 2397 3991 peribat.
2444 3922 2516 3976 Ita
2551 3922 2773 3991 periculi
2822 3932 2989 3988 metu,
3020 3924 3104 3978 vel
3153 3923 3567 3979 dissimulatione
3594 3924 3709 3978 faci-

2174 4014 2347 4080 noris,
2378 4013 2599 4067 sicarius
2625 4028 2728 4068 non
2752 4013 3273 4081 deprehendebatur.

2244 4105 2288 4155 Α
2317 4101 2477 4156 Tarso
2502 4102 2695 4157 Cilicia:
2722 4118 2823 4155 non
2867 4104 3053 4172 ignota
3084 4104 3300 4157 civitatis
3324 4105 3590 4171 municeps.
3626 4103 3714 4157 Na-

2175 4202 2259 4245 tus
2289 4191 2501 4260 quidem
2523 4192 2806 4259 Apostolus
2831 4192 2881 4244 iu
2914 4190 3108 4259 oppido
3138 4191 3376 4246 Galilaue
3403 4192 3583 4247 Giscali
3612 4196 3711 4247 fuit.

2175 4280 2290 4345 Quo
2321 4296 2349 4334 a
2381 4280 2633 4334 Romanis
2664 4291 2841 4349 capto,
2877 4294 2999 4333 cum
3031 4280 3339 4348 parentibus
3380 4282 3488 4336 suis
3513 4279 3711 4334 Tarsum

2172 4374 2369 4428 Ciliciae
2396 4376 2777 4445 commigravit.
2809 4376 2853 4429 Α
2883 4374 3073 4444 quibus
3095 4376 3162 4426 ob
3193 4373 3366 4427 studia
3392 4373 3519 4441 legis
3541 4376 3712 4425 missus

512 4450 866 4515 prohibendos
892 4490 908 4515 ,
942 4465 1039 4503 nec
1068 4452 1291 4517 gentiles
1318 4452 1383 4505 ad
1415 4468 1475 4507 ea
1507 4463 1754 4522 tanquam
1784 4456 1848 4509 ad
1880 4470 2065 4511 neccs-
2097 4483 2149 4544 ι)
2174 4461 2579 4534 Jerosolymam,
2612 4478 2640 4516 a
2670 4464 2960 4518 Gamaliele
3007 4464 3119 4517 viro
3149 4461 3478 4523 doctissimo.
3505 4464 3635 4514 sicut
3669 4460 3712 4512 in

513 4541 649 4592 saria
682 4540 1098 4608 compellendos.
1146 4540 1272 4594 Nam
1315 4544 1356 4595 si
1391 4558 1573 4596 revera
1607 4544 1684 4597 sic
1724 4554 1785 4597 ea
1814 4546 2068 4614 reproba-

513 4641 632 4694 ret,
678 4632 1116 4697 quemadmodum
1151 4633 1218 4686 dc
1270 4634 1359 4686 illo
1390 4636 1625 4688 auditum
1674 4647 1831 4701 erat,
1878 4649 1929 4692 et
1952 4638 2070 4693 ideo

513 4717 826 4771 celebranda
862 4721 1176 4787 susciperet,
1205 4730 1258 4774 ιιι
1278 4722 1487 4776 actione
1511 4724 1752 4778 simulata
1782 4741 1925 4779 suam
1954 4742 2069 4796 pus-

511 4820 593 4863 set
622 4810 884 4863 occultare
916 4816 1258 4875 sententiam,
1293 4828 1393 4866 non
1430 4814 1477 4867 ei
1510 4815 1957 4871 diceretJacobus
1986 4834 1998 4870 :

584 4902 649 4952 Et
684 4903 833 4954 scient
884 4918 1071 4968 omnes,
1126 4905 1359 4971 quoniam
1415 4921 1527 4973 qua:
1581 4905 1641 4958 de
1696 4916 1742 4959 te
1794 4909 2069 4975 audierint,

515 4992 647 5058 falsa
689 5000 841 5057 sunt;
872 4993 962 5045 sed
996 4993 1213 5061 diceret,
1241 4993 1502 5047 Putabunt
1531 5010 1713 5050 omnes
1739 5014 1750 5049 :
1785 5002 2072 5067 prtesertim

514 5085 632 5147 quia
666 5086 714 5135 in
747 5085 872 5151 ipsis
909 5085 1245 5154 .lerosolymis
1274 5087 1501 5154 apostoli
1546 5088 1652 5156 jam
1702 5088 2071 5154 decreverant.

517 5188 581 5223 ne
625 5174 895 5239 quisquam
943 5184 1125 5242 gentes
1156 5184 1365 5243 cogeret
1424 5175 1722 5245 judaizare.
1759 5180 1870 5234 Non
1901 5190 2073 5236 autem

515 5261 858 5315 decreverant
890 5276 943 5316 ut
968 5266 1241 5331 quisquam
1269 5277 1388 5320 tunc
1417 5268 1633 5322 Judteos
1653 5271 1925 5338 judaizare
1956 5289 2076 5342 pro—

518 5351 744 5423 hiberet,
782 5369 1021 5423 quamVIs
1051 5358 1205 5411 etiam
1238 5359 1377 5427 ipsos
1405 5361 1511 5431 jam
1547 5361 1792 5415 doctrina
1822 5362 2077 5421 Christia-

519 5459 583 5508 na
622 5460 724 5498 nor.
758 5456 986 5514 cogeret.

586 5535 712 5589 Cum
753 5549 917 5589 autem
946 5549 1129 5607 septem
1161 5539 1268 5591 dies
1294 5553 1789 5596 consummarentur.
1837 5544 2076 5599 Nondum

516 5633 860 5682 consummati
885 5644 1032 5685 erant
1063 5632 1111 5683 hi
1140 5632 1276 5695 dies,
1307 5634 1396 5686 sed
1428 5647 1614 5687 eorum
1660 5648 1851 5690 cursus
1889 5639 2078 5706 ageba-

520 5732 622 5791 tur,
666 5726 1051 5781 consummatio
1083 5726 1445 5797 spectabatur.
1491 5727 1637 5785 Unde
1688 5731 1993 5799 expressius
2024 5732 2075 5787 in

2171 4553 2517 4621 sequentibus
2548 4553 2659 4620 ipse
2703 4563 2980 4620 memorat,
3012 4552 3250 4607 eruditus
3291 4561 3392 4606 est.
3426 4552 3531 4605 Non
3557 4562 3711 4604 autem

2171 4657 2228 4696 se
2248 4645 2439 4708 civem,
2468 4643 2563 4697 sed
2591 4644 2937 4711 municipem,
2970 4659 3000 4696 a
3032 4642 3345 4710 municipio,
3378 4642 3426 4695 id
3454 4652 3549 4703 est,
3580 4639 3715 4694 terrio

2174 4732 2331 4799 torio,
2361 4734 2596 4802 ejusdem
2627 4733 2854 4788 civitatis
2890 4734 2942 4787 in
2974 4749 3077 4803 quo
3102 4734 3327 4786 nutritus
3352 4742 3455 4797 est,
3487 4732 3709 4800 appellat.

2173 4824 2378 4878 Dictum
2428 4834 2605 4878 autem
2651 4826 3016 4893 municipium,
3048 4825 3191 4893 quod
3224 4833 3423 4877 tantum
3457 4824 3638 4884 munia,
3669 4822 3710 4873 id

2172 4928 2272 4984 εει,
2308 4918 2493 4969 tributa
2522 4917 2692 4971 debita
2729 4917 2810 4971 vel
2841 4930 3065 4969 numera
3093 4916 3298 4972 reddat.
3326 4918 3451 4969 Nam
3490 4917 3712 4970 liberales

2174 5015 2225 5059 et
2276 5006 2640 5059 famosissima:
2689 5021 2881 5068 causze,
2939 5015 2990 5059 et
3019 5020 3136 5073 qua:
3190 5020 3254 5058 ex
3308 5005 3539 5072 principe
3572 5003 3711 5071 proli-

2176 5097 2461 5162 ciscuutur,
2505 5098 2571 5150 ad
2619 5096 2930 5162 dignitatem
2979 5096 3249 5148 civitatum
3301 5095 3580 5160 pertinent.
3616 5094 3709 5146 Nec

2175 5189 2387 5251 mirum,
2420 5188 2463 5242 si
2499 5202 2559 5242 se
2587 5188 2905 5241 Tarsensem
2941 5197 2992 5239 et
3048 5200 3150 5238 non
3198 5184 3507 5239 Giscalitent
3560 5184 3705 5243 dicat,

2175 5297 2292 5336 cum
2322 5280 2573 5335 Dominus
2605 5282 2717 5350 ipse
2747 5282 2798 5335 in
2842 5280 3110 5333 Bethleem
3157 5287 3333 5350 natus,
3362 5293 3461 5331 non
3492 5275 3710 5330 Bethlee-

2175 5374 2349 5441 mites,
2379 5374 2470 5428 sed
2501 5373 2787 5437 Nasareus,
2823 5373 2891 5426 sit
2916 5374 3342 5441 cognominatus.

2736 5460 2960 5515 CAPUT
3000 5457 3162 5512 XXII.

2253 5549 2440 5603 Vocem
2472 5558 2637 5602 autem
2677 5565 2776 5601 non
2824 5549 3095 5601 audierunt
3141 5548 3249 5616 ejus
3297 5547 3385 5615 qui
3439 5545 3709 5613 loquebatsr

2178 5658 2390 5696 mecum.
2421 5642 2585 5710 Supra
2616 5642 2680 5695 dc
2710 5641 2806 5694 hac
2838 5642 3037 5694 visione
3080 5650 3259 5693 narrat
3307 5639 3538 5697 historia,
3581 5633 3706 5703 quod

2177 5735 2396 5790 comites
2446 5734 2586 5791 illius
2637 5741 2841 5788 starent
2885 5730 3182 5801 stupefacti,
3216 5732 3486 5785 audientes
3514 5728 3710 5797 quidem
