3860 6230
519 358 619 415 991

942 352 1141 407 BED/E
1182 351 1621 410 VENERABILIS
1659 342 2021 409 OPP.PARS
2058 341 2122 398 II.
2160 341 2347 401 SECT.
2388 343 2430 400 I.
2470 373 2540 389 -ρ-
2579 344 2963 402 EXEGETICA
3005 343 3323 401 GENUINA.
3627 345 3706 402 99!

522 476 967 545 Jcrosolymorum
1016 486 1233 540 regnum
1265 469 1459 523 Judmte
1488 467 1674 530 lenuit,
1721 475 1931 531 semper
1960 461 2070 514 Βο-
2105 460 2151 517 Ᾱ
2180 464 2247 519 Et
2269 472 2470 533 arrepta
2496 464 2630 527 nari,
2647 479 2762 516 cum
2784 478 2884 515 non
2915 470 3111 529 possent
3130 474 3396 514 occurrere
3417 466 3581 524 vento,
3602 476 3704 515 ροτκ.

525 567 695 624 manis
724 566 942 629 amicus,
974 573 1027 618 et
1055 564 1123 616 ab
1153 559 1295 614 omni
1336 558 1426 612 illa
1466 557 1769 612 .ludteorum
1815 551 2077 606 seditione

526 655 839 710 tutissimus.

1070 742 1291 799 CAPUT
1336 739 1524 796 XXVI.

598 858 672 912 De
700 858 924 912 omnibus
952 858 1129 926 quibus
1153 872 1364 910 accusor
1391 871 1423 907 a
1449 852 1669 914 Judwis,
1706 848 1934 920 Agrippa
1958 863 2073 914 rex,

526 951 717 1002 a'stimo
745 965 820 1000 me
851 949 1046 1000 beatum
1072 950 1211 1013 apud
1241 956 1307 1009 te,
1338 962 1447 997 cum
1472 944 1539 996 sis
1569 943 1865 1011 defensurus
1891 956 1969 993 me
1992 939 2081 991 ho-

526 1039 629 1091 die.
666 1038 813 1091 Hunc
842 1052 1051 1090 versum
1084 1038 1183 1088 alia
1218 1036 1385 1088 Editio
1411 1037 1488 1087 sic
1514 1033 1779 1087 transtulit
1809 1048 1822 1085 :
1857 1028 2079 1084 distimo

526 1148 604 1183 me
632 1132 795 1197 ipsum
825 1131 1046 1193 beatum,
1078 1129 1215 1197 apud
1246 1138 1291 1181 te
1324 1128 1565 1196 incipiens
1595 1124 1842 1179 rationem
1869 1124 2080 1177 reddere

528 1224 698 1276 hodie.
738 1222 835 1287 Qui
876 1237 904 1273 a
955 1230 1139 1274 sancto
1188 1220 1509 1289 llicronymo
1556 1217 1782 1285 quodam
1814 1216 1930 1269 loco
1959 1229 2077 1268 cum

527 1328 619 1364 sua
647 1312 975 1379 expositione
1004 1313 1079 1365 sic
1107 1312 1311 1380 positus
1339 1323 1419 1364 est
1440 1326 1453 1363 :
1474 1328 1491 1361 ι
1524 1309 1600 1364 De
1626 1308 1869 1362 omnibus
1890 1306 2081 1375 quibus

527 1419 747 1457 accusor
769 1421 796 1457 a
828 1405 1041 1468 Judmis,
1070 1420 1101 1454 ο
1121 1418 1211 1458 rex
1238 1405 1485 1472 Agrippa,
1506 1403 1712 1455 aestimo
1735 1416 1819 1455 me
1841 1400 2079 1463 beatum,

530 1510 647 1546 cum
676 1494 811 1561 apud
842 1504 892 1547 te
924 1495 1020 1547 sim
1064 1494 1219 1546 hodie
1266 1493 1651 1555 defendendus,
1692 1490 1784 1560 qui
1816 1490 2084 1558 prmcipue

530 1586 665 1638 nosti
694 1596 908 1640 cunctas
936 1602 1051 1653 qure
1099 1587 1150 1639 in
1193 1584 1390 1639 Judreis
1416 1596 1539 1638 sunt
1579 1581 1997 1637 consuetudines
2030 1589 2086 1636 et

526 1678 867 1743 quaestiones.
898 1676 1118 1745 Legerat
1145 1678 1286 1732 enim
1317 1676 1442 1730 illud
1488 1676 1634 1730 Isaia:
1660 1694 1672 1728 :
1699 1674 1888 1729 Beatus
1910 1676 1999 1744 qui
2026 1674 2082 1727 in

525 1783 673 1821 aures
703 1769 923 1835 loquitur
952 1768 1225 1831 audientis,
1255 1775 1309 1820 et
1338 1775 1554 1819 noverat
1586 1772 1787 1818 tantum
1815 1762 2078 1820 orationis

527 1858 684 1912 vetba
720 1859 995 1926 prolicere,
1024 1866 1275 1923 quantum
1327 1855 1521 1924 judicis
1550 1856 1828 1925 prudentia
1875 1868 2079 1926 cogno-

524 1951 706 2003 visset.
750 1968 768 2001 ι

598 2037 801 2091 Etcum
839 2038 1199 2104 occiderentur,
1227 2036 1383 2091 detuli
1406 2038 1722 2091 sententiam.
1756 2036 1870 2090 Alia
1900 2035 2079 2090 Editio

524 2127 672 2193 dicit,
709 2127 1077 2197 Uccidendiqne
1106 2128 1174 2180 eis
1214 2129 1370 2181 detuli
1396 2130 1711 2193 sententiam,
1743 2128 1793 2180 id
1822 2136 1924 2195 est,
1951 2143 2081 2195 qua-

523 2217 646 2271 liter
670 2218 1061 2280 occiderentur,
1096 2219 1209 2286 ipse
1232 2219 1545 2272 sententiam
1576 2217 1725 2271 dedi.

592 2304 772 2360 Festus
796 2324 978 2378 magna
1005 2324 1119 2361 voce
1161 2308 1289 2361 dixit
1320 2324 1336 2359 :
1366 2306 1592 2373 Insanis,
1627 2307 1813 2361 Paule.
1857 2307 2079 2362 Insanize

522 2396 806 2464 deputabat
833 2399 969 2465 quod
1001 2398 1159 2451 homo
1182 2399 1475 2454 vinculatus
1502 2400 1617 2452 loco
1645 2400 1958 2454 defendendi
1988 2414 2079 2452 ac-

524 2499 696 2556 Capto,
727 2504 827 2542 non
859 2489 925 2543 de
970 2491 1231 2544 calumnia
1280 2508 1380 2559 qua
1434 2493 1774 2560 premi-batur
1821 2495 2074 2557 exterius,

523 2580 615 2632 sed
645 2581 710 2633 de.
736 2582 1062 2635 consi-ieutia
1112 2597 1211 2651 qua
1249 2584 1391 2637 intus
1437 2586 1753 2652 gloriabatur
1780 2600 2077 2638 sermonem

523 2668 737 2735 laceret,
766 2680 922 2737 atque
950 2672 1124 2723 omnia
1150 2673 1485 2726 revelationis
1506 2689 1607 2740 qua
1629 2674 1693 2727 de
1723 2683 2067 2741 persecutore

523 2756 574 2809 iu
603 2750 894 2825 apostolum
921 2770 1147 2814 mutatus
1178 2770 1293 2815 erat
1315 2762 1566 2816 miracula
1598 2775 1952 2831 percurreret,
1982 2765 2077 2821 sed

523 2855 577 2897 et
603 2845 991 2914 dispensatione
1021 2851 1184 2903 nostri
1219 2850 1592 2920 Redemptoris
1620 2864 1862 2920 ostensa,
1892 2855 1958 2909 de
1990 2871 2076 2911 rc-

522 2940 850 2993 surrectione
874 2950 1201 2995 mortuorum
1233 2946 1595 2997 concionantis
1638 2946 1818 3001 habitu
1848 2948 2080 3017 impetu-

524 3045 627 3097 que
671 3030 968 3086 dissereret.
1020 3031 1219 3087 Revera
1253 3045 1427 3089 autem
1478 3036 1615 3089 sicut
1643 3036 1801 3089 stulta
1852 3038 2076 3091 amentia

518 3128 621 3184 est,
655 3135 757 3188 qua
789 3120 922 3174 (ilius
953 3123 1203 3193 prodigus
1244 3132 1443 3191 patrem
1474 3126 1724 3181 deserens
1761 3141 1950 3195 porcos
1977 3141 2068 3196 pa-
2100 3137 2147 3200 ρ

519 3211 612 3272 vit,
646 3209 712 3261 ita
735 3222 781 3263 et
805 3211 1077 3281 spiritalis,
1125 3214 1173 3266 id
1198 3222 1301 3277 est,
1334 3230 1457 3268 vera
1484 3217 1711 3269 amentia
1743 3227 1847 3282 est,
1875 3217 1942 3271 de
1970 3232 2071 3286 qua

525 3299 805 3363 Apostolus
833 3300 945 3353 ait:
978 3301 1094 3356 Sive
1137 3304 1267 3355 enim
1315 3315 1475 3356 mente
1499 3308 1783 3358 excedimus
1822 3304 1949 3372 Deo,
1978 3308 2077 3362 sive

518 3387 672 3441 sobrii
692 3406 861 3442 sumus
890 3391 1041 3443 vobis.
1080 3392 1145 3444 Et
1186 3393 1237 3445 in
1274 3394 1425 3462 cujus
1454 3393 1898 3461 comparationem
1932 3397 2079 3449 Psal-

522 3479 677 3531 mista
705 3478 844 3531 canit
870 3498 881 3531 :
913 3479 1099 3534 Beatus
1128 3482 1199 3534 vir
1228 3487 1373 3553 cujus
1394 3493 1464 3537 est
1504 3500 1684 3537 nomen
1729 3483 1936 3537 Domini
1964 3503 2077 3551 spes

522 3568 655 3637 ejus,
683 3578 729 3622 et
762 3585 860 3622 non
893 3574 1106 3639 respexit
1157 3573 1209 3624 in
1258 3575 1504 3627 vanitates
1533 3584 1603 3644 .et
1645 3576 1867 3629 insanias
1915 3576 2074 3643 falsas

528 3652 700 3728 (Psal.
726 3660 936 3728 χχχιι).

593 3748 785 3814 Credis,
821 3749 1042 3820 Agrippa
1089 3766 1195 3814 rex,
1240 3751 1539 3821 prapltetis.’
1587 3751 1706 3804 Scio
1733 3752 1853 3818 quia
1890 3754 2073 3806 credis.

522 3838 637 3892 Non
670 3838 784 3893 lucc
809 3840 1093 3905 adulando,
1120 3851 1175 3896 ut
1211 3844 1425 3910 quidam
1458 3851 1662 3910 putant,
1695 3844 1785 3897 sed
1814 3859 1935 3898 vere
1966 3860 2078 3913 pro-

521 3927 680 3981 fatur.
714 3929 939 3999 Agrippa
968 3933 1129 3995 enim,
1176 3941 1352 4001 utpote
1380 3932 1686 3987 Judzeorum
1712 3933 1813 3987 ritu
1853 3944 1906 3988 et
1937 3935 2073 4001 legi-

521 4022 619 4074 bus
651 4022 897 4087 imbutus,
927 4023 1175 4077 credebat
1204 4040 1325 4078 vera
1356 4026 1564 4080 locutos
1616 4041 1733 4081 esse
1764 4030 2072 4095 prophetas,

521 4114 612 4166 sed
644 4114 707 4167 ad
735 4130 888 4183 quem
919 4116 1103 4170 eadem
1128 4117 1320 4170 veritas
1354 4118 1698 4185 pertingeret,
1732 4119 1781 4171 id
1818 4128 1919 4185 est,
1962 4119 2075 4172 Do-

523 4206 719 4255 minum
748 4205 1036 4267 Chrismai,
1061 4216 1115 4259 ut
1151 4207 1382 4272 perlldus
1404 4208 1687 4263 nesciebat.
1737 4207 1991 4274 Quamvis
2023 4212 2074 4264 in

521 4295 780 4349 concione
804 4296 1022 4363 qundam
1046 4311 1161 4351 cum
1179 4296 1374 4353 Judaeis
1400 4299 1575 4353 habita
1603 4300 1805 4355 dixisse
1836 4302 2068 4370 legatur:

523 4384 628 4438 Sed
658 4384 723 4436 de
776 4384 1047 4452 religionis
1090 4389 1290 4441 auxilio
1339 4390 1682 4457 praesumitis,
1726 4405 1847 4444 cum
1889 4393 2071 4447 orbem

2182 554 2388 607 modata
2418 554 2534 606 navi
2560 553 2789 623 ﬂatibus,
2820 553 3055 621 colligere
3077 552 3184 604 vela
3208 559 3483 621 eruperunt.

2249 643 2392 698 Tunc
2441 645 2832 698 transcurrimus
2877 643 3095 697 insulam
3140 657 3255 708 qua
3298 640 3484 693 dicitur
3518 639 3705 708 Claude,

2180 752 2331 805 quam
2360 750 2605 803 occupare
2632 750 2732 787 non
2765 743 3054 802 potuerunt,
3086 733 3173 787 sed
3214 734 3415 800 scapha
3442 732 3605 785 missu:
3634 737 3707 785 ad-

2171 829 2354 899 juvare
2376 834 2631 894 creperum
2670 841 2867 890 navem,
2897 826 3255 895 praecingentes
3286 838 3415 878 eant.
3446 824 3709 878 Trahebant

2180 927 2345 971 autem
2380 926 2425 969 et
2448 916 2721 981 anchoras,
2762 917 2988 970 timentes
3010 932 3071 969 ne
3110 924 3430 970 occurrerent
3456 917 3510 968 in
3538 915 3707 985 Syrtes.

2182 1011 2263 1066 Ex
2296 1026 2399 1079 quo
2425 1008 2739 1064 ostenditur
2767 1010 2904 1078 quod
2938 1008 3150 1063 funibus
3191 1023 3219 1061 a
3248 1010 3423 1064 medio
3453 1014 3609 1064 latere
3635 1023 3711 1062 ns-

2181 1104 2261 1156 vis
2301 1103 2544 1167 utrinque
2570 1102 2710 1154 circa
2738 1099 2974 1167 ejusdem
3021 1098 3285 1153 anteriora
3324 1099 3593 1161 demissis,
3634 1112 3710 1150 sn-

2181 1190 2370 1246 choras
2396 1191 2476 1243 bis
2504 1205 2622 1258 quae
2663 1188 2997 1242 traherentur
3021 1188 3394 1255 adiunxerunt.
3429 1187 3575 1242 Sicut
3598 1199 3644 1242 et
3670 1189 3707 1241 in

2182 1292 2387 1348 nostro,
2418 1281 2469 1336 id
2496 1290 2596 1346 est,
2627 1282 2677 1335 in
2722 1279 3022 1334 Britannico
3053 1280 3206 1342 mari.
3249 1280 3583 1334 refrenanda:
3608 1280 3710 1332 navi

2182 1382 2303 1443 post
2343 1380 2543 1440 tergum
2588 1369 2807 1423 molaria
2835 1383 2962 1423 saxa
3004 1366 3325 1435 subiungere
3368 1370 3564 1423 solent.
3604 1368 3711 1423 llzee

2183 1462 2324 1516 enim
2354 1461 2417 1514 ad
2472 1458 2845 1513 retardaudum
2876 1457 3139 1525 navigium
3184 1456 3466 1522 iaciebant,
3508 1473 3575 1511 ne
3612 1473 3715 1526 prte-

2184 1564 2409 1620 propero
2436 1550 2647 1604 incursu
2677 1549 2865 1617 Syrtes
2912 1548 3192 1612 incideret,
3229 1550 3345 1602 so'o
3373 1549 3529 1602 etiam
3557 1548 3712 1603 auditu

2186 1640 2471 1704 terribiles,
2519 1638 2653 1707 quod
2685 1638 2861 1692 omnia
2891 1637 2955 1691 ad
2986 1652 3045 1692 se
3094 1639 3322 1706 rapiant.
3370 1636 3526 1692 Unde
3546 1638 3714 1693 et-Ssl-

2188 1730 2373 1784 lustius
2402 1730 2508 1783 illis
2534 1744 2725 1783 nomen
2757 1743 2787 1781 a
2814 1737 2979 1783 tractu
3004 1727 3129 1782 dicit
3159 1728 3487 1796 impositum.

2111 1800 2159 1859 Β
2256 1821 2525 1875 Potuimus
2553 1821 2636 1874 vis:
2664 1821 2887 1873 obtinere
2916 1820 3175 1884 scapham.
3209 1819 3322 1885 Qua
3349 1821 3549 1872 sublata
3582 1820 3713 1889 adju-

2182 1912 2327 1966 toriis
2356 1912 2643 1965 utebantur.
2687 1910 2889 1977 Scapha
2922 1911 3032 1964 sive
3071 1910 3416 1979 Catascopos,
3462 1921 3545 1964 est
3588 1912 3713 1963 navi-

2182 2004 2301 2058 cula
2332 2004 2485 2069 levis,
2515 2017 2580 2058 ex
2605 2003 2801 2058 vimine
2825 2003 2981 2067 facta,
3004 2002 3271 2070 crudoque
3300 2003 3447 2055 corio
3476 2012 3715 2057 contecta.

2183 2096 2327 2151 Dicta
2354 2108 2527 2151 autem
2558 2096 2741 2151 Grmce
2767 2110 2796 2148 a
2824 2078 3257 2162 contemplanda,
3276 2093 3416 2161 quod
3448 2092 3531 2145 tali
3565 2100 3718 2145 nautae

2184 2191 2263 2244 vel
2298 2190 2479 2258 pirate
2529 2188 2735 2256 navigio
2765 2196 2931 2241 terras
2975 2195 3028 2239 et
3073 2186 3246 2237 littora
3298 2185 3595 2251 prospicere
3636 2200 3712 2239 so-

2181 2282 2345 2334 leant.
2395 2279 2540 2332 IIanc
2568 2292 2694 2347 ergo
2723 2291 2841 2331 cum
2892 2290 2987 2340 pro
3029 2273 3333 2343 adiuvanda
3386 2289 3513 2329 nave
3545 2274 3710 2343 majori

2180 2372 2555 2438 deposuissent
2580 2371 2630 2424 in
2666 2385 2835 2434 mare,
2865 2370 2948 2422 vix
2976 2368 3134 2423 ﬂuctu
3161 2366 3401 2422 fervente
3431 2376 3711 2435 potuerunt,

2181 2478 2247 2518 ne
2289 2464 2575 2525 laberetur,
2604 2462 2859 2516 obtinere.

2251 2553 2534 2608 Summisso
2581 2569 2695 2606 vase
2737 2553 2810 2606 sic
2843 2550 3150 2617 ferebantur.
3191 2550 3305 2604 Alia
3340 2548 3607 2604 translatio
3646 2549 3709 2601 sic

2180 2642 2326 2709 ponit
2354 2660 2365 2693 :
2406 2642 2752 2709 Timentesque
2774 2658 2834 2694 ne
2859 2642 2911 2693 in
2939 2640 3132 2710 Syrtim
3174 2640 3483 2707 exciderent,
3513 2641 3712 2693 laxantes

2179 2745 2424 2789 antennas
2447 2736 2517 2787 ita
2547 2734 2865 2804 ferebantur.

2249 2825 2419 2879 Astitit
2441 2825 2568 2877 enim
2598 2823 2719 2877 mihi
2751 2824 2843 2876 hac
2873 2833 3018 2877 nocte
3050 2825 3261 2895 angelus
3297 2823 3413 2878 Dei.
3454 2822 3562 2877 Non
3589 2823 3711 2889 seip-

2181 2930 2297 2969 sum
2330 2916 2443 2968 haec
2487 2914 2709 2969 dicendo
2751 2913 3005 2982 jactabat,
3052 2915 3144 2968 sed
3194 2915 3310 2968 illos
3339 2915 3405 2967 ad
3437 2914 3585 2967 fidem
3614 2927 3715 2980 pro-

2181 3006 2423 3061 vocabat.
2448 3004 2577 3059 Nam
2603 3015 2655 3059 et
2682 3005 2801 3059 ideo
2824 3005 3040 3072 pelagus
3063 3004 3259 3056 turbari
3295 3003 3601 3071 permissum
3628 3013 3714 3059 est.

2182 3108 2240 3153 ut
2269 3107 2323 3152 et
2366 3114 2461 3167 per
2489 3098 2539 3152 id
2590 3097 2729 3167 quod
2775 3097 2986 3150 auditus
3017 3111 3118 3148 non
3155 3104 3257 3160 est,
3292 3107 3346 3149 et
3388 3111 3480 3163 per
3513 3095 3559 3148 id
3589 3093 3712 3162 quod

2181 3192 2393 3246 auditus
2422 3198 2524 3255 est,
2556 3189 2809 3256 spiritalis
2836 3190 2887 3243 in
2916 3188 3076 3241 Paulo
3101 3185 3267 3256 gratia
3298 3187 3629 3253 panderetur.

2251 3282 2369 3336 Nisi
2399 3283 2450 3334 hi
2474 3286 2523 3334 in
2552 3281 2666 3335 navi
2706 3281 3003 3345 manserint,
3034 3296 3117 3331 vos
3144 3279 3268 3331 salvi
3312 3279 3425 3346 ﬁeri
3453 3294 3547 3331 non
3586 3282 3714 3343 pote-

2178 3374 2289 3436 stis,
2317 3382 2419 3428 etc.
2455 3373 2587 3438 Quia
2629 3373 2680 3425 in
2711 3370 2950 3440 periculo
2980 3369 3235 3439 naufragii
3264 3369 3431 3439 magis
3460 3378 3714 3421 nautarum

2178 3462 2397 3519 scientia
2425 3465 2511 3531 qui
2542 3470 2697 3516 erant
2723 3462 2871 3530 gnari
2904 3460 3083 3524 maris,
3114 3475 3272 3529 quam
3327 3458 3549 3512 militum
3576 3472 3706 3510 arma

2179 3553 2429 3622 prodesse
2440 3554 2702 3617 valebant.
2722 3552 2842 3607 ideo
2867 3550 3033 3605 levius
3054 3548 3294 3605 ferebant
3312 3552 3557 3619 scapham
3574 3561 3713 3618 quam

2180 3652 2367 3695 nautas
2413 3642 2683 3695 excidere.

2249 3729 2316 3784 Et
2346 3746 2457 3784 cum
2484 3732 2575 3784 lux
2617 3731 2855 3795 inciperet
2904 3730 3040 3799 ﬁeri,
3072 3728 3286 3798 rogabat
3334 3728 3527 3783 Paulus
3569 3744 3716 3781 carnes

2181 3842 2378 3881 sumere
2403 3826 2589 3880 cibum.
2633 3826 3023 3881 Pulcherrimus
3052 3825 3104 3880 in
3146 3824 3247 3879 hoc
3292 3826 3411 3880 loco
3440 3833 3578 3895 patet
3603 3823 3715 3876 alle-

2178 3918 2339 3986 gerite
2384 3932 2595 3981 sensus.
2637 3932 2755 3971 cum
2807 3916 2999 3971 Paulus
3042 3930 3136 3972 eos
3184 3931 3318 3986 quos
3346 3916 3416 3971 de
3469 3915 3714 3983 naufragio

2176 4007 2368 4061 salvari
2400 4007 2661 4074 promisit,
2694 4008 2869 4062 cibum
2910 4023 3121 4063 sumere
3158 4010 3346 4063 suasit.
3376 4009 3439 4063 Et
3478 4010 3595 4075 quia
3634 4022 3715 4060 uo-

2178 4107 2263 4152 cte
2293 4097 2459 4151 media
2488 4109 2717 4168 quatuor
2745 4099 2994 4154 anchoris
3042 4100 3180 4153 inter
3210 4099 3467 4153 undarum
3510 4098 3717 4167 impetus

2179 4192 2516 4260 regebantur,
2539 4196 2653 4244 orta
2682 4189 2788 4255 die,
2814 4200 2968 4243 terrm
2997 4190 3170 4243 sinum
3194 4189 3579 4253 conscendunt,
3606 4188 3715 4255 quis

2178 4282 2351 4335 nullus
2383 4282 2536 4349 hujus
2578 4270 2758 4335 surculi
2806 4288 3149 4350 tempestates
3197 4282 3297 4335 nisi
3330 4283 3420 4349 qui
3454 4298 3584 4350 pane
3611 4281 3718 4335 vine

2177 4373 2429 4439 pascitur,
2461 4369 2660 4424 evadit.
2705 4368 2773 4424 Et
2812 4369 2900 4439 qui
2949 4381 3104 4425 nocte
3150 4371 3549 4425 tribulationum
3594 4386 3714 4440 pr:-

517 4473 627 4543 jam
662 4475 951 4530 Romanum
996 4477 1122 4532 Jesu
1168 4480 1407 4547 discipuli
1441 4482 1784 4549 repleverint,
1834 4494 1926 4539 aut
1954 4486 2071 4540 sine
2105 4461 2407 4540 Dsemium
2473 4460 2772 4529 “piemm'
2836 4460 3128 4515 ίοτιίωσίηί
3156 4502 3172 4527 υ
3234 4464 3625 4532 temperanti”,
3670 4470 3717 4516 εί

522 4562 615 4619 Dei
647 4577 776 4619 nutu
808 4580 1051 4635 putamus
1072 4570 1213 4623 illam
1258 4584 1497 4626 crescere
1527 4572 1858 4644 religionem.

1052 4701 1279 4757 CAPUT
1330 4702 1534 4759 XXVII.

591 4811 795 4866 Etcum
824 4812 992 4866 multis
1023 4814 1193 4867 diebus
1230 4815 1373 4869 tarde
1400 4816 1766 4885 navigaremus,
1796 4827 1841 4871 et
1875 4818 1959 4871 vix
1984 4817 2072 4871 de-

520 4908 821 4961 venissemus
845 4922 1023 4962 contra
1049 4907 1250 4966 Chium.
1278 4911 1458 4965 Melius
1484 4912 1690 4980 legitur,
1722 4923 1904 4969 contra
1935 4914 2066 4970 Gni-

520 5001 663 5060 dum,
696 5014 811 5066 quae
839 5010 918 5053 est
939 5000 1108 5054 insula
1138 5010 1318 5053 contra
1348 5000 1545 5055 Asiam.

590 5087 826 5141 Centurio
884 5102 1051 5142 autem
1112 5089 1435 5159 gubernatori
1493 5101 1541 5143 et
1606 5092 1840 5146 nanclero
1906 5095 2071 5164 magis

521 5179 768 5234 credebat.
807 5178 1096 5235 Naucleros
1132 5180 1336 5247 Graece,
1369 5180 1554 5237 Latine
1607 5183 1946 5238 navicularius
1983 5186 2069 5238 di-

520 5274 674 5323 citur.

593 5360 735 5416 Misit
771 5378 823 5416 se
872 5371 1047 5415 contra
1109 5364 1269 5431 ipsam
1326 5373 1499 5420 ventus
1557 5365 1900 5435 Typhonicus.
1957 5371 2073 5427 Alia

524 5452 795 5505 translatio
835 5451 1019 5507 Latine
1046 5453 1176 5507 dicit
1206 5472 1219 5507 :
1258 5454 1445 5509 Ventus
1488 5458 1822 5526 tempestivus.
1854 5461 1895 5513 Τ
1899 5462 2075 5530 ypbus

522 5544 659 5596 enim
690 5544 895 5611 Graece,
926 5543 1109 5599 Latine
1135 5546 1330 5614 inﬂatio
1358 5546 1571 5601 dicitur.

593 5636 817 5706 Cumque
839 5648 1043 5705 arrepta
1071 5649 1195 5692 esset
1225 5641 1383 5706 navis,
1413 5650 1458 5691 et
1487 5656 1586 5693 non
1631 5650 1793 5707 posset
1821 5645 1993 5697 conari
2023 5644 2074 5697 in

521 5740 737 5797 uentum,
772 5737 872 5786 etc.
904 5727 1026 5786 Huc
1052 5730 1151 5784 alia
1182 5730 1484 5787 Translatio
1509 5730 1836 5789 manifestius
1865 5732 2029 5789 edidit
2058 5749 2071 5787 :

2172 4552 2391 4619 jusdtice
2434 4552 2556 4605 totis
2582 4551 2784 4604 viribus
2828 4549 3091 4615 innititur,
3126 4566 3247 4606 mox
3282 4552 3493 4607 Domini
3534 4553 3715 4607 auxilio

2175 4650 2487 4696 coruscante
2518 4651 2724 4708 portum
2750 4640 2937 4695 salutis
2966 4657 3121 4710 quem
3146 4644 3419 4712 quaesierit
3447 4643 3713 4709 consequi-

2172 4741 2281 4798 tur,
2328 4733 2400 4787 ita
2443 4731 2697 4786 duntaxat
2746 4739 2823 4794 ut,
2855 4732 3036 4785 stecttli
3068 4733 3226 4787 rebus
3252 4734 3549 4802 expeditus,
3584 4734 3716 4787 llam-

2174 4838 2314 4877 mam
2355 4822 2693 4878 solummodo
2732 4821 3034 4877 dilectionis
3081 4836 3178 4892 qua
3229 4833 3417 4892 pectus
3462 4822 3715 4879 calefacist

2173 4922 2397 4987 quaerat.

2245 5006 2309 5061 Et
2338 5008 2495 5061 levato
2537 5014 2811 5069 artemone,
2838 5004 3112 5059 secundum
3160 5006 3343 5073 ﬂatum
3386 5023 3525 5061 aurea
3552 5007 3708 5059 tendev

2174 5100 2292 5154 bant
2318 5101 2384 5154 ad
2413 5101 2573 5154 littus.
2602 5100 2853 5152 Artemon
2888 5106 2971 5151 est
3000 5097 3261 5151 modicum
3291 5097 3469 5151 velum
3495 5097 3713 5165 dirigen-

2173 5195 2254 5248 dte
2303 5192 2479 5262 potius
2532 5190 2679 5245 navis
2722 5205 2879 5245 causa
2911 5200 3326 5245 commentatum
3360 5204 3514 5259 quam
3541 5188 3713 5244 celeri-

2174 5284 2317 5337 tatis.

2244 5373 2312 5427 Et
2336 5389 2449 5427 cum
2478 5371 2822 5425 incidissemus
2850 5371 2904 5424 in
2928 5372 3094 5423 locum
3123 5369 3478 5433 bithalassum,
3514 5368 3716 5439 impege-

2174 5474 2290 5518 runt
2333 5477 2528 5515 narem.
2573 5461 2920 5515 Uithalassum
2961 5460 3341 5513 bimaritimum
3385 5460 3556 5523 dicit,
3603 5458 3711 5525 quis

2175 5553 2345 5607 ϐτωοί
2374 5565 2517 5605 mare
2543 5552 2804 5605 θάλασσαν
2834 5557 3045 5602 vocant.
3079 5547 3353 5617 Signiﬁcat
3373 5556 3548 5602 autem
3579 5547 3716 5600 littus

2178 5644 2230 5698 in
2277 5658 2424 5698 mare
2471 5651 2795 5711 protentam,
2839 5639 3130 5710 eodemque
3181 5638 3316 5694 mari
3360 5652 3421 5695 se
3464 5636 3717 5693 dividente

2178 5734 2298 5790 hinc
2327 5733 2447 5791 inde
2482 5732 2883 5789 circumdatum.

3804 436 3807 477 l
