3860 6230
56 342 161 401 993

977 340 1199 399 sopsn
1239 339 1416 398 ACTA
1459 298 1956 395 Apesrowuun
2001 334 2380 392 EXPOSITIO.

3175 330 3280 387 9M

128 459 199 513 Et
250 472 405 524 prora
453 456 656 526 quidem
688 455 791 522 lixa
818 457 1052 509 manebat
1096 453 1390 520 immobilis,
1443 453 1626 523 puppis
1655 454 1703 513 Α
1733 457 1838 502 tam
1874 448 2145 503 Helenam.
2176 446 2325 502 Unde
2382 443 2573 500 dicitur
2613 459 2625 497 :
2676 440 2778 496 Iste
2824 442 3123 497 modulatus
3169 447 3279 499 ales

59 566 176 606 sero
206 548 493 602 solvebatur
519 566 551 602 a
576 549 623 601 vi
652 547 840 610 maris,
866 556 970 603 etc.
1002 547 1120 601 Ideo
1150 545 1303 601 navis
1324 543 1419 598 ista
1448 543 1622 612 periit,

59 645 182 709 quia
212 658 319 697 non
367 642 467 696 levi
515 656 673 696 cursu
717 641 962 695 ﬂuctibus
1023 641 1329 709 superlapsa
1382 645 1484 702 est,
1532 636 1626 691 sed

61 733 178 800 ipso
207 736 437 798 aequoris
465 732 623 787 fundo
648 731 908 786 violenter
936 730 1117 794 inﬁxa,
1151 730 1346 800 partim
1394 728 1510 782 solo
1543 742 1628 781 re-

66 822 288 884 tinetur,
315 824 502 893 partim
541 821 679 875 unda
710 830 933 876 vexante
972 821 1333 887 conlringitur.
1364 818 1509 872 Talis
1539 825 1622 870 cst

67 916 308 981 profecto
353 930 504 968 casus
551 913 710 967 animi
764 913 883 966 huic
925 911 1122 966 sreculo
1151 910 1334 974 dediti,
1369 909 1456 978 qui
1506 922 1626 962 cum

67 1005 249 1058 mttndi
279 1005 539 1058 desideria
580 1005 784 1057 calcare
811 1002 1127 1072 neglexerit,
1155 1005 1274 1068 quia
1307 1014 1517 1068 proram
1551 998 1630 1051 in-

69 1096 326 1149 tentioois
358 1105 514 1148 terra:
552 1092 786 1146 londitus
819 1093 1008 1159 inﬁgit,
1066 1099 1227 1143 totam
1273 1105 1491 1155 operum
1541 1103 1629 1142 se-

70 1188 347 1253 quentium
377 1200 712 1254 compagem,
752 1198 999 1238 curarum
1033 1180 1278 1234 ﬂuctibus
1307 1180 1485 1234 solvil.
1525 1178 1628 1232 Sed

71 1276 229 1345 huius
256 1277 513 1330 navicula:
538 1275 852 1347 fragmentis
868 1273 954 1341 qui
976 1281 1408 1337 evasere,terram
1425 1278 1628 1340 petunt,

68 1372 187 1440 quia
219 1370 550 1438 pereuntium
577 1370 834 1437 exemplis
855 1366 941 1422 alii
967 1381 1026 1423 se
1053 1365 1258 1421 cautius
1290 1373 1468 1432 agunt.

598 1477 823 1535 CAPUT
863 1476 1095 1531 XXVIII.

137 1568 268 1624 Cum
298 1578 642 1639 congregasset
671 1577 837 1626 autem
874 1565 1074 1620 Paulus
1102 1574 1469 1620 sarmentorum
1498 1563 1635 1616 mul-

75 1664 362 1726 titudinem,
387 1671 431 1713 et
461 1661 774 1729 imposuisset
803 1676 951 1731 super
975 1661 1154 1728 ignem.
1175 1658 1430 1727 Egressus
1461 1666 1541 1711 est
1570 1657 1635 1711 de

78 1751 209 1804 mari
241 1750 546 1818 Apostolus,
578 1749 750 1818 ignem
782 1759 997 1815 promer
1038 1749 1198 1818 frigus
1223 1747 1481 1810 accendit,
1515 1747 1630 1814 quia

73 1839 230 1893 corda
287 1839 496 1891 illorum
568 1852 700 1906 quos
750 1837 903 1890 undis
955 1845 1324 1902 tempestatum
1395 1835 1633 1889 docendo

75 1925 318 1990 exemit,
369 1925 566 1978 amoris
632 1925 822 1978 ardore
869 1924 1128 1977 calefacit.
1175 1925 1446 1978 Sarmenta
1495 1925 1632 1977 enim

74 2025 194 2070 sunt
241 2015 380 2069 dicta
448 2015 698 2083 qnmlibet
748 2014 1170 2069 exhortationum
1200 2053 1214 2078 ,
1271 2028 1389 2081 quae
1435 2014 1500 2067 ad
1551 2028 1638 2066 ac-

75 2105 397 2159 cendendam
440 2104 753 2158 cltaritatem
806 2105 1034 2156 valentia
1082 2103 1148 2155 ab
1207 2105 1504 2170 integritate
1541 2101 1636 2155 de-

76 2204 252 2262 cerpta
303 2193 696 2263 Scripturarum
751 2194 899 2261 quasi
954 2189 1227 2245 frondibus
1291 2198 1416 2245 sunt
1462 2189 1638 2244 excisa

80 2301 366 2339 Γαιιιοῐυῐιι.

154 2374 340 2443 Vipera
380 2390 412 2426 a
467 2373 635 2428 calore
672 2388 786 2425 cum
836 2370 1172 2441 processisset,
1206 2369 1384 2423 invasit
1428 2385 1636 2423 manum

79 2469 200 2535 ejus.
234 2465 368 2531 Quia
418 2465 635 2534 spiritus
677 2464 999 2527 immundus,
1046 2461 1256 2515 ﬂamma
1297 2462 1545 2515 virtutum
1573 2460 1640 2513 de

83 2560 307 2612 ﬁdelium
339 2557 502 2612 corde
531 2557 796 2624 repulsus,
827 2555 1138 2610 doctoribus
1178 2553 1416 2607 veritatis
1439 2566 1638 2607 venena

85 2648 506 2716 persecutionum
551 2646 825 2700 inluudere
855 2646 1064 2711 nititur,
1094 2661 1197 2712 quo
1244 2660 1456 2697 manum
1511 2658 1638 2697 sau-

84 2743 198 2808 ciet,
241 2742 289 2795 id
319 2751 422 2806 est,
465 2755 599 2809 opus
627 2741 883 2794 doctrina:
927 2740 1184 2809 spiritalis
1216 2738 1496 2806 impediat.

145 2831 211 2884 Et
242 2832 330 2885 ille
378 2832 581 2899 quidem
627 2832 885 2883 excutiens
939 2831 1143 2883 bestiam
1191 2830 1244 2882 in
1274 2829 1459 2897 ignem,
1512 2826 1641 2879 nihil

87 2923 199 2977 mali
220 2938 399 2992 passus
430 2932 528 2976 est.
561 2921 757 2974 Eodem
803 2921 905 2988 igni
929 2935 1033 2988 quo
1060 2934 1184 2972 suos
1224 2919 1384 2984 fovet,
1419 2916 1638 2971 bestiam

87 3012 497 3079 comburit,quia
529 3009 716 3064 iisdem
747 3010 1027 3064 virtutibus
1054 3019 1109 3062 et
1133 3009 1299 3062 sancti
1332 3005 1636 3075 proﬁciunt,

89 3113 134 3158 et
177 3102 329 3170 impii
367 3116 486 3155 cum
539 3115 634 3154 suo
679 3109 896 3153 auctore
939 3098 1225 3152 invidendo
1254 3096 1538 3161 deﬁciunt,
1584 3104 1640 3147 ut
1667 3128 1715 3192 ϐ

92 3194 332 3262 propheta
361 3192 432 3245 ait
457 3189 640 3244 :Zelus
670 3190 1002 3258 apprehendit
1023 3187 1266 3258 pOpuluut
1291 3187 1600 3241 ineruditum
1622 3223 1638 3252 ,

91 3294 133 3336 et
159 3298 286 3335 nunc
314 3282 446 3352 ignis
467 3280 782 3333 adversarios
809 3279 1044 3333 comedit.

155 3374 369 3445 Contigit
396 3383 567 3427 autem
595 3381 784 3439 patrem
818 3370 991 3425 Publii
1041 3369 1260 3439 febribus
1286 3379 1334 3422 et
1361 3366 1644 3438 dysenteria

91 3475 309 3522 νίιεαιηοι
347 3467 551 3538 jacere,
607 3474 713 3519 etc.
742 3465 849 3522 Cur
876 3464 1142 3521 inﬁrmum
1177 3463 1440 3517 inﬁdelem
1487 3476 1644 3529 prece

96 3557 272 3620 salvat,
304 3556 394 3624 qui
442 3553 799 3618 Timotheum,
828 3553 1280 3622 Tropltitnumque
1335 3552 1516 3605 lideles
1565 3553 1645 3604 itt-

100 3647 289 3710 ﬁrtnos,
323 3660 481 3698 unum
529 3642 828 3698 mediciuali
876 3655 988 3696 arte
1019 3652 1268 3711 reparat,
1309 3642 1530 3695 alterum
1578 3655 1642 3693 ex

100 3744 198 3787 toto
250 3732 541 3803 relinquit,
600 3732 704 3786 nisi
749 3731 870 3801 quia
919 3731 1006 3785 ille
1037 3729 1164 3784 foris
1212 3745 1305 3799 per
1336 3729 1645 3783 miraculum

103 3825 355 3879 sanandus
393 3834 527 3889 erat,
558 3825 648 3891 qui
684 3824 835 3877 vivus
866 3823 1085 3876 interius
1112 3838 1214 3875 non
1246 3831 1378 3886 erat,
1410 3835 1512 3890 quo
1540 3836 1643 3874 non

102 3916 390 3984 indigebant
411 3914 497 3983 qui
522 3914 805 3984 salubriter
834 3913 971 3967 intus
1007 3912 1293 3965 vivebant?

164 4004 521 4075 Navigam’mus
562 4005 613 4057 in
645 4005 758 4057 navi
784 4004 1152 4068 Alexandrina,
1193 4017 1304 4071 qua:
1333 4000 1497 4054 insula
1525 4001 1646 4070 hye-

104 4104 329 4159 marerat,
363 4095 440 4147 cui
471 4104 577 4148 erat
623 4095 821 4163 insigne
843 4094 1158 4146 Castrorum.
1198 4091 1368 4145 Credo
1406 4090 1646 4159 primitus

104 4186 282 4257 insigne
313 4185 577 4239 Castorum
618 4197 739 4237 esse
787 4183 1034 4250 positum,
1087 4181 1178 4234 sed
1232 4180 1358 4233 vitio
1407 4179 1648 4231 librario-

109 4291 213 4328 rum
239 4277 460 4329 litteram
486 4274 746 4342 adjectam
771 4275 906 4326 sicut
934 4276 1122 4341 frustra
1155 4270 1321 4339 panis,
1344 4283 1437 4336 pro
1455 4270 1641 4338 frusta,

109 4377 157 4419 ct
190 4367 480 4436 appropriat
513 4380 610 4434 pro
639 4363 926 4432 appmpiat,
968 4376 1110 4430 smpe
1149 4360 1399 4427 scriptum
1432 4358 1482 4411 in
1514 4358 1648 4410 anti-

1727 537 1930 597 Ledeos
1954 538 2136 607 petivit
2163 538 2464 604 amplexus;
2499 537 2622 590 item
2664 535 2902 589 eamdem
2932 546 3186 589 mutatum
3220 535 3273 589 in

1727 628 1930 682 stellam
1963 628 2196 693 vitiasse,
2225 637 2278 680 et
2316 627 2583 680 Castorem
2632 640 2693 679 ac
2743 625 3004 680 Pollucem
3036 627 3278 694 geminos

1731 731 2058 785 procreasse.

1801 811 1931 876 Quia
1960 809 2078 863 bene
2131 808 2351 877 Spiritus
2395 819 2599 862 sanctus
2628 809 2820 863 locutus
2852 817 2920 862 est
2967 826 3052 876 per
3087 809 3278 865 Isaiam

1730 901 2024 969 prophetam
2053 900 2119 951 ad
2149 908 2312 966 patres
2341 910 2544 961 vestros,
2587 898 2752 950 dicens
2785 913 2804 950 :
2838 896 2976 950 Vade
3003 899 3069 950 ad
3118 915 3282 968 popu-

1731 991 1833 1042 lum
1858 990 2005 1042 istum
2047 998 2094 1041 et
2121 987 2202 1040 dic
2240 1003 2259 1041 :
2287 989 2419 1040 Aure
2446 987 2684 1052 audietis,
2716 999 2817 1040 etc.
2868 986 3013 1041 Ilanc
3053 989 3280 1055 promte-

1733 1082 1855 1133 tiam
1886 1095 2039 1148 quam
2074 1078 2358 1146 Apostolus
2389 1076 2620 1130 afﬁrmat
2661 1094 2688 1129 a
2719 1076 2913 1145 Spiritu
2942 1089 3122 1131 sancto
3163 1094 3282 1147 pro-

1732 1169 2043 1230 nuntiatam,
2088 1169 2202 1234 ipse
2254 1168 2386 1220 liber
2433 1167 2702 1237 prophetae
2750 1182 2778 1219 a
2813 1167 3034 1220 Domino
3089 1167 3280 1221 dictam

1732 1272 1850 1312 esse
1877 1264 2276 1311 commemorat.
2307 1256 2383 1309 Ex
2414 1272 2519 1325 quo
2553 1255 2751 1325 liquido
2777 1256 3069 1311 ostenditur
3098 1271 3198 1308 una
3228 1266 3283 1310 et

1733 1357 1975 1410 voluntas
2017 1362 2072 1409 et
2115 1363 2303 1410 natura
2335 1353 2540 1407 Domini
2572 1361 2625 1407 et
2671 1353 2896 1420 Spiritus
2922 1353 3113 1414 sancti,
3137 1362 3189 1405 et
3229 1353 3282 1406 in

1732 1446 2118 1514 nuncupatione
2163 1444 2391 1512 Spiritus
2440 1444 2599 1497 etiam
2653 1441 2851 1494 Domini
2898 1456 3085 1494 nomen
3126 1442 3283 1494 intel-

1733 1535 1842 1605 ligi.
1900 1534 2080 1603 Neque
2132 1548 2259 1586 vero
2309 1532 2499 1585 Paulus
2551 1531 2709 1583 alium
2767 1530 2965 1583 habens
3031 1530 3281 1597 Spiritum

1733 1637 1972 1678 sanctum
2001 1625 2112 1676 lucc
2142 1623 2209 1676 de
2259 1639 2322 1677 co
2370 1622 2603 1689 scripsit,
2649 1623 2735 1689 qui
2780 1620 2832 1673 in
2865 1620 3131 1689 prophetis
3167 1629 3289 1672 ante

1737 1717 2018 1771 adventum
2043 1716 2248 1769 Domini
2291 1715 2426 1767 alius
2452 1714 2567 1780 luit,
2597 1713 2686 1766 sed
2715 1712 2781 1764 de
2824 1727 2888 1765 eo
2915 1713 3065 1779 cujus
3091 1723 3141 1764 et
3171 1712 3287 1778 ipse

1667 1796 1708 1853 Β
1738 1807 1998 1875 particeps
2025 1813 2160 1869 erat,
2206 1812 2260 1857 et
2313 1817 2498 1855 omnes
2546 1803 2633 1870 qui
2684 1805 2732 1853 in
2772 1801 2874 1854 ﬁde
2902 1811 3288 1860 consummata:

1736 1898 1944 1951 virtutis
1993 1895 2313 1950 ferebantur.
2343 1892 2491 1946 Unde
2533 1901 2582 1945 et
2633 1905 2751 1945 cum
2779 1889 3000 1942 articulo
3047 1890 3158 1956 ejus
3181 1905 3292 1943 tne-

1738 1987 1910 2048 minit,
1946 1984 2093 2053 quasi
2121 1982 2414 2036 solitarium
2446 1991 2500 2033 et
2528 1996 2688 2032 unum
2732 1994 2849 2032 esse
2879 1988 3196 2041 contestans,
3239 1986 3294 2030 et

1739 2078 1874 2131 sicut
1920 2075 2050 2128 dicit
2099 2088 2201 2126 non
2243 2070 2548 2136 simpliciter
2600 2075 2792 2138 Πνεῦμα
2820 2066 3016 2138 κᾶγιον,
3063 2067 3114 2120 id
3170 2077 3289 2133 est,

1739 2165 1964 2232 Spiritus
1995 2173 2231 2226 sanctus,
2262 2159 2358 2213 sed
2411 2174 2530 2211 cum
2583 2157 2945 2209 additamento
2990 2154 3194 2207 articuli
3237 2177 3294 2208 τι,

1736 2263 1934 2323 Πνεῦμα
1979 2254 2034 2307 τὸ
2065 2252 2218 2322 ἄγαν,
2251 2250 2349 2304 hoc
2403 2257 2504 2313 est,
2555 2247 2638 2300 hic
2691 2245 2918 2313 Spiritus
2964 2257 3208 2306 sanctus,
3241 2255 3294 2296 et

1740 2345 1930 2398 Isaiam
1964 2344 2310 2412 prophetasse
2361 2348 2738 2393 commemorat
2767 2352 2886 2389 cum
2919 2337 3137 2388 articula
3165 2350 3295 2388 voce

1738 2439 1796 2494 τὸ
1822 2437 1960 2507 ἅγιον
1987 2436 2044 2491 τὸ
2074 2440 2294 2503 Πνεῦμα.
2317 2432 2500 2484 Petrus
2527 2445 2732 2498 quoque
2759 2431 2809 2482 in
2833 2445 2895 2483 eo
2925 2444 3166 2483 sermone
3188 2445 3292 2497 quo

1742 2533 2087 2603 prmsentibus
2130 2527 2480 2597 persuadebat
2511 2543 2524 2576 :
2573 2526 2898 2594 Oportuerat,
2933 2526 3124 2592 inquit,
3157 2541 3294 2576 com-

1740 2622 1866 2692 pleri
1897 2619 2214 2686 Scripturam
2239 2634 2388 2687 quam
2413 2617 2717 2684 prtelocutus
2746 2625 2816 2667 est
2841 2615 3065 2681 Spiritus
3094 2624 3294 2666 sanctus

1740 2713 1834 2783 (id
1884 2722 1965 2768 est
2014 2714 2072 2767 τὸ
2103 2718 2301 2781 Πνεῦμα
2327 2712 2383 2764 τὸ
2413 2706 2581 2780 ἅγιον)
2627 2724 2713 2776 per
2737 2723 2791 2759 os
2821 2705 3016 2767 David,
3049 2706 3111 2758 de
3153 2703 3296 2756 Juda

1744 2804 1890 2874 (Act.
1936 2801 1996 2873 ι).
2028 2802 2325 2858 Ostendens
2347 2810 2399 2852 et
2421 2800 2532 2867 ip'se
2557 2798 2797 2851 eumdem
2823 2796 3072 2865 Spiritum
3100 2796 3149 2847 in
3177 2809 3298 2864 pro-

1744 2896 1916 2966 phetis
1961 2904 2016 2948 ct
2055 2895 2105 2947 in
2157 2893 2409 2962 apostolis
2440 2900 2736 2959 operatum.
2773 2889 2893 2942 llaec
2921 2888 2989 2942 de
3042 2888 3178 2941 beati
3212 2886 3300 2939 Di-

1743 2987 1884 3056 dymi
1919 2985 2065 3040 libris
2115 2995 2388 3054 excerpta,
2419 2982 2559 3037 hunc
2604 2981 2657 3035 in
2689 2984 2880 3034 nostris
2921 2977 3188 3049 opusculis
3220 2986 3298 3031 te-

1745 3086 1904 3133 neant
1950 3077 2121 3130 locum

1815 3167 2157 3223 Incrassatum
2200 3175 2271 3221 est
2317 3168 2447 3220 enim
2473 3180 2559 3218 cor
2598 3163 2773 3234 pOpuli
2807 3164 2978 3231 hujus,
3014 3168 3062 3212 et
3091 3157 3298 3212 auribus

1741 3263 1957 3333 graviter
1979 3260 2267 3313 audierunt.
2309 3256 2386 3310 Ne
2412 3267 2654 3323 putemus
2683 3252 3084 3306 crassitudinem
3124 3249 3300 3303 cordis

1743 3359 1799 3407 et
1823 3353 2138 3420 gravitatem
2168 3347 2372 3401 aurium
2404 3354 2608 3398 naturas
2654 3355 2795 3405 eSse,
2847 3355 2952 3394 non
2981 3339 3297 3400 voluntatis.

1742 3442 2009 3510 subiungit
2029 3439 2236 3506 culpam
2267 3434 2490 3501 arbitrii,
2521 3441 2574 3489 et
2599 3432 2725 3487 dicit
2749 3449 2760 3485 :

1815 3530 1880 3584 Et
1919 3532 2086 3583 oculos
2110 3543 2227 3581 suos
2257 3532 2679 3593 compresserunt,
2705 3539 2764 3574 ne
2791 3521 2923 3588 forte
2949 3520 3150 3573 videant
3177 3534 3303 3573 ocu-

1745 3623 1827 3677 lis.
1859 3622 1914 3674 ld
1945 3630 2046 3682 est,
2072 3617 2170 3685 ipsi
2206 3617 2406 3669 meritis
2438 3611 2855 3683 praecedentibus
2883 3623 3040 3663 causa
3072 3610 3215 3663 fuere
3248 3619 3306 3663 ut

1747 3712 1884 3765 Deus
1914 3710 1990 3763 eis
2019 3708 2202 3761 oculos
2231 3706 2521 3759 clauderet.
2556 3701 2647 3756 Vel
2672 3702 2735 3755 ad
2767 3702 3040 3768 superiora
3066 3699 3298 3767 jungen-

1743 3801 1866 3854 dum
1903 3808 2003 3861 cst,
2033 3798 2238 3850 dicente
2270 3794 2490 3848 Domino
2535 3795 2600 3844 ad
2650 3791 2959 3860 prepltetam
2994 3805 3007 3842 :
3048 3788 3186 3841 Vade
3233 3784 3303 3841 ad

1745 3895 1988 3964 populum
2005 3893 2175 3954 istum,
2199 3900 2242 3942 et
2274 3895 2476 3955 peccata
2499 3884 2674 3955 quibus
2696 3882 2968 3934 ctecitatem
2992 3888 3303 3947 meruerunt,

1745 3985 1846 4038 illis
1877 3985 2180 4052 imprOpera,
2227 3980 2269 4032 si
2316 3979 2442 4045 forte
2467 3975 2542 4028 vel
2578 3973 2649 4026 sic
2675 3971 2874 4037 audire,
2901 3980 2948 4023 et
2977 3970 3043 4021 ad
3069 3985 3145 4021 me
3184 3984 3308 4021 con-

1747 4074 1867 4127 verti
1905 4073 2175 4143 dignentur
2215 4067 2371 4138 (Isai.
2401 4069 2496 4133 vr).

1820 4168 2006 4222 Mansit
2026 4175 2199 4218 autem
2230 4162 2426 4215 biennio
2457 4168 2557 4212 toto
2604 4158 2655 4210 in
2700 4172 2791 4210 suo
2821 4154 3085 4216 conducto,
3118 4152 3168 4206 id
3198 4161 3304 4218 est,

1751 4267 1804 4319 in
1853 4262 2089 4330 hospitio
2137 4257 2275 4327 quod
2323 4257 2435 4323 ipse
2480 4252 2581 4309 sibi
2630 4250 2991 4312 conduxerat,
3038 4246 3306 4300 Christum

1749 4357 1994 4412 omnibus
2039 4348 2393 4420 praedicabat,
2445 4360 2547 4397 non
2587 4342 2755 4396 solum
2796 4341 3006 4408 quidem
3062 4338 3260 4402 Judaeis
3286 4374 3304 4399 ,

109 4429 361 4527 quissimis
404 4429 807 4522 exemplaribus
844 4429 1160 4506 invenimus.
1197 4451 1250 4504 In
1280 4450 1465 4504 Graeco
1504 4448 1643 4502 enim
1677 4468 1724 4526 ι)
1749 4447 1839 4504 sed
1867 4455 1920 4499 et
1959 4441 2204 4512 gentibus
2228 4479 2245 4506 ,
2293 4448 2424 4506 quas
2472 4433 2575 4490 illis
2604 4429 2900 4500 reprobatis
2944 4429 3151 4484 dixerat
3189 4442 3307 4482 esse

111 4561 196 4613 pro
221 4545 403 4615 insigni
422 4543 706 4610 Castorum,
733 4546 1021 4617 παρασήμῳ
1049 4539 1365 4613 διοσκούροις
1396 4538 1644 4603 scriptum

111 4646 199 4702 est,
224 4637 499 4712 διόσκουροι
525 4642 723 4698 autem,
747 4632 942 4700 gemini
961 4631 1226 4697 Castores,
1254 4629 1302 4681 id
1334 4634 1437 4691 est,
1464 4627 1648 4678 Castor

115 4738 162 4782 et
194 4728 370 4783 Pollux
399 4727 584 4781 Grrce
626 4731 901 4778 vocantur.
936 4719 1112 4774 Testis
1142 4725 1226 4771 est
1270 4715 1396 4770 urbs
1424 4713 1644 4768 Colcho-

115 4834 242 4886 rum,
273 4833 403 4887 qum,
432 4817 498 4870 ab
527 4811 780 4881 Amphito
823 4821 876 4867 et
903 4809 1077 4865 Circio
1103 4807 1430 4877 geminorum
1457 4803 1651 4887 aurigis

118 4909 261 4975 laeta,
287 4925 349 4963 ex
374 4922 552 4962 eorum
600 4905 813 4958 nomine
844 4899 1112 4956 Dioscoria
1155 4881 1524 4968 cognominata
1547 4902 1649 4947 est.

119 5004 248 5068 Quos
277 5003 342 5056 ob
367 5002 414 5055 id
443 4999 667 5070 gentiles
710 4996 764 5050 in
794 4995 926 5048 mari
957 4994 1091 5047 Deos
1133 4991 1404 5054 invocant,
1451 4985 1573 5054 quia
1601 4985 1651 5037 in

126 5095 354 5163 prodigiis
390 5101 694 5154 nautarum,
724 5088 768 5143 si
825 5085 1092 5142 solidariae
1129 5081 1302 5162 stellas
1345 5079 1397 5132 in
1421 5077 1538 5132 navi
1570 5076 1652 5130 vel

126 5185 343 5240 amentiis
369 5182 752 5254 apparuerint,
805 5175 1123 5247 periculo<i;
1165 5175 1209 5228 si
1243 5186 1367 5226 vero
1411 5171 1651 5238 geminm,

130 5277 342 5346 prosperi
369 5289 552 5331 cursus
596 5281 717 5328 sunt
746 5270 964 5325 nuntiati.
1012 5261 1244 5333 Quarum
1273 5263 1498 5316 adventu
1522 5301 1536 5325 ,
1578 5261 1655 5312 Iu-

131 5369 226 5436 επί
271 5365 429 5420 diram
474 5364 620 5420 illam
681 5359 1105 5431 appellatamqne
1157 5354 1406 5408 llelenam
1456 5350 1649 5403 lerunt.

134 5461 181 5514 la
198 5459 292 5514 alia
315 5458 660 5513 translatione
708 5469 803 5523 pro
841 5454 1131 5525 παρασήμῳ
1184 5445 1501 5519 διοσκοῦροις
1533 5442 1657 5495 scri-

135 5563 264 5620 ptum
307 5551 548 5613 vidimus,
599 5545 687 5602 cui
729 5553 844 5600 erat
874 5544 1082 5610 signum
1111 5538 1255 5593 lovis
1284 5535 1424 5590 ﬁliis.
1461 5533 1653 5588 Ferunt

139 5644 261 5714 enim
287 5643 461 5698 fabulae
486 5641 672 5696 Jovem
701 5639 753 5691 in
799 5648 1024 5704 cycnum
1069 5630 1519 5693 transformatutn,
1553 5625 1652 5680 Le-

145 5737 227 5789 den
254 5737 430 5792 Thesei
458 5731 734 5800 eonjugcm
773 5735 1163 5793 constuprasse,
1216 5732 1370 5792 atque
1400 5720 1521 5776 inde
1568 5733 1634 5771 na

1750 4535 2047 4593 salvandas.

1821 4627 1888 4680 Et
1902 4628 2081 4679 docens
2105 4637 2214 4690 qua:
2231 4631 2344 4675 sunt
2363 4619 2425 4673 de
2453 4617 2665 4676 Domine
2685 4613 2808 4667 Iesu
2832 4611 3030 4665 Christo
3048 4626 3162 4664 cum
3183 4610 3306 4671 ﬁdu-

1753 4719 1832 4773 cia
1869 4717 1979 4770 sine
2030 4713 2389 4784 prohibitione.
2419 4709 2534 4763 Non
2580 4706 2747 4760 solum
2796 4702 2976 4754 Roma
3019 4699 3305 4766 praedicare

1755 4804 2048 4878 prohibitus
2073 4816 2176 4855 non
2204 4811 2305 4862 est,
2348 4798 2440 4851 sed
2476 4794 2697 4850 necdum
2723 4791 2944 4845 Neronis
2975 4789 3193 4854 imperio
3217 4801 3308 4838 ro-

1753 4875 1960 4960 borato,
1985 4907 2082 4947 nec
2110 4892 2161 4944 in
2195 4899 2335 4944 tanta
2355 4893 2667 4955 erumpente
2688 4882 2913 4944 scelera,
2937 4887 3128 4947 quanta
3151 4875 3215 4930 de
3243 4889 3309 4930 eo

1755 4995 1969 5042 narrant
1995 4984 2254 5045 historias,
2286 4980 2544 5032 dimissus
2573 4983 2655 5028 est
2684 4982 2737 5025 ut
2780 4971 3121 5038 Evangelium
3147 4966 3306 5022 Chri-

1755 5081 1819 5135 sti
1851 5079 1900 5130 in
1923 5072 2223 5130 Occidentis
2250 5083 2459 5139 quoque
2505 5064 2736 5133 partibus
2783 5060 3127 5127 praedicaret,
3170 5057 3310 5110 sicut

1756 5171 1868 5235 ipse
1886 5164 2138 5220 Romanis
2155 5165 2222 5215 ait
2249 5179 2260 5213 :
2282 5160 2326 5212 Ν
2334 5174 2426 5211 unc
2455 5157 2608 5225 igitur
2632 5152 2924 5222 proﬁciscar
2950 5148 3003 5200 in
3025 5144 3311 5200 Jerusalem

1757 5258 2041 5309 ministrare
2064 5251 2272 5306 sanctis.
2308 5249 2369 5301 Et
2396 5246 2549 5314 paulo
2580 5251 2695 5311 post
2723 5256 2740 5296 :
2768 5238 2881 5293 Hoc
2912 5252 3028 5306 ergo
3053 5248 3169 5287 cum
3188 5247 3311 5285 eon-

1757 5362 2087 5410 summavero,
2131 5343 2421 5410 proﬁciscar
2453 5353 2538 5405 per
2555 5349 2641 5389 vos
2678 5332 2732 5384 in
2761 5328 3087 5396 Hispaniam.
3121 5323 3312 5378 Postea

1757 5442 1921 5504 enim,
1967 5437 2017 5490 id
2059 5443 2161 5499 est,
2214 5433 2397 5486 ultimo
2426 5424 2647 5483 Neronis
2669 5434 2828 5487 anno,
2867 5423 3106 5475 retentus
3132 5411 3310 5504 abeo,

1761 5499 2010 5600 martgrio
2057 5535 2339 5580 coronatus
2369 5531 2471 5575 est.
2498 5516 2648 5585 Quod
2677 5523 2958 5600 utrunqqu
2995 5507 3049 5600 in

1761 5620 1824 5673 ad
1872 5591 2205 5671 imotheum
2252 5610 2510 5680 Epistula,
2542 5619 2699 5676 quam
2728 5597 2962 5672 passeris
2989 5596 3056 5652 de
3081 5591 3307 5652 vinculis

1760 5711 1943 5776 dictat,
1973 5705 2188 5776 exponit
2216 5720 2231 5760 :
2259 5702 2322 5755 In
2351 5701 2511 5772 prima
2530 5741 2545 5768 ,
2576 5695 2833 5766 inquiens,
2866 5684 3307 5757 iussisiussis“,
