3860 6230
469 325 573 384 995
886 313 1085 373 BEDE
1126 306 1568 367 VENERABILIS
1602 304 1748 360 Ol‘P.
1792 302 1963 358 PARS
1990 302 2051 355 ll.
2094 297 2281 356 SECT.
2322 296 2363 351 ι.
2394 327 2462 341 --
2503 289 2884 349 EXEGETICA
2924 282 3243 342 GENUlNA.
3578 277 3665 336 990

468 450 617 491 nemo
655 432 779 486 mihi
805 429 989 500 adfuit,
1025 427 1113 480 sed
1140 437 1314 477 omnes
1358 436 1438 475 me
1478 417 1873 484 dereliquerunt.
1917 411 2021 468 Do-
2049 412 2172 471 Aet
2220 409 2414 466 solum
2466 406 2618 478 faciet
2663 405 2715 457 in
2770 418 2978 474 regnum
3026 415 3175 453 suum
3212 392 3417 499 cwleste
3460 390 3666 460 (Ibid),

477 487 640 576 minus
665 529 829 572 autem
850 487 987 571 mihi
1012 516 1192 578 astitit,
1222 524 1269 567 et
1293 509 1590 580 confutavit
1612 519 1711 573 me,
1736 515 1789 558 ut
1814 521 1901 577 per
1939 518 2021 558 me
2123 500 2262 574 quod
2290 500 2493 557 scilicet
2536 510 2769 568 praesens
2820 496 2919 548 sibi
2958 492 3175 548 sentiret
3226 487 3508 580 imminere
3550 497 3670 539 Inar—

478 574 770 684 prtedieatio
802 610 1113 678 impleretur.
1226 574 1461 656 audirent
1486 615 1599 654 eum
1624 612 1793 653 omnes
1815 574 2019 667 gentes,
2130 595 2342 665 tyriom.
2374 590 2525 647 Unde
2560 588 2612 642 in
2632 590 2818 641 endem
2851 583 3077 654 Epistola
3106 578 3435 651 prtemiserat
3457 574 3668 684 ,ς

478 667 808 761 etvliberatus
848 667 959 754 sum
988 699 1049 752 de
1095 712 1179 749 ore
1225 694 1385 747 leonis
1413 688 1500 762 (11
1545 689 1677 743 Tim.
1706 686 1803 755 tv).
1847 686 2027 742 Ilani-
2136 684 2244 757 Ego
2290 683 2423 737 enim
2460 682 2565 752 jam
2607 678 2859 737 immatur.
2896 685 2941 728 et
2986 683 3179 743 tempus
3207 684 3331 723 mete
3369 667 3675 762 resolutionis

480 795 786 859 Iestissime,
836 799 1045 860 prepler
1093 757 1489 847 crudelitatem,
1520 780 1778 835 Neronem
1823 778 2025 831 leonem
2131 775 2303 830 instat.
2341 768 2543 824 Bonum
2570 780 2815 823 certamen
2842 766 3053 831 certavi,
3082 777 3288 817 cursum
3323 757 3673 819 consummavi,

480 896 600 940 esse
644 858 962 951 signiﬁcans.
992 878 1055 931 Et
1097 876 1150 931 in
1178 871 1517 944 sequentibus
1556 887 1572 925 :
1603 868 1669 924 Et
1696 869 1902 924 salsam
1929 883 2027 933 me,
2136 865 2288 934 ﬁdem
2312 862 2500 917 servavi
2526 858 2731 930 (Ibid).

480 1003 3674 1065 ________________________________________.

1126 1168 1591 1299 LIBER
1675 1147 3042 1289 BETRACTATIONIS

1250 1404 1383 1507 IN
1460 1396 1873 1502 ACTUS
1947 1387 2929 1499 APOSTOLOBUM.

1915 1579 2250 1599 ﬂ

1699 1677 2091 1759 INCIPIT
2167 1676 2486 1753 LIBER.

992 1942 1536 2025 PRZEFATIO.

570 2101 778 2158 Scimus
802 2097 1053 2154 eximium
1081 2096 1346 2150 doctorem
1371 2106 1433 2146 ac
1463 2088 1762 2160 pontillcem
1792 2065 2055 2155 Augusti-

501 2209 645 2257 num,
691 2206 809 2246 cum
854 2197 995 2243 esset
1042 2187 1239 2251 senior,
1292 2184 1454 2238 libros
1500 2180 1952 2235 Retractationum
2000 2175 2054 2230 in

502 2282 745 2352 quedam
786 2293 881 2333 sua
909 2276 1182 2347 opuscula,
1243 2288 1355 2343 qua:
1382 2270 1588 2341 juvenis
1626 2268 1951 2336 condiderat,
1981 2266 2058 2320 ie-

503 2371 661 2433 cisse,
697 2378 753 2422 ut
780 2382 893 2436 quae
923 2381 987 2420 ex
1021 2373 1258 2433 tempore
1286 2362 1495 2427 melius,
1522 2359 1707 2415 crebro
1732 2372 1797 2411 ex
1821 2354 2058 2412 lectionis

502 2478 600 2517 usu
624 2445 692 2515 ac
722 2472 944 2514 munere
992 2470 1234 2525 superna:
1279 2453 1532 2522 largitatis
1561 2450 1830 2515 didicerat,
1873 2464 1975 2502 non
2003 2456 2061 2501 ut

503 2554 569 2608 de
600 2554 766 2622 prisca
798 2550 1051 2603 contusus
1096 2545 1377 2614 imperitia,
1422 2542 1515 2598 sed
1546 2550 1602 2596 ut
1640 2541 1707 2595 de
1754 2554 1850 2595 suo
1896 2536 2062 2607 magis

504 2642 739 2711 profectu
768 2640 978 2711 gavisus
1009 2635 1345 2692 monimentis
1385 2633 1590 2689 inderet
1639 2632 1952 2696 litterarum,
1998 2642 2062 2684 ac

506 2732 731 2804 posteris
765 2730 983 2801 legenda
1013 2730 1354 2798 relinqueret.
1392 2726 1554 2794 Cujus
1581 2724 1887 2779 industriam
1912 2721 2063 2777 nobis

509 2838 717 2895 quoque
746 2837 838 2891 pro
870 2820 1084 2876 modqu
1114 2828 1296 2874 nostro
1328 2816 1518 2888 placuit
1568 2815 1784 2881 imitari,
1835 2825 1890 2870 ut
1947 2822 2065 2885 post

510 2913 897 2984 expositionem
924 2911 1147 2965 Actuutn
1174 2910 1551 2977 apostolorum,
1570 2922 1725 2977 quam
1747 2913 1869 2961 ante
1896 2919 2065 2961 annos

510 3004 689 3073 plures
715 3009 899 3073 rogatu
932 2999 1243 3054 venerabilis
1285 2996 1517 3068 episcopi
1546 3000 1707 3063 Acca,
1743 3004 1937 3065 quanta
1980 3009 2068 3049 va-

509 3103 703 3158 luimus
750 3098 983 3165 solertia,
1013 3099 1449 3166 conscripsimus,
1478 3113 1614 3151 nunc
1642 3097 1694 3151 in
1742 3097 1877 3151 idem
1907 3095 2064 3151 volu-

512 3207 634 3247 men
665 3190 885 3246 brevem
916 3189 1319 3243 Retractationis
1352 3188 1580 3243 libellum
1611 3187 1921 3253 condamus,
1950 3197 2066 3240 stu-

2078 1926 2127 1985 B
2656 1909 2878 1970 CAPUT
2908 1910 3193 1968 PRIMUM.

2223 2008 2458 2063 Primum
2479 2005 2681 2076 quidem
2706 2019 2981 2058 sermonem
3010 2002 3106 2072 feci
3133 2001 3196 2055 de
3220 2002 3462 2064 omnibus,
3488 2018 3517 2054 ο
3543 2000 3691 2053 Theo-

2154 2101 2309 2173 phile,
2355 2116 2465 2173 qua!
2512 2098 2657 2169 carpit
2698 2095 2846 2151 Jesus
2887 2099 3049 2165 facere
3088 2102 3135 2148 et
3185 2094 3384 2146 docere.
3422 2093 3568 2159 Quod
3602 2092 3688 2145 ait:

2154 2191 2387 2246 Primum
2429 2192 2656 2259 quidem,
2687 2204 2792 2243 non
2822 2194 2905 2242 est
2939 2186 3247 2241 adverbium
3290 2186 3508 2251 ordinis,
3563 2186 3694 2252 just:

2157 2282 2283 2337 illud
2327 2280 2602 2350 Apostoli:
2635 2278 2865 2333 Primum
2892 2279 3090 2347 quidem
3118 2278 3313 2347 gratias
3352 2292 3449 2349 ago
3476 2275 3580 2329 Deo
3603 2292 3694 2330 meo

2156 2372 2332 2442 (Rom.
2362 2370 2428 2442 ι),
2460 2369 2553 2427 sed
2575 2371 2712 2424 sicut
2732 2383 2797 2425 es
2822 2366 3006 2423 Graeco
3034 2366 3284 2421 lacillime
3309 2376 3463 2435 patet,
3493 2365 3695 2434 primum

2160 2476 2352 2518 nomen
2381 2468 2464 2516 est
2487 2458 2876 2528 adiungendum
2904 2457 2967 2511 ad
3013 2457 3113 2511 hoc
3139 2456 3278 2526 quod
3326 2457 3559 2525 sequitur
3594 2470 3693 2509 ser-

2160 2567 2395 2620 monem,
2439 2559 2495 2605 ut
2523 2551 2592 2605 sit
2618 2562 2826 2614 sensus,
2859 2548 3255 2620 quodprimnm
3311 2561 3602 2602 sermonem
3633 2546 3696 2599 ie-

2160 2643 2292 2699 cerit
2317 2618 2387 2698 de
2411 2639 2533 2697 Jesu
2584 2641 2927 2711 Evangelium
2979 2618 3285 2703 scribendo,
3316 2639 3599 2694 secundum
3639 2637 3697 2691 sit

2164 2733 2321 2789 modo
2340 2733 2571 2789 facturus
2586 2733 2943 2802 apostolorum
2962 2733 3124 2786 Actus
3137 2730 3406 2785 addendo.
3425 2730 3484 2782 Et
3506 2729 3694 2797 quidem

2162 2827 2716 2882 commemorationem
2765 2825 2920 2894 primi
2967 2824 3232 2879 sermonis
3274 2824 3539 2891 adimplet,
3592 2836 3695 2875 cum

2164 2918 2381 2975 subdit:
2413 2918 2579 2986 Usque
2620 2915 2673 2972 in
2718 2918 2849 2970 diem
2876 2934 2975 2986 qua
2999 2916 3299 2986 praecipiens
3345 2912 3578 2983 apostolis
3625 2928 3697 2978 per

2166 3011 2415 3083 Spiritum
2436 3020 2682 3075 sanctum,
2709 3026 2832 3080 quos
2853 3010 3019 3079 elegit,
3038 3018 3324 3078 assumptus
3346 3015 3437 3069 est,
3452 3019 3512 3059 ac
3532 3002 3699 3057 deinde

2166 3101 2377 3158 initium
2420 3102 2645 3157 secundi
2674 3100 2936 3156 sermonis
2967 3099 3108 3163 fecit,
3139 3112 3259 3152 cum
3291 3097 3558 3166 sequitur:
3590 3095 3696 3159 Qui-

2168 3192 2259 3246 bus
2288 3200 2333 3246 et
2361 3191 2575 3263 praebuit
2599 3192 2819 3261 seipsum
2844 3190 3006 3243 vivum
3036 3196 3149 3257 post
3178 3188 3461 3257 passionem
3484 3201 3622 3239 suam
3656 3185 3697 3235 in

514 3283 602 3337 dio
632 3283 856 3335 maxime
884 3281 967 3334 vel
996 3280 1219 3335 addendi
1239 3294 1357 3350 quae
1386 3280 1556 3333 minus
1578 3279 1737 3343 dicta,
1764 3278 1849 3332 vel
1880 3292 2057 3333 emen-
2088 3283 2135 3345 α
2165 3281 2337 3336 multis
2381 3281 2692 3348 argumentis
2711 3295 2804 3352 per
2823 3281 2929 3333 dies
2950 3280 3301 3349 quadraginta,
3334 3286 3437 3333 etc.
3468 3275 3590 3329 Nam
3616 3272 3701 3327 etsi

522 3370 683 3426 dandi
713 3386 827 3439 quae
848 3384 1002 3424 secus
1033 3385 1188 3439 quam
1236 3369 1433 3438 placuit
1475 3368 1609 3422 dicta
1640 3367 1975 3423 videbantur.
2007 3364 2065 3420 In

514 3475 619 3529 quo
644 3460 801 3514 etiam
830 3458 1068 3527 quaedam
1099 3474 1216 3528 qua:
1262 3459 1314 3511 in
1363 3460 1569 3523 Grieco,
1604 3459 1713 3511 sive
1743 3458 1923 3523 aliter,
1974 3470 2069 3511 seu

522 3553 637 3618 plus
684 3559 771 3603 aut
816 3551 988 3601 minus
1014 3548 1179 3615 posita
1210 3548 1456 3611 vidimus,
1496 3546 1723 3599 breviter
1750 3557 2071 3599 commemo-

521 3654 640 3693 rare
695 3638 1011 3692 curavimus.
1046 3636 1173 3702 Qua:
1202 3644 1376 3689 utrum
1425 3634 1740 3702 negligentia
1770 3634 2072 3701 interpretis

520 3729 738 3793 omissa,
769 3728 849 3782 vel
892 3727 1046 3780 aliter
1088 3727 1246 3791 dicta,
1282 3741 1346 3778 an
1379 3725 1576 3778 incuria
1607 3724 1940 3777 librariorum
1968 3722 2076 3777 sint

522 3820 843 3889 depravata,
890 3817 1000 3871 sive
1054 3816 1230 3870 relicta
1262 3854 1277 3879 ,
1334 3814 1562 3868 nondum
1613 3812 1749 3867 scire
1786 3811 2069 3880 potuimus.

524 3910 759 3977 Namque
788 3908 1030 3961 Graecum
1056 3905 1322 3973 exemplar
1354 3902 1517 3956 tuisse
1541 3901 2075 3970 falsatum,suspicari

525 4016 629 4056 non
678 4000 877 4064 audeo;
913 3998 1056 4051 unde
1110 3996 1360 4051 lectorem
1387 3994 1665 4061 admoneo,
1722 4001 1780 4047 ut
1829 3996 1939 4047 haec
1966 3992 2080 4046 ubi-

529 4104 739 4158 cunque
765 4088 1062 4154 fecerimus,
1088 4084 1253 4155 gratia
1279 4083 1590 4138 eruditionis
1612 4082 1768 4150 legat,
1793 4096 1895 4135 non
1916 4082 1966 4136 in
1984 4095 2079 4135 suo

530 4187 709 4235 tamen
750 4178 1017 4232 volumine
1045 4176 1187 4229 velut
1229 4176 1601 4228 emendaturus
1646 4173 1945 4237 interserat,
1978 4172 2081 4226 nisi

531 4272 664 4326 forte
689 4285 750 4325 ea
785 4270 836 4324 in
862 4268 1046 4323 Latino
1070 4267 1261 4321 Codice
1282 4282 1392 4322 sua:
1426 4265 1681 4320 Editionis
1702 4267 1985 4335 antiquitus
2007 4266 2082 4320 sic

540 4369 879 4436 interpretata
901 4364 1174 4434 repererit.
1200 4363 1327 4418 Nam
1356 4372 1407 4417 et
1449 4362 1797 4431 Hieronymus
1830 4364 2078 4430 pleraque

533 4460 826 4515 testimonia
878 4458 1076 4512 veteris
1129 4456 1484 4519 lnstrumenti,
1513 4466 1571 4509 ut
1600 4454 1855 4508 liebraica
1891 4455 2085 4508 veritas

535 4552 709 4613 habet,
724 4549 908 4602 edocet
931 4563 945 4601 :
966 4561 1061 4600 nec
1083 4555 1255 4600 tamen
1282 4546 1392 4599 hate
1414 4546 1483 4598 ita
1512 4546 1562 4599 in
1590 4547 1785 4599 nostris
1801 4544 2083 4598 Codicibus

2181 3369 2233 3424 in
2259 3369 2547 3437 Evangelio
2576 3368 2721 3423 illum
2751 3368 2914 3423 cmlos
2942 3366 3332 3429 conscendisse,
3361 3380 3423 3419 ac
3446 3364 3701 3432 discipulos

2172 3474 2201 3514 a
2229 3460 2483 3515 Bethania
2514 3460 2902 3529 Jerosoiymam
2931 3472 3199 3528 regressus
3226 3472 3345 3513 esse
3375 3465 3589 3512 testatus
3614 3464 3699 3515 est.

2172 3568 2278 3608 non
2307 3562 2480 3607 tamen
2509 3552 2580 3608 ibi
2606 3552 2738 3606 dixit
2759 3551 2901 3620 quod
2952 3566 3043 3620 per
3069 3550 3181 3604 dies
3225 3548 3563 3619 quadraginta
3604 3556 3703 3615 post

2174 3643 2473 3710 passionem
2524 3657 2671 3695 suam
2726 3640 2802 3694 eis
2855 3641 3041 3695 creber
3086 3641 3370 3710 apparuit,
3416 3638 3548 3707 quod
3600 3652 3700 3692 eum

2174 3744 2512 3786 ascensurum
2569 3730 2635 3784 de
2679 3744 2841 3798 regno
2891 3724 3047 3783 Israel
3075 3728 3527 3798 interrogaverint,
3575 3729 3700 3795 quod

2176 3820 2269 3874 illo
2298 3818 2488 3873 cmlum
2521 3826 2734 3888 petente
2763 3816 2933 3885 angeli
2963 3818 3039 3871 eis
3065 3819 3353 3882 astiterint,
3384 3819 3468 3886 qui
3495 3831 3605 3871 eum
3644 3817 3704 3868 si-

2178 3912 2290 3968 mili
2338 3912 2499 3966 modo
2544 3910 2839 3966 rediturum
2881 3925 2998 3966 esse
3047 3911 3420 3980 praedicerent,
3460 3920 3510 3965 et
3537 3918 3703 3963 cetera

2180 4004 2504 4075 huiusmodi.

2254 4098 2385 4163 Quia
2413 4094 2639 4150 Joannes
2669 4095 2867 4165 quidem
2893 4094 3160 4162 baptizavit
3182 4110 3330 4161 aqua,
3348 4110 3431 4147 vos
3459 4093 3701 4161 baptisabi-

2180 4187 2304 4240 mini
2345 4186 2546 4255 Spiritu
2568 4196 2763 4239 sancto.
2798 4184 3063 4252 Baptisma
3094 4183 3196 4238 Gra
3215 4198 3298 4248 ce,
3338 4182 3517 4237 Latine
3559 4182 3707 4234 littttio

2181 4278 2389 4332 dicitur.
2418 4276 2571 4331 Unde
2600 4283 2653 4330 et
2679 4276 2728 4329 in
2751 4274 3063 4343 quibusdam
3088 4272 3359 4327 codicibus
3382 4273 3449 4326 ita
3474 4273 3703 4339 interpre-

2184 4377 2347 4422 tatum
2381 4368 2716 4421 invenimus:
2754 4365 2883 4430 Quia
2904 4362 3129 4417 Joannes
3174 4363 3373 4434 quidem
3414 4363 3553 4415 tinxit
3575 4377 3705 4429 aqua,

2183 4475 2269 4512 vos
2314 4465 2481 4511 autem
2533 4456 2796 4528 tingemini
2820 4456 2873 4507 in
2904 4454 3104 4523 Spiritu
3131 4462 3326 4506 sancto.
3358 4452 3458 4507 Ubi
3499 4450 3705 4504 miranda

2141 4584 2150 4592 -
2188 4550 2478 4605 concordia
2510 4564 2813 4604 sermonum
2844 4546 3075 4611 Domini,
3129 4553 3181 4599 et
3229 4545 3560 4613 praecursoris
3592 4541 3703 4608 ejus.

534 4649 624 4694 aut
649 4640 761 4707 ipse
791 4636 1149 4706 interpretari,
1179 4645 1271 4689 aut
1298 4650 1391 4688 nos
1416 4636 1697 4690 emendare
1722 4635 1903 4689 voluit.
1927 4633 2082 4688 Verbi
2110 4622 2159 4680 D
2189 4643 2278 4696 Ille
2334 4641 2479 4695 enim
2524 4640 2697 4695 aiebat
2747 4639 2827 4693 eis
2873 4652 3005 4705 quos
3038 4637 3357 4706 baptizabat,
3384 4636 3451 4688 de
3481 4634 3703 4687 Domino:

536 4729 733 4800 gratia:
766 4727 884 4781 Non
923 4728 1164 4797 aspiciam
1188 4727 1434 4779 hominem
1462 4727 1613 4789 ultra,
1654 4736 1699 4779 et
1729 4726 2077 4789 habitatorem,

532 4820 715 4889 quievit
758 4819 1007 4886 generatio
1050 4832 1157 4869 mea
1197 4815 1345 4884 (Isai.
1381 4816 1616 4885 xxxvut).
1644 4816 1737 4869 Et:
1780 4814 1888 4867 Erit
1910 4814 2081 4883 sepul-

533 4923 674 4959 crum
720 4909 827 4976 ejus
866 4906 1139 4975 gloriosum
1164 4905 1314 4974 (Isai.
1363 4906 1469 4975 Il);
1518 4915 1598 4959 et:
1656 4906 1697 4958 Α
1729 4905 1910 4973 finibus
1939 4917 2085 4956 terra:

536 4999 708 5052 laudes
746 4998 1025 5050 audivimus
1060 4995 1212 5065 (Isai.
1264 4998 1438 5065 xxn’);
1467 5008 1542 5050 et:
1581 4996 1754 5048 Omnis
1783 4996 1867 5065 qui
1894 4994 2089 5047 occide-

535 5093 601 5144 rit
630 5089 775 5156 Cain,
794 5092 1073 5158 septuplum
1093 5091 1324 5157 punietur
1347 5089 1493 5158 (Cen.
1514 5088 1587 5157 tv)
1610 5107 1618 5139 :
1646 5090 1769 5141 dicit
1794 5088 1843 5139 in
1869 5088 2087 5141 ΗΘΜκο

540 5180 753 5233 haberi:
786 5179 987 5248 Septem
1016 5180 1255 5233 vindictas
1282 5180 1530 5243 absolvet;
1558 5189 1638 5233 et:
1673 5180 1745 5231 Ab
1774 5180 1868 5231 alis
1908 5188 2087 5243 terra);

540 5280 623 5326 et:
658 5271 868 5339 Requies
900 5271 1008 5339 ejus
1034 5271 1283 5341 gloriosa;
1311 5281 1393 5323 et:
1426 5269 1472 5321 11
1480 5270 1767 5321 abitatorem
1794 5267 1984 5335 quietis,
2006 5282 2091 5337 ge—

540 5365 731 5417 neratio
754 5379 863 5415 mea
888 5363 1056 5416 ablata
1078 5373 1150 5417 est
1174 5379 1193 5427 ;
1219 5378 1335 5432 quae
1366 5364 1440 5416 sic
1464 5362 1597 5430 apud
1632 5362 1877 5415 llebrmos
1908 5359 2089 5413 haberi

543 5456 795 5511 lectorem
824 5454 1006 5519 voluit,
1040 5454 1353 5510 eruditionis
1382 5452 1732 5519 solummodo,
1782 5466 1885 5506 non
1915 5460 2088 5505 autem

547 5546 855 5602 emendandi
886 5549 1275 5616 gratia,.nosse.

2185 4732 2296 4803 Ego
2321 4731 2574 4798 baptizavi
2600 4747 2685 4784 vos
2707 4746 2866 4800 aqua,
2895 4729 2980 4782 ille
3002 4744 3115 4782 vero
3135 4728 3405 4797 baptizabit
3434 4744 3515 4779 vos
3541 4725 3707 4795 Spiritu

2185 4834 2357 4877 sancto
2379 4822 2570 4891 (Marc.
2598 4820 2735 4891 vui).
2760 4821 2827 4876 Et
2849 4818 3103 4874 Dominus
3130 4818 3270 4887 ipse:
3296 4817 3517 4871 Joannes
3536 4816 3706 4885 quidem

2188 4914 2456 4986 baptizavit
2503 4932 2679 4985 aqua,
2745 4929 2829 4966 vos
2884 4920 3050 4965 autem
3107 4910 3483 4981 baptisabimini
3537 4908 3707 4973 Spiritu

2188 5018 2383 5062 sancto.
2416 5006 2711 5060 Notandum
2746 5012 2801 5059 et
2832 5003 2949 5069 ltoc,
2983 5002 3123 5071 quod
3166 5002 3425 5070 baptisma
3466 4995 3705 5053 Dominiin

2194 5100 2391 5167 Spiritu
2440 5106 2647 5165 sancto,
2695 5096 2761 5151 de
2790 5109 2892 5165 qno
2922 5093 3235 5164 praedixerat
3266 5092 3518 5158 Joannes,
3545 5106 3634 5145 non
3658 5088 3708 5141 ad

2194 5192 2321 5246 illud
2360 5188 2697 5245 solummodo
2748 5196 2954 5255 tempus
2999 5186 3242 5256 respicit,
3274 5186 3481 5255 quando
3502 5178 3706 5250 Aposto‘i

2191 5294 2245 5339 et
2272 5286 2449 5345 ceteri
2478 5280 2660 5336 ﬁdeles
2684 5280 2819 5335 illius
2842 5279 3094 5348 temporis
3122 5276 3369 5347 baptisati
3402 5286 3519 5330 sunt
3538 5272 3707 5341 aquain

2193 5374 2560 5431 remissionem
2584 5381 2943 5441 peccatorum,
2973 5384 3067 5437 per
3090 5371 3308 5438 gratiam
3334 5366 3551 5436 Spiritus
3572 5359 3709 5416 sancti

2192 5465 2437 5519 donatam
2462 5463 2559 5517 sibi
2582 5478 2609 5515 a
2636 5463 2877 5528 Domino;
2899 5476 3075 5514 verum
3095 5461 3251 5513 etiam
3279 5458 3345 5511 ad
3368 5457 3487 5524 hoc,
3516 5451 3708 5524 quando,

2194 5558 2432 5610 mittente
2464 5554 2577 5622 ipso
2609 5554 2853 5617 Domino,
2884 5552 3087 5620 plenius
3129 5550 3367 5619 ejusdem
3414 5550 3545 5603 dona
3576 5540 3713 5605 Spiri-

2199 5659 2283 5702 tus
2338 5662 2590 5717 acccpere
2640 5646 2706 5701 de
2766 5645 2934 5703 cmlis.
3000 5644 3104 5700 Sed
3155 5652 3205 5700 et
3258 5656 3398 5699 nunc
3449 5648 3707 5710 quicunque
