3860 6230
114 314 209 373 99⁸1

832 321 1033 377 LIBER
1074 321 1659 381 RETRACTATIONIS
1705 324 1767 378 IN
1806 326 2032 382 ACTUS
2070 319 2586 385 APOSTOLORUM.

3216 340 3321 398 993

112 430 365 500 baptisma
408 432 459 485 in
488 431 854 490 remissionem
887 447 1221 504 peccatorum
1253 438 1536 509 accipiunt,
1565 440 1665 494 uti-
1693 444 1742 500 Α
1769 437 1833 490 ad
1864 440 2150 493 sanandum
2180 456 2526 498 memoratum
2578 460 2750 514 regem
2798 445 2954 503 fuerit
2994 449 3308 508 deatiuatns.

111 538 211 591 que
238 526 289 579 in
335 525 535 591 Spiritu
590 535 773 582 sancto
826 528 1172 596 baptizantur,
1226 545 1322 599 per
1368 533 1517 600 cujus
1569 533 1665 586 do-

112 629 234 668 num
261 625 313 671 et
337 629 366 667 a
395 618 625 684 peccatis
644 618 929 673 abluuntur
964 620 1228 688 omnibus,
1262 631 1314 676 et
1344 630 1400 676 ut
1428 622 1479 676 iu
1510 623 1663 678 bonis

112 706 374 774 prolicere
402 706 606 761 actibus
635 708 863 775 possint,
889 710 1221 779 adjuvantur.

179 796 416 861 Domine,
441 798 486 850 si
510 799 564 852 in
591 810 812 867 tempore
832 802 925 856 hoc
945 805 1175 857 restitues
1204 822 1413 875 regnum
1456 805 1621 863 Israel
1641 810 1666 863 Ρ

111 886 217 941 Non
243 889 397 959 hujus
434 888 620 958 Israel,
634 893 739 947 sed
764 893 881 947 huic
926 894 1088 950 Israel
1108 914 1125 961 ;
1148 907 1201 951 et
1226 898 1360 952 sicut
1390 898 1440 953 in
1472 901 1665 955 Graeco

113 978 443 1033 manifestum
488 990 571 1035 est
599 1024 615 1047 ,
664 983 752 1036 ubi
798 993 869 1055 τῷ
898 985 1100 1049 Israel.
1140 996 1195 1042 et
1236 1005 1336 1042 non
1385 998 1444 1045 οῦ
1493 989 1657 1045 Israel

108 1070 365 1135 scriptum
415 1080 518 1126 est.
560 1071 709 1136 Quod
740 1072 940 1129 facilius
973 1076 1373 1144 intelligeretur,
1406 1078 1448 1131 si
1479 1079 1659 1152 addito

109 1169 210 1206 uno
234 1157 397 1210 verbo
422 1156 717 1213 diceretur:
740 1158 975 1229 Domine,
998 1164 1043 1217 si
1079 1166 1129 1217 in
1155 1176 1375 1235 tempore
1398 1168 1494 1222 hoc
1515 1171 1663 1222 resti-

110 1254 211 1296 tues
240 1260 447 1315 regnum
482 1248 668 1316 papula
687 1248 870 1307 Israel.

175 1330 306 1387 Cum
326 1337 640 1392 intuerentur
682 1341 733 1394 in
772 1342 949 1394 caelum
977 1353 1173 1397 euntem
1199 1346 1364 1401 illum.
1392 1347 1443 1400 In
1474 1348 1657 1404 Crteco

110 1424 175 1477 ita
219 1424 478 1481 habetur:
523 1427 722 1482 Eleum
749 1433 1056 1487 intenderent
1080 1435 1133 1488 in
1171 1436 1348 1490 caelum
1369 1450 1512 1492 eunte
1535 1441 1622 1493 illo
1637 1457 1657 1506 ;

110 1516 246 1585 quod
274 1518 522 1573 videlicet
552 1522 603 1575 in
651 1523 845 1577 caelum
877 1524 1227 1591 intenderent,
1260 1544 1363 1599 quo
1390 1531 1496 1585 ibat
1522 1531 1653 1600 ipse.

112 1605 259 1661 Unde
290 1608 368 1661 eis
406 1618 458 1662 et
482 1611 653 1680 angeli
683 1612 894 1667 dicunt:
930 1613 1065 1681 Quid
1110 1620 1254 1671 statis
1281 1620 1575 1689 aspicientes
1604 1624 1654 1676 in

110 1698 285 1751 ratum
311 1699 334 1752 2
359 1699 488 1765 Quia
518 1716 646 1756 vero
677 1704 833 1757 etiam
859 1720 978 1759 eum
999 1706 1089 1774 qui
1118 1707 1168 1762 iu
1198 1709 1394 1763 cmlum
1438 1711 1545 1766 ibat
1568 1712 1658 1766 iu-

1765 528 1876 582 Non
1926 538 2099 583 autem
2150 532 2274 584 mihi
2331 532 2690 602 imputandmn
2740 552 2974 591 errorem
3030 556 3184 606 reor,
3224 544 3314 597 ubi

1766 620 2131 674 auctoritatem
2164 637 2469 691 magnorum
2499 640 2723 694 sequens
2749 626 3057 695 doctorum;
3109 645 3230 700 qum
3262 634 3312 686 in

1770 706 1975 761 illorum
2023 712 2290 777 opusculis
2346 712 2554 780 iuveni,
2610 716 2805 787 absque
2851 722 3100 787 scrupulo
3147 725 3314 778 susci-

1766 798 1953 865 pienda
1981 801 2203 857 credidi.

1834 887 1957 942 Cum
2003 892 2295 943 mulieribus
2320 902 2365 944 et
2395 891 2565 949 Maria
2596 907 2749 951 matre
2778 896 2919 962 Jesu,
2969 908 3017 953 et
3067 905 3305 969 fratribus

1761 978 1890 1045 ejus.
1938 978 2206 1034 Fratribus
2251 980 2398 1045 Jesu,
2440 998 2541 1037 non
2589 984 2766 1041 Marias
2815 988 2959 1043 dicil.
2988 989 3225 1061 Namque
3256 994 3306 1049 in

1762 1069 1948 1125 Graeco
1978 1074 2251 1127 manifesta
2303 1075 2564 1131 distinctio
2594 1088 2693 1143 est,
2722 1081 2803 1135 ubi
2858 1097 2959 1136 non
2998 1088 3176 1151 αὐτῆς.
3212 1087 3305 1141 sed

1760 1162 1941 1224 αὐτοῦ,
1966 1164 2216 1231 scriptum
2244 1174 2344 1227 est,
2376 1168 2514 1233 quod
2545 1170 2741 1237 absque
2768 1172 2865 1225 ulla
2897 1173 3158 1233 dubietate
3190 1192 3309 1244 prn-

1762 1264 1951 1303 notnen
2005 1261 2107 1317 est,
2165 1253 2301 1320 apud
2332 1270 2446 1323 eos,
2501 1261 2712 1325 generis
2755 1263 3045 1318 masculini.
3097 1264 3312 1321 Curavit

1760 1339 1987 1406 namque
2026 1341 2213 1398 beatus
2245 1344 2409 1399 Lucas
2460 1348 2701 1404 intimare
2730 1351 3020 1420 legentibus
3049 1357 3169 1423 quia
3200 1358 3311 1414 l'ra-

1762 1443 1865 1485 tres
1898 1433 2100 1487 Domini
2130 1451 2193 1489 eo
2224 1446 2462 1505 tempore
2493 1440 2611 1494 lidei
2644 1444 2757 1509 ejus
2799 1456 2947 1500 erant
3000 1451 3303 1519 participes,

1759 1523 1823 1575 de
1866 1524 2056 1589 quibus
2082 1535 2202 1580 ante
2231 1528 2526 1594 passionem
2556 1531 2893 1601 ejus-dictum
2942 1548 3083 1592 erat:
3132 1539 3310 1611 Neque

1759 1613 1937 1682 [patres
1965 1617 2072 1683 ejus
2094 1618 2353 1672 credebant
2382 1620 2433 1672 in
2458 1637 2593 1675 eum.

1830 1704 1897 1758 Et
1926 1716 2102 1761 notum
2144 1712 2333 1779 factum
2379 1720 2453 1765 est
2479 1714 2706 1768 onmibus
2735 1714 3071 1773 habitantibus
3095 1719 3307 1778 Jerusa-

110 1788 410 1852 tuebautur,
434 1802 693 1861 sequente
721 1795 1025 1863 angelorum
1056 1798 1215 1853 verbo
1235 1799 1649 1869 demonstratur,

1762 1794 1871 1860 lein,
1901 1797 1972 1849 ita
1998 1808 2049 1850 ut
2088 1800 2429 1867 appellaretur
2448 1817 2567 1872 ager
2595 1803 2681 1856 ille
2709 1803 2882 1874 lingua
2920 1823 3093 1861 eorum
3123 1809 3309 1867 [lacet-

107 1890 218 1930 cum
264 1878 488 1934 dicitur:
540 1882 627 1936 Sic
664 1885 818 1937 veniet
853 1886 1270 1950 quemadmodum
1308 1891 1501 1946 vidistis
1538 1908 1653 1947 eum

106 1980 298 2021 euntem
322 1972 369 2023 in
400 1973 601 2025 emtum.

127 2115 131 2119 .
169 2062 237 2118 Et
285 2062 397 2119 eum
433 2068 720 2124 introissent
769 2074 1075 2127 ctenaeulum
1111 2114 1127 2140 ,
1183 2079 1517 2133 ascenderunt
1568 2082 1655 2135 ubi

106 2157 409 2211 mansionem
433 2158 698 2216 habebant.
729 2162 853 2216 Nam
876 2172 927 2217 et
954 2164 1007 2218 in
1038 2162 1221 2222 Graeco
1253 2169 1318 2222 ita
1346 2169 1544 2238 positus
1572 2182 1654 2226 est

106 2248 231 2302 ordo
259 2250 537 2303 verborum
581 2268 593 2303 :
642 2251 709 2305 Et
743 2270 856 2306 cum
896 2256 1183 2310 introissent
1220 2259 1271 2311 in
1314 2263 1649 2330 cenaculum,

106 2340 429 2393 ascenderunt
456 2342 541 2395 ubi
562 2357 701 2397 erant
731 2358 1007 2407 manentes,
1052 2346 1234 2402 Petrus
1262 2363 1309 2404 et
1337 2350 1580 2421 Joannes,
1606 2365 1653 2408 et

109 2432 351 2497 Andreas,
367 2430 667 2487 etJacobus.
690 2434 741 2487 in
760 2435 945 2490 Graeco
977 2438 1046 2490 ita
1071 2453 1129 2492 se
1159 2438 1461 2493 babetordo
1480 2443 1653 2496 uomi-

110 2534 254 2573 num:
274 2519 457 2575 Petrus
473 2532 517 2575 et
532 2522 780 2591 Andreas,
801 2536 845 2577 et
859 2523 1080 2579 Jacobus
1098 2526 1398 2592 etJoannes,
1414 2541 1459 2582 et
1474 2530 1653 2585 Simon

108 2605 315 2671 Zelotes,
338 2619 383 2661 et
403 2610 568 2663 Judas
590 2612 788 2665 Jacobi.
809 2613 912 2669 llus
934 2614 1168 2670 referunt
1189 2618 1442 2685 historiae,
1468 2621 1517 2674 in
1537 2623 1654 2690 qui-

112 2697 198 2751 bus
213 2702 572 2765 apostolorum
601 2704 869 2769 passiones
897 2706 1261 2772 continentur,
1285 2717 1339 2764 et
1356 2726 1384 2764 a
1410 2711 1654 2779 plurimis

110 2786 412 2856 deputantur
432 2793 766 2863 apocrypha.
799 2797 1110 2862 praedicasse
1136 2799 1184 2851 in
1212 2800 1443 2865 Perside,
1478 2803 1655 2873 ibique

110 2892 134 2928 a
163 2880 472 2944 templorum
515 2884 852 2949 pontiﬁcibus
880 2888 930 2940 in
962 2888 1174 2945 civitate
1204 2891 1396 2959 Suauir
1425 2895 1651 2963 occisos,

108 2968 386 3035 gloriosum
412 2970 642 3027 subiisse
671 2978 997 3046 martyrium.
1028 2978 1227 3045 Quibus
1254 2984 1573 3050 astipulatur
1599 2996 1656 3041 et

111 3057 232 3112 liber
286 3058 670 3131 Martyrologii,
702 3065 791 3133 qui
820 3067 959 3121 beati
1005 3069 1315 3142 Hieronymi
1344 3076 1556 3129 nomine
1588 3091 1650 3131 ac

114 3148 419 3216 prmlatione
442 3152 756 3220 attitulatur,
789 3159 1026 3223 quamvis
1053 3162 1187 3213 idem
1221 3161 1567 3233 Hieronymus
1593 3165 1657 3219 il-

117 3236 210 3291 lius
238 3237 353 3292 libri
379 3256 483 3294 non
524 3252 729 3305 auctor.
762 3246 855 3300 sed
885 3246 1164 3317 interpres,
1200 3251 1455 3307 Eusebius
1483 3264 1656 3309 autem

110 3337 283 3382 auctor
313 3331 587 3387 exstitisse
620 3320 885 3391 narretur.
917 3334 1083 3393 Porro
1111 3340 1339 3397 lsidorus
1367 3346 1654 3401 arbitratur

113 3416 238 3471 hunc
266 3418 535 3475 Simonem
587 3437 725 3489 esse,
759 3426 847 3495 qui
878 3436 999 3495 post
1025 3428 1278 3485 Jacobum
1306 3432 1519 3487 fratrem
1551 3436 1656 3488 Do-

111 3507 226 3560 mini
270 3508 723 3579 Jerosolymorum
768 3510 905 3570 rexit
934 3518 1248 3585 Ecclesiam,
1296 3536 1358 3576 ac
1397 3524 1493 3578 sub
1526 3525 1653 3579 Tra-

106 3594 223 3665 jano
249 3599 417 3654 crucis
450 3604 702 3672 martyrio
728 3617 1012 3663 coronatus
1040 3618 1142 3679 est,
1189 3626 1308 3665 cum
1360 3627 1570 3670 centum
1604 3628 1657 3672 et

114 3688 285 3756 viginti
330 3700 473 3745 esset
500 3708 783 3761 annorum,
827 3712 981 3767 quem
1011 3708 1065 3754 et
1092 3716 1187 3755 nos
1233 3704 1358 3758 olim
1390 3704 1441 3758 in
1490 3707 1657 3773 primo

112 3782 259 3834 Actus
285 3783 642 3849 apostolorum
672 3786 829 3857 librov
849 3789 1013 3841 secuti
1042 3804 1249 3856 sumus,
1284 3807 1388 3846 non
1416 3808 1477 3846 ea
1532 3810 1655 3862 quae

112 3871 309 3939 scipsit
349 3873 709 3942 scrupulosius
758 3875 1130 3942 discntientcs,
1187 3880 1280 3933 sed
1337 3881 1655 3950 simpliciter

112 3960 215 4028 ejus
243 3961 391 4015 dictis
422 3964 804 4029 auscultantes,
833 3967 929 4019 rati
961 3970 1099 4035 quod
1132 3970 1242 4044 haec
1267 3968 1378 4037 ipse
1399 3972 1463 4025 de
1494 3976 1657 4029 certis

112 4062 333 4105 veterum
365 4052 595 4106 historiis
625 4055 885 4109 didicerit.
915 4057 1069 4123 Quod
1119 4074 1187 4113 ne
1231 4060 1400 4115 adhuc
1440 4063 1654 4131 quidem

115 4156 293 4209 negare
341 4144 628 4209 audemus,
682 4146 914 4201 maxime
962 4161 1081 4201 cum
1136 4148 1225 4205 ille
1266 4153 1353 4219 qui
1410 4152 1656 4221 praefatas

113 4234 453 4301 apostolorum
502 4234 773 4303 passiones
821 4240 1056 4305 scripsit,
1100 4240 1213 4308 ipse
1259 4258 1317 4296 se
1360 4245 1656 4300 certissime

115 4325 299 4377 incerta
325 4332 377 4378 et
408 4324 534 4378 falsa
568 4326 846 4395 scripsisse
875 4328 1185 4396 prodiderit.
1210 4330 1345 4385 Dicit
1370 4335 1509 4388 enim
1530 4336 1654 4404 quia

114 4414 352 4471 Caudacis
378 4419 685 4483 eunuchus,
733 4434 889 4487 quem
920 4421 1235 4488 baptizasset
1276 4426 1545 4495 Philippus
1593 4429 1645 4481 in

113 4505 378 4575 Judma,eo
407 4520 643 4579 tempore
674 4510 829 4565 fuerit
852 4513 903 4566 iu
930 4512 1218 4583 Ethiopia,
1242 4532 1346 4585 quo
1378 4518 1648 4573 biatthzeus

116 4597 178 4649 ibi
198 4599 429 4663 docebat,
459 4600 612 4668 eique
635 4598 846 4656 docenti
876 4602 1128 4657 auxilium
1164 4606 1358 4667 tulerit,
1391 4622 1506 4660 cum
1542 4623 1649 4662 ma-

117 4690 342 4744 nifestum
370 4693 438 4745 sit
466 4690 762 4747 Candacem
795 4709 985 4751 nomen
1030 4711 1151 4752 esse
1173 4714 1275 4754 non
1306 4700 1421 4765 viri,
1450 4705 1539 4755 sed
1571 4700 1649 4759 le-

119 4781 281 4843 minze.
305 4782 350 4837 id
379 4792 479 4847 est,
512 4799 615 4837 non
642 4786 889 4853 eunuchi,
919 4788 1009 4843 sed
1041 4788 1266 4845 dominae
1289 4792 1423 4860 ejus,
1458 4796 1650 4863 regina:

118 4871 339 4926 videlicet
388 4872 723 4940 Ethinpum,
756 4870 1061 4946 qua:,sicut
1088 4896 1151 4933 ex
1196 4894 1428 4937 veterum
1482 4886 1650 4940 moni-

120 4968 295 5017 mentis
332 4968 708 5035 eomperimus,
753 4984 938 5026 omnes
979 4974 1266 5041 antiquitus
1295 4981 1371 5032 sic
1399 4980 1649 5046 appellati

120 5055 363 5110 solebant.
395 5058 595 5127 Scripsi
654 5060 704 5113 in
743 5062 931 5115 eodem
986 5079 1169 5133 opem,
1212 5072 1647 5125 commentarium

123 5142 402 5217 Hieronymi
442 5161 681 5217 secutus,
733 5162 787 5208 et
840 5154 905 5208 de
944 5156 1077 5211 Juda’
1129 5156 1295 5215 haue
1325 5159 1527 5226 Jacobi,
1561 5166 1649 5230 qui

122 5234 261 5287 etiam
291 5236 576 5295 Thaddaeus
606 5243 889 5296 vocabatur
916 5283 931 5307 ,
983 5246 1199 5301 missum
1230 5264 1348 5303 eum
1378 5252 1439 5305 ad
1482 5255 1654 5320 Aliga-

126 5338 225 5376 rum
256 5326 433 5393 fuisse,
466 5346 644 5396 regem
692 5334 970 5398 Osroena',
1016 5346 1070 5387 ut
1102 5338 1463 5393 ecclesiastica
1494 5344 1655 5396 tradi-

124 5410 246 5465 derit
296 5417 537 5482 historia;
590 5420 681 5473 sed
738 5421 1038 5491 diligentius
1096 5429 1431 5494 postmodum
1485 5432 1651 5499 ipsam

128 5501 367 5557 historiam
395 5509 808 5565 ecclesiasticam
860 5514 1167 5582 inspiciens,
1219 5520 1395 5586 reperi
1446 5536 1550 5573 non
1584 5522 1654 5575 ibi

127 5606 231 5645 esse
249 5599 506 5665 scriptum,
530 5600 648 5665 quia
667 5600 962 5657 Tltaddazus
983 5606 1250 5673 apostolus
1278 5624 1410 5663 unus
1434 5612 1652 5668 exduc-

130 5683 300 5751 decim,
339 5692 424 5743 scd
460 5690 753 5747 Tbaddaeus
784 5709 916 5749 unus
947 5712 1007 5750 ex
1033 5700 1358 5769 septuaginta
1387 5693 1654 5773 discipulis

1710 1930 1715 1934 ,
1752 1886 1922 1941 dama.
1954 1886 2150 1957 Lingua
2195 1904 2376 1944 eorum
2418 1891 2542 1945 dicit
2569 1894 2651 1962 qui
2677 1893 2969 1950 habitabant
2996 1896 3299 1969 Jerusalem,

1753 1977 1873 2043 quia
1925 1978 2196 2043 nimirum,
2226 1982 2323 2033 etsi
2368 1981 2574 2049 utrique
2629 1983 2974 2052 loquebantur
3023 1989 3298 2057 Hebraice,

1753 2064 1978 2119 diatabat
2008 2078 2182 2122 tamen
2238 2069 2527 2137 proprietas
2555 2070 2745 2141 lingua:
2787 2073 3233 2146 Jerosolymorum
3274 2097 3303 2135 a

1755 2154 2014 2222 Gulilmis,
2048 2159 2114 2212 de
2141 2158 2331 2227 quibus
2359 2162 2579 2225 apostoli
2610 2173 2778 2227 erant,
2816 2168 2952 2233 quod
2994 2170 3045 2221 in
3082 2170 3299 2227 historia

1755 2242 2036 2299 dominica:
2081 2247 2342 2314 passionis
2396 2246 2690 2314 discimus,
2765 2252 2853 2305 ubi
2918 2253 3054 2309 idem
3114 2256 3298 2314 Petrus

1752 2334 1909 2388 etiam
1941 2335 2148 2403 nolens,
2166 2336 2369 2403 loquela
2391 2350 2481 2390 sua
2514 2338 2749 2405 proditus
2767 2349 2867 2407 est,
2885 2357 3000 2398 esse
3019 2345 3299 2405 'Galtlteus.

1826 2420 1892 2473 Et
1920 2433 2201 2477 statuerunt
2225 2425 2371 2489 duos,
2395 2424 2586 2495 Joseph
2628 2429 2713 2495 qui
2740 2431 3005 2485 uocabatur
3032 2433 3304 2505 Barsabas,

1754 2508 2235 2580 quicognominatus
2277 2523 2346 2566 est
2373 2513 2574 2568 Justus.
2606 2515 2659 2568 lu
2688 2516 2872 2572 Graeco
2898 2522 3116 2577 habetur
3155 2528 3303 2594 plus:

1758 2598 1825 2653 Et
1853 2602 1930 2653 his
1971 2603 2141 2667 dictis,
2168 2614 2450 2656 statuerunt
2494 2605 2651 2659 duos:
2679 2603 2892 2675 Joseph,
2925 2613 3011 2679 qui
3039 2618 3307 2668 uocabatur

1748 2692 2032 2758 Barsabas,
2078 2696 2163 2762 qui
2188 2694 2569 2765 cognominatus
2600 2706 2670 2767 est
2694 2694 2892 2762 Justus,
2925 2708 2970 2751 et
3012 2699 3302 2757 Matthiam.

1751 2783 1858 2839 Ubi
1910 2800 2005 2837 nos
2058 2786 2108 2839 iu
2161 2786 2259 2838 bac
2286 2787 2547 2839 sententia
2593 2773 2774 2841 Justus
2804 2790 3047 2858 legimus,
3091 2796 3139 2846 in
3189 2795 3306 2863 ipso

1758 2886 1969 2941 quoque
1999 2870 2185 2927 Graec
2224 2872 2405 2926 Justus
2437 2886 2518 2928 est
2545 2879 2763 2941 positus.
2796 2879 2941 2945 Quod
2981 2882 3024 2933 si
3067 2882 3306 2939 Latinum

1754 2978 1947 3020 nomen
2004 2978 2123 3018 esse
2153 2967 2438 3030 credimus,
2494 2965 2699 3021 videtur
2728 2973 2848 3036 quia
2896 2981 3052 3025 tanta:
3101 2976 3305 3032 virtutis

1756 3056 1848 3112 ilie
1892 3056 1973 3110 vir
2000 3056 2177 3123 fuerit,
2211 3069 2263 3111 ut
2310 3059 2467 3112 etiam
2500 3074 2527 3112 a
2562 3060 2831 3127 Romanis,
2881 3064 2967 3131 qui
2999 3079 3119 3118 eum
3151 3082 3308 3123 nosse

1760 3158 2062 3219 potuerant,
2090 3151 2309 3219 iustitia:
2333 3167 2522 3206 nomen
2547 3156 2831 3221 acceperit.
2862 3152 2955 3210 Sin
2983 3166 3160 3213 autem
3203 3162 3306 3217 lie-

1754 3239 1952 3310 brteum
1984 3255 2173 3293 nomen
2201 3248 2300 3305 est,
2326 3250 2496 3309 potest
2529 3241 2885 3311 interpretari,
2918 3260 3158 3313 parcens,
3192 3252 3298 3315 vel,

1757 3329 1868 3398 ipse
1892 3330 2166 3395 allevatus,
2199 3340 2253 3384 ut
2282 3332 2333 3384 in
2366 3332 2503 3385 libro
2532 3332 2870 3387 Hebrmorum
2888 3339 3155 3392 nominum
3174 3341 3301 3395 Hie-

1755 3434 2004 3492 ronymus
2033 3424 2203 3476 docet.
2234 3424 2381 3489 Quod
2412 3439 2535 3479 vero
2568 3425 2947 3481 Latine'Justus
2970 3432 3177 3497 dicitur,
3198 3433 3298 3486 hoc

1756 3508 2010 3564 llebraice
2064 3510 2289 3575 Sadoch,
2342 3513 2523 3567 Graece
2552 3508 2843 3584 appellatur
2871 3517 3077 3581 δίκαιος.
3125 3523 3305 3581 Refert

1754 3608 1928 3654 autem
1959 3583 2205 3655 Clemens
2236 3605 2571 3657 Alexandria:
2602 3583 2897 3677 presbyter,
2944 3613 3022 3665 vir
3068 3628 3158 3681 per
3184 3631 3301 3669 om-

1756 3691 1839 3745 nia
1869 3690 2231 3759 doctissimus,
2262 3696 2445 3747 ambos
2476 3694 2573 3748 hos
2602 3698 2687 3764 qui
2715 3700 2777 3749 ad
2806 3711 2999 3754 sortem
3043 3709 3304 3771 apostola.

1756 3787 1839 3833 tus
1864 3781 2043 3833 statuti
2071 3792 2213 3846 sunt,
2244 3783 2310 3835 de
2339 3798 2562 3838 numero
2593 3788 2751 3841 luisse
2783 3793 3113 3859 septuaginta
3138 3795 3300 3851 disci-

1756 3874 2014 3943 palorum.

2392 3967 2610 4024 CAPUT
2634 3970 2695 4023 11.

1825 4054 1890 4107 Et
1916 4045 2026 4108 cum
2053 4057 2424 4127 complerentur
2467 4062 2571 4115 dies
2600 4059 2936 4127 Pentecostes,
2968 4078 3108 4119 erant
3137 4085 3304 4124 omnes

1755 4148 1942 4214 puriter
1965 4147 2017 4198 in
2044 4148 2216 4200 eodem
2247 4150 2380 4204 loco.
2414 4150 2547 4207 Male
2594 4154 2802 4221 quidam
2829 4156 3045 4211 Codices
3090 4159 3302 4225 habent,

1757 4236 2109 4294 Pentecosten.
2146 4241 2271 4299 Nam
2300 4242 2609 4299 Pentecoste
2636 4248 2957 4303 nominativo
2982 4264 3127 4315 casu,
3155 4254 3305 4320 quitt~

1754 4332 2054 4399 qnngesima
2086 4332 2305 4399 dicitur;
2334 4334 2671 4395 Pentecostes
2690 4340 2921 4406 genitivo
2940 4380 2954 4405 ,
2984 4345 3304 4414 quinquageb

1678 4455 1729 4515 Β
1756 4420 1935 4476 simas:
1995 4422 2348 4479 Pentecosten
2402 4429 2699 4493 accusativo
2728 4466 2745 4493 ,
2791 4429 3301 4500 quinquagesimum.

1752 4516 1899 4569 Déulla
1927 4529 2101 4570 autem
2132 4519 2265 4572 ratio
2297 4519 2538 4587 loquendi
2581 4519 2707 4575 sinit
2752 4531 2807 4575 ut
2854 4524 3088 4583 dicamus
3114 4528 3304 4586 Pente-

1749 4620 1948 4676 costen,
1982 4626 2102 4665 cum
2137 4610 2240 4667 dici
2272 4614 2493 4669 debeat:
2526 4615 2649 4669 Cum
2674 4619 3004 4687 complentur
3032 4623 3135 4674 dies
3155 4626 3303 4691 quin-

1750 4703 2084 4771 quagesimae;
2112 4704 2195 4757 vel
2224 4714 2367 4763 certe
2389 4704 2526 4759 sicut
2555 4707 2605 4759 in
2636 4708 2821 4762 Graeco
2852 4710 3037 4779 legitur
3080 4728 3304 4767 numero

1750 4795 2029 4862 singulari:
2080 4795 2148 4848 Et
2178 4813 2289 4849 cum
2317 4797 2689 4864 complerentur
2718 4800 2820 4852 dies
2861 4802 3301 4873 quinquagenm.

1749 4887 1813 4940 At
1842 4902 1967 4940 vero
2012 4886 2061 4941 in
2096 4889 2341 4955 precibus
2364 4889 2606 4955 ejusdem
2646 4890 2751 4944 diei
2778 4892 3051 4945 dicendum
3091 4906 3201 4948 est:
3237 4896 3301 4949 Et

1749 4958 1879 5031 diem
1920 4978 2318 5031 sacratissimum
2365 4978 2690 5034 Pentecosten
2738 4983 3057 5048 celebrantes,
3101 4985 3151 5038 id
3194 4998 3298 5056 est,

1750 5068 2257 5138 quinquagesimam.
2295 5073 2338 5123 A
2369 5071 2518 5138 cujus
2550 5074 2693 5125 verbi
2731 5076 3109 5131 consuetudine
3151 5090 3300 5143 puta-

1754 5168 1836 5213 tur
1867 5160 2019 5227 bujus
2047 5159 2149 5214 diei
2195 5163 2528 5228 solemnitas,
2558 5178 2586 5215 a
2618 5165 2931 5227 quibusdam
2959 5168 3047 5233 qui
3071 5168 3303 5222 Graecari)

1754 5250 1981 5319 linguam
2037 5252 2297 5315 nesciunt,
2356 5256 2513 5308 etiam
2544 5256 2867 5310 nominativo
2891 5272 3014 5310 casu
3047 5257 3303 5315 Pentecoo

1752 5347 1868 5394 sten
1900 5342 2150 5409 appellari
2183 5343 2400 5397 debere.

1826 5430 1891 5481 Et
1922 5432 2083 5499 factus
2115 5442 2184 5484 est
2227 5443 2425 5500 repente
2454 5435 2515 5485 de
2542 5433 2664 5487 caelo
2690 5451 2862 5497 sonus,
2893 5445 3130 5503 tanquam
3154 5436 3301 5490 adven

1756 5523 1930 5574 trientis
1982 5522 2189 5588 spiritus
2238 5523 2555 5587 vehementis,
2596 5533 2638 5576 et
2667 5525 2867 5590 replevit
2899 5535 3051 5576 totam
3076 5528 3301 5592 domum,

1756 5614 1840 5665 ubi
1883 5625 2023 5666 erant
2055 5615 2298 5677 sedentes,
2330 5625 2433 5670 etc.
2483 5617 2544 5668 Et
2576 5617 2625 5669 in
2674 5618 2783 5683 ipsa
2831 5617 3037 5669 datione
3086 5618 3214 5685 legis
3250 5628 3300 5671 et

1760 5705 1941 5775 gratia:
1979 5714 2195 5775 apparet
2230 5706 2626 5761 evidentissima
2659 5707 2848 5762 veteris
2874 5715 2926 5760 et
2976 5708 3095 5762 novi
3145 5716 3298 5764 testa-
