3860 6230
449 333 556 393 999

878 323 1085 381 DEDE
1128 316 1571 378 YENERABILIS
1606 314 1754 373 OPP.
1796 310 1975 369 PARS
2014 305 2077 363 ll.
2117 304 2313 364 SECT.
2355 306 2398 361 l.
2425 334 2495 346 —-
2523 301 2909 360 EXEUETIGA
2947 299 3270 358 GENUINA.

3560 300 3686 355 {000

452 448 618 509 menti
640 442 917 502 distantia.
965 440 1040 496 lbi
1085 438 1237 509 plebs
1269 437 1423 505 longe
1470 434 1662 496 stabat,
1694 430 1855 484 timor
1883 434 2023 492 erat,
2054 427 2104 480 Δ
2136 420 2338 478 Deinde
2355 418 2584 485 Parthis,
2601 430 2719 490 post
2736 417 3215 482 brecMedis,acsic
3231 414 3495 483 Elamitis,
3513 424 3691 485 etque

455 557 606 601 amor
635 553 740 595 non
764 545 900 591 erat.
928 533 1064 589 Nam
1107 545 1276 597 usque
1307 528 1441 583 adeo
1470 526 1778 587 timuerunt,
1804 527 1865 574 ut
1886 517 2030 573 dice-

2133 529 2226 584 per
2253 512 2499 567 ordinem
2524 519 2904 565 enumerantur
2930 509 3197 580 gentibus,
3225 508 3440 576 propria
3470 505 3537 560 sit
3567 506 3695 571 ipso.

461 595 583 689 rent
624 630 689 685 ad
736 628 986 697 Moysen:
1044 595 1271 691 Loquere
1314 628 1369 672 tu
1414 618 1480 670 ad
1509 630 1621 679 nos,
1648 622 1819 666 etnon
1849 609 1915 661 ad
1938 622 2031 661 nos
2133 618 2255 659 rum
2286 602 2462 672 lingua
2497 602 2724 667 loculus,
2755 599 3184 668 praestolantibus
3208 597 3433 667 singulis
3460 610 3523 651 ac
3547 595 3696 649 sileuo

461 725 698 794 loquatur
728 717 999 778 Dominus,
1019 728 1083 767 ne
1102 712 1381 764 moriantur
1425 705 1618 774 (Exod.
1646 702 1766 773 ss).
1799 701 2033 781 Descen-

462 790 539 870 dit
564 826 693 881 ergo
736 809 898 874 Deus,
927 806 1062 859 sicut
1091 802 1344 869 scriptum
1370 806 1471 859 est.
1503 796 1554 849 in
1583 795 1766 849 Sinam
1808 790 1859 844 in
1892 790 2033 859 igne,

470 906 566 962 sed
598 902 807 976 plebem
837 900 993 967 longe
1022 904 1251 951 stantem
1284 889 1557 951 territans,
1589 888 1759 955 legem
1778 882 1953 976 digito
1984 882 2037 934 in

475 975 673 1068 lapide,
696 1009 805 1049 non
834 991 1022 1061 spiritu
1045 1003 1141 1043 suo
1171 984 1439 1041 scribebat
1466 982 1518 1034 in
1542 978 1722 1033 corde.
1747 975 1843 1030 ilic
1863 982 2039 1027 autem

471 1062 687 1157 quando
714 1082 863 1138 venit
905 1079 1137 1148 Spiritus
1186 1080 1421 1137 sanctus,
1449 1067 1753 1139 congregati
1795 1071 1951 1120 erant
1980 1062 2040 1157 ti-

468 1156 615 1235 deles
668 1175 722 1230 in
766 1188 960 1237 unum;
994 1184 1093 1225 nec
1122 1169 1173 1221 in
1208 1175 1388 1221 monte
1436 1161 1656 1225 terruit,
1703 1157 1798 1214 sed
1830 1156 2043 1212 intravit

471 1274 706 1325 domum.
735 1267 809 1322 De
835 1264 971 1321 caelo
1011 1261 1222 1330 quidem
1269 1259 1440 1313 factus
1468 1265 1552 1311 est
1579 1266 1743 1307 sonus
1768 1250 1963 1313 subito,
1991 1257 2045 1303 et

472 1361 623 1431 quasi
671 1359 902 1414 ferretur
928 1356 1085 1409 natus
1112 1352 1401 1406 vehemens
1430 1345 1641 1410 sonuit;
1700 1342 1793 1398 sed
1828 1339 2047 1407 expavit

476 1428 670 1505 nullus.
727 1446 935 1503 Audisti
988 1457 1220 1509 sonum,
1279 1439 1406 1495 vide
1443 1437 1659 1507 ignem,
1711 1433 1837 1501 quia
1893 1439 1949 1485 et
1991 1428 2047 1483 in

474 1548 657 1595 monte
708 1548 990 1607 utrumque
1040 1543 1178 1599 erat,
1234 1541 1289 1587 et
1318 1529 1453 1599 ignis
1477 1541 1531 1583 et
1558 1528 1788 1588 sonitus,
1819 1523 1911 1578 sed
1944 1521 2051 1576 illic

477 1632 639 1687 etiam
674 1630 869 1693 fumus,
905 1627 992 1681 hic
1034 1625 1191 1695 ignis,
1234 1623 1428 1691 linguas
1473 1618 1657 1674 divisa:
1701 1616 1844 1670 velut
1894 1614 2047 1682 ignis.

480 1719 730 1791 Nunquid
759 1718 827 1773 de
858 1716 1141 1786 longinquo
1172 1710 1460 1768 territans?
1488 1706 1658 1763 Absit.
1701 1704 1832 1759 Nam
1857 1702 2050 1757 insedit

2136 696 2306 758 tibus,
2342 694 2513 749 donec
2542 693 2862 748 adveniente
2890 707 2987 746 suo
3016 691 3227 756 ordine,
3260 689 3386 759 quid
3414 689 3701 757 diceretur,

2137 785 2524 855 intelligerent,
2551 793 2607 839 et
2633 785 2710 839 sic
2736 783 2913 839 verbis
2940 782 3250 837 docentium
3280 780 3403 835 ﬁdei
3431 792 3699 835 assensom

2139 880 2462 948 praeberent.
2509 876 2691 932 Refert
2739 886 2915 930 autem
2963 874 3136 930 Lucas
3167 874 3475 942 loquentem
3506 871 3571 924 ad
3603 880 3703 923 tur-

2142 972 2236 1026 bas
2259 971 2494 1037 Petrum,
2512 980 2566 1025 et
2590 968 2823 1024 secundo
2852 967 2937 1022 vel
2966 968 3122 1021 tertio
3153 966 3339 1021 eadem
3361 981 3480 1035 quae
3507 964 3706 1018 dixerat

2143 1069 2470 1131 repetentem
2507 1076 2612 1114 non
2643 1059 2826 1125 refert,
2859 1059 2952 1113 sed
2981 1067 3183 1112 tantum
3210 1072 3300 1112 eas
3332 1066 3552 1125 accepto
3577 1056 3708 1108 salu-

2146 1153 2212 1209 tis
2232 1153 2455 1207 consilio
2478 1151 2794 1206 Christianas
2842 1150 2963 1205 fidei
2992 1160 3338 1205 consecratas
3358 1163 3483 1203 esse
3524 1160 3711 1217 myste-

2146 1246 2261 1302 riis.
2291 1245 2405 1300 Non
2433 1254 2610 1301 autem
2640 1258 2846 1300 errasse
2876 1260 2998 1299 reor
3026 1243 3197 1310 illum,
3222 1244 3265 1298 si
3296 1246 3414 1313 quis
3440 1252 3713 1309 utrumque

2151 1338 2267 1393 fieri
2325 1352 2484 1407 posse
2526 1337 2730 1403 credat,
2759 1346 2815 1393 et
2844 1336 3116 1407 apostolos
3148 1335 3399 1390 videlicet
3428 1336 3483 1388 in
3521 1334 3713 1401 Spiritu

2149 1439 2335 1485 sancto
2378 1429 2614 1483 omnium
2645 1429 2878 1497 gentium
2911 1427 3117 1497 linguas
3167 1426 3470 1496 intelligere
3496 1440 3560 1480 ac
3583 1426 3713 1494 loqui

2152 1523 2407 1592 potuisse,
2451 1530 2507 1574 et
2530 1520 2765 1588 ipsorum
2796 1533 3002 1588 quoque
3036 1518 3193 1573 verba
3221 1520 3441 1585 majore
3471 1517 3715 1570 miraculo

2152 1627 2467 1682 quacunque
2496 1612 2672 1681 lingua
2702 1619 2881 1666 essent
2908 1610 3072 1674 edita,
3132 1609 3200 1665 ab
3231 1608 3481 1663 omnibus
3510 1607 3603 1677 qui
3631 1622 3714 1659 au-

2158 1706 2377 1759 diebant
2400 1719 2553 1773 aeque
2576 1703 2873 1772 potuissent
2894 1702 3167 1771 cognosci.

700 1775 1128 1875 unumquemque
1178 1803 1411 1867 illorum,
1454 1809 1507 1853 et
1540 1803 1819 1865 creperum
1860 1792 2049 1860 linguis
2076 1775 2116 1828 Β
2223 1795 2289 1848 Et
2320 1796 2405 1861 qui
2447 1795 2675 1848 habitant
2728 1791 3170 1862 Mesopotamiam,
3230 1802 3277 1846 et
3316 1789 3714 1861 Cappadociam,

479 1902 646 1971 loqui,
677 1908 831 1970 prout
857 1897 1089 1967 Spiritus
1121 1904 1339 1949 sanctus
1368 1892 1532 1945 dabat
1577 1889 1655 1943 eis
1683 1882 2048 1954 pronuntiare.

484 1990 622 2049 Audi
652 1990 879 2058 linguam
904 1987 1232 2057 loquentem,
1251 1992 1305 2038 et
1331 1982 1568 2050 intellige
1594 1978 1848 2048 Spiritum
1871 1988 1977 2029 non
2000 1973 2053 2027 in

484 2079 679 2149 lapide,
708 2077 800 2131 sed
832 2077 883 2132 in
915 2076 1078 2129 corde
1106 2074 1448 2128 scribentem.

557 2169 623 2223 Et
643 2176 989 2239 apparuerunt
1015 2167 1118 2220 illis
1147 2164 1426 2235 dispartila:
1446 2164 1634 2233 lingua:
1654 2169 1891 2228 tanquam
1904 2156 2054 2226 ignis,

482 2262 711 2330 seditque
738 2275 887 2330 super
915 2258 1143 2329 singulos
1188 2271 1379 2321 eorum,
1408 2263 1512 2308 etc.
1544 2251 1719 2322 Hujus
1752 2250 1905 2318 ignis,
1952 2261 2058 2301 non

485 2355 569 2407 hic
596 2353 747 2419 ignis.
767 2350 822 2404 In
842 2349 1029 2404 Grmco
1048 2347 1191 2403 enim
1208 2346 1369 2421 πυρὸς
1391 2343 1631 2405 habetur,
1658 2355 1761 2393 non
1780 2344 1905 2410 πῦρ.
1930 2336 2059 2404 Quae

486 2444 759 2499 distinctio
790 2439 995 2495 facilius
1018 2445 1243 2508 pateret,
1266 2436 1333 2499 si,
1354 2434 1533 2488 addito
1555 2431 1737 2495 verbo,
1767 2428 2057 2482 diceretur:

489 2537 852 2604 Apparuerunt
876 2528 1375 2599 dispartita'tingua
1394 2536 1633 2593 tanquam
1659 2522 1791 2591 ignis
1812 2519 2058 2583 ardentis,

488 2627 604 2680 sive
633 2634 877 2691 tanquam
897 2621 1031 2692 ignis
1047 2620 1319 2689 fulgentis,
1339 2626 1395 2671 ut
1416 2615 1738 2685 intelligatur
1760 2615 1811 2666 in
1830 2610 2060 2680 speciem

480 2715 629 2787 ignis
651 2715 857 2783 linguas
883 2728 1001 2770 esse
1023 2711 1241 2767 divisas.

561 2807 629 2861 Et
650 2815 903 2876 coeperunt
934 2805 1073 2875 loqui
1111 2804 1265 2859 variis
1289 2800 1497 2873 linguis,
1524 2807 1672 2869 prout
1702 2796 1925 2867 Spiritus
1946 2810 2063 2848 san-

494 2911 605 2954 ctus
652 2899 804 2951 dabat
832 2898 1003 2967 eloqui
1027 2896 1149 2950 illis.
1180 2893 1343 2947 Erant
1369 2901 1537 2947 autem
1578 2892 1631 2945 in
1661 2888 1947 2943 Jerusalem
1972 2886 2063 2937 ha-

497 2990 708 3043 bitantes
733 2986 923 3051 Judtzi,
959 2985 1053 3039 viri
1094 2984 1316 3055 religiosi
1345 2998 1407 3037 ea:
1451 2982 1587 3037 omni
1625 2981 1850 3044 natione,
1873 2986 1974 3033 etc.
2007 2974 2065 3031 in

498 3080 686 3135 Grtco
722 3095 827 3133 non
858 3078 1081 3131 habetur
1112 3078 1163 3131 in
1194 3076 1295 3131 hoc
1324 3076 1442 3131 loco
1478 3075 1632 3128 variis
1689 3072 1908 3142 linguis,
1967 3068 2061 3125 sed

501 3172 621 3227 aliis
652 3172 860 3241 linguis.
898 3168 1115 3223 Dixerat
1150 3180 1377 3237 namque
1405 3166 1595 3220 lsaias:
1622 3164 1685 3218 In
1710 3162 1825 3217 aliis
1850 3162 2060 3233 linguis,

496 3276 544 3319 et
570 3264 717 3319 labiis
760 3263 873 3315 aliis
904 3262 1079 3329 loquar
1107 3260 1294 3329 populo
1322 3259 1461 3323 huic,
1489 3266 1535 3311 et
1577 3272 1664 3310 nec
1688 3256 1761 3309 sic
1795 3254 2066 3307 exaudient

502 3373 601 3423 me,
630 3356 753 3409 dicit
770 3352 1219 3419 Dominus.Quam
1250 3351 1498 3405 nimirum
1527 3347 1858 3421 prophetiam
1880 3346 2065 3400 beatus

503 3449 673 3503 Lucas
705 3455 757 3501 ut
787 3447 887 3499 hac
916 3443 1127 3498 datione
1156 3443 1380 3511 Spiritus
1410 3440 1676 3507 impletam
1724 3452 1845 3493 esse
1876 3436 2066 3490 admo-

507 3547 682 3602 neret,
716 3538 853 3591 idem
881 3539 1040 3590 etiam
1070 3535 1315 3598 verbum,
1344 3533 1483 3602 quod
1532 3532 1585 3586 in
1612 3530 1884 3601 prophetia
1919 3528 2067 3595 vidit,

505 3632 559 3685 in
592 3629 689 3683 hac
717 3642 865 3680 sacra
898 3625 1115 3678 historia
1145 3639 1343 3693 ponere
1368 3624 1593 3676 curavit.

578 3717 829 3784 Quoniam
858 3713 1095 3766 audiebat
1132 3714 1467 3781 unusquisque
1517 3711 1744 3781 linguam
1784 3726 1929 3764 suam
1956 3709 2072 3763 illos

508 3810 779 3875 loquentes.
820 3805 1100 3872 Stupebant
1132 3812 1301 3855 autem
1343 3816 1535 3864 omnes,
1560 3810 1603 3853 et
1632 3799 1969 3861 mirabantur,
1992 3798 2075 3850 di-

505 3908 668 3950 centes
686 3910 705 3947 :
754 3892 940 3947 Nonne
969 3908 1077 3946 ecce
1100 3908 1267 3944 omnes
1310 3890 1396 3942 isti
1422 3890 1509 3958 qui
1552 3888 1845 3957 loquuntur,
1872 3888 2075 3942 Galilazi

505 3998 645 4052 sunt,
673 3984 815 4040 etoJ
846 3983 970 4038 Scio
998 3997 1084 4037 me
1113 3980 1489 4048 reprehensum
1515 3994 1545 4033 a
1572 3978 1907 4049 quibusdam,
1937 3978 2075 4049 quod

512 4079 647 4133 hanc
691 4075 1008 4133 sententiam
1036 4074 1241 4127 duobus
1271 4072 1439 4127 modis
1470 4086 1624 4142 posse
1657 4071 1879 4143 intelligi
1924 4072 2076 4128 dise-

512 4170 636 4237 ritn,
683 4170 763 4224 vel
803 4168 978 4236 potius
1008 4166 1231 4235 qualiter
1259 4165 1599 4235 intelligenda
1648 4166 1717 4219 sit
1752 4166 2073 4234 quaesierim.

513 4260 712 4325 Quibus
746 4257 985 4312 breviter
1033 4255 1327 4325 respondeo
1359 4256 1497 4325 quod
1526 4270 1683 4311 omne
1728 4256 1983 4326 quidquid
2012 4255 2079 4310 de

512 4350 699 4407 eadem
720 4350 981 4405 sententia
1008 4347 1059 4402 in
1088 4346 1394 4416 precedenti
1428 4362 1548 4403 meo
1569 4348 1837 4402 volumine
1864 4345 2074 4416 scripsi,

2153 1884 2376 1940 Pontum
2428 1893 2475 1938 et
2522 1886 2717 1950 Asiam,
2777 1881 3063 1953 Phrygiam
3102 1892 3150 1935 et
3198 1878 3584 1950 Pamphyliam.
3639 1878 3720 1933 liae

2154 1992 2273 2047 qua:
2328 1986 2445 2046 post
2500 1973 2734 2028 Judmam
2802 1973 3142 2025 nominantur
3219 1970 3526 2041 provincia,
3609 1982 3722 2023 vere

2156 2082 2343 2124 omnes
2395 2066 2606 2137 quidem
2662 2063 2848 2119 Graece
2894 2063 3202 2132 loquuntur,
3260 2060 3353 2117 sed
3401 2061 3446 2116 si
3495 2059 3625 2116 nihil
3653 2060 3722 2113 di-

2158 2174 2372 2216 versum
2423 2159 2589 2226 patria
2640 2155 3023 2210 consuetudine
3071 2162 3345 2216 sonarent,
3400 2166 3719 2221 nequaquam

2160 2263 2264 2307 tam
2314 2250 2489 2306 subtili
2520 2247 2865 2302 distinctione
2892 2245 3192 2315 linguarum
3237 2259 3718 2299 commemoraren-

2160 2354 2265 2399 tur.
2322 2342 2473 2397 Unde
2518 2340 2653 2394 mira
2700 2338 2754 2393 in
2805 2337 3062 2407 apostolis
3102 2335 3337 2404 Spiritus
3388 2334 3555 2404 gratia
3610 2349 3725 2387 cun-

2162 2432 2353 2488 tucnda
2378 2440 2478 2495 est,
2511 2444 2629 2499 qua:
2660 2442 2765 2482 non
2795 2427 2964 2482 solum
2997 2440 3089 2480 eos
3114 2425 3475 2479 diversitatem
3500 2424 3722 2477 omnium

2159 2524 2374 2581 edocuit
2422 2522 2738 2591 linguarum,
2794 2530 2982 2572 verum
3038 2502 3209 2569 etiam
3250 2514 3553 2568 distantiam
3606 2524 3722 2579 νην

2130 2616 2452 2685 -prietatum
2512 2616 2566 2665 in
2636 2623 2949 2679 unaquaque
3018 2606 3194 2677 lingua
3249 2605 3400 2675 juxta
3458 2619 3726 2659 numerum

2162 2705 2585 2777 provinciarum,
2636 2715 2756 2773 qua:
2787 2702 2885 2756 hac
2931 2700 3234 2765 utebantur,
3287 2698 3557 2753 ineorum
3614 2694 3729 2750 lecti

2166 2797 2395 2867 loquelis
2424 2794 2660 2866 agnosci.

2233 2893 2301 2948 Et
2344 2894 2551 2946 adventa
2598 2888 2836 2944 Romani.
2875 2888 3090 2942 Rectius
3149 2886 3437 2943 haberetur
3465 2886 3518 2941 in
3546 2886 3724 2941 Graeco

2162 2983 2233 3039 Et
2261 2983 2635 3054 peregrinantes
2667 2980 2907 3047 Romani,
2952 2978 3002 3034 id
3031 2988 3133 3046 est,
3157 2976 3327 3033 Judaei
3356 2980 3445 3047 qui
3502 2978 3729 3046 peregri-

2165 3088 2289 3129 nam
2317 3072 2498 3127 Romte
2524 3073 2685 3126 vitam
2716 3070 2960 3139 agebant,
3016 3068 3149 3123 sicut
3176 3069 3263 3123 alii
3291 3067 3434 3133 alibi,
3457 3068 3524 3122 de
3555 3069 3730 3139 quibus

2166 3183 2325 3238 supra
2351 3166 2546 3221 dictum
2573 3172 2671 3219 est.
2699 3162 2829 3218 Nam
2862 3160 2999 3229 quod
3027 3160 3246 3215 advena:
3287 3159 3357 3213 ibi
3387 3159 3604 3217 fuerint.
3652 3160 3729 3228 qui

2168 3258 2354 3314 Graece
2382 3256 2629 3310 dicuntur
2656 3251 2934 3321 proselyti,
2979 3249 3029 3303 id
3070 3258 3172 3314 est,
3207 3247 3258 3301 hi
3290 3248 3378 3317 qui
3408 3263 3473 3303 es
3500 3250 3732 3319 gentibus

2167 3347 2233 3401 ad
2268 3344 2623 3410 Judaismum,
2656 3341 2845 3396 relicto
2872 3339 3177 3409 gentilitatis
3208 3338 3332 3403 ritu,
3364 3348 3732 3402 convenerant,

2168 3446 2422 3508 sequente
2474 3450 2630 3490 versu
2678 3434 3070 3500 manifestatur,
3126 3446 3248 3488 cum
3297 3431 3489 3487 dicitur
3522 3448 3536 3485 :
3569 3431 3732 3485 Iudici

2168 3546 2366 3602 quoque
2395 3537 2440 3581 et
2470 3525 2729 3597 proselyti.

2246 3619 2584 3688 Sanguinem,
2614 3626 2659 3669 et
2704 3615 2891 3685 ignem,
2920 3624 2966 3667 et
2991 3629 3226 3682 vaporem
3255 3612 3397 3681 [umi.
3436 3612 3511 3665 De
3545 3612 3665 3681 igne
3692 3620 3733 3662 vt

2171 3705 2319 3760 fumo
2375 3706 2428 3758 in
2494 3702 2809 3770 praecedenti
2864 3700 2997 3754 libro
3051 3701 3251 3755 dictum
3273 3711 3353 3754 est
3386 3717 3397 3751 :
3432 3700 3734 3769 sanguinem

2173 3804 2351 3849 autem
2384 3807 2488 3848 non
2533 3792 2703 3845 solum
2760 3790 3011 3845 dominici
3045 3790 3302 3856 vulneris,
3332 3789 3425 3844 sed
3457 3791 3618 3844 etiam
3646 3791 3734 3842 do-

2180 3887 2365 3943 miuici
2391 3883 2601 3941 sudoris
2631 3883 2783 3949 dicit,
2835 3882 3067 3953 quando,
3096 3891 3284 3937 orante
3312 3881 3402 3936 illo
3433 3892 3555 3936 ante
3584 3881 3735 3935 tradi-

2178 3981 2401 4045 tionem,
2432 3978 2599 4033 factus
2631 3987 2713 4031 est
2741 3977 2902 4030 sudor
2946 3974 3060 4043 ejus
3089 3974 3227 4028 sicut
3256 3983 3417 4044 gutta:
3447 3973 3733 4043 sanguinis,

2176 4071 2508 4128 decurrentis
2538 4070 2588 4124 in
2617 4079 2832 4122 terram.
2883 4066 3032 4133 Quod
3062 4065 3184 4121 ideo
3235 4068 3372 4120 inter
3404 4067 3553 4135 signa
3612 4065 3735 4120 divi.

2178 4164 2317 4218 nitus
2343 4171 2494 4232 gesta
2539 4169 2869 4221 numeratur,
2898 4158 3019 4226 quia
3052 4156 3103 4211 in
3131 4157 3517 4212 consuetudine
3546 4168 3737 4211 natura:

2176 4267 2510 4324 nequaquam
2551 4251 2774 4305 inveniri
2824 4250 3073 4317 probatur
3104 4250 3367 4307 humanm.
3399 4248 3619 4319 Signum
3664 4257 3740 4303 est

2181 4362 2331 4418 ergo,
2395 4347 2515 4416 quia
2547 4343 2877 4414 significabat
2924 4342 3227 4397 universum
3260 4343 3441 4398 orbem
3492 4342 3738 4411 sanguine

516 4459 619 4500 non
660 4443 763 4497 hoc
809 4456 875 4496 ex
911 4442 1127 4510 proprio
1185 4455 1342 4494 sensu
1394 4441 1605 4509 protuli,
1655 4440 1746 4494 sed
1790 4457 1855 4494 ex
1902 4440 2156 4534 verbisD
2182 4440 2391 4495 Domini
2421 4452 2539 4493 esse
2567 4434 2906 4499 abluendum,
2960 4444 3015 4487 ut
3060 4434 3197 4487 sicut
3251 4433 3535 4501 aliquando
3569 4434 3740 4485 taber-

512 4534 699 4589 'saneti
732 4543 784 4589 et
835 4531 1316 4601 irreprehensibilis
1345 4546 1437 4599 per
1467 4533 1643 4586 omnia
1689 4532 1947 4601 magistri,
1983 4531 2080 4587 hoc

523 4636 624 4687 est,
655 4624 894 4694 Gregorii
916 4622 1229 4677 Nazianzeni
1255 4624 1539 4691 assumpsi.
1555 4624 1619 4678 Et
1644 4624 1854 4692 quidem
1875 4633 2083 4678 constat

521 4714 662 4783 quod
696 4718 877 4783 repleti
910 4713 1106 4783 Spiritu
1137 4722 1320 4767 sancto
1340 4714 1585 4783 apostoli,
1618 4714 1808 4783 littguis
1837 4713 2081 4768 omnibus

519 4808 893 4876 loquebantur,
921 4821 1093 4896 ueqtte
1136 4806 1202 4860 de
1245 4808 1346 4861 hoc
1368 4808 1455 4860 ulli
1484 4808 1724 4861 dubitare
1752 4808 1983 4862 fidelium
2014 4809 2077 4863 li-

518 4909 621 4953 cet.
679 4899 783 4954 Sed
834 4900 1102 4968 quomodo
1159 4900 1499 4968 loquerentur
1553 4901 1740 4955 merito
1788 4902 2078 4970 quaeritur,

523 5001 697 5046 utrum
730 4990 973 5045 videlicet
1022 5005 1198 5045 sermo
1225 4992 1582 5060 apostolorum
1614 5001 1808 5045 tantam
1842 4994 2083 5047 habuerit

522 5082 797 5145 virtutem,
832 5091 887 5136 ut
918 5082 984 5136 ab
1015 5084 1259 5136 onmibus
1287 5084 1375 5151 qui
1404 5083 1637 5139 diversas
1684 5085 1884 5155 linguas
1916 5100 2079 5140 nove-

522 5182 661 5235 rant,
691 5172 901 5227 auditus
926 5174 1202 5241 aequaliter
1223 5175 1389 5242 possit
1418 5174 1658 5243 intelligi,
1700 5190 1764 5227 an
1795 5190 1924 5229 vero
1967 5176 2082 5244 qui-

523 5282 732 5334 cunque
761 5282 942 5321 eorum
972 5268 1316 5336 loquebatur;
1351 5284 1565 5324 necesse
1594 5270 1737 5328 enim
1761 5278 1878 5323 erat
1917 5284 2078 5323 unum

526 5360 584 5414 in
611 5370 871 5414 conventu
906 5371 1062 5415 tanta:
1111 5363 1483 5427 multitudinis,
1514 5360 1804 5416 tacentibus
1853 5361 2079 5425 caeteris,

529 5449 741 5509 interim
772 5465 1070 5506 sermonem
1098 5451 1332 5517 proferre
1363 5452 1765 5519 doctrinae,ipse
1790 5451 1878 5519 qui
1908 5451 2082 5519 loque~

526 5543 684 5599 batur
714 5544 884 5611 primo
930 5542 1185 5606 Hebreis,
1242 5544 1495 5598 llebraiee
1541 5540 1725 5597 fecerit
1756 5555 2077 5605 sermonem,

525 5634 879 5688 nescientibus
915 5636 1119 5689 caeteris
1162 5635 1286 5702 quid
1336 5634 1553 5687 diceret.
1607 5632 1805 5686 Deinde
1862 5628 2077 5692 Graecis,

525 5724 708 5780 Graece
765 5726 1180 5797 ignorantibus,
1234 5733 1290 5780 et
1357 5725 1791 5795 exspectantibus
1847 5723 2077 5780 exteris.

2184 4532 2429 4587 naculum
2460 4531 2574 4583 sive
2632 4526 2890 4595 templum
2940 4524 3196 4593 sanguine
3239 4524 3578 4577 victimarum
3634 4530 3741 4577 erat

2182 4624 2407 4679 Domino
2432 4628 2822 4684 consecratum,
2855 4617 2925 4671 ita
2960 4630 3099 4669 nunc
3129 4629 3221 4685 per
3251 4629 3463 4669 omnem
3493 4614 3740 4667 mundum

2180 4714 2406 4784 populus
2436 4712 2668 4765 ﬁdelium
2703 4708 2778 4763 illi
2826 4708 2879 4762 in
2914 4707 3126 4762 domum
3159 4715 3393 4760 sanctam
3428 4706 3594 4775 ipsius
3621 4720 3740 4758 san-

2183 4807 2340 4875 guine
2389 4802 2744 4867 dedicaretur,
2800 4813 2899 4853 nec
2947 4797 3119 4851 solum
3174 4796 3553 4865 Hierosolymis
3607 4800 3742 4849 esset

2180 4895 2327 4949 locus
2349 4892 2555 4956 orandi,
2584 4905 2767 4945 verum
2796 4890 2849 4943 in
2878 4888 3021 4942 omni
3070 4889 3185 4942 loco
3232 4886 3610 4941 dominationis
3635 4885 3742 4951 ejus

2180 4986 2420 5039 levarent
2448 4982 2603 5037 electi
2647 4994 2835 5036 manus
2878 4994 3002 5033 suas
3043 4993 3136 5047 per
3164 4981 3431 5033 orationes
3457 4992 3626 5041 puras
3682 4974 3740 5028 ad

2182 5076 2480 5128 Dominum.

2253 5167 2344 5221 Sel
2372 5173 2685 5219 convertetur
2704 5166 2759 5217 in
2792 5160 3043 5215 tenebras.
3086 5157 3446 5212 Tenebrarum
3471 5170 3669 5209 nomen
3696 5155 3742 5206 ia

2180 5257 2367 5311 Graeco
2418 5253 2669 5323 singulari
2724 5264 2945 5306 numero
3000 5248 3209 5319 legitur,
3266 5246 3318 5300 id
3383 5255 3486 5309 est,
3544 5246 3741 5309 enicer,

2184 5345 2322 5414 quod
2348 5345 2572 5399 Latinus
2600 5345 2884 5409 interpres,
2929 5338 3049 5407 quia
3092 5334 3343 5404 singulari
3374 5349 3599 5389 numero
3629 5346 3744 5402 pro~

2182 5440 2321 5495 ferre
2354 5437 2623 5505 nequibat,
2651 5432 2951 5489 necessario
2976 5428 3254 5501 pluraliter
3280 5428 3523 5483 tenebras
3552 5425 3742 5495 posuit.

2182 5535 2292 5587 Hoc
2315 5543 2493 5585 autem
2546 5530 2666 5583 ideo
2694 5523 3220 5581 commemorandum
3272 5522 3469 5592 putavi,
3499 5528 3565 5574 ut
3591 5517 3745 5574 sciret

2184 5624 2355 5677 omnis
2400 5624 2700 5690 quicunque
2731 5618 2843 5671 brae
2888 5616 2957 5671 de
2995 5622 3154 5685 gente
3182 5613 3470 5682 Anglorum
3520 5609 3741 5678 legeret.

2182 5734 2286 5775 non
2316 5716 2414 5773 sibi
2442 5730 2561 5772 esse
2590 5726 2807 5769 necesse
2854 5720 3064 5781 propter
3092 5706 3292 5764 Latina
3338 5704 3533 5774 lingua:
3565 5710 3742 5757 αιτιοι
