3860 6230
166 370 302 425 1001

159 576 339 640 ferre;
388 578 481 631 sed
531 580 703 646 potius
733 582 1094 649 singulariter,
1158 596 1277 635 curn
1325 592 1378 635 et
1429 583 1527 635 hoc
1575 596 1726 647 atque

161 668 334 733 possit
362 678 579 736 propter
620 669 857 725 Gracsm
901 673 1145 727 nimirum
1175 676 1558 736 auctoritatem,
1589 673 1727 726 unde

164 760 220 810 in
256 759 494 813 Latinam
521 764 837 830 scripturam
872 764 1122 839 translata
1154 777 1254 817 est.

241 848 395 902 Hunc
421 851 625 917 deﬁnito
666 854 878 906 consilio
904 862 952 908 et
977 856 1286 922 prtucisntia
1342 856 1450 917 Dei,
1485 854 1731 907 traditum

166 955 260 1001 per
316 956 493 994 manus
563 944 851 1009 iniquorum
915 944 1187 1013 ojﬁigeu‘es
1258 945 1598 997 interemistis.
1677 944 1729 996 In

164 1027 360 1083 Greco
389 1032 543 1083 habet
595 1047 699 1085 uno
723 1034 883 1086 verbo
911 1035 1049 1101 plus,
1105 1035 1243 1099 quod
1293 1044 1467 1086 tamen
1511 1032 1730 1085 multum

166 1117 235 1170 ad
266 1131 480 1171 oausam
506 1124 772 1187 pertinet:
797 1120 865 1174 Et
894 1124 1207 1192 prcscieutio
1239 1120 1332 1175 Dei
1361 1124 1604 1174 tradition
1642 1138 1729 1175 ac-

166 1205 433 1271 cipientes.
479 1208 725 1263 Traditus
768 1226 993 1277 namque
1045 1222 1127 1265 est
1175 1227 1202 1264 a
1256 1214 1480 1277 praeside
1538 1214 1589 1265 in
1644 1227 1736 1279 po.

170 1304 420 1350 testatem
450 1314 636 1354 eorum
661 1300 747 1353 illa
795 1303 1117 1367 conditione,
1154 1312 1211 1357 ut
1265 1306 1381 1358 sive
1435 1306 1574 1359 hunc
1624 1305 1737 1361 sive

170 1386 433 1442 latronem
475 1392 759 1458 eligerent;
809 1404 863 1447 et
911 1393 1019 1457 illi,
1074 1409 1287 1461 accepta
1339 1396 1435 1450 hac
1482 1398 1734 1462 ontiune,

167 1475 509 1529 donaverunt
563 1476 750 1529 latroni
796 1478 973 1543 vitam,
1018 1479 1196 1533 Jesum
1235 1496 1361 1535 vero
1416 1495 1508 1549 per
1556 1494 1740 1533 manus

170 1563 402 1617 militum
457 1565 568 1619 suis
597 1577 771 1621 tamen
811 1568 1133 1624 clamoribus
1160 1584 1222 1623 ac
1261 1572 1506 1639 precibus
1548 1571 1742 1625 intere-

167 1664 414 1709 merum.

251 1744 412 1807 Querar
450 1744 585 1799 Deus
612 1747 867 1801 suscitavit
898 1748 1078 1803 solutis
1107 1749 1387 1810 doloribus.
1410 1751 1565 1819 juxta
1605 1750 1742 1818 quod

872 371 1106 429 "LIBER
1149 373 1753 431 RETRACTATIONIS
1793 373 1857 428 IN
1898 372 2119 430 ACTUS
2160 375 2653 433 APOSTOLOBUM

157 488 401 549 ritatcm,
430 486 678 542 tenebras
725 487 951 543 insuam
996 489 1253 559 loquelam
1288 488 1568 557 pluraliter
1605 502 1724 556 pro—
1755 488 1802 546 Α
1828 486 2037 555 quidem
2091 486 2399 542 imminente
2442 489 2685 555 passione
2728 486 2935 542 dicebat
2989 508 3000 540 ε

3246 374 3408 434 ίῦθί

3058 488 3190 554 Quid
3228 491 3388 545 tristis

1828 588 1899 630 est
1927 578 2096 631 animo
2124 594 2236 631 utea
2264 594 2414 646 usque
2453 579 2520 631 od
2563 589 2793 645 mortem,
2845 582 3087 649 capitque
3132 596 3312 651 pauere
3336 595 3385 636 et

1829 668 2008 721 aedere
2035 666 2225 737 (Marc.
2274 668 2405 737 xtv).
2438 667 2541 722 Sed
2572 669 3006 735 contristabatur,
3036 680 3093 723 ut
3117 685 3298 727 verum
3327 686 3411 728 sea

1831 772 1951 811 esse
2001 758 2269 813 hominem
2320 758 2371 811 in
2420 760 2591 811 anima
2634 770 2687 812 et
2727 774 2967 827 corpore,
3022 774 3084 815 ac
3132 762 3394 819 veraciter

1835 847 2133 911 passibilem
2170 848 2589 912 demonstraret;
2635 849 2917 904 exsultavit
2951 865 3075 905 vero
3116 854 3288 907 anima
3335 862 3392 905 et

1836 935 2041 1004 lingua,
2075 937 2202 1005 quia
2248 939 2492 1006 passione
2517 952 2611 992 sua
2642 939 2950 993 salvandum
2996 956 3116 997 esse
3166 955 3391 998 noverat

1833 1037 2001 1090 genus
2042 1024 2348 1079 humanum.

1909 1110 2123 1183 Insuper
2168 1124 2217 1166 et
2242 1130 2359 1166 caro
2389 1115 2660 1182 requiescet
2712 1118 2766 1170 in
2814 1134 2923 1187 spe.
2955 1119 3227 1176 Gaudebat
3269 1122 3389 1193 qui-

1838 1202 1989 1269 dem,
2016 1202 2155 1272 quod
2183 1202 2251 1257 ab
2278 1204 2505 1259 inimicis
2528 1207 2723 1261 moveri
2746 1222 2807 1260 ac
2832 1210 3065 1276 superari
3102 1210 3391 1277 nequibat;

1846 1292 1938 1346 sed
1970 1308 2090 1347 eum
2135 1308 2299 1362 super
2339 1291 2439 1349 hoc
2466 1297 2715 1363 gaudium
2763 1298 2935 1354 adhuc
2964 1300 3063 1355 sibi
3110 1301 3237 1357 dicit
3282 1318 3399 1356 cre-

1842 1383 1979 1436 visse
2010 1382 2269 1446 laetitiam,
2297 1383 2434 1453 quod
2484 1386 2537 1439 in
2584 1400 2741 1441 carne
2780 1402 2893 1452 sua,
2926 1390 3078 1458 cujus
3107 1405 3202 1445 nos
3231 1400 3405 1449 morte

1844 1460 2089 1535 saivavit,
2144 1476 2448 1543 exemplum
2523 1490 2734 1545 quoque
2796 1480 3200 1536 resurrectionis
3262 1489 3403 1537 esset

1848 1564 2069 1631 pratbitu
2078 1579 2185 1618 rus.

1920 1652 2173 1717 Quoniam
2203 1666 2303 1706 non
2332 1653 2641 1721 derelinqurs
2670 1655 2892 1709 animam
2920 1665 3080 1710 meatu
3105 1659 3156 1712 in
3183 1660 3399 1725 iulsrtso,

1846 1757 1936 1795 nec
1963 1742 2105 1794 doliis
2131 1751 2361 1793 sanctum
2391 1754 2527 1795 tuum
2550 1744 2718 1795 videre
2760 1748 3150 1815 corruptionem.
3183 1748 3407 1803 Constat

167 1834 486 1898 impossibile
529 1846 635 1888 erat
686 1838 844 1891 mini
892 1838 1040 1891 illum
1079 1840 1143 1891 at
1184 1855 1264 1893 eo.
1300 1818 1513 1894 Videiur
1557 1854 1745 1895 sensus
1778 1818 1819 1875 Β
1847 1831 2060 1899 quidem
2100 1832 2325 1884 ιηίιηηιιι
2359 1829 2562 1885 Domini
2611 1847 2714 1885 ιιοιι
2752 1846 2871 1888 om
2908 1835 3215 1890 derelictam
3262 1837 3400 1904 ιριιά

170 1939 300 1977 esse
331 1926 488 1992 hujus
537 1929 841 1990 sententi-st,
891 1932 1011 1995 quia
1055 1931 1215 1984 soluti
1246 1940 1389 1994 sunt,
1416 1931 1637 1984 Domino
1682 1931 1745 1983 ad

172 2014 384 2068 inferos
411 2016 789 2081 descendente,
821 2016 1032 2072 dolores
1072 2032 1372 2086 prunarum,
1416 2021 1464 2072 id
1493 2029 1595 2081 est,
1626 2028 1753 2072 tan-

172 2116 309 2168 gere
360 2104 507 2156 illum
560 2106 778 2160 minime
829 2108 1117 2160 valuerunt.
1179 2107 1368 2162 Verum
1416 2109 1461 2163 si
1511 2107 1750 2163 Graecam

180 2194 577 2259 inspexerimus
601 2196 996 2261 auctoritatem,
1041 2198 1125 2251 ubi
1159 2199 1416 2265 scriptum
1441 2210 1521 2253 est
1548 2216 1559 2252 :
1590 2200 1750 2265 Quem

176 2282 323 2337 Deus
355 2286 612 2338 suscitavit
655 2289 801 2340 tertia
830 2290 931 2349 die,
962 2292 1159 2342 solvens
1206 2306 1294 2356 per
1334 2291 1501 2359 ipsum
1550 2291 1753 2344 dolores

174 2377 385 2435 mortis,
420 2376 573 2441 juxta
609 2378 745 2443 quod
777 2394 877 2430 non
901 2388 1009 2431 erat
1053 2379 1292 2446 possibile
1321 2383 1474 2432 teneri
1504 2381 1645 2432 illum
1690 2380 1753 2431 ab

174 2479 259 2525 eo,
308 2473 455 2528 patet
508 2466 744 2533 proiecto
784 2468 905 2535 quin
938 2469 1144 2522 solutos
1193 2484 1285 2535 per
1314 2469 1595 2524 Dominum
1625 2470 1755 2525 dicit

174 2554 398 2606 dolores
429 2554 643 2619 inferni,
674 2558 787 2609 sive
816 2557 1024 2621 mortis,
1074 2558 1172 2612 hoc
1219 2568 1322 2618 est.
1377 2559 1470 2626 per
1524 2563 1754 2614 descen-

175 2657 301 2693 sum
354 2642 470 2711 ejus
520 2644 583 2696 ad
632 2645 827 2697 inferos
884 2646 1133 2701 liberatos
1182 2664 1207 2701 a
1261 2650 1391 2703 locis
1463 2649 1753 2704 inferorum

176 2746 421 2801 sanctos,
456 2737 564 2804 qui,
606 2740 848 2806 quamvis
890 2742 941 2792 in
982 2742 1098 2794 sinu
1144 2742 1392 2809 Abrabm,
1456 2743 1507 2797 id
1547 2752 1649 2807 est,
1703 2746 1752 2797 in

176 2831 552 2883 ronsolatione
582 2841 799 2884 secreta:
828 2833 1021 2899 quietis
1064 2834 1399 2898 tenebantur,
1444 2848 1510 2887 eo
1537 2834 1651 2902 ipso
1678 2842 1757 2888 ta-

177 2934 306 2972 men
364 2936 391 2971 a
450 2922 631 2975 dolore
686 2924 872 2976 monis
926 2923 1038 2976 sive
1093 2924 1285 2978 interni
1346 2939 1449 2977 non
1499 2932 1651 2979 erant
1702 2926 1754 2979 itt

179 3018 356 3063 totum
392 3011 567 3065 liberi.
601 3012 717 3076 Quo
747 3013 973 3067 necdum
1003 3029 1229 3082 superna
1276 3016 1325 3068 in
1382 3016 1533 3070 ctelis
1560 3016 1753 3085 gaudia

183 3099 375 3153 videre
430 3109 485 3156 et
534 3102 734 3155 intrare
791 3114 1119 3167 meruerunt,
1185 3104 1354 3159 donec
1413 3106 1561 3161 fieret
1612 3106 1752 3174 quod

183 3189 390 3244 dictum
421 3202 507 3245 est
547 3207 641 3259 per
671 3192 979 3261 prophetam
1031 3192 1071 3245 Ι)
1095 3194 1255 3247 ιιιιὶηο
1291 3213 1301 3247 :
1336 3193 1411 3247 Tu
1456 3211 1651 3263 quoque
1700 3197 1754 3249 iu

182 3280 439 3351 sanguine
484 3282 768 3334 testamenti
813 3282 1035 3335 (duxisti
1078 3283 1267 3335 vinctos
1298 3294 1408 3336 tuos
1437 3287 1501 3335 de
1552 3284 1667 3336 lacu
1706 3284 1759 3337 iu

185 3389 294 3440 qua
326 3388 425 3424 non
450 3382 522 3425 est
547 3388 678 3439 aqua
700 3371 883 3440 (Zach.
913 3374 1011 3440 Ix).
1040 3373 1095 3427 Si
1128 3374 1265 3427 enim
1292 3374 1342 3427 in
1377 3374 1489 3426 lacn
1523 3374 1757 3427 locorum

187 3458 535 3514 infernalium
580 3460 731 3514 liberi
788 3476 1005 3529 prorsus
1056 3478 1084 3514 a
1143 3463 1325 3515 dolore
1377 3462 1561 3516 mortis
1607 3471 1759 3516 erant

188 3550 388 3615 sancti,
431 3564 596 3617 quare
645 3550 772 3603 dicit
803 3564 895 3604 eos
924 3553 1148 3612 vinctos,
1197 3552 1367 3605 donec
1412 3553 1759 3605 educerentur

190 3640 249 3692 iu
278 3639 537 3707 sanguine
582 3640 821 3694 Christi?
871 3641 1033 3694 Solvit
1077 3657 1198 3710 ergo
1243 3658 1331 3708 per
1378 3642 1521 3693 illum
1562 3642 1762 3694 dolores

188 3729 395 3791 mortis,
410 3732 567 3799 juxta
605 3730 739 3793 quod
768 3730 1079 3794 impossibile
1107 3741 1217 3782 erat
1241 3732 1395 3781 teneri
1426 3731 1569 3783 illum
1597 3731 1657 3783 ab
1680 3747 1756 3783 eo.

191 3817 328 3869 Nam
364 3817 501 3869 sicut
543 3816 795 3872 immunis
825 3825 937 3870 erat
972 3818 1082 3884 ipse
1110 3833 1137 3869 a
1165 3825 1427 3883 potestate
1458 3820 1661 3878 mortis.
1692 3820 1760 3871 ita

189 3916 315 3961 erat
386 3916 573 3975 potens
630 3906 791 3959 etiam
850 3920 1192 3976 quoscuuqize
1245 3907 1401 3960 vellet
1451 3922 1478 3958 a
1528 3907 1763 3962 dominio

190 3998 391 4050 mortis
417 4010 626 4049 eruere.

274 4086 439 4139 Dauid
469 4088 604 4139 enim
632 4086 753 4140 dicit
783 4087 835 4138 in
862 4101 994 4145 eum,
1024 4087 1077 4139 id
1106 4096 1201 4150 est,
1233 4087 1283 4139 in
1314 4103 1579 4155 personam
1611 4087 1764 4155 ejus:

198 4178 542 4232 Prosidelmnt
576 4176 850 4229 Dominum
881 4193 1050 4229 corant
1097 4192 1176 4229 me
1215 4194 1429 4244 semper,
1468 4181 1705 4245 quoniam
1736 4196 1765 4231 η

195 4268 393 4321 dextris
419 4276 495 4320 est
522 4267 671 4331 mihi,
706 4282 769 4317 ne
792 4282 1125 4319 commoveor.
1161 4266 1485 4333 Exponenda
1506 4266 1766 4321 Medistur

203 4360 299 4413 Dei
343 4370 396 4413 et
448 4359 722 4412 hominum
773 4358 896 4425 quid
948 4359 1061 4423 ipse
1090 4358 1291 4417 iecerit,
1346 4359 1437 4411 dat
1481 4361 1632 4413 nobis
1678 4362 1765 4429 qui

1849 1919 2069 1984 inferos,
2097 1935 2237 1987 qua,
2269 1918 2458 1972 ablatis
2496 1920 2575 1972 eis
2607 1930 2817 1988 propter
2846 1938 2981 1990 quos
3017 1925 3086 1977 ibi
3114 1926 3405 1981 descende-

1851 2020 1955 2075 rat,
2010 2025 2131 2065 mox
2180 2010 2244 2063 ad
2283 2023 2511 2077 superna
2550 2010 2737 2074 rediit;
2787 2022 2996 2067 constat
3049 2030 3146 2069 nec
3192 2031 3405 2071 carnem

1851 2099 1967 2167 ejus
1989 2113 2111 2153 esse
2140 2110 2464 2167 corruptam,
2504 2112 2624 2166 quas
2671 2102 2775 2154 cita
2807 2106 3197 2161 resurrectione
3240 2106 3409 2177 glori-

1851 2192 2004 2246 llcata
2028 2202 2128 2247 est.

1924 2282 2029 2337 Sed
2080 2284 2425 2349 qumrendnm
2478 2286 2745 2356 quomodo
2793 2287 2903 2353 ipse
2954 2285 3007 2339 in
3054 2288 3155 2340 alio
3210 2288 3414 2355 psalmo

1854 2372 2217 2441 improperans
2245 2376 2697 2440 imptenitentibus
2725 2382 2781 2431 et
2811 2377 3230 2437 contumacibus.
3267 2379 3412 2432 labo-

1856 2476 1969 2515 rem
2008 2475 2117 2516 sua:
2152 2464 2415 2531 passionis
2455 2466 2596 2519 dicat
2627 2480 2645 2516 :
2683 2466 2810 2533 Qua:
2858 2467 3049 2519 utilitas
3083 2469 3135 2519 iu
3171 2466 3417 2536 sanguine

1856 2565 1983 2613 meo,
2034 2551 2155 2603 dum
2209 2552 2457 2605 descendo
2484 2553 2535 2605 iu
2572 2554 2947 2620 corruptionem
2996 2553 3168 2622 (Psul.
3222 2555 3419 2622 xxix)!

1854 2638 2005 2703 Quod
2038 2638 2107 2689 ita
2138 2640 2385 2703 solvitur,
2416 2642 2537 2706 quia
2587 2640 2657 2693 ibi
2716 2656 2775 2694 se
2822 2641 2947 2695 dicit
2994 2641 3314 2696 descendere
3362 2645 3416 2697 itt

1857 2727 2273 2793 corruptionem,
2306 2740 2426 2780 cum
2476 2742 2673 2797 corpus
2699 2728 2815 2797 ejus
2866 2729 3189 2799 al‘iigentium
3244 2733 3419 2786 clavo—

1858 2830 1975 2867 rum
2012 2824 2066 2868 et
2095 2816 2291 2871 lant-ea
2335 2815 2623 2883 irruptione
2673 2827 2998 2886 penetratur,
3029 2820 3149 2889 quia
3195 2830 3251 2877 et
3306 2823 3417 2891 ipsa

1863 2902 2023 2955 solidi
2053 2905 2289 2972 corporis
2332 2906 2771 2962 transverberatio
2822 2924 2924 2962 non
2974 2910 3240 2966 immerito
3275 2928 3421 2980 qua.

1860 2991 1977 3047 dam
2009 2996 2258 3062 probatur
2296 2996 2433 3051 dicta
2468 3000 2759 3067 corruptio.
2793 3000 2885 3055 llic
2916 3009 3089 3056 autem
3118 3003 3418 3073 corruptio-

1861 3101 2003 3151 nem,
2035 3087 2081 3141 id
2131 3098 2233 3151 est,
2289 3072 2725 3156 putrefactionem
2752 3090 2892 3160 juste
2916 3102 3071 3161 negat
3120 3094 3253 3159 ﬁeri,
3286 3072 3420 3163 qua

1859 3180 2176 3247 generaliter
2196 3194 2412 3233 carnem
2435 3190 2605 3235 vastat
2637 3181 2944 3247 humanam,
2970 3187 3061 3239 sed
3085 3196 3424 3242 sacrosancto

1860 3267 1975 3335 ejus
2005 3269 2217 3335 corpori
2243 3268 2544 3325 nullatenus
2576 3271 2739 3326 valuit
2771 3276 3068 3340 provenire.

1931 3354 2096 3409 Notas
2120 3356 2239 3408 milii
2264 3358 2426 3425 fecisti
2466 3359 2570 3413 vias
2598 3362 2726 3424 sitat,
2779 3364 2989 3430 replebis
3014 3380 3089 3417 me
3103 3364 3425 3433 jucundituts

1858 3464 1972 3501 cum
2017 3449 2147 3517 facie
2190 3459 2298 3501 tua.
2352 3450 2472 3505 llmc
2522 3466 2625 3505 non
2674 3454 2847 3506 solum
2899 3454 2965 3508 de
3020 3454 3241 3511 Domino
3280 3469 3427 3512 recte

1860 3534 2245 3603 intelliguntur,
2305 3540 2393 3607 qui
2442 3556 2546 3593 non
2600 3540 2703 3593 alio
2759 3544 2893 3597 duce
2945 3544 3010 3596 ad
3068 3547 3421 3611 supetandum

1864 3630 2051 3680 mortis
2078 3626 2537 3697 regnum'egebat,
2583 3632 2695 3692 sed,
2744 3645 2955 3701 accepta
2986 3636 3151 3689 semel
3199 3637 3425 3705 plenitu-

1863 3715 1985 3769 dine
2010 3717 2199 3770 divinte
2261 3718 2470 3772 virtutis
2524 3729 2577 3771 et
2614 3721 2908 3789 sapientiae,
2960 3738 3050 3789 per
3098 3738 3155 3777 se
3200 3735 3423 3781 mortem

1864 3807 2154 3868 destruere,
2186 3808 2251 3860 ad
2279 3810 2433 3861 vitam
2467 3824 2767 3878 resurgere,
2827 3824 2987 3881 atque
3035 3814 3097 3867 ad
3147 3814 3423 3871 d-.-xteraut

1867 3899 2037 3955 Patris
2086 3902 2372 3957 ascendere
2400 3904 2641 3971 valebat,
2700 3920 2881 3960 verum
2923 3909 3080 3962 etiam
3132 3907 3199 3963 de
3240 3910 3426 3965 electis

1867 3991 2002 4059 ejus,
2032 3994 2139 4060 qui,
2167 3992 2280 4059 ipso
2303 3994 2555 4060 donante,
2579 3995 2711 4047 viam
2742 3996 2975 4050 veritatis
3007 4000 3298 4063 inveniunt,
3328 4015 3425 4069 per

1869 4100 2022 4149 quam
2070 4085 2134 4135 ad
2193 4084 2350 4138 vitam
2382 4101 2537 4153 quam
2590 4086 2639 4139 in
2674 4090 2995 4156 protoplasto
3026 4093 3299 4159 perdidere
3343 4112 3429 4149 re-

1871 4173 2052 4237 deant,
2083 4174 2171 4241 qui
2212 4184 2264 4229 et
2295 4176 2392 4241 ipsi
2425 4178 2765 4242 replebuntnr
2785 4179 3112 4249 jucunditate
3142 4199 3260 4237 cum
3294 4184 3429 4243 luris

1874 4262 1963 4315 Dei
2000 4262 2201 4325 Patris;
2234 4266 2349 4331 quia
2386 4265 2498 4319 huc
2537 4276 2617 4320 est
2646 4265 2872 4330 perlecta
2907 4282 3082 4325 nostra
3132 4273 3423 4338 beatitudo.

1871 4367 1989 4405 cum
2048 4353 2214 4419 ipsum
2274 4357 2618 4409 meruerimus
2671 4358 2804 4413 facie
2855 4361 2918 4412 ad
2980 4350 3164 4416 faciem
3222 4365 3429 4431 videre,

198 4454 320 4520 puri
348 4451 596 4503 homines
622 4464 831 4512 smnus,
858 4448 1132 4500 cniniiiutn
1156 4464 1259 4515 quo
1284 4460 1494 4513 peccata
1524 4452 1762 4502 νῑιεηιης,
1798 4481 1847 4541 D
1874 4445 2009 4496 sicut
2046 4444 2246 4510 optime
2275 4445 2533 4500 intelletit
2577 4447 2848 4515 Philippus
2888 4466 3006 4504 cum
3040 4453 3111 4505 ait
3142 4470 3157 4507 :
3193 4454 3422 4513 Domine.

201 4540 335 4593 Nam
368 4540 453 4606 qui
486 4538 715 4589 aucturis
742 4536 821 4587 sui
853 4540 1184 4601 praesentiam
1226 4538 1418 4603 jugiter
1442 4539 1596 4590 uculn
1624 4554 1767 4591 nien-

202 4630 273 4680 tis
305 4630 554 4685 intuetur,
610 4625 909 4678 nullatenus
953 4627 1088 4677 hunc
1136 4626 1198 4677 ad
1247 4626 1432 4679 delicta
1487 4629 1767 4680 convertit.

206 4718 345 4770 Dicit
372 4716 529 4770 etiam
562 4729 776 4767 causam
805 4730 905 4780 qua
962 4726 1132 4767 motus
1168 4726 1398 4770 nonest.
1438 4718 1657 4770 Domino
1700 4718 1769 4771 si-

202 4806 421 4872 quidem
449 4821 477 4857 a
505 4803 702 4856 dextris
743 4802 1054 4868 opitulante,
1086 4803 1293 4855 sini~tra
1320 4820 1421 4857 non
1447 4807 1730 4873 pra-valent
1754 4826 1767 4872 ;

205 4896 301 4947 sed
333 4893 545 4946 animus
597 4907 753 4959 quem
788 4891 873 4942 ille
903 4892 1129 4944 custodit
1159 4894 1207 4944 in
1239 4908 1301 4945 eo
1357 4894 1556 4947 tirtnius
1588 4910 1768 4961 perse-

204 4994 376 5035 verat.
407 4984 654 5050 Congrue
681 4996 857 5033 autem
889 4980 989 5033 sibi
1022 4981 1298 5034 Dominum
1340 5000 1366 5036 a
1400 4985 1599 5037 dextris
1651 5001 1771 5041 esse

205 5072 435 5135 dieebat,
476 5072 596 5136 quia
650 5071 691 5122 si
724 5085 827 5121 non
859 5069 945 5122 ille
976 5069 1113 5123 hanc
1165 5083 1362 5137 partem
1393 5076 1639 5137 tenuerit,
1666 5086 1771 5126 sta-

210 5162 304 5211 tim
338 5174 451 5210 eam
504 5160 764 5213 insidians
792 5159 1029 5210 diabolus
1056 5162 1355 5227 occupabit.
1390 5163 1526 5214 sicut
1548 5166 1613 5217 de
1639 5166 1768 5219 .luda

206 5258 461 5317 scriptum
493 5262 574 5305 est
608 5271 618 5302 :
654 5250 718 5306 Et
749 5250 976 5302 diabolus
1006 5260 1098 5304 stet
1129 5268 1158 5303 a
1191 5254 1380 5305 dextris
1432 5259 1541 5322 ejus
1596 5254 1766 5324 (Psal.

208 5346 381 5413 cvm).

288 5434 502 5501 Propter
532 5435 625 5487 hoc
655 5436 956 5487 delectatum
985 5446 1056 5488 est
1077 5452 1163 5489 cor
1192 5454 1375 5501 meum,
1411 5447 1454 5491 ct
1504 5443 1771 5493 exsultavit

214 5524 389 5591 lingua
413 5540 541 5576 mea.
586 5523 807 5589 Propter
837 5526 958 5591 hoc,
989 5528 1127 5593 quod
1157 5528 1245 5581 ille
1276 5531 1475 5582 scilicet
1516 5548 1540 5581 a
1575 5531 1774 5585 rlvxtris

214 5614 405 5673 astitit,
434 5622 488 5666 et
519 5616 569 5665 in
601 5615 1005 5682 cogitationibus
1032 5618 1138 5669 suis
1159 5618 1541 5683 jucundttatem
1595 5630 1645 5672 ct
1675 5638 1772 5675 ex-

214 5706 548 5759 sultationem
580 5706 633 5758 in
663 5706 830 5775 lingua
863 5710 1104 5763 obortam
1146 5709 1246 5763 sibi
1281 5724 1398 5765 esse
1430 5722 1667 5766 testatur.
1710 5715 1773 5768 Et

500 5819 762 5881 Ρηιιοι..
810 5821 990 5882 XCII.

1876 4533 2079 4585 ostende
2122 4532 2261 4585 nobis
2291 4532 2497 4587 Patrem
2539 4544 2585 4587 et
2614 4538 2803 4603 sufﬁcit
2829 4536 3009 4604 (Joan.
3062 4540 3193 4608 xtv).
3224 4544 3429 4597 Sufficit

1875 4624 2016 4675 enim
2061 4623 2145 4675 illa
2174 4622 2477 4689 iucunditas
2528 4624 2713 4679 faciem
2762 4626 2965 4681 Domini
3017 4630 3210 4694 videre,
3256 4648 3429 4703 neque

1874 4710 2014 4764 aliud
2053 4712 2277 4777 ainpiius
2310 4714 2613 4782 requiritur,
2646 4716 2767 4783 quia
2795 4731 2891 4769 nec
2919 4718 3017 4770 erit
3046 4718 3167 4785 quid
3199 4723 3426 4788 amplius

1875 4802 2193 4870 requiratur,
2257 4818 2375 4858 cum
2433 4807 2579 4859 visus
2645 4808 2799 4861 luerit
2865 4812 2950 4863 ille
3002 4814 3089 4879 qui
3141 4826 3221 4868 est
3270 4830 3432 4885 super

1874 4895 2071 4945 omnia.
2117 4894 2179 4947 Et
2207 4893 2321 4947 bznc
2362 4904 2490 4949 sunt
2514 4912 2630 4963 qua?
2660 4902 2707 4951 lu
2741 4901 2939 4966 psalmo
2965 4916 3252 4970 sequuntur
3284 4925 3293 4959 :
3332 4907 3436 4959 De-

1874 4988 2157 5040 lectationes
2181 4990 2231 5041 in
2256 4990 2459 5043 dextera
2484 5000 2567 5042 tua
2593 5008 2748 5060 usque
2777 4994 2825 5045 in
2853 4995 3004 5059 ﬁnem
3027 4995 3196 5062 (Ptol.
3223 5001 3336 5064 xv).

1953 5079 2204 5147 l’mpheta
2224 5082 2376 5149 igitur
2404 5099 2517 5134 cum
2546 5095 2697 5145 esset,
2720 5095 2768 5137 ct
2788 5090 2931 5139 sciret
2954 5090 3069 5153 quia
3084 5090 3424 5156 jurejurando

1865 5172 2086 5237 jurasset
2122 5171 2198 5222 illi
2233 5170 2365 5224 Deus
2412 5176 2473 5225 de
2510 5178 2676 5239 {ructu
2721 5176 2875 5227 lumbi
2927 5180 3035 5247 ejus
3076 5181 3243 5230 sedere
3281 5196 3431 5243 super

1872 5264 2038 5314 sedem
2092 5265 2222 5331 ejus,
2277 5264 2536 5327 prouidens
2595 5265 2787 5317 locutus
2837 5276 2907 5318 est
2953 5269 3013 5318 de
3069 5273 3431 5321 resurrectione

1875 5354 2075 5414 (.Itristl,
2108 5362 2208 5405 etc.
2236 5350 2289 5404 In
2312 5352 2492 5405 Graeco
2520 5353 2742 5407 habetur
2772 5356 2883 5421 plus
2917 5373 2927 5408 :
2963 5358 3035 5407 De
3060 5362 3224 5423 fructu
3270 5361 3429 5411 lumbi

1875 5445 1981 5510 (jus
2022 5444 2263 5495 suscitare
2293 5443 2567 5505 Christum,
2612 5454 2655 5497 et
2683 5447 2853 5499 sedere
2894 5465 3041 5513 super
3089 5450 3253 5501 sedem
3294 5453 3426 5519 ejus.

1877 5534 1980 5587 Sed
2011 5533 2061 5585 in
2110 5549 2174 5587 eo
2217 5534 2353 5598 quod
2394 5536 2629 5599 sequitur
2663 5552 2674 5585 :
2714 5536 2989 5589 Providens
3030 5538 3225 5589 locutus
3260 5548 3330 5590 est
3368 5541 3430 5589 de

1874 5625 2241 5676 resurrectione
2276 5624 2463 5677 Christi
2496 5628 2625 5695 ejus,
2658 5626 2777 5692 quia
2800 5643 2957 5691 neque
2984 5627 3253 5681 derelictus
3280 5637 3349 5679 est
3378 5630 3431 5679 in

1874 5719 2114 5784 inferno,-
2166 5716 2216 5768 in
2263 5713 2447 5769 Grccco
2502 5717 2905 5783 cunsequentius
2961 5716 3180 5771 habetur
3236 5735 3248 5769 :
3301 5716 3434 5781 Quia

2923 5826 2999 5886 82
