3860 6230
475 322 615 381 1005

918 321 1115 378 DEDAS
1156 319 1605 378 VENERABILIS
1640 316 1790 375 OPP.
1836 316 2011 375 PARS

2157 311 2347 374 SECT.
2391 320 2431 375 Ι.
2472 348 2541 363 -
2580 316 2971 379 ΕΧΕΟΕΊΊΟᾹ
3010 322 3331 381 GENUINA.

3582 326 3692 384 i001

473 452 631 508 neque
661 433 900 489 derelicta
937 444 1005 485 est
1034 434 1200 487 animo
1225 436 1337 504 ejus
1364 434 1415 486 in
1459 433 1682 501 inferno.
1717 432 1790 486 Et
1834 439 2047 486 sanctus
2079 431 2123 491 Α
2155 436 2418 495 potestate
2454 427 2761 486 hominibus
2791 431 2919 487 dare
2960 432 3151 502 potuit.
3185 433 3295 488 Hoc
3341 433 3535 488 ctenim
3560 424 3564 428 ’
3587 439 3697 493 nulli

474 526 782 598 Fulgentius
825 526 891 581 ad
947 524 1369 580 Trasamundum
1420 523 1680 584 scribens.
1731 523 1799 575 ita
1851 521 2043 589 ponit:

476 640 499 672 ς
522 622 649 677 Nam
679 629 737 674 et
774 620 843 673 de
865 619 1103 686 corporis
1127 617 1241 684 ejus
1274 616 1594 671 excitatione
1621 630 1650 668 a
1674 614 1897 669 mortuis
1919 627 2046 690 con:

475 708 625 763 tinuo
647 706 874 775 subjecit
888 707 1068 761 dicens
1094 721 1107 757 :
1143 702 1324 771 Neque
1346 719 1463 756 caro
1480 707 1592 775 ejus
1609 703 1733 755 uidit
1753 700 2045 770 corruptio-

468 814 614 855 ssem.
636 818 655 852 s
691 798 848 854 Juxta
879 796 1019 866 quod
1061 805 1115 851 et
1137 799 1393 864 propheta
1424 805 1708 864 utrumque
1736 794 2046 862 complexus

472 903 555 947 est
579 891 758 945 dicens
793 907 804 941 :
842 889 1094 956 Quoniam
1122 903 1221 940 non
1265 886 1581 952 derelinques
1608 884 1833 937 animam
1876 897 2041 937 meam

472 985 528 1037 in
549 983 772 1053 inferno,
798 996 886 1035 nec
912 979 1054 1034 dabis
1081 986 1313 1033 martum
1359 987 1501 1031 tuum
1545 974 1711 1029 uidere
1758 974 2046 1043 corruptio-

474 1092 586 1132 nem
610 1072 786 1145 (Paul.
813 1071 933 1142 xv).
984 1072 985 1075 “

538 1161 614 1217 Et
667 1163 1001 1231 promissione
1036 1161 1265 1231 Spiritus
1309 1158 1472 1215 uncti
1523 1166 1732 1229 accepta
1782 1173 1813 1210 a
1866 1155 2043 1223 Patre,

477 1252 659 1321 eludit
686 1252 821 1306 hunc
850 1268 997 1320 quem
1018 1267 1109 1305 eos
1138 1250 1313 1305 videtis
1343 1258 1391 1303 et
1412 1250 1623 1304 auditis.
1656 1247 1710 1301 ιιι
1732 1246 1923 1303 Greco
1954 1245 2049 1299 ha-

469 1343 631 1399 betur
658 1344 728 1396 ita
756 1339 996 1409 :vE/j'udit
1025 1340 1119 1393 hoc
1148 1341 1356 1403 donum,
1408 1337 1546 1408 quod
1575 1351 1707 1389 nunc
1733 1350 1821 1389 uos
1868 1332 2048 1388 uidetis

471 1441 523 1485 at
551 1412 768 1486 auditis.
797 1431 858 1486 Et
879 1429 1091 1496 quidem
1122 1442 1281 1498 super
1310 1427 1519 1491 lesum,
1546 1441 1702 1495 quem
1728 1422 2048 1479 cruciﬁxere

472 1521 641 1577 Judaei
670 1520 1039 1575 resuscitatum
1082 1533 1109 1572 a
1149 1518 1281 1581 Deo,
1330 1527 1385 1572 et
1430 1531 1549 1572 esse
1589 1515 1859 1570 Christum
1914 1512 2044 1568 edo.

474 1610 625 1675 cuit;
663 1621 801 1663 nunc
844 1617 1019 1662 autem
1045 1606 1111 1659 ad
1134 1606 1321 1659 altiora
1355 1604 1604 1673 paulatim
1637 1602 1796 1657 iidem
1842 1612 2046 1669 provo-

472 1712 606 1755 cans
627 1696 976 1764 audientium,
995 1703 1057 1751 et
1077 1695 1243 1750 Deum
1264 1696 1404 1747 hunc
1444 1691 1563 1747 esse
1584 1706 1766 1747 verum
1781 1690 2045 1759 designat,

2154 532 2373 588 prorsus
2433 519 2706 574 hominum
2775 530 3117 590 competere,
3174 534 3400 593 excepto
3438 524 3696 582 Hedistors

2151 607 2239 660 Dei
2286 615 2341 661 et
2394 607 2664 663 hominum
2716 610 2932 666 homine
2974 611 3099 667 Jesu
3148 611 3403 677 Christo,
3459 616 3573 678 quis
3614 618 3695 670 nisi

2149 696 2381 751 iulldelis
2422 696 2670 752 dubitat?
2710 699 2841 753 Nam
2871 701 3139 770 quomodo
3167 714 3291 755 esse
3318 703 3509 769 potuit,
3540 714 3592 755 nt
3618 704 3691 758 ille

2150 803 2253 842 non
2280 803 2407 843 vero
2433 788 2697 854 Christus,
2727 790 2777 844 id
2804 799 2908 858 est,
2957 793 3102 845 omni
3135 780 3462 860 pienitodine
3486 792 3690 861 Spiritus

2147 878 2317 933 sancti
2362 888 2553 932 unctus
2580 893 2700 933 esse
2729 890 2873 935 recte
2914 882 3250 948 crederetur,
3278 884 3366 951 qui
3418 883 3489 936 de
3532 885 3694 939 Mem

2146 967 2343 1036 Spiritu
2376 969 2734 1037 potentialiter
2762 970 2961 1041 quilnts
2981 973 3150 1026 voluit
3170 972 3298 1026 dare
3330 975 3578 1041 probatus
3593 976 3695 1030 est?

2149 1061 2237 1115 Ait
2272 1075 2400 1129 ergo
2444 1062 2566 1130 quia
2623 1069 2669 1115 et
2719 1060 2991 1115 Dominum
3035 1078 3150 1117 eum
3190 1073 3236 1117 et
3277 1063 3532 1119 Christum
3582 1064 3695 1120 Deus

2146 1149 2283 1217 fecit.
2326 1149 2569 1218 Nunquid
2600 1149 2857 1206 Dominus
2888 1152 3129 1208 Christus
3167 1163 3223 1209 et
3274 1153 3414 1207 Deus
3464 1163 3519 1208 et
3561 1158 3695 1209 homo

2147 1248 2247 1303 est,
2280 1254 2381 1293 una
2428 1240 2479 1293 in
2525 1240 2733 1297 duabus
2774 1244 2976 1297 naturis
3024 1243 3287 1298 existente
3335 1248 3602 1313 persona?
3650 1249 3693 1301 In

2151 1329 2429 1384 divinitate
2477 1331 2691 1399 quidem
2743 1332 3069 1388 aternalitcr
3114 1349 3142 1387 a
3173 1334 3326 1389 Patre
3356 1346 3508 1390 natus
3535 1347 3628 1403 est,
3654 1340 3695 1391 in

2149 1420 2479 1476 humanitate
2529 1430 2706 1476 autem
2737 1435 2802 1477 ex
2832 1432 3071 1492 tempore
3097 1424 3166 1477 ah
3212 1426 3325 1495 ipso
3356 1426 3508 1480 Patre
3551 1426 3696 1479 tactus

2147 1520 2253 1577 est,
2306 1526 2429 1567 cum
2483 1526 2604 1567 eum
2674 1522 2928 1583 operante
2979 1513 3179 1585 Spiritu
3230 1526 3415 1571 sancto
3466 1518 3517 1572 in
3566 1531 3696 1572 utero

2152 1599 2387 1669 Virginis
2416 1600 2677 1655 incarnari
2703 1602 2957 1671 diSponit.

2223 1689 2290 1742 Et
2322 1690 2615 1756 Dominum,
2645 1692 2832 1759 inquit,
2866 1709 2979 1749 eum
3016 1705 3063 1747 et
3091 1694 3349 1751 Christum
3394 1696 3527 1753 Deus
3572 1701 3693 1769 fuit.

480 1788 615 1845 dum
643 1802 763 1844 eum
793 1786 960 1842 sancti
990 1784 1219 1854 Spiritus
1246 1782 1443 1838 donum
1466 1782 1715 1837 eﬂudisse
1740 1780 2039 1843 confirmat,
2074 1765 2119 1825 Β
2151 1781 2284 1833 hunc
2313 1779 2490 1833 Jesum
2520 1797 2672 1851 quem
2701 1784 3049 1851 cruci/irrisus.
3095 1784 3227 1851 Quia
3253 1786 3407 1842 Jesus
3446 1765 3692 1858 proprium

480 1880 627 1952 quod
647 1878 839 1934 divinas
868 1887 1069 1931 tantum
1113 1890 1233 1931 esse
1274 1875 1530 1943 potentias
1579 1874 1789 1941 sapiens
1820 1873 2042 1940 quisque

472 1970 773 2042 cognoscit.
802 1967 868 2022 Et
894 1965 1115 2038 pulchre
1152 1964 1349 2021 eodem
1398 1964 1564 2018 verbo
1590 1961 1867 2017 eitusionis
1915 1975 2043 2016 usus

466 2059 744 2128 est,un
773 2057 1015 2124 superius
1034 2065 1446 2111 commemorata
1474 2052 1744 2123 propheta
1772 2053 2036 2107 senten'ia

475 2146 759 2203 Dominum
808 2144 1007 2201 dixisse
1034 2145 1383 2215 praemiserat,
1428 2154 1484 2197 ut
1511 2157 1577 2197 ex
1620 2146 1718 2196 hoc
1747 2156 1959 2211 quoque
1986 2150 2042 2196 et

474 2239 608 2295 illud
655 2238 928 2293 auditores
973 2236 1305 2306 colligerent,
1362 2234 1536 2304 ipsum
1582 2249 1701 2290 esse
1758 2235 2039 2289 Dominum

475 2328 659 2387 Iesum
680 2325 975 2395 Christum,
1000 2326 1087 2395 qni
1112 2335 1165 2381 et
1186 2334 1465 2395 antequam
1490 2341 1702 2381 carnem
1724 2333 2038 2389 assumeret,

477 2416 621 2488 loqui
676 2423 988 2471 consuesset
1034 2413 1085 2468 in
1142 2414 1455 2484 prophetis;
1489 2414 1577 2483 qui
1634 2414 1803 2467 futura
1858 2412 2041 2468 saeculi

478 2518 740 2577 tempora,
775 2515 930 2575 prout
963 2505 1077 2574 ipse
1102 2504 1261 2560 vellet
1284 2504 1632 2573 disponeret;
1668 2503 1759 2572 qui
1808 2504 1955 2573 signa
1987 2510 2042 2557 et

472 2597 715 2667 prodigia
748 2598 798 2649 in
829 2595 968 2650 coelo
995 2593 1162 2656 duret,
1194 2601 1248 2646 et
1292 2594 1344 2646 in
1377 2603 1514 2647 terra
1543 2609 1556 2657 ;
1590 2592 1675 2661 qui
1716 2606 1900 2645 Omnes
1948 2606 2040 2644 no-

482 2704 605 2742 men
635 2701 789 2743 suum
815 2688 1128 2740 invocantes
1152 2684 1327 2736 salvos
1358 2682 1573 2745 faceret,
1603 2691 1899 2750 ceteraque
1920 2696 2040 2749 qua:

480 2776 817 2847 prOpheticus
838 2788 1014 2831 sermo
1044 2772 1470 2843 describitquasi
1492 2770 1583 2827 Dei
1614 2770 1781 2825 Filius
1806 2785 1871 2825 ac
1900 2770 2039 2824 Deus

480 2882 639 2922 verus
664 2867 926 2937 expleret.

550 2955 674 3012 Non
696 2959 829 3011 enim
861 2955 1026 3009 Dauid
1048 2955 1271 3009 ascendit
1297 2955 1349 3007 in
1374 2953 1542 3016 caelos,
1565 2953 1687 3005 dicit
1709 2960 1877 3005 autem
1898 2951 2003 3021 ipse
2018 2965 2038 3004 :

2148 1885 2339 1924 nomen
2394 1880 2478 1924 est
2532 1871 2765 1926 hominis
2795 1872 2935 1929 illius
2964 1888 3121 1943 quem
3152 1876 3466 1933 cruciﬂxere
3520 1878 3690 1945 lndzci,

2149 1958 2289 2013 sicut
2309 1960 2507 2024 Aaron,
2562 1962 2675 2017 sive
2705 1961 2866 2018 David
2896 1964 3106 2034 propria
3131 1976 3254 2022 sunt
3282 1969 3495 2025 nomina
3545 1970 3693 2023 homi-

2145 2065 2275 2104 num
2332 2067 2349 2107 :
2404 2051 2658 2108 Dominus
2713 2064 2889 2111 autem
2944 2059 3225 2126 potestatis
3293 2075 3356 2116 ac
3424 2060 3690 2131 majestatis

2150 2141 2468 2197 vocabulum
2498 2152 2601 2209 est,
2657 2147 2744 2199 cui
2790 2148 2983 2202 merito
3010 2149 3207 2205 debeat
3253 2153 3429 2208 omnis
3475 2165 3688 2207 creatura

2148 2229 2360 2299 subjici,
2392 2232 2459 2287 de
2487 2248 2589 2302 qua
2622 2235 2736 2304 ipse
2784 2236 3055 2306 discipulis
3101 2230 3222 2310 post
3270 2246 3689 2298 resurrectionem

2143 2332 2405 2387 apparens
2432 2323 2506 2375 ait
2538 2340 2553 2377 :
2588 2322 2721 2377 Data
2762 2336 2837 2380 est
2885 2328 3010 2381 mihi
3060 2330 3222 2384 omnis
3246 2342 3468 2402 potestas
3497 2334 3547 2387 in
3586 2336 3691 2388 calo

2142 2420 2190 2463 et
2224 2412 2274 2463 in
2306 2421 2460 2465 terra.
2516 2414 2684 2469 Porro
2743 2414 2991 2475 Christus
3036 2422 3193 2489 regia:
3240 2423 3355 2477 sive
3407 2426 3692 2490 pontiﬁcalis

2142 2501 2428 2568 appellatio
2456 2503 2732 2572 dignitatis
2760 2515 2862 2561 est.
2913 2508 3154 2579 Namque
3182 2514 3460 2578 pontilices
3480 2522 3531 2569 et
3560 2530 3689 2584 reges

2146 2593 2423 2663 perlegem
2455 2595 2575 2648 oleo
2602 2607 2789 2652 sancto
2820 2598 2966 2667 ungi,
2999 2610 3051 2652 et
3089 2601 3157 2652 ob
3206 2600 3256 2654 id
3294 2601 3482 2656 christi
3511 2620 3689 2657 nuncu-

2144 2684 2256 2753 pari
2302 2686 2567 2753 solchant,
2623 2686 2677 2741 in
2719 2690 2939 2757 Iiguram
2984 2693 3234 2745 nimirum
3280 2694 3400 2762 ejus
3452 2697 3536 2763 qui
3586 2698 3690 2751 oleo

2144 2774 2361 2841 latitia,
2385 2775 2434 2830 id
2466 2786 2569 2843 est,
2601 2776 2801 2847 Spiritu
2846 2787 3032 2833 sancto
3073 2796 3182 2849 prae
3219 2785 3552 2839 consortibus
3594 2788 3689 2839 suis

2143 2879 2171 2919 a
2201 2866 2310 2921 Deo
2350 2874 2540 2923 unctus
2582 2884 2673 2923 rex
2707 2871 2882 2937 nobis,
2912 2881 2963 2925 et
3018 2872 3268 2928 sacerdos
3322 2889 3540 2944 magnus
3591 2876 3687 2930 ﬁeri

2142 2956 2387 3027 dignatus
2416 2968 2496 3013 est
2525 2975 2541 3014 :
2574 2962 2847 3027 sacerdos,
2909 2962 3175 3029 videlicet,
3209 2974 3264 3016 ut
3286 2963 3457 3019 hostia
3480 2982 3571 3019 nos
3594 2982 3689 3019 sua:

480 3046 623 3102 Dicit
682 3046 928 3101 Dominus
998 3044 1214 3098 Domino
1248 3060 1381 3108 meo,
1421 3044 1537 3097 sede
1578 3059 1609 3096 a
1646 3043 1835 3097 dextris
1890 3042 2033 3096 meis.
2069 3095 2113 3121 η
2146 3050 2405 3117 passionis
2430 3052 2681 3107 emundct
2709 3056 2775 3104 ab
2804 3054 2946 3106 omni
2994 3063 3231 3121 peccato,
3261 3065 3323 3107 ut
3350 3056 3415 3109 ad
3441 3057 3687 3109 dexteram

482 3138 705 3205 Quidam
748 3136 960 3191 codices
993 3135 1208 3204 habent,
1233 3095 1380 3188 Dicit.
1403 3133 1647 3188 Dominus
1680 3149 1698 3187 :
1731 3133 1823 3188 sed
1857 3131 2040 3187 Graeca
2068 3095 2115 3157 Ο
2148 3095 2246 3193 Dei
2281 3141 2485 3208 positus
2534 3142 2690 3195 etiam
2744 3156 2883 3195 nunc
2912 3095 3231 3211 interpellet,
3252 3159 3351 3211 pro
3380 3146 3558 3211 nobis;
3602 3161 3686 3199 rex

482 3230 829 3299 exemplaria,
861 3239 914 3282 et
952 3228 1003 3283 in
1034 3230 1132 3282 hoc
1186 3226 1315 3282 libro
1341 3237 1394 3282 et
1431 3228 1482 3281 in
1514 3226 1772 3281 Psalterio
1803 3226 1999 3280 habent
2031 3245 2042 3279 :

481 3322 623 3375 Dixit
661 3319 922 3372 Dominus.
955 3316 1379 3373 Manifestissime
1418 3328 1592 3372 autem
1617 3320 1804 3372 beatus
1857 3317 2047 3373 Petrus

475 3425 577 3479 per
600 3410 735 3464 hunc
759 3408 1013 3475 psalmum
1034 3408 1255 3475 exponit
1273 3406 1537 3475 quomodo
1551 3408 1620 3460 sit
1646 3406 2043 3477 intelligendum

482 3499 624 3564 quod
652 3498 717 3551 de
761 3497 865 3549 alio
896 3495 1101 3562 psalmo
1128 3496 1372 3564 superius
1406 3496 1788 3564 assum‘pserat,
1834 3498 2045 3565 jurasse

481 3591 768 3643 hominum
826 3588 991 3643 David
1049 3586 1117 3641 de
1175 3588 1345 3641 lructu
1404 3578 1567 3642 lumbi
1616 3588 1731 3657 ejus
1786 3590 2044 3644 suscitare

470 3682 774 3741 'Chrietutn,
805 3687 858 3732 et
898 3681 1088 3732 sedere
1113 3690 1271 3745 super
1300 3676 1481 3732 sedem
1527 3678 1662 3748 ejus,
1712 3682 1853 3746 quia,
1902 3678 2045 3733 vidc-

482 3775 631 3837 licet,
658 3784 719 3826 et
753 3774 866 3825 huic
897 3770 1052 3824 sedes
1080 3771 1224 3839 regni
1259 3784 1363 3823 non
1394 3769 1447 3823 in
1492 3779 1697 3824 terrena
1722 3769 2041 3836 Jerusalem,

483 3864 543 3915 in
572 3876 671 3931 qua
698 3858 937 3929 regnavit
968 3857 1152 3926 David,
1182 3858 1274 3913 sed
1304 3858 1368 3913 ad
1402 3859 1673 3914 dexteram
1705 3860 2044 3929 intelligenda

488 3959 633 4005 esset
661 3948 951 4020 majestatis
981 3948 1097 4018 ejus
1151 3950 1202 4002 in
1233 3948 1406 4004 caelis.
1440 3948 1539 4003 Ubi
1568 3957 1844 4018 utramque
1891 3950 2043 4004 unius

480 4042 834 4111 ejusdemque
889 4040 1253 4108 Redemptoris
1283 4039 1446 4093 nostri
1501 4048 1762 4104 naturam,
1804 4041 1871 4093 de
1904 4039 2050 4096 Scri-

483 4133 658 4199 pturis
696 4120 1014 4200 propheticis
1050 4128 1325 4184 evidenter
1352 4131 1577 4183 astruxit
1600 4147 1613 4181 :
1637 4138 1693 4184 et
1739 4131 2043 4196 humanam,

488 4224 755 4288 videlicet,
795 4237 914 4291 qua:
946 4222 1012 4275 de
1043 4219 1217 4275 fructu
1258 4220 1421 4275 lumbi
1448 4215 1614 4275 David
1666 4234 1761 4290 per
1792 4221 2046 4292 virginem

488 4323 600 4367 orta
624 4323 727 4381 est,
756 4319 811 4366 et
830 4312 1062 4365 divinam
1096 4320 1308 4378 propter
1336 4324 1490 4379 quam
1521 4311 1814 4367 ascendens
1858 4312 1909 4365 in
1938 4326 2049 4367 cm-

2149 3238 2350 3296 autem,
2383 3239 2463 3295 ut,
2493 3229 2714 3285 devictis
2745 3232 2991 3285 omnihus
3018 3232 3338 3286 adversariis
3379 3237 3585 3303 nostris,
3628 3234 3685 3289 sd

2149 3332 2367 3387 regnum
2398 3332 2495 3372 nos
2517 3318 2820 3373 immortale
2849 3321 3121 3388 perducat.

2222 3410 2356 3476 Quid
2367 3411 2630 3479 faciemus,
2647 3412 2740 3463 uiri
2765 3414 2986 3480 fratres?
3014 3411 3068 3466 In
3100 3412 3285 3468 Graeco
3308 3415 3529 3470 habetur
3548 3417 3653 3485 plus
3676 3433 3691 3470 :

2149 3499 2435 3555 llonstrate
2465 3501 2628 3555 nobis.
2665 3502 2815 3566 Quod
2861 3503 3083 3556 verbum
3115 3505 3164 3557 in
3214 3505 3482 3573 opusculis
3527 3521 3689 3560 eorum

2148 3588 2236 3654 qui
2269 3587 2571 3656 Scripturas
2593 3600 2804 3644 sanctas
2825 3600 3209 3658 exposuerunt,
3232 3594 3426 3662 sapius
3448 3594 3563 3649 huic
3586 3610 3691 3649 sen-

2150 3677 2326 3731 tentia:
2352 3677 2621 3746 adjectum
2647 3677 2971 3731 invenimus.

2218 3764 2286 3818 Et
2310 3766 2565 3837 accipietis
2592 3766 2784 3819 donum
2820 3766 3257 3837 Spiritus'sancti.
3310 3769 3462 3824 Vobis
3484 3770 3602 3824 enim
3630 3780 3692 3823 est

2150 3859 2433 3930 promissio,
2464 3870 2511 3913 et
2536 3859 2661 3925 ﬁliis
2689 3861 2884 3926 uestris,
2918 3860 3125 3915 dicente
3149 3876 3242 3928 per
3265 3864 3567 3931 prophetam
3598 3862 3691 3917 Do-

2154 3950 2297 4003 mino
2319 3966 2330 4002 :
2358 3946 2634 4016 Eﬂ'undam
2658 3950 2723 4002 de
2744 3946 2944 4015 Spiritu
2966 3965 3073 4002 meo
3091 3966 3240 4019 suprr
3275 3967 3471 4005 omnem
3490 3968 3687 4016 raram,

2149 4050 2199 4094 et
2226 4039 2601 4109 prophetobunt
2641 4040 2737 4109 ﬁlii
2766 4043 2937 4108 uestri,
2970 4051 3016 4094 st
3045 4040 3167 4110 ﬁlia
3202 4053 3384 4097 seum
3438 4039 3571 4115 (loci
3616 4046 3688 4113 ιι).

2157 4128 2308 4195 Quod
2357 4142 2482 4184 vero
2532 4128 2733 4183 addidit
2782 4148 2795 4183 :
2851 4127 2917 4182 Et
2965 4129 3193 4184 omnibus
3243 4133 3333 4201 qui
3384 4134 3525 4204 longe
3569 4143 3693 4201 sunt,

2151 4234 2476 4289 quoscunque
2496 4220 2812 4273 advocaverit
2839 4218 3087 4273 Dominus
3112 4219 3245 4274 Deus
3275 4232 3467 4291 noster,
3489 4224 3551 4278 ad
3577 4222 3689 4278 illud

2156 4309 2519 4364 testimonium
2550 4308 2768 4379 respicit
2790 4309 2931 4377 quod
2964 4309 3031 4363 de
3054 4310 3308 4379 propheta
3330 4313 3565 4366 ultimum
3604 4326 3689 4380 po.

491 4406 599 4458 lum
630 4402 790 4456 homo
813 4400 881 4455 ad
913 4401 1184 4455 dexteram
1218 4399 1387 4454 Patris
1406 4410 1705 4469 assumptus
1734 4411 1831 4456 est.
1866 4402 1919 4455 In
1951 4404 2047 4457 hac
2078 4424 2126 4484 υ
2153 4411 2354 4466 suerat,
2379 4401 2499 4468 quia
2524 4400 2689 4454 omnis
2715 4401 2995 4470 quicunque
3037 4400 3348 4456 invocaveris
3373 4418 3547 4456 nomen
3596 4400 3691 4455 Do-

483 4505 720 4561 siamque
790 4492 1053 4544 veraciter
1101 4489 1237 4543 lilius
1302 4487 1486 4551 David,
1540 4488 1594 4541 in
1647 4490 1735 4542 illa
1791 4487 2049 4543 Dominus

488 4581 651 4636 David
677 4579 896 4642 exstitit,
927 4588 1141 4647 propter
1168 4576 1309 4646 quod
1326 4587 1381 4632 et
1394 4587 1747 4646 congruenter
1768 4579 2046 4648 adiunxit:

562 4668 848 4722 Certissime
875 4682 995 4736 ergo
1035 4666 1161 4719 sciat
1203 4666 1367 4719 omnis
1410 4667 1590 4720 domus
1626 4665 1811 4736 Israel,
1853 4672 1973 4737 quia
2004 4680 2053 4722 et

486 4764 768 4816 Dominum
838 4777 952 4814 eum
992 4770 1037 4811 et
1077 4758 1333 4813 Christum
1372 4758 1509 4811 Deus
1577 4760 1713 4828 fecit.
1769 4760 2049 4814 Dominum

484 4867 718 4919 namque
769 4851 912 4903 illum
943 4863 1061 4902 esse
1101 4848 1362 4916 probavit,
1387 4862 1452 4902 ex
1484 4848 1645 4902 verbo
1680 4848 1862 4915 David,
1910 4850 2050 4918 quod

490 4950 565 4998 ait
598 4961 611 5000 :
649 4944 788 4997 Dixit
833 4942 1078 4994 Dominus
1124 4940 1342 4994 Domino
1397 4956 1540 5005 meo;
1586 4951 1641 4996 et
1686 4956 1751 4997 ex
1796 4958 1861 4997 eo
1912 4946 2051 5012 quod

490 5037 634 5091 dixit
662 5035 916 5101 praplieta
969 5031 1083 5085 Joel
1134 5050 1144 5083 :
1194 5031 1256 5083 Et
1290 5034 1405 5093 crit,
1442 5033 1491 5084 in
1537 5033 1817 5085 novissimis
1860 5035 2050 5099 diebus,

492 5126 618 5177 dicit
687 5121 936 5175 Dominus
988 5136 1004 5172 :
1058 5120 1314 5187 rﬁ'undam
1361 5123 1422 5173 de
1473 5120 1673 5189 Spiritu
1723 5138 1831 5174 meo
1903 5140 2052 5191 super

493 5232 691 5269 omnem
726 5230 929 5265 carnem
984 5211 1140 5281 (Joel.
1186 5214 1267 5280 tl),
1302 5228 1419 5265 cum
1473 5215 1571 5266 hoc
1622 5228 1745 5265 eum
1802 5216 2055 5269 veraciter

496 5310 611 5376 ipso
658 5305 745 5359 die
776 5304 1059 5371 perfecisse
1088 5305 1438 5365 declarasset;
1465 5304 1728 5357 Christum
1759 5320 1885 5359 vero
1911 5308 2052 5360 illum

496 5414 616 5453 esse
644 5399 842 5461 docuit,
879 5396 1043 5449 verbo
1074 5395 1313 5463 ejusdem
1356 5395 1540 5457 David,
1572 5410 1677 5463 quo
1703 5397 1751 5449 ei
1792 5396 1988 5449 dietum
2023 5412 2052 5449 a

497 5489 727 5544 Domine
755 5488 945 5541 cecinit
978 5502 990 5537 :
1024 5484 1156 5538 Sede
1183 5501 1215 5537 a
1239 5486 1426 5537 dextris
1457 5478 1597 5547 meis,
1630 5486 1786 5538 simul
1822 5496 1876 5562 et
1899 5503 1961 5538 ex
1991 5502 2055 5540 eo

491 5580 636 5648 quod
695 5592 788 5646 per
858 5578 1168 5642 praplsetam
1237 5576 1456 5642 loquens
1514 5575 1764 5640 Spiritum
1810 5588 2054 5629 sanctum

507 5680 661 5717 suum
707 5680 823 5719 esse
852 5667 1100 5735 Spiritum
1145 5664 1446 5732 declaravit,
1481 5664 1724 5734 quodque
1771 5666 1906 5722 hunc
1958 5682 2048 5731 sua

2155 4493 2301 4558 mini,
2335 4492 2504 4546 saluus
2530 4494 2625 4545 erit
2645 4490 2850 4561 (υἱώ).
2875 4491 3024 4557 Quod
3046 4491 3111 4545 ad
3132 4494 3366 4560 gentium
3387 4493 3689 4547 vocationem

2154 4582 2456 4649 specialiter
2479 4580 2727 4648 pertinet,
2768 4596 2890 4651 qua
2937 4594 2968 4634 a
3014 4583 3267 4636 societate
3296 4581 3521 4636 tiliorutn
3550 4582 3693 4635 Israel

2155 4681 2208 4725 et
2233 4672 2549 4739 cognatione
2578 4684 2628 4725 et
2656 4672 2855 4727 merito
2907 4673 3062 4741 longe
3086 4670 3297 4727 fuerant
3319 4686 3622 4744 segregata,
3648 4684 3695 4727 et

2156 4770 2336 4814 tamen
2391 4775 2486 4829 per
2512 4762 2900 4815 invocationem
2934 4762 3165 4816 nominis
3195 4762 3404 4817 Domini
3425 4758 3563 4832 juxta
3590 4778 3697 4829 pro-

2157 4857 2464 4911 missionem
2496 4859 2767 4926 prOpheta
2796 4873 2825 4911 a
2856 4873 2955 4913 suo
2973 4870 3125 4914 erant
3147 4874 3333 4915 errore
3360 4860 3634 4914 salvnndr.

2226 4946 2327 5012 Qui
2351 4962 2469 5019 ergo
2498 4957 2789 5011 receperunt
2812 4963 3095 5001 srrmonem
3136 4957 3269 5019 ejus,
3305 4950 3545 5018 baptizari
3568 4960 3692 5001 sunt.

2161 5033 2310 5089 Hunc
2345 5036 2515 5088 locum
2540 5036 2639 5089 alia
2673 5037 2944 5091 translatio
2970 5038 3117 5105 juxta
3161 5042 3528 5106 proprietatem
3557 5040 3694 5093 Gne-

2153 5138 2229 5177 cm
2256 5124 2497 5177 veritatis
2526 5126 2594 5177 ita
2626 5126 2782 5179 habet
2814 5145 2825 5178 :
2861 5125 2949 5179 Illi
2987 5128 3193 5194 quidem
3221 5129 3513 5195 recipientes
3552 5129 3695 5181 libets-

2156 5223 2231 5266 ter
2257 5216 2458 5267 verbum
2499 5216 2610 5281 ejus
2666 5216 2907 5284 baptisati
2963 5229 3096 5271 sunt.
3142 5218 3253 5283 Qua
3286 5221 3697 5288 interpretatione

2162 5305 2369 5357 videtur
2416 5305 2747 5359 manifestius
2779 5292 3092 5374 expressum
3124 5308 3243 5373 quia
3275 5322 3377 5361 nan
3410 5311 3608 5377 quidam
3634 5325 3691 5364 ex

2154 5396 2229 5449 eis
2283 5397 2371 5461 qui
2441 5395 2721 5449 audierant
2763 5400 2976 5451 verbum
3029 5399 3192 5464 Petri,
3244 5402 3339 5455 sed
3388 5416 3565 5455 omnes
3615 5402 3697 5468 qni

2156 5485 2222 5537 ad
2253 5484 2573 5539 audiendum
2620 5499 2980 5542 convenerant
3026 5488 3251 5551 libenter
3292 5490 3395 5545 hoc
3439 5490 3696 5544 nutriente:

2155 5580 2401 5647 baptizati
2432 5588 2575 5632 sunt.

2228 5667 2471 5721 Dominus
2493 5676 2658 5722 autem
2680 5669 2889 5738 augebat
2916 5671 3000 5739 qui
3030 5672 3154 5722 salui
3182 5672 3357 5739 ﬁerent
3385 5669 3603 5739 quotidie
3644 5666 3692 5718 in
