3860 6230
103 390 237 445 1005

809 391 1005 447 LillElt
1053 391 1648 448 REI‘RAC'f-ATIONIS
1705 392 1766 446 IN
1810 392 2028 451 ACTUS
2068 394 2586 451 APUSTOLOHUM.

3201 394 3332 448 ιυοσ

99 506 336 573 idipsum.
371 504 423 559 In
459 505 642 559 Greco
679 507 745 558 ita
778 503 979 574 legitur
1014 525 1022 557 :
1064 507 1309 559 Dominus
1352 517 1516 558 autem
1567 522 1660 558 au-
1696 512 1738 565 Α
1772 515 1855 574 pta
1890 506 2210 559 humanitate
2244 516 2493 560 venturus
2524 515 2606 560 est
2634 506 2698 560 de
2729 508 2864 561 coelo
2894 507 2956 559 ad
2986 504 3325 573 jtdicaudum

98 598 237 662 gebat
282 595 373 663 qui
424 596 548 647 salvi
603 597 776 663 ﬁerent
835 594 1091 657 Ecclesiae,
1148 610 1209 649 ac
1259 596 1451 649 deinde
1496 597 1660 649 altera

100 688 333 749 narratio
365 686 575 754 incipit.

712 776 933 831 CAPUT
976 778 1057 832 Ill.

172 863 233 916 In
263 866 493 936 idipsum
544 878 711 921 autem
740 868 921 923 Petrus
971 882 1015 921 et
1070 868 1295 923 Joannes
1334 870 1666 923 ascendebant

99 956 147 1006 in
196 958 442 1026 templum
471 959 537 1009 ad
570 958 747 1011 lteram
793 960 1040 1013 orationis
1067 976 1274 1013 nonam.
1306 960 1456 1024 Quod
1511 975 1667 1028 supe-

99 1046 221 1099 riori
264 1050 548 1102 sententias
603 1049 671 1102 ita
730 1060 901 1119 potest
946 1054 1111 1118 aptari
1169 1067 1181 1103 τ
1231 1050 1359 1105 Cum
1417 1051 1667 1103 Dominus

99 1143 333 1205 quotidie
365 1141 781 1209 prtedicantibus
804 1144 1062 1211 apostolis
1093 1143 1144 1196 in
1189 1142 1479 1197 Ecclesiatn
1519 1156 1668 1194 suam

98 1232 381 1286 credentes
447 1244 780 1303 aggregaret,
858 1234 1216 1288 ascendebant
1303 1234 1665 1300 apostolorum

101 1324 249 1391 primi
288 1324 342 1376 iu
373 1324 644 1393 templum,
673 1323 836 1377 Deum
867 1324 1099 1390 rogaturi
1131 1324 1181 1376 in
1205 1323 1454 1391 idipsum,
1486 1322 1537 1375 itl
1564 1331 1663 1390 est,

101 1426 151 1466 ut
179 1414 437 1468 Ecclesite
468 1430 577 1468 suae
616 1429 831 1481 semper
856 1423 1135 1481 augmenta
1159 1422 1487 1483 procuraret.

166 1504 231 1559 Et
264 1508 500 1574 protinus
549 1507 882 1559 consolidatte
924 1514 1041 1557 sunt
1070 1504 1210 1558 bases
1252 1508 1363 1575 ejus
1386 1516 1430 1558 et
1456 1506 1662 1573 plantte.

102 1600 258 1653 Bases
315 1614 512 1653 nomen
563 1597 805 1652 Griecum
837 1606 937 1659 est.
986 1606 1042 1651 et
1091 1598 1141 1649 in
1197 1598 1310 1664 ipso
1358 1595 1543 1650 Grmco
1594 1596 1670 1647 sic

102 1696 350 1761 positum,
378 1692 517 1761 quod
552 1691 735 1745 Latine
758 1692 975 1759 fulturas
996 1688 1257 1756 significat
1285 1704 1297 1739 :
1332 1702 1437 1756 quo
1459 1686 1673 1739 nomine

102 1800 310 1852 gressus
323 1786 443 1853 ejus
456 1783 705 1838 conﬁrma
716 1794 795 1835 tos
810 1781 1025 1845 indicat,
1045 1781 1178 1835 sicut
1193 1781 1348 1832 etiam
1366 1778 1548 1831 Latine
1565 1780 1672 1846 qni-

1773 597 1922 650 vivos
1943 606 1998 650 et
2026 605 2285 661 mortuos,
2312 596 2523 666 quando
2571 610 2756 651 omnes
2806 596 3003 651 inimici
3032 596 3146 666 ejus
3194 598 3325 652 sub-

1773 688 1965 742 dentur
1996 688 2215 753 pedibus
2236 690 2368 756 ejus,
2401 697 2455 744 et
2477 690 2823 743 restituentur
2842 690 3019 741 omnia
3041 704 3155 757 qua
3180 689 3329 742 Iecuo

1774 789 1856 832 tus
1878 788 1957 832 est
1988 779 2123 834 Deus
2152 794 2244 848 per
2274 794 2456 833 omnes
2490 784 2772 847 prophetas
2802 778 2865 831 ab
2919 779 3069 832 initio
3116 779 3331 842 steculi;

1773 870 1920 937 quia,
1953 885 2071 946 cum
2106 871 2303 924 sanctis
2329 870 2571 925 omnibus
2602 870 2665 922 ad
2713 880 2967 922 metuam
2998 871 3159 923 vitam
3212 884 3334 923 cum

1777 960 2000 1016 Domino
2056 961 2407 1025 inirautibus,
2462 959 2672 1029 reprobi
2723 974 2842 1013 cum
2883 959 3093 1013 diabolo
3142 974 3331 1013 omnes

1778 1061 2054 1119 perpetuas
2105 1066 2287 1120 poenas
2313 1053 2587 1117 subibunt,
2634 1051 2762 1106 nihil
2815 1053 3028 1106 restabit
3085 1054 3329 1119 omnino,

1777 1140 1917 1207 quod
1954 1141 2225 1208 propheta:
2250 1142 2399 1195 nobis
2446 1142 2580 1195 ultra
2631 1142 2950 1210 sperandum
3000 1143 3331 1210 promittant,

1776 1244 1839 1284 eo
1861 1232 1999 1299 quod
2030 1241 2253 1301 utraque
2283 1248 2423 1299 pars,
2452 1245 2504 1286 ct
2536 1234 2655 1286 boni
2692 1233 2897 1287 scilicet
2924 1244 2977 1286 et
3025 1234 3145 1287 mali
3195 1234 3330 1287 irre-

1778 1321 2068 1373 vocabilem
2117 1322 2167 1375 in
2222 1325 2403 1375 ultimo
2454 1324 2697 1375 examine
2740 1324 3055 1377 sententiain
3108 1337 3136 1374 a
3188 1322 3334 1389 justo

1774 1410 1954 1479 judice
1989 1413 2343 1483 perceperint.
2370 1413 2695 1480 Multumque
2728 1412 2925 1465 fallitur
2950 1421 3004 1467 et
3037 1412 3168 1466 fallit
3214 1412 3335 1466 Ori-

1772 1515 1957 1570 genes,
1990 1503 2079 1570 qui
2116 1518 2175 1557 se
2232 1511 2351 1570 post
2398 1502 2497 1555 hoc
2547 1502 2800 1570 judicium
2862 1502 3165 1571 longissimo
3217 1502 3339 1553 licet

1779 1602 2075 1657 temporum
2110 1592 2340 1646 distante
2360 1593 2670 1659 intervallo,
2694 1606 2813 1646 cum
2846 1590 3053 1646 caeteris
3080 1600 3337 1659 peccato-

1780 1682 1945 1744 ribus,
1978 1682 2063 1748 qui
2096 1697 2122 1734 a
2155 1684 2366 1735 sinistra
2388 1682 2577 1750 judicis
2604 1696 2722 1735 cum
2751 1680 2963 1733 diabolo
3020 1680 3167 1735 missi
3223 1678 3338 1732 lue.

1780 1769 1885 1821 riut
1916 1769 1966 1821 in
1990 1769 2309 1837 gehennam,
2347 1769 2677 1824 liberandum
2725 1780 2893 1838 putat,
2923 1779 2975 1823 et
3002 1769 3066 1822 ad
3116 1784 3336 1837 regnum

100 1874 863 1944 damimerpretatisunt.Sed
894 1871 1168 1927 sciendum
1192 1879 1274 1924 est
1299 1871 1435 1939 quod
1458 1884 1672 1939 gressus
1711 1864 1750 1921 Β
1780 1860 1998 1914 caeleste
2052 1860 2466 1928 perducendum.
2520 1861 2666 1930 quasi
2720 1861 2821 1915 hoc
2869 1862 2946 1915 eis
2996 1862 3341 1929 promittente

102 1967 307 2038 prOprie
331 1967 471 2035 apud
498 1967 714 2021 Graecos
742 1965 1033 2035 διαδήματα
1079 1966 1160 2018 vel
1190 1968 1367 2037 πορὶαι
1399 1971 1673 2017 Vocantur.

177 2058 236 2112 Et
282 2060 483 2125 ίηιμιειὶ
524 2068 642 2112 sunt
679 2068 883 2126 stupore
915 2066 960 2110 et
990 2056 1200 2109 exstasi.
1235 2055 1350 2109 Alia
1379 2055 1549 2107 Editio
1582 2068 1676 2119 pro

102 2152 306 2217 erstasi,
355 2151 411 2204 id
457 2159 559 2213 est,
614 2162 836 2203 excessu
869 2149 1084 2212 mentis,
1131 2144 1517 2198 admirationem
1574 2159 1675 2198 non

108 2244 314 2309 proprie
376 2242 591 2311 posuit;
638 2240 760 2309 quia
812 2238 983 2308 major
1032 2235 1321 2292 admiratio
1368 2237 1504 2291 solet
1546 2252 1678 2289 non-

107 2352 371 2405 nunquam
406 2344 639 2390 mentem
682 2333 746 2387 ad
788 2346 1063 2388 excessum
1107 2330 1397 2395 deducere,
1446 2340 1499 2384 et
1542 2332 1674 2384 ultra

113 2439 426 2481 consuetum
458 2424 730 2495 cogitandi
763 2425 975 2479 modum
1008 2424 1072 2477 ad
1103 2424 1291 2476 altiora
1326 2422 1632 2477 transferre.

179 2514 321 2569 Deus
372 2526 576 2582 patruos
627 2523 914 2569 nostrorum
953 2514 1253 2582 glori/ienuit
1288 2510 1480 2564 Filium
1530 2527 1677 2564 suum

114 2606 307 2669 Jesurn,
362 2622 511 2673 quem
554 2621 638 2657 vos
678 2605 881 2673 quidem
916 2604 1215 2671 tradidistis,
1274 2612 1377 2658 etc.
1410 2602 1466 2655 ltt
1494 2602 1680 2656 Graeco

116 2697 333 2749 habetur
393 2695 804 2761 consequentius
861 2712 873 2747 :
937 2693 1071 2747 Deus
1125 2700 1328 2761 patrum
1387 2703 1678 2745 nostrorum

112 2786 407 2853 gluri/iratn't
434 2801 647 2853 puerum
687 2800 838 2836 suum
876 2782 1077 2839 Jesum.
1132 2782 1501 2837 liomeniebat
1530 2796 1679 2835 natn-

113 2894 206 2944 que
236 2887 613 2930 utsermonem
642 2875 708 2930 de
741 2874 963 2930 Domino
986 2875 1065 2928 his
1087 2874 1175 2944 qui
1202 2889 1322 2928 eutn
1351 2874 1677 2941 occiderant,

116 2969 304 3021 faciens
355 2968 548 3021 doctor
598 2966 833 3034 sapiens,
906 2966 1075 3033 primo
1149 2965 1513 3031 humanitatis,
1562 2979 1681 3034 qua

117 3054 241 3105 tradi
274 3068 327 3107 et
382 3052 606 3106 interﬁci
639 3052 828 3119 potuit,
861 3052 1265 3116 recordaretur;
1316 3051 1511 3106 deinde
1555 3066 1682 3120 pau-

120 3147 255 3198 [alim
312 3144 723 3198 resurrectionis
771 3142 935 3211 gloria
1001 3142 1117 3211 ejus
1171 3142 1455 3211 patefacta,
1510 3144 1673 3198 Deum

1784 1949 2037 2017 propheta
2067 1950 2152 2019 qui
2177 1954 2285 2004 ait:
2320 1949 2386 2003 Et
2429 1952 2730 2004 claudentur
2775 1952 2843 2004 ibi
2895 1952 2946 2004 in
2992 1967 3260 2015 carcerem,
3293 1962 3339 2003 et

1783 2049 1892 2107 post
1932 2042 2039 2092 dies
2070 2042 2253 2092 ntultos
2284 2040 2619 2094 uisitabantur
2646 2039 2797 2111 (Isai.
2830 2042 2993 2110 xxiv),
3022 2056 3140 2094 cum
3173 2043 3341 2095 maui-

1782 2130 1915 2183 testa
1943 2132 2012 2183 sit
2036 2130 2185 2199 juxta
2213 2145 2374 2185 sanos
2398 2145 2587 2186 sensus
2613 2133 2884 2199 propheta:
2924 2134 3206 2197 sententia,
3237 2148 3339 2201 qua

1784 2223 1966 2276 hostes
1993 2237 2053 2275 ac
2077 2232 2445 2291 persecutores
2473 2231 2669 2277 sanctae
2700 2222 2955 2277 Ecclesiae
3001 2223 3235 2290 singulos
3289 2225 3343 2277 in

1780 2314 1865 2367 die
1904 2317 2077 2367 exitus
2102 2313 2185 2367 sui
2218 2314 2268 2367 iu
2300 2314 2603 2382 gehennam
2637 2313 2921 2381 rapiendos
2954 2314 3217 2381 praedixit,
3248 2315 3343 2368 sed

1782 2414 2006 2459 cunctos
2036 2405 2087 2459 iu
2120 2405 2204 2459 die
2231 2404 2413 2473 judicii
2440 2403 2507 2458 ad
2541 2405 2805 2458 modicum
2856 2404 2981 2457 inde
3023 2406 3342 2458 relaxaudos

1787 2495 2053 2562 praevidit,
2082 2496 2229 2559 dum,
2280 2503 2494 2562 recepto
2545 2508 2769 2563 corpore
2815 2492 3122 2559 immortali,
3168 2495 3345 2547 denuo

1782 2584 2047 2652 duplicem
2081 2586 2132 2638 in
2164 2599 2377 2653 ptenam
2436 2584 2625 2639 mortis
2676 2584 3073 2653 praecipitentur
3104 2595 3344 2640 teteruau

1782 2674 1912 2729 Nam
1939 2684 1993 2730 et
2022 2676 2122 2729 hoc
2153 2679 2465 2744 prophetam
2516 2676 2569 2728 in
2621 2676 2717 2729 hac
2761 2676 3021 2730 sententia
3054 2675 3348 2731 intendisse

1779 2765 2056 2836 sequentia
2085 2766 2251 2833 ipsius
2285 2766 2444 2819 terba
2474 2764 2767 2831 declarant,
2791 2765 2881 2834 qui
2930 2781 3048 2820 cum
3079 2764 3298 2819 dixisset
3329 2783 3343 2818 :

1784 2856 1850 2909 Et
1881 2868 1992 2927 post
2021 2857 2127 2911 dies
2148 2857 2334 2910 multos
2363 2855 2720 2922 uisitabantur,
2750 2854 3003 2909 continuo
3050 2854 3276 2923 subjecit
3331 2872 3347 2910 :

1782 2946 1849 3003 Et
1874 2948 2124 3001 erubescet
2146 2948 2290 3012 luna,
2304 2956 2349 3000 et
2363 2945 2699 3013 confundetur
2719 2944 2795 2998 sol
2814 2942 3025 3013 (lbid.),
3040 2943 3178 3011 quod
3198 2946 3247 2997 in
3268 2944 3352 3001 die

1779 3038 1965 3109 judicii
1996 3038 2229 3092 futurum
2252 3052 2353 3091 non
2378 3037 2545 3090 solum
2575 3033 2854 3105 prophetia
2876 3073 2891 3098 ,
2915 3035 3009 3087 sed
3036 3043 3090 3086 et
3116 3047 3349 3104 evange-

1787 3134 1887 3189 lica
1914 3133 2075 3188 verba
2104 3131 2398 3187 declarant.

117 3248 315 3302 quoque
365 3232 504 3286 hunc
529 3241 583 3286 et
612 3233 703 3286 Dei
735 3232 921 3285 Filium
953 3246 1071 3286 esae
1093 3234 1407 3289 declararet.
1442 3234 1675 3301 Denique

1862 3225 2069 3295 ﬂagres
2095 3225 2297 3293 quidem
2319 3221 2445 3275 dixit
2481 3236 2500 3275 :
2535 3219 2666 3287 Quia
2702 3219 2997 3289 prophetam
3025 3216 3160 3271 vobis
3185 3217 3353 3269 suscio

124 3327 269 3393 paulo
291 3334 413 3393 post
445 3329 728 3381 Auctorem
760 3340 879 3376 eum
919 3326 1037 3376 vita:
1068 3324 1319 3391 appellat.
1350 3324 1413 3378 Et
1454 3326 1503 3377 in
1534 3324 1681 3378 clan.

119 3417 222 3467 sula
248 3416 519 3468 sermonis
546 3417 782 3481 apertius
814 3432 824 3465 :
866 3412 1037 3476 Vobis,
1086 3414 1270 3483 inquit,
1297 3414 1518 3483 primum
1549 3414 1683 3470 Deus

118 3508 360 3557 suscitans
393 3502 442 3556 F
446 3504 590 3557 ilium
615 3520 783 3567 suum,
818 3504 951 3557 misit
981 3521 1093 3557 eum
1121 3506 1491 3559 benedicentem
1525 3508 1681 3575 t‘obis,

120 3604 165 3645 ut
194 3595 457 3647 deleantur
487 3605 651 3645 uestra
682 3604 907 3660 percita,
946 3604 996 3646 ut
1047 3612 1157 3647 cum
1188 3597 1412 3649 venerint
1451 3607 1681 3665 tempora

121 3684 363 3753 refrigerii
404 3700 438 3734 α
484 3696 748 3752 conspectu
778 3683 1005 3745 Domini,
1056 3696 1171 3737 tunc
1217 3700 1379 3740 vestra
1422 3688 1683 3740 deleantur

122 3784 334 3839 peccata.
407 3774 669 3839 Tempora
739 3785 913 3827 autem
972 3774 1231 3844 refrigerii
1306 3776 1681 3831 discretionem

126 3867 434 3921 universalis
480 3866 666 3933 judicii
709 3877 763 3919 et
804 3866 1069 3933 iustorum
1126 3868 1504 3935 redemptionis
1533 3868 1681 3931 dicit,

125 3958 183 4009 de
210 3974 314 4026 quo
345 3957 445 4023 ipsi
478 3956 854 4010 tribulationes
881 3956 1091 4024 quidem
1123 3957 1281 4023 passi,
1309 3957 1400 4010 sed
1425 3973 1519 4026 spe
1547 3958 1683 4012 salvi

129 4051 239 4101 ist-ti
288 4050 471 4103 dieuut
517 4047 746 4102 Domino
797 4047 849 4101 in
898 4049 1099 4115 psalmo
1146 4066 1158 4100 :
1206 4048 1547 4104 'l’ransivimus
1596 4067 1683 4119 per

127 4140 285 4207 ignem
314 4148 361 4191 et
386 4154 589 4207 aquarii,
621 4149 666 4191 et
696 4138 941 4192 induisti
976 4153 1067 4191 nos
1084 4140 1137 4191 in
1165 4140 1485 4208 refrigerium
1506 4140 1680 4211 (Psal.

136 4231 269 4298 ur).
296 4232 447 4284 Tunc
478 4229 676 4283 etenim
710 4231 863 4297 plene
889 4231 1207 4285 delebuntur
1235 4242 1413 4287 nostra
1448 4245 1680 4301 peccata,

131 4333 239 4370 cum
273 4320 465 4373 virtute
512 4319 921 4373 resurrectionis
965 4322 1250 4377 novissima
1294 4321 1505 4376 inimica
1557 4322 1681 4376 des-

134 4423 290 4465 tructa
325 4414 482 4467 fuerit
525 4428 669 4469 mors
700 4412 753 4478 (l
788 4413 905 4465 Cor.
953 4414 1064 4481 xv).
1105 4416 1157 4468 In
1210 4416 1435 4483 quadam
1464 4418 1684 4472 transla-

136 4506 268 4555 tione
294 4503 432 4557 hunc
459 4518 670 4557 versum
706 4505 772 4555 ita
804 4512 1018 4571 propter
1040 4506 1460 4569 explanationem
1490 4522 1681 4562 sensus

136 4596 348 4659 positum
391 4594 686 4647 invenimus
721 4612 732 4645 :
769 4592 835 4649 Ut
866 4610 977 4646 cum
1006 4598 1227 4648 venerint
1259 4608 1484 4667 tempore
1533 4599 1683 4666 refri-

134 4686 269 4752 gerii,
299 4687 495 4739 veniam
540 4694 587 4737 et
633 4685 770 4739 vobis
799 4705 830 4738 tt
874 4688 1003 4755 facie
1035 4686 1263 4743 Domini.
1298 4688 1363 4742 Et
1388 4704 1576 4743 revera
1633 4690 1685 4743 iu

135 4778 305 4830 Greco
332 4779 406 4830 sic
430 4778 684 4842 scriptum
714 4785 813 4833 est.
844 4794 960 4830 cum
988 4777 1345 4832 additamenta
1369 4780 1692 4847 pronominis

140 4870 266 4921 illius
303 4885 317 4920 :
355 4867 418 4922 Ut
463 4884 581 4920 eum
632 4867 852 4922 venerint
896 4869 1030 4921 vobis
1082 4880 1307 4937 tempore
1356 4870 1607 4941 refrigerii
1657 4887 1688 4923 a

143 4960 258 5023 faeie
274 4956 493 5011 Domini.

205 5047 361 5113 Quem
386 5059 573 5117 oportet
606 5050 785 5102 calum
810 5050 1007 5119 quidem
1028 5050 1280 5115 suscipere
1309 5067 1461 5116 usque
1484 5052 1534 5103 in
1563 5060 1686 5103 tem-

142 5155 255 5205 pora
282 5142 605 5193 restitutionis
632 5143 883 5205 omnium,
913 5158 1026 5210 qua:
1048 5144 1246 5195 locutus
1273 5154 1347 5195 est
1378 5160 1463 5209 per
1490 5158 1545 5194 os
1567 5159 1686 5195 san-

137 5240 318 5281 ctorum
339 5246 536 5282 suarum
558 5246 587 5279 tt
618 5234 802 5284 stacqu
828 5234 1205 5300 prophetarum.
1223 5232 1331 5285 Hoc
1352 5244 1431 5285 est
1456 5234 1594 5301 quod
1617 5234 1691 5287 ei-

145 5320 251 5369 dum
273 5321 482 5373 Domino
494 5320 619 5373 Jesu
634 5321 847 5374 Christo
861 5338 887 5373 a
908 5322 1013 5375 Deo
1028 5322 1181 5375 Patre
1198 5322 1392 5376 dictqu
1414 5324 1690 5377 Psalmista

150 5416 353 5459 testatur
384 5426 395 5459 ε
421 5408 554 5460 Sede
574 5424 605 5459 α
642 5408 835 5461 dextris
867 5411 1009 5476 meis,
1044 5411 1202 5464 donec
1244 5426 1430 5478 ponam
1460 5413 1690 5465 inimicos

150 5506 249 5549 tuos
275 5500 539 5552 seabellmn
572 5502 757 5567 pedum
786 5512 989 5554 tuorum
1014 5502 1183 5569 (Psal.
1210 5509 1348 5570 (ιιι).
1374 5507 1691 5571 Assumptus

154 5605 358 5657 namque
386 5604 461 5645 est
489 5594 539 5646 in
569 5593 786 5659 caelum,
817 5604 871 5647 et
900 5596 1055 5649 sedet
1083 5610 1110 5647 a
1141 5597 1344 5649 dextris
1376 5597 1486 5651 Dei.
1516 5598 1566 5648 In
1591 5613 1691 5663 qua

156 5680 380 5735 nimirum
398 5684 525 5737 sede
554 5693 789 5752 paterna
828 5685 1123 5754 majestatis
1171 5700 1385 5753 semper
1437 5687 1695 5741 divinitus

161 5782 336 5843 manet,
360 5790 527 5846 neque
556 5775 678 5833 inde
710 5792 937 5848 unquam
969 5777 1153 5847 abluit,
1186 5794 1368 5836 verum
1401 5779 1453 5836 in
1485 5796 1694 5836 assum-

1714 4548 1765 4607 ο

1786 3318 1907 3372 tavit
1936 3315 2189 3369 Dominus
2216 3315 2351 3367 Deus
2379 3323 2537 3366 vester
2551 3312 2615 3365 de
2635 3310 2872 3382 fratribus
2893 3311 3085 3375 vestris,
3112 3318 3351 3380 tanquam

1787 3410 2031 3481 nteipsum
2058 3407 2277 3461 audietis
2298 3408 2452 3477 juxta
2482 3404 2652 3456 omnia
2681 3417 2793 3471 quo:
2820 3401 3016 3453 locutus
3042 3398 3197 3468 fuerit
3257 3415 3349 3452 uo-

1788 3503 1881 3567 bis,
1918 3513 2023 3555 etc.
2075 3500 2283 3554 Initium
2332 3498 2486 3566 hujus
2516 3496 2615 3549 loci
2660 3495 2711 3549 in
2753 3492 2940 3547 Grtcco
2985 3492 3102 3560 plus
3145 3490 3352 3545 habet:

1788 3594 1991 3665 Moyses
2022 3594 2223 3662 quidem
2251 3594 2380 3646 dixit
2401 3592 2467 3643 ad
2497 3600 2662 3660 patres
2693 3583 2876 3641 uestros
2910 3600 2928 3640 :
2959 3584 3092 3651 Quia
3134 3586 3353 3654 prophe-

1788 3699 1888 3739 tum
1921 3685 2055 3739 vobis
2078 3685 2332 3739 suscitauit
2365 3682 2613 3735 Dominus
2647 3680 2776 3733 Deus
2801 3688 2978 3733 uester.
2997 3676 3147 3733 Patet
3174 3690 3349 3732 autem

1791 3778 1960 3831 virtus
1992 3776 2291 3839 sententiae,
2326 3774 2447 3841 quia
2495 3771 2749 3827 Dominus
2800 3780 2981 3823 noster
3030 3769 3098 3824 de
3155 3768 3352 3848 populo

1788 3873 1947 3925 Israel
1979 3872 2255 3926 veritatem
2280 3870 2455 3925 carnis
2485 3867 2793 3936 assumpsit,
2825 3880 3087 3933 apparens
3116 3867 3167 3919 in
3198 3866 3348 3918 simi-

1786 3963 2065 4016 litudinem
2098 3960 2287 4030 Moysi,
2316 3968 2372 4014 ut
2402 3959 2539 4014 sicut
2586 3958 2675 4013 ille
2704 3957 2969 4011 carnalem
2998 3956 3155 4011 Israel
3186 3971 3352 4015 cturn-

1786 4053 1979 4107 moniis
2009 4062 2061 4106 et
2086 4054 2252 4107 saetis
2279 4050 2536 4121 legalibus
2569 4051 2881 4103 instructum
2906 4064 2967 4102 ac
2991 4047 3345 4118 purulentum,

1788 4146 1839 4196 in
1868 4151 2060 4198 terram
2090 4142 2517 4210 repromissionis
2544 4140 2853 4203 introduxit,
2885 4140 2954 4193 ita
2985 4149 3039 4193 et
3090 4139 3361 4195 Dominus

1791 4247 1881 4298 per
1908 4234 2129 4302 gratiam
2157 4231 2427 4302 Evangelii
2455 4230 2749 4295 spiritalem
2776 4228 2932 4283 Israel
2963 4230 3029 4283 de
3057 4237 3169 4284 toto
3207 4229 3344 4284 orbe

1787 4340 2135 4395 congregans,
2169 4326 2233 4378 ad
2266 4324 2506 4379 cmlestia
2536 4338 2696 4391 regna
2726 4321 3057 4389 perduceret.
3091 4320 3159 4375 ει
3208 4318 3345 4378 sicut

1787 4415 1861 4468 illi
1880 4414 1965 4480 qui
1995 4420 2164 4481 legem
2184 4410 2346 4479 Moysi
2376 4419 2807 4491 contempserpnt
2825 4410 2890 4463 de
2905 4418 3045 4464 terra
3058 4412 3350 4479 repromis-

1792 4505 1957 4557 si0nis
1977 4513 2099 4557 sunt
2120 4503 2185 4556 ab
2216 4502 2444 4557 inimicis
2462 4500 2760 4555 nationibus
2788 4500 2964 4568 ejecti,
2989 4500 3069 4557 sic
3092 4509 3150 4556 et
3177 4502 3229 4555 bl
3255 4503 3349 4572 qui

1796 4596 2091 4651 doctrinam
2122 4594 2439 4661 evangelica
2466 4594 2648 4663 gratiae
2683 4594 3039 4659 despexerunt
3086 4591 3155 4646 de
3208 4604 3354 4648 cmtu

1790 4698 2092 4743 sanctorum
2132 4702 2225 4755 per
2255 4687 2453 4753 ultores
2483 4686 2703 4755 spiritus
2732 4684 3083 4753 expellautur.
3126 4682 3237 4739 Hoc
3266 4696 3353 4739 est

1791 4784 1930 4835 enim
1953 4780 2093 4849 quod
2120 4780 2355 4847 sequitur
2389 4795 2402 4830 :

1864 4869 1979 4924 Erit
2005 4880 2197 4933 autem,
2233 4870 2395 4921 omnis
2432 4868 2601 4921 animo
2647 4882 2956 4936 quacunque
2986 4882 3085 4919 non
3131 4866 3357 4921 audierit

1790 4962 2081 5031 prophetam
2101 4960 2264 5025 illum,
2285 4958 2698 5013 exterminabitur
2717 4960 2777 5011 de
2790 4955 3159 5027 plebe.Verum
3182 4968 3361 5011 notan-

1794 5056 1917 5106 dum
1947 5055 2070 5120 quia
2105 5051 2287 5105 beatus
2322 5049 2511 5103 Petrus
2538 5050 2620 5101 hic
2640 5064 2741 5101 non
2771 5050 2924 5102 verba
2952 5050 3192 5103 Milesiae
3239 5065 3360 5103 seu-

1792 5142 1991 5203 tentiae,
2012 5140 2102 5194 sed
2130 5154 2343 5194 sensum
2374 5152 2551 5193 tenere
2580 5140 2801 5192 curarit.
2838 5139 3106 5206 Scriptum
3132 5156 3356 5208 namque

1792 5245 1871 5287 est
1896 5234 1946 5285 in
1982 5232 2409 5295 Deutet‘onoutio,
2435 5231 2642 5284 dicente
2674 5231 2848 5301 Moyse
2880 5232 2945 5283 ad
2977 5232 3112 5285 ﬁlios
3140 5230 3302 5287 Israel
3337 5250 3349 5264 '

1794 5323 2105 5389 Prop/utam
2120 5324 2181 5375 de
2204 5334 2347 5391 gente
2366 5332 2468 5383 tua,
2487 5332 2530 5374 et
2547 5323 2607 5375 de
2624 5323 2863 5389 fratribus
2883 5323 2981 5375 tuis
2996 5324 3122 5376 sicut
3136 5340 3232 5387 me,
3248 5341 3361 5378 sus-

1793 5418 1961 5469 citabit
1994 5418 2081 5467 tibi
2107 5413 2354 5467 Dominus
2380 5414 2513 5466 Deus
2536 5425 2667 5478 tuus,
2692 5418 2854 5482 ipsum
2881 5416 3077 5479 audies,
3108 5426 3162 5469 ut
3191 5417 3361 5486 petisti

1794 5522 1823 5556 a
1858 5507 2072 5557 Domino
2099 5504 2201 5558 Deo
2234 5515 2318 5557 tuo
2349 5505 2399 5557 in
2429 5504 2601 5557 lloreb
2659 5505 2833 5573 (Deut.
2862 5504 3027 5575 xvttl).
3086 5505 3149 5559 Et
3201 5506 3357 5572 paulo

1796 5610 1912 5667 post
1943 5616 1955 5652 :
1990 5598 2055 5651 Et
2076 5604 2144 5650 ait
2180 5598 2424 5652 Dominus
2452 5597 2589 5651 Deus
2612 5598 2755 5663 mihi,
2807 5597 2943 5651 Bene
2988 5600 3157 5650 omnia
3200 5598 3358 5650 locuti

1795 5697 1909 5741 sunt
1934 5706 1952 5743 :
1978 5688 2285 5754 Prophetaos
2310 5689 2555 5743 suscitabo
2581 5691 2651 5742 eis
2680 5690 2741 5743 de
2784 5687 2945 5741 medio
2991 5691 3204 5756 fratrum
3236 5703 3361 5742 ιιιοο

1798 5797 1906 5835 rum
1923 5778 2136 5837 similem
2155 5782 2253 5850 uti,
2276 5789 2322 5838 et
2344 5796 2529 5851 ponam
2546 5781 2693 5837 verba
2716 5796 2823 5836 mea
2844 5780 2896 5835 in
2918 5795 3002 5834 ore
3031 5782 3158 5849 ejus;
3188 5782 3360 5850 loque-
