3860 6230
484 401 617 461 1007

946 398 1147 455 ΒΕῙΜΕ
1193 394 1640 453 νεΝειιΑΒιιιε
1679 393 1827 452 ΟΡΡ.
1872 392 2046 449 PARS

2175 391 2363 451 SECT.
2409 394 2446 449 Ι.
2488 392 2962 450 -ΕΧΕΗΕΤΙΟᾹ
3004 392 3335 451 GENUINA.

3597 398 3704 450 (MS

478 526 655 584 largae
678 513 745 567 ad
755 528 841 568 eos
859 512 1029 565 omnia
1046 526 1156 580 ante
1178 522 1463 579 pracepero
1481 506 1580 563 illi.
1596 505 1880 573 Qnian'em
1902 504 2049 558 verba
2080 507 2127 565 Α
2158 503 2387 558 habetur
2410 504 2548 573 plus,
2578 502 2644 558 Et
2670 506 2908 559 seniores
2946 504 3100 559 Israel
3126 505 3324 559 audite.
3375 503 3631 560 Similiter
3669 512 3704 561 in

476 608 587 678 rjns
613 621 727 675 gnte
750 605 981 675 loquetur
1006 604 1057 656 in
1096 602 1300 656 nomine
1339 617 1447 654 meo
1478 599 1658 655 audire
1685 599 1927 660 noluerit,
1958 613 2054 668 ego

480 695 615 750 ultor
632 697 845 751 esistam
874 693 1087 764 (lbid.).
1116 693 1219 748 Pro
1243 707 1350 762 quo
1384 691 1577 747 Petrus
1605 689 1780 761 posuit
1807 707 1821 743 :
1870 688 2054 743 Exter-

477 786 752 841 minabitttr
772 786 835 841 de
860 786 1025 855 plebe,
1050 784 1385 841 manifestius
1415 783 1692 839 insinuans
1747 781 1887 836 hunc
1936 794 2056 836 esse

479 876 696 931 modum
722 876 917 932 divina:
971 877 1211 941 ultionis,
1266 884 1325 932 ut
1372 876 1462 945 qui
1514 874 1757 930 cmlestia
1808 871 2053 928 mandata

477 979 826 1024 contemnunt
855 969 921 1024 ab
947 968 1239 1023 electorum
1268 977 1413 1022 sorte
1456 965 1743 1021 reddantur
1787 973 2051 1019 extorres.

481 1059 544 1113 Et
571 1059 655 1115 hic
683 1072 813 1128 ergo
835 1069 889 1113 et
918 1058 1098 1112 multis
1153 1057 1271 1113 aliis
1315 1058 1366 1112 in
1407 1056 1559 1123 locis,
1589 1054 1675 1110 ubi
1731 1054 1961 1123 apostoli
2003 1062 2057 1109 et

471 1150 818 1219 evangelista:
869 1149 936 1204 de
969 1149 1146 1204 Veteri
1186 1150 1531 1203 Testamento
1574 1145 1817 1214 exempla
1863 1159 2054 1215 posue-

468 1248 622 1306 runt,
652 1240 989 1310 perspicuum
1014 1250 1095 1295 est
1116 1253 1210 1294 eos
1229 1239 1627 1309 Scripturarum
1657 1251 1875 1293 sensum
1907 1250 2054 1305 qua:-

474 1336 630 1402 sisse,
667 1350 771 1391 non
796 1335 980 1400 verba,
1008 1350 1107 1389 nec
1137 1348 1461 1405 magnopere
1498 1334 1565 1388 de
1616 1331 1803 1387 ordine
1850 1344 2052 1387 sermo-

472 1426 741 1497 nibusque
761 1439 1001 1491 curasse,
1031 1435 1088 1479 ut
1112 1424 1399 1479 intellectui
1423 1437 1510 1478 res
1542 1430 1775 1492 pateret.

550 1516 735 1571 Diceris
760 1517 828 1569 ad
851 1516 1107 1570 Abraham
1143 1533 1157 1569 :
1196 1512 1259 1566 Et
1292 1514 1343 1566 in
1366 1515 1552 1566 semine
1580 1521 1667 1567 tuo
1697 1510 2054 1566 benedicentur

474 1625 649 1663 omnes
676 1608 1079 1678 faoiiliteterrte.
1114 1605 1188 1660 Ex
1226 1616 1450 1673 utroque
1500 1606 1599 1659 hoc
1645 1604 1953 1659 testimonio
2002 1610 2057 1657 et

478 1700 571 1754 illo
603 1699 851 1754 videlicet
881 1698 1021 1768 quod
1047 1697 1112 1752 ad
1144 1697 1383 1767 Moysen,
1407 1705 1461 1751 et
1489 1696 1579 1751 illo
1609 1694 1749 1766 quod
1782 1694 1847 1747 ad
1874 1692 2050 1747 Abra-

478 1790 602 1845 ham
643 1805 671 1843 a
706 1790 933 1846 Domino
974 1790 1360 1860 promulgatum
1406 1796 1509 1852 est,
1540 1797 1594 1841 et
1638 1785 1895 1841 severitas
1936 1784 2053 1853 ejus

2157 595 2521 664 sequentibus,
2552 595 2636 650 ubi
2662 596 2859 651 dictum
2891 605 2972 651 est
3000 614 3013 649 ;
3045 594 3109 649 In
3130 595 3227 649 hoc
3254 595 3347 649 iste
3389 604 3529 647 astat
3557 612 3699 650 eorum

2157 688 2294 741 vobis
2333 704 2488 741 sanus
2518 704 2535 742 :
2566 688 2618 743 in
2650 688 2833 743 Crazco
2856 688 3079 744 habetur
3113 707 3125 741 :
3158 687 3342 743 Coram
3374 688 3516 743 vobis
3546 705 3700 755 unus,

2158 778 2327 843 hodie,
2354 787 2397 833 et
2426 781 2477 831 in
2509 778 2612 833 alio
2641 778 2807 833 nullo.

2236 869 2471 925 Videntes
2500 879 2670 925 autem
2700 868 2838 925 Petri
2862 872 3201 926 constantiam
3236 882 3283 927 et
3308 869 3554 935 Joannis,
3585 888 3701 924 com-

2158 971 2301 1029 perto
2320 963 2455 1033 quod
2484 961 2710 1017 homines
2740 973 2902 1018 essent
2931 965 3038 1019 sine
3069 964 3250 1019 litteris
3278 974 3322 1019 et
3349 964 3703 1026 idiot¢,odmt-

2156 1053 2427 1107 rebantur.
2459 1053 2589 1109 Sine
2618 1054 2809 1110 litteris
2836 1054 3049 1118 dicitur,
3066 1071 3169 1110 non
3199 1054 3342 1125 quod
3367 1056 3576 1109 litteras
3601 1069 3700 1109 nes-

2156 1148 2344 1214 cirent,
2394 1149 2489 1205 sed
2533 1148 2674 1219 quod
2724 1149 3085 1219 grammatica:
3132 1152 3263 1204 artis
3318 1150 3564 1220 peritiam
3612 1164 3697 1203 non

2159 1238 2435 1295 haberent.
2467 1239 2597 1294 Nam
2622 1241 2673 1295 in
2703 1239 2892 1295 Grazco
2946 1239 3202 1309 apertius,
3236 1253 3330 1308 pro
3389 1239 3492 1293 hoc
3543 1237 3703 1305 verbo,

2154 1336 2502 1407 ἀγράμματοι,
2530 1336 2631 1389 hoc
2652 1344 2753 1403 est,
2777 1335 3052 1401 illitterati,
3077 1334 3321 1397 habetur,
3352 1336 3532 1388 idiota
3554 1344 3703 1387 autem

2156 1428 2367 1497 pr0prie
2398 1427 2629 1495 imperiti
2661 1437 2934 1481 vocantur.
2987 1425 3222 1495 Denique
3280 1428 3331 1479 in
3378 1424 3612 1493 Epistola
3652 1424 3702 1476 ad

2155 1518 2483 1589 Corinthios,
2512 1520 2601 1575 ubi
2632 1520 2885 1587 scriptum
2915 1528 2999 1574 est
3031 1538 3044 1573 :
3088 1519 3148 1573 Et
3174 1522 3220 1572 si
3249 1519 3516 1585 imperitus
3546 1532 3702 1569 srmo

2156 1629 2239 1677 ne,
2262 1612 2350 1666 sed
2377 1628 2479 1666 non
2509 1612 2713 1666 scientia
2741 1609 2825 1681 (11
2845 1610 2963 1666 Cor.
2985 1611 3083 1679 at),
3102 1625 3196 1680 pro
3216 1610 3441 1677 imperito
3467 1609 3518 1661 in
3545 1606 3705 1662 Greco

2154 1698 2358 1762 ἰδιώτης
2388 1700 2637 1755 habetur.

2232 1792 2363 1857 Quia
2408 1809 2580 1848 omnes
2621 1792 2992 1858 clariﬁcabant,
3032 1791 3086 1844 id
3135 1791 3272 1860 quod
3319 1791 3507 1859 factum
3541 1790 3703 1855 fuerat.

476 1889 535 1935 et
572 1882 778 1936 bonitas
832 1850 1133 1935 declaratur
1157 1850 1413 1936 :vbonitas
1456 1850 1668 1947 quidem
1700 1875 1752 1929 in
1801 1876 1879 1930 eis
1932 1850 2049 1945 qui,
2088 1850 2129 1908 Β
2157 1850 2345 1940 Melius
2377 1883 2604 1938 habetur
2635 1884 2686 1936 in
2714 1850 2901 1937 G'rteco
2931 1900 2943 1934 :
2978 1850 3167 1935 Omnes
3194 1850 3331 1933 enim
3379 1850 3704 1949 gloriﬁcobant

470 1984 694 2043 accepta
723 1972 824 2028 fide
852 1970 1330 2036 Christi,bcuedici
1361 1980 1631 2024 merentur
1663 1966 1875 2033 abillo;
1903 1982 2056 2021 sove-

484 2067 613 2121 ritas
642 2081 769 2121 vero
793 2066 845 2120 in
872 2065 975 2120 illis
1000 2066 1089 2134 qui
1116 2065 1305 2120 merito
1329 2062 1410 2117 sui
1440 2069 1779 2127 contemptus
1800 2068 1854 2115 et
1867 2058 2053 2115 inobe-

474 2156 698 2212 «tientia:
726 2156 795 2211 de
853 2155 1009 2224 plebe
1060 2153 1461 2209 benedictorum
1510 2152 1952 2216 exterminantur,
2001 2149 2054 2205 id

473 2259 580 2315 est,
604 2257 754 2302 extra
799 2246 1053 2301 terminos
1082 2256 1298 2300 aeternae
1351 2242 1697 2300 beatitudinis
1742 2242 2052 2312 ejiciuntur.

480 2339 553 2394 ita
582 2349 759 2393 autem
810 2336 1010 2392 dictum
1056 2346 1139 2391 est
1174 2353 1184 2387 :
1216 2336 1281 2389 In
1324 2335 1513 2389 semine
1564 2344 1648 2387 tuo
1696 2332 2054 2386 benedicentur

477 2444 653 2484 omnes
680 2428 891 2499 familia
920 2437 1089 2492 terror,
1119 2425 1389 2495 quomodo
1412 2425 1467 2479 in
1513 2422 1803 2494 Evangelio
1847 2422 2052 2478 dictum

388 2562 391 2565 λ
471 2528 607 2574 est:
646 2518 766 2573 Erat
798 2525 887 2571 tua:
913 2533 1029 2571 vero
1074 2532 1184 2586 qui:
1237 2517 1497 2569 illuminat
1549 2530 1748 2568 omnem
1798 2513 2054 2568 hominem

478 2612 755 2665 uenientem
783 2610 835 2663 in
866 2608 1113 2661 mundum
1140 2591 1413 2678 (Joanft).
1440 2606 1553 2661 Non
1582 2607 1723 2663 enim
1755 2608 1835 2660 vel
1865 2619 2054 2660 onmes

482 2700 878 2754 familiaeterrae
936 2698 1321 2752 benedicuntur
1369 2695 1421 2750 in
1470 2694 1707 2760 Christo,
1740 2696 1825 2749 vel
1880 2693 2057 2748 omnis

479 2794 641 2847 homo
665 2792 883 2846 veniens
914 2790 967 2843 in
1000 2787 1251 2841 mundum
1279 2786 1608 2840 illuminatur
1629 2800 1657 2840 a
1686 2785 2054 2844 Cltristo.cum

481 2884 657 2953 plures
684 2882 851 2936 multo
876 2882 985 2936 sint
1017 2894 1134 2948 quae
1166 2879 1217 2931 in
1267 2879 1499 2933 tenebris
1542 2888 1597 2933 et
1652 2878 1923 2933 maledicti
1948 2894 2051 2946 me,

481 2991 582 3044 qua
616 2975 723 3028 nati
762 2991 775 3025 ι
832 2983 905 3037 ιιι,
947 2971 1132 3041 primm
1168 2970 1608 3038 transgressionis
1639 2970 1797 3024 vitam
1858 2968 2057 3022 transi-

482 3078 688 3136 gentes,
722 3066 800 3119 vel
832 3068 993 3119 etiam
1025 3062 1509 3132 pejora‘addentes,
1536 3063 1589 3117 in
1611 3074 1867 3117 aeternum
1910 3062 2058 3115 dam-

2158 1974 2346 2039 Deum,
2371 1976 2422 2027 in
2448 1989 2506 2027 eo
2556 1973 2691 2041 quod
2742 1972 2931 2042 factum
2987 1974 3176 2039 fuerat.
3220 1971 3284 2025 Et
3328 1970 3465 2039 quod
3499 1972 3547 2022 in
3601 1985 3703 2023 uos-

2162 2064 2260 2121 tris
2290 2064 2578 2119 Codicibus
2635 2062 2870 2118 additum
2927 2074 3030 2129 est,
3060 2061 3125 2115 In
3175 2078 3231 2116 eo
3278 2063 3410 2130 quod
3455 2062 3702 2123 acciderat,

2155 2153 2207 2208 in
2255 2152 2443 2209 Graeco
2511 2168 2617 2207 non
2685 2153 2927 2208 habetur.
3003 2151 3070 2206 Et
3112 2150 3325 2222 quidem
3377 2149 3704 2221 gloriﬁrobw

2154 2255 2207 2300 et
2242 2245 2592 2313 slariﬁcabant
2644 2258 2709 2299 ex
2759 2259 2881 2317 uno.
2914 2243 3117 2308 Grazco,
3142 2244 3281 2313 quod
3335 2256 3415 2297 est
3461 2241 3699 2307 ἐδόξαζον.

2155 2336 2329 2389 solent
2394 2333 2758 2389 indiderenter
2815 2333 2867 2388 in
2935 2334 3176 2387 Latinum
3243 2337 3567 2398 transferre,
3627 2333 3706 2386 sed

2155 2425 2317 2481 distat
2362 2428 2499 2480 inter
2536 2424 2816 2479 clariﬁcari
2875 2422 3068 2479 factum
3098 2463 3113 2489 ,
3152 2435 3204 2479 et
3245 2424 3414 2479 Deum
3474 2425 3524 2479 in
3581 2423 3704 2478 facto

2159 2516 2466 2583 clarificari,
2494 2517 2606 2572 sive
2652 2516 2954 2586 glorificari.
2991 2515 3283 2570 Clariticari
3318 2519 3537 2586 namque
3582 2515 3704 2569 facta

2163 2613 2275 2666 sive
2303 2610 2443 2666 dicta
2470 2610 2671 2681 aliqua,
2727 2620 2805 2665 est
2839 2610 2890 2663 in
2924 2608 3159 2663 notitiam
3213 2614 3328 2663 haec
3385 2610 3701 2677 plurimorum

2170 2707 2305 2757 fama
2330 2703 2577 2769 vulgante
2605 2701 2821 2764 deferri,
2853 2698 2992 2769 quod
3026 2699 3183 2752 etiam
3213 2698 3277 2752 de
3309 2698 3540 2752 humanis
3561 2698 3703 2751 rebus

2161 2796 2387 2849 mirifice
2409 2795 2574 2863 gestis
2608 2794 2719 2848 fieri
2754 2800 2959 2861 petest;
3015 2792 3175 2844 Deum
3227 2801 3401 2845 autem
3430 2790 3703 2854 clariﬁcari,

2158 2885 2271 2941 sive
2292 2882 2602 2952 gloriIiCari,
2648 2882 2700 2934 in
2755 2881 2907 2933 factis
2965 2881 3264 2944 hominum,
3321 2880 3576 2947 proprium
3635 2889 3703 2931 est

2160 2979 2461 3033 christiana:
2502 2979 2713 3047 pietatis
2755 2987 2813 3032 et
2860 2976 3195 3041 humilitatis,
3231 2975 3558 3044 pracipiente
3604 2971 3706 3039 ipso

2163 3082 2224 3123 ac
2249 3066 2459 3121 dicente
2492 3086 2503 3120 :
2543 3065 2758 3121 Videant
2790 3082 2945 3136 opera
2969 3077 3132 3121 uestra
3159 3067 3311 3130 bona,
3354 3075 3397 3117 et
3449 3062 3703 3134 gloriﬁcent

481 3167 696 3258 nentur.
717 3156 1253 3258 .Sett‘lIintelligendum
1285 3157 1425 3224 quod
1460 3158 1513 3211 in
1544 3158 1774 3258 semine”
1802 3155 2051 3221 Abraltat,
2082 3194 2132 3258 ο
2169 3159 2372 3213 Patrem
2394 3169 2612 3213 vestrum
2631 3161 2718 3228 qui
2738 3161 2789 3212 in
2818 3158 2955 3213 catis
2982 3170 3052 3211 est
3081 3155 3303 3225 (Matth.
3338 3155 3413 3223 ν).

475 3251 698 3315 ltocest,
717 3247 765 3301 in
781 3243 997 3300 Christo
1020 3246 1399 3301 benedicuntur
1421 3261 1605 3301 omnes
1633 3246 1847 3301 familia:
1874 3256 2049 3311 terrm,
2084 3235 2132 3258 "

484 3349 817 3406 quacunque
847 3334 1226 3390 benedicendtc
1254 3346 1408 3403 sunt;
1451 3335 1671 3405 ejusque
1720 3335 1888 3405 gratia
1940 3337 2056 3388 illit-

488 3428 724 3481 n'tinetur
752 3426 926 3481 omnis
958 3427 1140 3493 lzomo,
1171 3430 1473 3495 quicunque
1499 3428 1563 3479 ad
1609 3435 1805 3480 sortem
1846 3436 2057 3481 sancto-

480 3530 619 3581 rum,
641 3531 761 3585 qute
784 3529 863 3570 ρει
888 3517 937 3569 in
956 3517 1091 3581 luce,
1115 3517 1338 3584 pertinet
1356 3533 1369 3569 :
1386 3532 1475 3571 nec
1498 3516 1560 3569 sit
1582 3517 1724 3570 aliud
1750 3532 1931 3571 nomen
1961 3517 2051 3571 sub

478 3612 603 3663 (celo
624 3612 800 3661 datum
815 3610 1111 3676 hominibus
1137 3611 1186 3662 in
1209 3626 1305 3677 quo
1328 3618 1559 3676 oporteat
1586 3626 1677 3662 nos
1726 3608 1895 3664 salvos
1944 3610 2057 3678 ﬁeri

480 3695 622 3763 (Aet.
648 3702 741 3770 tv).
763 3701 1014 3766 Quamvis
1044 3710 1096 3753 ct
1119 3701 1187 3751 ita
1219 3708 1363 3755 recte
1394 3702 1559 3768 possit
1584 3702 1828 3771 intelligi,
1855 3702 2053 3757 nullam

479 3808 602 3846 esse
622 3792 1013 3860 cognationem,
1044 3791 1155 3843 sive
1180 3788 1437 3843 familiam
1490 3799 1667 3855 terrm,
1698 3792 1749 3843 in
1799 3804 1898 3859 qua
1950 3804 2054 3843 non

481 3884 647 3953 aliqui
723 3882 1145 3937 benedictionem
1203 3896 1445 3949 superna:
1512 3882 1835 3936 lucreditatis
1904 3884 2053 3935 acci-

480 3978 627 4044 piant
691 3993 702 4029 :
758 3990 822 4029 ex
850 3975 953 4030 illis
1006 3976 1127 4029 dico
1196 3975 1429 4039 familiis,
1480 3976 1593 4029 sive
1649 3976 2053 4043 engnulinltibus

483 4066 811 4137 septuaginta
844 4076 897 4121 et
940 4066 1165 4132 duobus,
1200 4064 1251 4119 in
1275 4080 1406 4134 quas
1434 4075 1549 4134 post
1572 4066 1827 4119 diluvium
1854 4067 1903 4119 in
1927 4081 2054 4119 con-

420 4211 425 4216 ,
475 4158 774 4210 structione
808 4156 971 4209 turris
1003 4155 1234 4210 divisum
1266 4170 1383 4209 esse
1410 4170 1573 4225 genus
1604 4155 1889 4208 humanum
1922 4156 2051 4226 legi-

483 4262 623 4301 mus.
651 4245 1039 4300 Benediceutur
1065 4261 1192 4315 ergo
1225 4246 1275 4299 in
1307 4246 1512 4299 semine
1544 4246 2053 4312 Abrah:e,videlicet

482 4340 773 4394 Mediatorc
808 4339 896 4391 Dei
934 4347 987 4390 et
1040 4337 1313 4391 hominum
1373 4338 1588 4391 homine
1637 4337 1763 4391 Jcsu
1816 4337 2048 4399 Christo,

480 4446 669 4485 omnes
698 4429 875 4489 electi,
904 4444 1007 4482 non
1036 4428 1205 4483 solum
1230 4431 1317 4497 qui
1348 4441 1464 4499 post
1490 4430 1910 4508 lncarnatiouem
1936 4431 2051 4498 ejus

2242 3252 2413 3319 Quare
2434 3254 2748 3322 fremuerunt
2796 3260 2987 3322 gentes,
3031 3259 3079 3303 et
3121 3249 3301 3318 papuli
3359 3246 3571 3301 meditati
3597 3255 3701 3298 sunt

2161 3344 2375 3398 inania?
2399 3342 2510 3397 Non
2544 3344 2694 3411 quasi
2721 3342 2932 3397 nescius
2987 3340 3281 3410 interrogat
3338 3340 3599 3409 pr0plteta,
3620 3337 3701 3391 sed

2163 3437 2429 3490 vesaniam
2461 3435 2705 3489 mirando
2734 3434 3019 3499 impiorum
3045 3433 3266 3501 corripit
3289 3446 3381 3485 eos
3411 3430 3497 3499 qui
3539 3430 3703 3480 adsero

2162 3541 2255 3579 sus
2280 3524 2558 3581 Dominum
2577 3525 2928 3589 Salvaturem,
2949 3521 3163 3577 nihil'ab
3181 3536 3246 3575 eo
3275 3521 3407 3587 Iamsi,
3433 3520 3530 3571 imo
3547 3515 3701 3569 multis

2162 3619 2435 3673 beneficiis
2460 3616 2649 3687 adjuti,
2684 3624 3156 3671 consurrexerunt.
3188 3612 3389 3668 Gentes
3416 3623 3576 3663 autem
3598 3623 3702 3676 pro-

2165 3723 2281 3782 pter
2310 3712 2507 3766 milites
2540 3711 2922 3773 liomanorum,
2980 3706 3201 3776 populos
3258 3713 3473 3772 propter
3516 3699 3701 3753 ludaos

2165 3804 2360 3872 pnsuil.
2407 3802 2557 3857 Unde
2598 3810 2723 3869 apte
2767 3810 2953 3868 gentes
3008 3795 3307 3858 fremuisse,
3344 3793 3509 3861 populi
3547 3798 3698 3842 autem

2162 3894 2400 3948 meditati
2432 3907 2551 3947 esse
2576 3892 2751 3944 inania
2784 3890 3037 3943 adversus
3100 3886 3267 3939 Deum
3324 3886 3577 3937 dicuntur.
3619 3878 3699 3932 lu-

2161 3989 2397 4041 damrum
2432 3998 2659 4052 namque
2690 3995 2938 4052 proceres
2970 3977 3154 4032 sedula
3207 3974 3563 4037 meditatione,
3586 3986 3699 4041 quo-

2162 4080 2319 4134 modo
2350 4078 2630 4133 Dominum
2658 4076 2811 4129 morti
2846 4074 3136 4135 traderent,
3170 4071 3502 4131 tractabant;
3534 4065 3698 4118 milites

2163 4185 2289 4225 vero
2312 4170 2443 4223 nihil
2494 4168 2541 4222 ei
2601 4164 3020 4231 intulisse,nihil
3080 4163 3392 4216 insidiarum
3450 4159 3699 4212 tetendisse

2162 4266 2510 4332 reperiuntur,
2540 4258 2630 4313 sed
2658 4268 2865 4311 tantum
2893 4258 2941 4309 in
2971 4254 3354 4308 contumeliam
3402 4259 3452 4303 et
3503 4257 3695 4301 mortem

2159 4358 2273 4425 ejus
2303 4352 2543 4421 imperiis
2573 4354 2981 4418 obtemperasse
3009 4344 3272 4414 prasidis.
3326 4340 3473 4397 Unde
3521 4347 3567 4393 et
3611 4336 3698 4389 [reo

2161 4462 2307 4503 mere
2334 4445 2458 4499 dicti
2484 4450 2627 4507 sunt,
2664 4442 2911 4507 imperito
2932 4438 3136 4491 scilicet
3165 4446 3312 4488 mutu
3361 4444 3513 4501 atque
3541 4430 3697 4482 incon.

481 4524 532 4577 in
562 4538 682 4579 eum
713 4521 1073 4585 crediderunt,
1118 4536 1299 4577 verum
1330 4525 1489 4576 etiam
1523 4524 1573 4576 lii
1606 4526 1694 4590 qui
1723 4525 2053 4579 lncarnatio-
2079 4542 2134 4606 Β
2160 4535 2268 4591 diro
2297 4536 2513 4604 agitati;
2546 4542 2598 4586 et
2630 4532 2751 4598 quia
2786 4527 3027 4584 fremitus
3087 4523 3299 4591 proprie
3349 4522 3565 4575 ferarum
3606 4522 3693 4577 est,

482 4618 563 4668 nis
610 4617 726 4683 ejus
752 4626 987 4684 tempora
1018 4615 1285 4666 nascendo
1334 4614 1383 4666 in
1438 4628 1596 4668 carne
1644 4629 2053 4681 prmcesserunt.

479 4713 740 4764 Omnibus
758 4724 984 4777 namque
1002 4709 1139 4763 idem
1162 4709 1317 4763 homo
1338 4708 1473 4762 Deus
1488 4710 1550 4761 ad
1564 4709 1727 4763 caelos
1741 4711 2058 4773 ascendens,

475 4804 665 4869 ianuas
698 4802 842 4867 regni
870 4800 1104 4853 calestis
1136 4801 1362 4866 aperuit,
1388 4802 1631 4850 omnibus
1664 4798 1714 4850 in
1740 4798 1827 4852 die
1872 4798 2053 4867 jlldii'ii

480 4891 718 4942 dit-turus
749 4899 829 4941 est
863 4904 876 4939 :
922 4888 1111 4949 Venite,
1138 4888 1384 4939 benedicti
1422 4888 1590 4941 l’atris
1647 4891 1765 4951 mei,
1815 4891 2057 4956 percipite

479 4998 691 5050 regnum
721 4980 935 5049 (Matth.
964 4982 1108 5049 xxv).

1088 5072 1314 5127 CAPUT
1361 5074 1444 5128 IV.

554 5165 965 5228 Supervenernnt
990 5167 1273 5217 sacerdotes
1305 5176 1349 5219 et
1378 5169 1702 5235 magistratus
1728 5171 1919 5237 templi.
1953 5172 2057 5223 Ma-

480 5256 738 5325 gistratus
766 5267 993 5306 uumero
1028 5254 1277 5319 singulari
1327 5255 1607 5321 legendum
1664 5271 1765 5321 est,
1792 5261 1929 5329 quod
1991 5276 2051 5313 ex

484 5352 673 5399 tirirco
730 5343 976 5397 facillime
1024 5345 1207 5407 claret,
1254 5349 1337 5398 ubi
1372 5350 1657 5423 στρατηγὸς
1716 5351 2059 5419 singulariter

480 5439 743 5506 scriptum
773 5446 854 5490 est
886 5453 902 5489 z
939 5453 1031 5504 pro
1061 5452 1163 5503 quo
1215 5436 1397 5490 Latine
1455 5442 1502 5490 in
1534 5440 1851 5506 quibusdam
1895 5444 2053 5496 Codi-

482 5534 637 5583 cibus
664 5530 1002 5597 praepositum
1035 5530 1215 5597 templi
1252 5568 1266 5593 ,
1301 5531 1349 5581 in
1383 5530 1499 5583 aliis
1528 5533 1724 5585 reetius
1774 5542 2054 5600 prmtorem

485 5620 667 5689 templi
686 5622 941 5689 scriptum
978 5621 1291 5673 invenimus.
1327 5620 1453 5673 Nam
1478 5622 1661 5678 Grece
1685 5635 1875 5691 praetor
1894 5648 2056 5699 στραο

480 5718 655 5783 τηγιῖς,
677 5712 1015 5782 magistratus
1032 5721 1206 5765 autem
1231 5712 1341 5766 sive
1360 5714 1605 5783 printeps
1635 5714 1817 5792 ἄρχων
1846 5719 2056 5775 dicitur.

559 5806 700 5859 Din't
730 5805 798 5859 ad
821 5820 901 5859 cos
922 5820 939 5857 :
962 5802 1227 5873 Principes
1252 5824 1338 5875 pot
1357 5808 1492 5864 ullel
1521 5810 1759 5867 seniores.
1791 5816 1847 5871 In
1874 5815 2057 5874 (ἑτιςο

2164 4630 2353 4681 merito
2385 4626 2613 4679 fremere
2636 4622 2761 4676 dicti
2817 4630 2943 4673 sunt
2999 4617 3106 4686 qui,
3158 4614 3365 4669 ratione
3417 4607 3695 4681 postposita,

2163 4719 2394 4774 belluino
2424 4716 2599 4769 furore
2628 4711 2871 4767 succensi
2920 4720 3062 4762 sunt.
3118 4707 3267 4772 Quod
3322 4715 3498 4757 autem
3545 4697 3697 4772 populi

2164 4812 2335 4865 inania
2371 4805 2606 4860 meditati
2665 4818 2785 4859 esse
2841 4800 3206 4867 terhilicntur,
3243 4795 3460 4863 respicit
3510 4793 3567 4847 ad
3612 4792 3698 4842 hoc

2161 4902 2299 4969 quod
2336 4904 2385 4953 in
2419 4898 2749 4967 prnicedente
2780 4896 2982 4963 psalmo
3012 4891 3076 4945 de
3124 4893 3281 4943 beato
3327 4891 3443 4943 viro
3473 4887 3639 4941 dicitur
3683 4898 3694 4930 :

2163 4996 2267 5044 δρα
2291 4995 2340 5045 in
2364 4994 2473 5059 lege
2506 4989 2961 5042 Dominivo.’untas
2984 4986 3111 5053 ejus,
3140 4994 3185 5035 et
3215 4984 3265 5034 in
3299 4983 3407 5050 lege
3426 4982 3529 5050 ejus
3564 4976 3695 5029 inrdi-

2163 5084 2350 5135 lt-bilill'
2378 5082 2459 5133 die
2488 5096 2547 5131 ac
2596 5086 2738 5131 nocte
2769 5076 2939 5143 (I’sol.
2983 5076 3041 5145 t).
3083 5074 3227 5127 Sicut
3268 5074 3408 5127 enim
3449 5073 3610 5123 beatus
3627 5074 3695 5117 est

2162 5175 2249 5242 qui
2277 5174 2325 5224 iu
2358 5171 2701 5224 meditatione
2728 5168 2921 5220 divina?
2963 5166 3091 5233 legis
3128 5180 3281 5217 suum
3327 5171 3526 5229 tempus
3564 5171 3693 5211 omne

2164 5264 2425 5328 transigit,
2462 5262 2528 5313 ita
2560 5261 2824 5329 perpetuis
2861 5266 2943 5312 est
2979 5256 3205 5310 miseriis
3239 5254 3362 5323 jure
3401 5250 3695 5320 dcputaudss

2164 5358 2247 5409 ille
2282 5355 2528 5421 populus,
2559 5352 2646 5421 qui
2674 5367 2775 5404 non
2801 5352 2971 5403 solum
3001 5364 3026 5401 a
3061 5349 3363 5401 tneditanda
3397 5345 3483 5399 Dei
3528 5344 3622 5409 lege
3647 5352 3696 5389 se

2162 5449 2477 5516 superbit-ns
2520 5447 2731 5508 avertit,
2772 5444 2862 5497 sed
2896 5454 2947 5496 et
2976 5455 3155 5496 contra
3191 5442 3364 5508 ipsum
3393 5440 3517 5507 legis
3542 5443 3693 5487 auclo-

2164 5556 2274 5593 rem
2318 5539 2481 5591 Denm
2521 5552 2580 5591 ac
2609 5537 2892 5590 Dominum
2932 5549 3084 5587 suum
3120 5536 3307 5587 crebra
3347 5544 3463 5585 sese
3501 5527 3690 5580 medita-

2164 5632 2305 5685 tione
2346 5631 2563 5683 insauus
2601 5637 2857 5684 exercuit,

2233 5725 2511 5778 Astiterunt
2533 5737 2672 5790 reges
2717 5729 2886 5783 teme,
2918 5729 2964 5770 et
3013 5718 3261 5786 principes
3303 5718 3613 5768 convenerant
3650 5705 3699 5755 ἀπ

2162 5835 2319 5873 unum
2340 5818 2579 5871 adversus
2624 5810 2961 5868 Daminttrnst
3014 5812 3248 5865 adrersus
3295 5806 3535 5864 Christus
3581 5802 3689 5861 sius.
