3860 6230
136 379 264 434 1000

862 365 1063 420 LIBER
1108 356 1707 418 llETlHCTATlONlS
1744 355 1812 411 ΙΝ
1860 354 2078 411 ACTUS
2120 352 2649 410 Al‘OSTOLURUM.

3227 350 3376 407 Nil)

132 490 399 557 Principes
426 487 745 544 Judcorum,
778 490 831 534 et
880 481 1047 548 ipsum
1096 476 1314 531 Pilatum
1347 474 1681 540 dicit;reges
1712 473 1754 529 Δ
1786 480 1898 523 ctos
1954 468 2043 522 Dei
2086 468 2311 521 lautulus
2363 468 2640 527 κοινοὸίτας
2689 465 2897 530 Graece,
2956 464 3006 519 id
3063 473 3163 526 est,
3218 478 3365 519 enm-

130 592 299 639 antem
325 578 513 649 plurali
550 587 770 631 numero
799 580 1017 641 prapter
1048 567 1317 623 llerodem
1363 562 1687 621 tetrarcham

132 675 296 744 ponit,
321 672 459 725 sicut
495 663 770 736 sequentia
809 661 1173 728 apostolorum
1218 656 1379 711 verba
1412 661 1687 708 testantur.

106 740 380 828 Quamvis
422 757 589 827 possit
616 764 761 810 recte
789 751 978 823 plurali
1008 764 1193 820 regum
1217 743 1573 816 appellatione
1600 740 1693 828 def

126 826 324 920 signari
357 826 469 917 ipse
510 845 745 901 Herodes
773 840 1056 907 tetrarcha,
1089 839 1177 907 qui
1211 838 1263 891 in
1308 848 1442 889 neco
1480 826 1691 920 Domini

129 919 446 994 consensum
488 936 710 1006 praebuit
748 933 937 998 Pilato,
968 940 1020 987 et
1056 928 1147 984 ille
1188 924 1437 996 ejusdem
1465 919 1696 976 nominis

127 1043 182 1087 et
210 1030 551 1100 malitim,qui
576 1029 626 1082 in
648 1024 1010 1096 persequendo
1041 1019 1325 1075 Dominum
1358 1029 1478 1068 mox
1513 1021 1695 1066 natum

131 1138 323 1192 pueros
346 1119 627 1177 necavit'in
647 1118 975 1173 Bethlehem.
991 1112 1089 1179 Qui
1108 1111 1207 1164 etsi
1233 1122 1337 1162 non
1354 1104 1541 1162 eodem
1567 1113 1697 1159 tem-

130 1230 278 1286 pore,
292 1214 481 1269 eodem
502 1222 675 1268 tamen
692 1211 814 1266 odio
830 1223 891 1262 ac
908 1204 1137 1275 nequitia
1155 1200 1369 1265 mentis,
1382 1213 1499 1252 cum
1515 1192 1700 1265 princb

129 1306 283 1378 pilius
302 1303 605 1359 Judaorum
623 1302 860 1354 adversus
883 1295 1156 1351 Dominum
1175 1293 1440 1346 astiterunt
1458 1300 1503 1343 et
1520 1301 1698 1341 conve-

129 1404 308 1451 nerunt
368 1396 423 1449 in
488 1409 660 1447 unum.
723 1387 1025 1445 Notandum
1084 1396 1263 1441 autem
1327 1381 1467 1451 quod
1510 1379 1697 1433 horum

131 1502 380 1541 versuum
438 1484 558 1539 talis
604 1493 687 1537 est
739 1474 1126 1541 concatenatio,
1154 1482 1212 1529 ut
1246 1484 1299 1529 et
1339 1473 1483 1543 prior
1507 1470 1575 1524 de
1610 1482 1697 1524 se-

130 1576 304 1631 cundo
335 1574 558 1641 accipiat
580 1570 1006 1633 clausulam,qua
1030 1566 1220 1621 dicitur
1250 1565 1492 1618 adversus
1522 1558 1675 1613 Domi
1687 1589 1701 1599 -

133 1687 251 1724 num
276 1678 321 1722 et
352 1668 589 1721 adversus
617 1664 872 1719 Christum
902 1662 1036 1732 ejus,
1068 1670 1119 1716 et
1148 1657 1413 1713 secundus
1433 1656 1499 1709 de
1530 1654 1701 1723 primo

133 1762 354 1829 accipiat
382 1758 691 1813 adverbium
717 1772 892 1825 quare,
928 1765 985 1807 ut
1011 1755 1083 1807 sit
1111 1753 1264 1821 plena
1294 1749 1569 1815 utriusque
1610 1761 1702 1815 po-

134 1849 251 1905 si-io
296 1866 308 1902 :

136 1952 246 1994 sunt
279 1940 456 1992 inania
484 1940 723 1990 adversus
756 1935 1028 2007 Dominum
1077 1943 1124 1987 et
1171 1932 1413 1983 adversus
1450 1928 1703 1983 Christum

138 2032 286 2103 ejus?
310 2032 481 2096 Quare
510 2030 778 2083 astiferunt
807 2042 947 2095 reges
976 2037 1138 2086 terrae,
1169 2032 1214 2075 et
1241 2021 1494 2091 principes
1529 2016 1706 2072 conre-

138 2130 314 2175 nerunt
336 2122 391 2175 in
421 2136 613 2182 unum,
645 2119 883 2171 adversus
915 2113 1189 2168 Dominum
1213 2121 1258 2166 et
1287 2112 1529 2163 adversus
1556 2106 1705 2161 Chri-

139 2222 265 2267 stum
292 2214 407 2281 ejus
432 2213 455 2266 ?
483 2210 653 2279 Reges
682 2216 857 2262 autem
888 2216 1041 2260 terra:
1064 2203 1195 2259 dicit
1221 2202 1287 2256 ad
1314 2198 1704 2255 distinctionem

139 2320 317 2360 eorum
357 2304 549 2370 quibus
579 2306 629 2357 in
671 2310 808 2356 terra
843 2295 1305 2368 pcregvinantibus
1344 2308 1565 2365 regnum
1596 2306 1707 2347 ser-

142 2405 289 2451 vator
310 2396 363 2450 in
391 2394 563 2450 coriis.

205 2484 271 2538 lis
300 2500 359 2539 eo
386 2484 526 2555 quod
555 2496 762 2536 manum
793 2490 933 2533 tuam
961 2476 1220 2539 extendas,
1255 2472 1494 2529 sanitates
1544 2480 1592 2525 et
1639 2472 1710 2523 si-

144 2592 233 2643 gna
262 2583 308 2627 et
333 2574 567 2644 prodigia
596 2571 706 2639 ﬁeri
736 2585 823 2637 per
845 2582 1025 2621 nomen
1046 2564 1204 2618 sancti
1228 2560 1353 2615 Filii
1373 2560 1447 2614 tui
1472 2558 1619 2613 Iesu.
1655 2559 1707 2613 In

144 2666 325 2721 Grtco
352 2662 599 2729 habetur,
634 2659 736 2715 Per
760 2674 941 2712 nomen
990 2656 1153 2709 sancti
1192 2652 1351 2707 Pueri
1405 2652 1479 2705 tui
1521 2649 1646 2704 Jesu
1690 2662 1710 2701 :

145 2756 278 2825 quod
335 2754 503 2822 magis
558 2750 918 2818 apostolorum
973 2746 1110 2799 vctis
1147 2756 1442 2815 congruere
1480 2740 1707 2806 videtur,

147 2846 228 2916 qui
272 2862 363 2913 rer
400 2842 577 2898 omnia
604 2828 918 2911 satagebant
947 2848 1000 2893 ut
1029 2838 1188 2892 homo
1217 2849 1373 2903 quem
1424 2832 1707 2889 cruciﬁxe-

149 2947 263 2991 runt
286 2935 474 2996 Judaei,
494 2931 907 2990 clarescentibus
936 2944 1031 2998 per
1054 2940 1245 2981 nomen
1273 2925 1390 2994 ejus
1420 2924 1706 2979 miraculo-

152 3044 259 3082 rum
286 3026 474 3097 signis,
508 3025 559 3080 in
587 3023 779 3079 caelum
810 3030 1135 3090 assumptus,
1167 3027 1219 3073 et
1260 3016 1353 3073 Dei
1393 3030 1512 3072 esse
1542 3015 1708 3071 Filius

154 3118 521 3172 innotesceret.

218 3222 284 3278 Et
318 3226 644 3295 loquebantur
664 3223 861 3278 verbum
895 3220 989 3277 Dei
1014 3238 1129 3275 cum
1161 3222 1367 3288 fiducia.
1422 3219 1475 3274 ln
1521 3218 1707 3274 Graeco

155 3316 373 3368 habe-tur
401 3316 638 3369 additum
669 3333 684 3369 :
717 3314 863 3367 Omni
891 3313 1073 3366 volenti
1124 3312 1344 3365 credere.
1388 3310 1491 3365 Sed
1547 3318 1603 3364 et
1654 3310 1706 3364 in

157 3409 387 3474 sequenti
417 3408 667 3471 let-tiote,
701 3421 820 3459 cum
872 3406 1068 3459 dictum
1135 3415 1280 3459 esset
1312 3420 1325 3455 :
1364 3403 1710 3458 Multitudinis

157 3507 317 3551 autem
339 3497 645 3549 credentium
670 3505 777 3549 erat
816 3511 901 3548 cor
931 3511 1085 3549 unum
1114 3503 1161 3549 et
1185 3495 1357 3547 anima
1382 3511 1506 3560 una,
1537 3490 1600 3549 et’
1622 3493 1709 3551 hic

157 3590 204 3641 in
232 3587 427 3642 Graecis
472 3586 888 3654 exemplaribus,
926 3584 1067 3654 quod
1107 3585 1276 3638 nostri
1328 3583 1551 3639 Codices
1604 3598 1707 3638 non

158 3680 362 3743 habent,
387 3678 691 3747 adjunctum
722 3685 844 3732 est:
880 3673 953 3729 Et
978 3692 1078 3729 non
1111 3676 1513 3745 erat.separatio
1549 3676 1601 3729 in
1639 3676 1711 3729 eis

160 3770 281 3823 ulla.
312 3771 385 3824 Ac
406 3770 615 3833 deinde,
648 3767 786 3837 quod
815 3778 868 3821 et
901 3768 950 3820 in
982 3768 1175 3821 nostris
1205 3767 1490 3821 Codicibus
1541 3767 1712 3820 conti—

161 3871 310 3916 netur
339 3861 634 3914 subillatum
660 3876 672 3911 :
700 3857 808 3912 Nec
830 3859 1097 3927 quisquam
1118 3859 1323 3909 illorum
1344 3871 1459 3926 qua!
1486 3856 1713 3927 posside-

163 3958 271 4008 bant
288 3954 476 4023 aliquid
491 3970 639 4007 suum
652 3968 756 4006 esse
768 3950 1021 4004 dicebant.
1038 3950 1207 4015 Quam
1223 3949 1537 4003 sententiam
1554 3948 1712 4001 etiam

165 4048 342 4099 beatus
367 4044 660 4113 Cyprianus
700 4044 752 4097 in
782 4040 917 4096 libro
955 4039 1404 4095 Testimoiiiorum
1446 4040 1603 4093 tertio
1638 4038 1715 4092 sic

163 4137 355 4204 posuit,
379 4134 587 4189 dicens:
612 4151 631 4185 t
658 4132 832 4186 Turba
855 4138 1031 4186 autem
1056 4145 1240 4185 eorum
1266 4130 1352 4199 qui
1374 4128 1719 4183 crediderunt

164 4226 326 4279 snima
341 4240 436 4279 una
451 4240 511 4279 ac
530 4235 707 4279 mente
719 4224 999 4293 agebatur;
1020 4236 1117 4276 nec
1132 4230 1247 4276 erat
1269 4223 1403 4275 inter
1421 4220 1537 4273 illos
1555 4220 1714 4273 ullum

167 4316 463 4380 discrimen,
480 4329 577 4369 nec
594 4313 869 4383 quisquam
887 4327 1039 4367 suum
1060 4310 1331 4380 judicabat
1349 4326 1411 4365 ex
1432 4309 1586 4365 bonis
1602 4326 1717 4377 quia

166 4410 240 4463 eis
277 4418 443 4463 erant.
489 4424 512 4461 s
538 4406 803 4462 Convenit
848 4414 1026 4460 autem
1072 4406 1159 4460 hic
1190 4406 1336 4459 locus
1364 4415 1417 4459 et
1444 4405 1716 4474 aptissima
1785 4459 1795 4469 ,

166 4502 364 4553 ratione
375 4499 598 4554 concinit
618 4498 663 4551 ei
682 4496 821 4566 quod
835 4511 991 4564 supra
1008 4494 1206 4550 dictum
1228 4506 1326 4559 est,
1346 4495 1465 4562 quia
1485 4496 1573 4565 qui
1595 4495 1717 4565 Spi-
1750 4514 1795 4574 υ

169 4592 322 4646 ritum
350 4600 581 4646 sanctum
605 4597 924 4657 acceperunt
950 4587 1003 4643 in
1033 4587 1119 4647 die
1149 4597 1335 4643 sancto
1353 4587 1715 4652 l’entecostes,

167 4694 281 4735 cum
317 4695 494 4735 omnes
522 4679 725 4734 Galilati
749 4688 1274 4747 essent,t-unctorum
1297 4678 1384 4747 qui
1407 4677 1474 4732 de
1498 4677 1721 4731 diversis

171 4772 345 4825 mundi
373 4771 601 4839 partibus
628 4769 851 4824 aderant
878 4777 929 4824 et
958 4767 1268 4825 Iudaeorum
1320 4780 1372 4823 et
1427 4767 1723 4838 proselyto-

171 4876 281 4914 rum
311 4858 493 4928 linguis
523 4857 897 4928 loquebantur.
944 4856 1055 4911 Illic
1084 4856 1280 4910 etenim
1317 4872 1408 4923 per
1439 4857 1720 4910 adnnatio-

176 4964 289 5003 nem
320 4950 602 5016 linguarum
635 4948 1048 5013 discrepantium
1084 4946 1443 5015 pulcherrimo
1464 4946 1724 5015 prmsagio

175 5038 575 5108 designabantur,
636 5039 776 5105 quod
850 5045 1031 5090 sancta
1104 5037 1331 5090 Ecclesia
1388 5053 1478 5106 per
1528 5040 1722 5091 donum

181 5129 409 5198 ejusdem
434 5131 657 5198 Spiritus
684 5130 733 5182 in
766 5128 992 5181 diversis
1048 5144 1138 5197 per
1190 5130 1370 5183 orbein
1422 5130 1726 5185 nationibus

182 5234 233 5275 et
260 5222 440 5290 linguis
463 5238 619 5275 unum
650 5230 789 5275 esset
822 5234 912 5272 cur
936 5228 989 5272 ot
1015 5221 1246 5272 animam
1302 5220 1567 5276 habitura.
1610 5222 1721 5275 Non

184 5314 315 5368 enim
344 5313 565 5367 omnium
590 5312 922 5366 credentium
950 5320 1031 5363 est
1060 5310 1251 5378 linguis
1282 5312 1425 5378 loqui
1458 5312 1726 5377 omnibus,

182 5402 271 5458 sed
302 5403 611 5459 diversarum
653 5403 913 5457 adunatio
940 5403 1236 5471 linguarum
1270 5402 1320 5455 in
1374 5403 1477 5457 lide
1527 5404 1724 5459 Christi

189 5497 376 5551 indicio
406 5493 513 5565 luit,
536 5497 659 5567 quia
688 5494 938 5549 Dominus
970 5510 1119 5560 unus,
1150 5510 1251 5549 una
1284 5494 1428 5562 ﬁdes,
1458 5512 1617 5549 unum
1641 5497 1729 5550 ba-

189 5589 387 5655 ptisma,
404 5602 521 5644 unus
552 5587 683 5641 Deus
708 5595 754 5640 et
786 5582 943 5638 Pater
971 5586 1195 5638 omnium
1219 5584 1432 5654 (Ep/tes.
1467 5585 1564 5654 tv).

257 5678 358 5734 Sed
379 5689 507 5735 erant
530 5678 632 5735 illis
659 5677 829 5731 munia
849 5676 1161 5730 communia.
1196 5674 1380 5731 Latine
1430 5678 1728 5733 communia

194 5768 621 5826 Gracilicuutur
653 5770 811 5833 κοινὰ,
836 5783 861 5820 a
891 5783 996 5840 quo
1025 5765 1244 5829 nomine
1292 5775 1501 5826 constat
1552 5768 1725 5839 perlu-

1793 559 2020 615 mnniter
2074 559 2352 623 viventes,
2411 566 2465 612 et
2523 559 2743 613 xstv66tst
2814 555 3129 611 habitacula
3175 569 3371 610 somni:

1792 666 1911 706 esse
1974 659 2197 712 vocata;
2248 651 2356 719 βίον
2422 662 2650 716 namque
2723 647 2895 715 lingua
2961 660 3146 701 eorum
3204 645 3375 698 vitam.

1791 751 2002 797 €0tt8lut
2046 739 2319 808 appellari,
2351 754 2453 793 non
2503 754 2619 793 eam
2650 738 2809 792 vitam
2861 753 2979 807 quae
3010 738 3166 791 morti
3218 750 3361 792 con.-

1795 834 1954 886 traria
1979 841 2054 887 est
2076 847 2091 895 ;
2118 829 2211 885 sed
2238 830 2381 884 illam
2405 830 2529 883 dum
2544 830 2851 897 quaerimus,
2875 828 3120 897 qua-quis
3140 840 3362 882 convcr-

1794 922 2000 977 satione
2028 922 2186 976 vitam
2208 921 2384 983 ducat,
2402 919 2455 975 in
2474 920 2679 987 militia,
2699 936 2765 974 an
2788 920 2849 975 in
2866 918 3285 989 agricultura,an
3310 917 3365 972 iu

1797 1021 1911 1067 arte
1948 1012 2184 1081 qualibet
2224 1010 2467 1076 honesta,
2499 1011 2581 1065 vel
2633 1011 2791 1080 turpi,
2816 1009 3107 1065 monachus
3160 1008 3248 1073 sit,
3296 1022 3365 1063 an

1802 1104 1990 1165 laicus,
2024 1119 2089 1156 an
2123 1102 2373 1157 clericus.
2425 1102 2710 1165 Cmterum,
2742 1103 2848 1156 vita
2904 1116 3003 1171 qua
3062 1114 3094 1154 a
3146 1099 3374 1155 mortuis
3419 1144 3427 1151 .

1799 1196 2153 1251 discernitnur
2179 1201 2281 1261 ζωή
2311 1205 2644 1264 nuncupatur
2671 1210 2701 1247 a
2732 1192 2953 1249 Griecis.
2986 1194 3087 1262 Qui
3122 1207 3250 1263 ergo
3298 1194 3377 1248 ita

1803 1287 1986 1342 vivunt
2019 1296 2072 1341 ut
2098 1287 2203 1341 sint
2231 1287 2310 1342 eis
2339 1288 2512 1341 omnia
2546 1286 2849 1340 communia
2876 1284 2929 1338 in
2962 1284 3204 1347 Domino,
3226 1294 3374 1337 recte

1802 1382 2097 1449 composito
2126 1396 2191 1435 ex
2226 1380 2435 1435 tluohus
2465 1397 2568 1433 uno
2603 1379 2836 1443 nomine,
2868 1379 3143 1433 κοινοϐῐται
3173 1390 3377 1429 vocan-

1806 1482 1909 1527 tur.
1940 1473 2067 1540 Quae
2090 1472 2342 1526 nimirum
2396 1471 2501 1524 vita
2544 1478 2686 1524 tanto
2730 1470 2937 1523 cmteris
2983 1468 3161 1521 sn'culi
3217 1466 3373 1533 hujus

1805 1562 2299 1618 conversationibus
2328 1559 2530 1616 felicior
2588 1568 2915 1630 esl,qnanto
2966 1569 3160 1611 stutum
3213 1556 3372 1609 futuri

1806 1654 1983 1708 sweuli
2016 1654 2174 1707 etiam
2202 1652 2258 1705 in
2306 1650 2551 1719 praesenti
2595 1647 2849 1712 imitatur,
2885 1640 2972 1701 tibi
3021 1657 3144 1701 sunt
3192 1646 3371 1700 onmia

1808 1745 2053 1799 omnibus
2088 1742 2394 1798 communia
2446 1743 2582 1797 bona
2637 1742 2829 1805 beatis,
2870 1740 3210 1796 cernentibus
3257 1740 3390 1808 ejus

356 1848 525 1914 Quare
554 1822 868 1917 fremuerunt
918 1851 1111 1914 gentes,
1155 1850 1201 1894 et
1262 1840 1436 1909 papuli
1476 1836 1704 1889 meditati
1735 1822 1779 1881 Β
1807 1836 2049 1908 gloriam,
2072 1849 2101 1888 a
2126 1850 2230 1904 quo
2255 1835 2429 1887 omnis
2456 1834 2592 1888 bona
2624 1842 2748 1886 sunt
2774 1850 2787 1897 ;
2829 1844 2881 1887 et
2904 1832 3027 1901 quia
3061 1830 3132 1884 ibi
3167 1842 3384 1885 summa

1809 1929 1955 1996 pacis
2010 1934 2065 1979 et
2109 1924 2412 1979 securitatis
2449 1924 2616 1990 gratia
2666 1932 3041 1990 regnat,recte
3091 1920 3278 1975 civitas
3323 1918 3384 1974 in

1808 2031 1909 2084 qua
1962 2013 2119 2084 hujus
2168 2014 2286 2067 vitae
2334 2022 2492 2085 typus
2524 2011 2797 2080 priscessit
2826 2011 3147 2075 Jerusalem,
3199 2009 3251 2064 id
3296 2016 3385 2063 est

1816 2106 1957 2160 Visio
1987 2106 2156 2175 pacis,
2177 2104 2317 2158 dicta
2346 2112 2447 2158 est.
2486 2102 2634 2157 Unde
2661 2101 2889 2155 notanda
2920 2115 3098 2156 rerum
3122 2100 3276 2155 simul
3305 2101 3383 2155 Ιο-

1807 2207 2100 2263 eorumque
2164 2192 2437 2258 distunlia,
2482 2191 2747 2260 siquidem
2794 2191 2850 2246 in
2897 2206 3061 2260 opere
3115 2192 3379 2260 superbi:-

1811 2287 1991 2352 turris,
2042 2285 2218 2355 lingua
2267 2292 2321 2338 et
2363 2298 2514 2338 mens
2560 2282 2775 2336 humani
2816 2281 3029 2352 generis
3058 2297 3179 2350 cum
3238 2291 3385 2337 esset

1811 2390 1935 2440 una,
1960 2376 2149 2430 merito
2178 2374 2476 2449 iniquitatis
2498 2372 2716 2428 discissa
2747 2384 2852 2439 eSt,
2882 2374 2951 2427 ita
2997 2382 3053 2426 ut
3101 2388 3221 2428 cum
3268 2387 3382 2425 om-

1811 2468 1965 2522 nibus
1988 2467 2057 2520 ibi
2086 2464 2279 2533 linguis
2309 2466 2654 2535 loquerentur
2703 2462 2966 2527 homines,
2998 2478 3156 2518 nemo
3202 2474 3379 2517 tamen

1814 2560 2034 2630 proximi
2065 2558 2145 2613 sui
2172 2558 2494 2613 voluntatem
2526 2566 2614 2611 aut
2638 2556 2797 2611 verba
2820 2564 3187 2625 cognosceret.
3215 2554 3379 2611 Porro

1811 2654 1862 2708 in
1893 2652 2185 2708 Jerusalem
2216 2650 2418 2705 eadem
2452 2660 2573 2704 sunt
2603 2649 2794 2716 lingua:
2827 2649 3015 2701 merito
3074 2646 3382 2700 humilitatis

1812 2744 1991 2807 unite,
2033 2756 2241 2811 unaqne
2262 2741 2507 2797 omnibus
2538 2740 2739 2811 lingua,
2772 2738 2960 2793 eadem
2993 2747 3105 2792 crat
3138 2738 3384 2791 voluntas

1811 2848 1859 2892 et
1882 2836 2078 2889 anima.
2106 2833 2255 2901 Quod
2278 2833 2524 2887 nimirum
2558 2844 2727 2899 usque
2759 2828 2920 2883 hodie
2951 2838 3060 2881 toto
3115 2828 3245 2880 orbe
3289 2842 3381 2895 ge-

1813 2929 1963 2994 ritur,
1986 2925 2110 2980 dum
2141 2925 2293 2979 electi
2324 2925 2375 2978 in
2400 2922 2681 2976 multifaria
2705 2920 2970 2976 divisione
3018 2918 3375 2989 loquelarnm,

1812 3034 1917 3075 uno
1948 3034 2008 3071 ac
2033 3032 2137 3071 non
2166 3015 2337 3071 diviso
2361 3013 2523 3070 corde
2554 3024 2604 3068 et
2630 3012 2926 3067 intentione
2957 3011 3183 3065 Domino
3213 3010 3383 3064 [.nuuc

1815 3110 2025 3172 lantur;
2047 3117 2103 3161 at
2133 3120 2266 3161 vero
2288 3105 2499 3174 reprobi
2526 3105 2598 3157 ita
2616 3118 2799 3158 omnes
2818 3102 3029 3157 diabolo
3045 3101 3375 3163 deserviunt,

1730 3167 1784 3230 θ
1816 3207 1872 3253 ut
1900 3198 2089 3254 eadem
2113 3196 2340 3251 servitus
2364 3207 2543 3251 mente
2568 3203 2620 3249 et
2646 3208 2869 3263 pugnaci
2904 3194 3212 3261 plerumque
3238 3191 3377 3243 inter

1812 3305 1871 3344 se
1908 3290 2084 3344 studio
2113 3298 2165 3344 et
2192 3288 2481 3343 certamine
2506 3295 2739 3356 geratur,
2766 3295 2981 3355 prapter
3026 3299 3145 3354 quae
3189 3298 3396 3340 eortan

1812 3380 1997 3437 civitas
2019 3391 2159 3437 recte
2184 3381 2439 3451 Babylon,
2462 3381 2511 3435 id
2539 3388 2640 3443 est,
2671 3379 2911 3433 conlusio
2942 3376 3280 3455 nominatim-

1886 3470 2079 3543 Ioseph
2126 3482 2294 3526 autem
2340 3473 2429 3541 qui
2462 3471 2853 3539 cognominatus
2897 3478 2972 3522 est
3014 3458 3275 3522 Barnabas
3323 3469 3385 3522 ab

1816 3564 2082 3633 apostolis,
2108 3564 2246 3634 quod
2264 3572 2339 3617 est
2384 3564 2767 3628 interpretatum
2811 3560 2952 3627 ﬁlius
2996 3559 3379 3622 consolationis,-

1818 3652 1986 3706 levites
2026 3651 2247 3722 Cyprius
2298 3666 2493 3720 genere,
2531 3665 2645 3703 cum
2690 3649 2891 3703 haberet
2937 3664 3115 3716 agrum
3160 3648 3387 3701 vendidit

1815 3740 1983 3804 illum,
2043 3748 2144 3794 etc.
2194 3740 2383 3794 Mirum
2429 3737 2697 3807 quomodo
2757 3738 2893 3791 hunc
2949 3738 3387 3807 Barnaham,qui

1819 3838 2001 3896 postea
2029 3842 2150 3881 cum
2187 3828 2347 3880 Paulo
2376 3828 2609 3895 gentium
2643 3838 2721 3879 est
2764 3826 3044 3880 ordinatus
3092 3828 3386 3894 apostolus,

1817 3933 1877 3972 ac
1909 3929 2024 3987 post
2056 3919 2269 3987 longum
2296 3918 2413 3987 ejus
2452 3919 2859 3971 contubernium
2908 3918 3083 3973 denuo
3130 3918 3385 3985 Cyprum,

1819 4011 1955 4063 unde
1987 4020 2135 4062 ortus
2167 4009 2358 4073 fuerat,
2391 4008 2769 4076 praedicaturus
2797 4010 2971 4072 rediit,
3026 4009 3305 4075 Eusebius,
3338 4012 3392 4062 in

1824 4101 2053 4153 Historia
2084 4099 2463 4165 ecclesiastica,
2493 4101 2560 4155 de
2610 4116 2833 4153 numero
2882 4116 3003 4156 esse
3052 4105 3409 4170 septuaginta.

1820 4194 2199 4261 discipulorum
2233 4193 2435 4246 Domini
2472 4192 2763 4247 Salvatoris
2796 4194 3104 4260 arbitratur,
3133 4209 3251 4249 cum
3274 4211 3388 4247 ma-

1823 4286 2009 4339 nileste
2029 4283 2222 4337 scribat
2249 4283 2435 4337 beatus
2464 4282 2637 4336 Lucas
2670 4297 2791 4337 eum
2844 4293 2964 4353 post
3015 4286 3383 4338 ascensionem

1824 4377 2030 4432 Domini
2077 4376 2144 4430 ad
2190 4375 2562 4445 discipulatum
2595 4376 2957 4444 apostolorum
2990 4377 3238 4440 venisse;
3286 4378 3387 4432 nisi

1824 4469 1959 4523 forte
1984 4468 2267 4538 putandum
2291 4477 2372 4523 est
2392 4483 2511 4523 eum
2535 4466 2679 4536 prius
2702 4466 2769 4521 ita
2793 4466 3164 4536 discipulatum
3190 4467 3391 4524 Christi

1824 4570 2106 4625 secutum,
2158 4568 2215 4612 ut
2268 4556 2494 4612 necdum
2545 4558 2927 4613 renuntiaverit
2974 4558 3221 4612 omnibus
3270 4573 3389 4626 quas

1826 4651 2151 4721 possidebat.
2181 4648 2333 4716 Quod
2364 4661 2536 4703 utrum
2568 4650 2888 4716 evangelicae
2910 4647 3167 4702 doctrinae
3188 4662 3388 4704 contra.

1826 4742 1978 4806 nerit,
2011 4740 2178 4795 cuivis
2209 4740 2457 4793 facillime
2511 4746 2674 4807 patet.

2449 4848 2674 4904 CAPUT
2717 4848 2777 4902 V.

1899 4943 2189 5014 Exsurgens
2211 4952 2380 4995 autem
2410 4942 2638 5009 princeps
2667 4940 3005 5003 sacerdotum,
3039 4948 3088 4993 et
3110 4956 3278 4993 omnes
3306 4943 3394 5009 qui
3418 4954 3421 4955 '

1828 5053 1941 5088 cum
1972 5037 2061 5087 illo
2086 5042 2251 5098 erant,
2285 5044 2389 5086 etc.
2420 5032 2541 5086 llicc
2570 5030 2724 5085 lectio
2756 5032 2805 5084 in
2852 5030 3040 5084 Graeco
3086 5033 3155 5085 ita
3188 5032 3391 5102 incipit,

1829 5127 2118 5197 reSpiciens
2144 5128 2207 5180 ad
2236 5124 2407 5195 priora
2440 5143 2450 5177 :
2488 5122 2551 5179 Et
2580 5124 2749 5176 uidens
2780 5124 2905 5187 haec,
2937 5140 3210 5193 exsurgens
3256 5128 3397 5192 prin-

1830 5238 1941 5286 ceps
1964 5224 2299 5275 sacerdotum.

1906 5314 1969 5365 L't
2001 5313 2270 5365 audierunt
2297 5318 2462 5361 autem
2495 5310 2583 5360 Iros
2611 5324 2867 5361 sermones
2910 5308 3230 5377 magistratus
3270 5316 3394 5358 tem-

1834 5404 1922 5469 pli.
1955 5412 1998 5455 et
2028 5402 2280 5468 principes
2299 5400 2640 5461 sacerdotum,
2666 5397 2949 5450 ambiebant
2989 5397 3051 5449 de
3097 5397 3201 5448 illis
3245 5394 3397 5465 quid.

1833 5510 1949 5545 nam
1980 5493 2142 5559 ﬁeret.
2173 5490 2237 5544 Et
2263 5490 2348 5543 hic
2377 5490 2714 5558 magistratus
2754 5487 3003 5557 singulari
3054 5501 3273 5540 numero
3322 5488 3397 5541 le—

1834 5584 2083 5654 gendum,
2116 5579 2252 5634 sicut
2297 5579 2455 5632 etiam
2504 5579 2554 5632 in
2606 5578 2949 5646 sequentibus
2997 5577 3085 5631 ubi
3132 5576 3323 5629 dicitur
3383 5594 3394 5626 :

1834 5673 1975 5727 Tunc
2002 5672 2123 5724 abiit
2146 5671 2469 5739 magistratus
2491 5669 2539 5720 in
2570 5668 2812 5736 templum
2835 5683 2949 5720 cum
2974 5664 3399 5720 ministris.Gr:c-

1835 5781 1953 5823 cum
1981 5777 2206 5834 namque
2237 5761 2514 5831 exemplar
2540 5769 2763 5832 utroque
2803 5759 2855 5815 in
2902 5758 3025 5820 loco
3062 5752 3418 5827 singulariter.
