3860 6230
514 352 644 411 lo“

933 349 1138 407 BEDJE
1179 350 1631 410 VENERABIUS
1670 352 1821 409 OPP.
1866 352 2040 413 PARS
2079 352 2143 412 11.
2183 353 2375 414 SECT.
2422 359 2459 413 l.
2503 389 2569 401 -
2613 360 2997 421 EXECETICA
3039 364 3359 427 GENUlNA.

3614 378 3717 430 lOli

511 462 820 541 ςτρσηηὸς,
852 462 902 517 id
934 473 1034 527 est,
1089 474 1297 531 prator,
1331 467 1509 522 habet.
1573 466 1764 521 Verum
1815 466 2085 522 sciendum
2117 470 2164 529 Α
2193 468 2243 521 in
2274 469 2462 526 Graeco
2497 474 2581 531 hic
2606 477 2721 545 plus
2751 479 3010 535 habetur:
3045 482 3222 553 Neque
3250 502 3359 553 vos,
3390 504 3550 557 neque
3573 494 3719 558 princi-

510 564 650 624 auod
681 562 766 615 hic
813 560 959 612 locus
990 558 1103 624 plus
1133 558 1292 611 habet
1318 559 1367 611 in
1400 559 1606 623 Grzeco,
1654 560 1725 612 ita
1782 560 1922 611 enim
1954 558 2086 611 scri-

510 663 659 724 ptum
681 658 765 706 est
793 668 805 702 :
840 647 909 704 Ut
934 650 1205 702 audierunt
1235 661 1407 703 autem
1449 649 1599 702 verba
1646 650 1752 702 Ita'c
1803 649 2085 702 sacerdotes

506 751 559 797 et
588 742 918 811 magistratus
946 740 1142 806 templi,
1170 750 1216 793 et
1244 742 1497 809 principes
1520 742 1840 793 sacerdotum
1868 782 1882 803 ,
1924 742 2083 793 mira-

510 840 722 899 bantur,
746 844 792 887 et
822 832 1140 903 ambigebant
1170 833 1233 886 de
1256 831 1382 893 illis,
1405 832 1653 901 quidnam
1682 832 1784 884 vult
1816 834 1908 884 hoc
1940 833 2088 885 esse?

582 925 651 981 Et
673 908 1001 996 interrogavit
1024 942 1103 979 eos
1129 928 1361 994 princeps
1383 926 1698 979 sacerdotum
1720 925 1924 977 dicens:
1951 924 2087 978 Prte-

508 1018 742 1089 eipiendo
765 1018 1098 1087 precepimus
1119 1016 1276 1077 υυὺὶε,
1296 1026 1399 1069 etc.
1419 1014 1845 1103 Cunseqnenlius
1865 1017 2088 1071 habetur

507 1112 561 1167 in
610 1110 838 1167 Greco:
898 1109 1082 1163 Nonne
1132 1109 1474 1178 prtrcipiendo
1529 1110 1860 1176 pra’cepimus
1905 1111 2089 1164 vobis?

506 1201 744 1271 Namque
768 1200 837 1256 ita
870 1200 1011 1267 loqui
1044 1198 1214 1269 magis
1244 1199 1591 1266 interroganti
1622 1198 1891 1253 convenit.

580 1292 798 1347 Obedire
824 1300 1017 1363 oportet
1052 1290 1154 1343 Deo
1185 1291 1344 1359 magis
1380 1306 1531 1359 quam
1560 1288 1871 1342 hominibus.
1918 1289 2086 1344 luter-

503 1386 741 1457 rogative
764 1385 953 1452 legitur
979 1382 1031 1437 in
1056 1381 1277 1437 Grmco:
1311 1381 1527 1434 Ubedire
1550 1391 1746 1446 Oportet
1773 1382 1875 1433 Deo
1901 1382 2084 1450 magis,

505 1497 574 1534 an
604 1477 941 1533 hominibus?
980 1485 1033 1531 et
1059 1485 1181 1545 apte
1226 1474 1438 1526 stultam
1484 1488 1547 1527 ac
1593 1472 1927 1527 temeritrinm
1956 1470 2083 1539 pon-

508 1569 668 1624 tiﬁcis
709 1566 1177 1637 interrogationem
1212 1564 1453 1635 Apostoli
1489 1564 1587 1617 lixa
1621 1578 1682 1617 ac
1719 1564 1962 1631 prudenti
1997 1579 2083 1617 re-

508 1660 801 1729 sponsione
832 1660 1147 1712 reintarunt.
1945 1722 1951 1726 _

577 1749 716 1805 Deus
748 1760 946 1815 patrum
978 1758 1268 1802 nostrorum
1298 1748 1558 1800 suscitavit
1584 1745 1780 1801 Iesum.
1813 1748 1866 1801 lu
1897 1747 2083 1803 Graeco

2190 578 2276 630 pes
2327 567 2497 620 vestri.

2268 656 2347 711 Ne
2366 660 2498 727 forte
2522 675 2567 717 et
2590 663 2699 719 Deo
2722 683 3010 739 repugnare
3035 672 3380 729 inveniamini.
3416 677 3516 731 Pro
3536 694 3598 733 eo
3616 685 3718 749 quod

2192 766 2289 803 nos
2314 752 2569 809 habemus
2603 756 2707 810 Deo
2735 775 3019 831 repugnare
3045 805 3060 829 ,
3093 766 3172 818 vel
3200 805 3213 827 ,
3256 767 3395 820 sicut
3436 771 3639 838 quidam
3667 774 3719 825 in-

2191 849 2463 912 terpretati
2499 862 2618 903 sunt
2646 890 2661 911 ,
2713 852 2817 906 Deo
2860 868 3195 926 repugnantes
3220 899 3235 923 ,
3281 860 3331 913 in
3374 860 3562 915 Greco
3593 879 3719 919 unum

2190 952 2381 991 nomen
2413 949 2493 993 est
2522 942 2773 1010 positum,
2802 947 3073 1020 θεομάχοι.
3103 950 3255 1015 Quod
3287 952 3406 1008 ideo
3430 970 3719 1010 commemoo

2188 1027 2411 1082 randum
2469 1034 2687 1101 putavi,
2738 1045 2793 1088 ut
2841 1051 2961 1091 cum
3009 1042 3059 1093 in
3112 1040 3346 1099 historiis
3384 1048 3631 1119 Θιομάχος
3653 1064 3719 1104 aut

2188 1119 2478 1189 θεομαχὶαν
2506 1124 2830 1197 invenimus,
2866 1130 3113 1185 virtutem
3141 1136 3371 1191 nominis
3399 1138 3592 1194 certius
3614 1143 3719 1196 scire

2191 1214 2476 1279 possimus.

2797 1311 3023 1372 CAPUT
3057 1317 3139 1373 Vl.

2260 1396 2372 1452 llos
2418 1409 2700 1456 statuerunt
2748 1414 2867 1458 ante
2913 1418 3228 1477 conspectum
3273 1414 3649 1481 apostolorum,
3686 1428 3721 1471 tt

2188 1498 2385 1544 orantes
2412 1492 2762 1562 imposuerunt
2809 1498 2881 1551 eis
2911 1515 3110 1553 manus.
3142 1499 3255 1555 Non
3289 1503 3361 1557 illi
3394 1505 3478 1573 qui
3514 1521 3604 1562 eos
3637 1519 3719 1561 stac

2188 1592 2426 1649 tuernut,
2473 1586 2565 1639 sed
2601 1588 2851 1656 apostoli,
2885 1591 3258 1660 imposuerunt
3286 1597 3364 1650 eis
3392 1612 3592 1653 manus.
3624 1600 3719 1654 Ete-

2186 1672 2292 1727 nim
2321 1678 2619 1731 Communis
2648 1678 2863 1746 quidem
2896 1681 3226 1751 dispensatio
3247 1686 3490 1754 exigebat
3516 1696 3570 1741 ut
3598 1690 3719 1743 mini-

2188 1766 2282 1819 stri
2332 1781 2429 1834 pro
2461 1767 2629 1823 viduis
2675 1770 2774 1823 viri
2818 1771 3174 1840 eligerentur;
3225 1791 3408 1830 verum
3443 1778 3525 1831 ubi
3553 1778 3718 1833 inventi

503 1840 667 1897 habet
700 1841 925 1895 Puerum
952 1856 1097 1893 suum
1133 1837 1331 1899 Iesum,
1378 1837 1524 1905 juxta
1570 1838 1696 1890 illud
1747 1838 2076 1893 Psalmistte:
2113 1829 2158 1889 Β
2184 1865 2309 1908 sum
2334 1829 2425 1925 'qui
2472 1856 2614 1927 digni
2646 1858 2711 1913 ad
2740 1858 2843 1915 hoc
2874 1829 3228 1917 [ginimmm
3257 1879 3379 1919 esse
3410 1866 3716 1930 τίάεηρθηιυν1

504 1931 583 1985 Da
625 1938 921 1997 potestatem
961 1945 1115 1997 puero
1145 1937 1273 1993 tuo;
1304 1929 1503 1981 salvum
1548 1930 1630 1995 fac
1668 1928 1830 1995 ﬁlium
1879 1930 2081 1984 ancilla

500 2032 601 2076 tute
632 2019 807 2091 (Psal.
839 2018 1061 2089 Lxxxv).

570 2110 638 2166 Et
664 2126 755 2166 nos
792 2118 940 2164 les‘es
980 2124 1153 2162 sumus
1190 2107 1372 2160 borum
1414 2107 1675 2159 verborum
1703 2148 1718 2172 ,
1768 2116 1813 2160 et
1855 2108 2080 2175 Spiritus

501 2217 704 2262 sanctus
750 2222 898 2274 quem
948 2204 1086 2259 dedit
1135 2202 1272 2257 Deus
1317 2203 1552 2256 omnibus
1592 2203 1933 2257 obedientibus
1960 2205 2077 2258 sibi.

502 2299 610 2353 Nos
636 2312 816 2355 sumus
848 2302 1009 2352 testes
1036 2336 1052 2359 .
1102 2294 1224 2359 quia
1264 2294 1487 2365 gloriam
1519 2293 1931 2349 resurrectionis
1962 2294 2080 2364 ejus

501 2389 754 2454 vidimus,
788 2388 907 2457 quia
937 2386 1314 2442 ascendentem
1347 2385 1397 2438 iu
1421 2383 1590 2441 ctelos
1611 2384 1781 2438 oculis
1814 2386 2078 2454 prosecuti

498 2492 705 2535 sumus.

575 2567 737 2624 Testis
764 2577 838 2623 est
862 2578 909 2623 et
934 2566 1160 2637 Spiritus
1188 2575 1390 2621 sanctus
1413 2607 1428 2630 ,
1458 2567 1577 2636 quia
1611 2575 1665 2620 at
1695 2568 1952 2637 magna/ia
1986 2568 2079 2622 Dei

498 2660 637 2713 nobis
662 2658 779 2713 licet
800 2658 1161 2713 resultantibus
1190 2656 1544 2713 inuincibiliter
1573 2659 1902 2725 prmdicemus
1921 2700 1936 2723 ,
1972 2661 2079 2729 ipse

501 2764 595 2805 nos
622 2763 715 2804 sua
746 2749 1018 2814 pra'seutia
1042 2748 1315 2815 roborarit,
1350 2750 1456 2817 ipse
1482 2749 1534 2802 in
1564 2748 1704 2803 nobis
1736 2749 1941 2815 loquens
1970 2751 2077 2805 lucc

498 2853 699 2908 quoque
736 2838 883 2891 verba
910 2838 1165 2908 formavit.
1199 2839 1262 2891 Et
1295 2841 1395 2892 hoc
1432 2847 1515 2892 est
1553 2838 1691 2907 quod
1719 2840 1797 2895 eis
1823 2841 2075 2896 Dominus

500 2928 740 2992 promisit
769 2928 952 2983 dicens
976 2946 989 2982 :
1023 2928 1151 2982 Cum
1179 2939 1346 2983 autem
1373 2932 1556 2983 venerit
1582 2929 1903 2995 Paraclctus,
1926 2948 2073 3001 quem

496 3033 592 3087 ego
618 3021 817 3075 mittam
847 3020 983 3075 vobis
1020 3037 1052 3073 a
1101 3019 1257 3075 Patre
1281 3062 1294 3085 ,
1340 3020 1595 3089 Spiritum
1623 3024 1846 3077 veritatis
1872 3065 1888 3090 ,
1920 3025 2008 3093 qui
2041 3042 2073 3078 a

498 3111 660 3172 Patre
688 3102 912 3181 procedit
937 3152 951 3178 ,
984 3112 1073 3168 ille
1108 3113 1445 3167 testimonium
1474 3114 1750 3184 perhibebit
1788 3116 1851 3169 de
1878 3132 1957 3173 me
1977 3159 1992 3181 ,
2026 3128 2071 3171 et

496 3216 582 3256 eos
612 3202 953 3257 testimonium
986 3202 1307 3270 per/tibebitis
1341 3202 1535 3273 (Joan.
1569 3203 1676 3274 xv)
1706 3246 1719 3269 ,
1752 3206 1801 3259 id
1832 3214 1913 3260 e~t
1935 3248 1949 3270 ,
1982 3208 2072 3262 ille

498 3305 595 3347 vos
625 3292 935 3359 inspirando
966 3304 1021 3349 ut
1050 3296 1342 3365 loquamini
1368 3337 1382 3357 .
1414 3310 1506 3350 vos
1533 3308 1711 3352 autem
1745 3296 1887 3352 foras
1922 3300 2072 3355 testi-

497 3379 735 3434 monium
765 3382 1047 3449 loquendo,
1080 3383 1427 3451 perhibebitis
1457 3383 1525 3437 de
1555 3400 1663 3440 me.

569 3491 797 3561 Surgens
812 3503 977 3547 autem
995 3496 1201 3563 quidam
1222 3497 1274 3550 in
1299 3496 1513 3551 concilio
1532 3496 1845 3564 Pharisteus.
1869 3502 2071 3556 nomine

496 3579 748 3635 Gamaliel
773 3620 787 3645 ,
820 3583 943 3653 legis
970 3582 1149 3636 doctor
1175 3628 1187 3651 ,
1220 3592 1325 3638 etc.
1371 3585 1445 3640 De
1477 3586 1579 3641 hoc
1608 3589 1901 3646 Gamaliele
1932 3602 1987 3647 et
2017 3594 2067 3647 in

496 3671 631 3724 libro
659 3674 825 3725 sancti
854 3672 1141 3727 Clementis
1169 3673 1393 3742 legimus
1416 3717 1429 3740 ,
1464 3677 1586 3746 quia
1617 3678 1910 3747 discipulus
1941 3698 2068 3749 apo-

496 3762 755 3816 stolorum
801 3763 1011 3818 occulte
1053 3764 1249 3829 luerit.
1303 3766 1396 3821 sed
1439 3783 1624 3823 eorum
1657 3772 1884 3825 consilio
1932 3774 2071 3827 inter

499 3853 713 3909 Judcos
741 3856 807 3909 ad
841 3856 1187 3926 mitigandum
1212 3874 1398 3915 eorum
1438 3860 1671 3918 furorem
1702 3907 1716 3931 ,
1754 3867 1840 3920 ubi
1883 3882 2070 3923 neces-

498 3946 631 3999 sitas
660 3945 971 4015 ingrueret,
1002 3949 1072 4003 sit
1116 3963 1333 4005 manere
1364 3965 1657 4023 praeceptus
1682 3972 1697 4021 ;
1730 3958 1823 4011 sed
1868 3957 1969 4013 hoc
2000 3958 2069 4014 ita

502 4049 624 4091 csse
652 4039 914 4093 veraciter
940 4049 1146 4104 gestum
1193 4044 1491 4099 certissime
1535 4045 1693 4101 hodie
1738 4062 1834 4117 per
1863 4050 2075 4105 revela-

507 4125 707 4180 tionem
757 4128 1099 4197 reliquiarum
1151 4133 1448 4190 beatissimi
1498 4141 1905 4209 protomartyris
1954 4143 2075 4197 Steo

499 4213 658 4283 pharii
688 4221 894 4272 cunctis
916 4219 1023 4276 late
1051 4222 1246 4279 Christi
1277 4224 1530 4279 Ecclesia
1556 4227 1805 4296 innotuit,
1831 4244 1950 4297 qure
1976 4245 2071 4298 per

498 4306 744 4361 eumdem
777 4310 948 4363 virum
976 4310 1154 4367 divina
1181 4313 1532 4382 dispositione
1577 4314 1712 4371 facta
1752 4327 1854 4372 est.
1885 4319 2066 4389 Appa-

498 4395 608 4447 ruit
634 4412 863 4463 namque
891 4400 941 4453 in
967 4400 1174 4456 visione
1197 4412 1383 4457 sancto
1412 4402 1509 4458 Dei
1535 4402 1733 4459 lamnlo
1772 4418 1825 4461 et
1853 4411 2069 4479 presby-

2187 1956 2466 2002 cr‘escente
2487 1950 2769 2018 gradatim,
2795 1953 3023 2016 utsolet,
3044 1955 3373 2022 providentia
3392 1959 3591 2013 consilii
3608 1961 3719 2013 salu-

2187 2041 2334 2106 taris,
2355 2042 2547 2107 placuit
2565 2044 2782 2098 eosdem
2803 2045 3026 2101 lectores
3044 2046 3184 2116 ipsos
3197 2048 3379 2103 altaris
3394 2067 3595 2121 quoque
3607 2054 3716 2106 sacri

2186 2146 2247 2185 ac
2277 2131 2526 2187 dominici
2561 2135 2853 2203 sanguinis,
2888 2136 3021 2191 sicut
3048 2147 3099 2191 et
3124 2137 3431 2194 reiectionis
3454 2157 3718 2211 mensaque

2184 2223 2483 2275 communis
2529 2222 2885 2277 multitudinis
2925 2227 3254 2281 credentium
3306 2230 3571 2285 ministros
3602 2235 3717 2285 ordi-

2187 2314 2297 2365 nari
2331 2328 2342 2363 :
2390 2313 2528 2380 quod
2559 2314 2843 2383 probatum
2873 2326 2955 2370 est
2984 2317 3148 2371 verbo
3172 2333 3278 2386 quo
3309 2319 3505 2374 dictum
3533 2334 3635 2376 est:
3663 2322 3713 2376 Et

2184 2414 2387 2455 orantes
2411 2403 2763 2470 imposuerunt
2792 2408 2863 2459 eis
2891 2423 3086 2461 manus.
3120 2408 3229 2462 Hoc
3258 2410 3456 2464 etenim
3479 2415 3713 2480 proprium

2183 2504 2266 2544 est
2296 2508 2478 2547 eorum
2520 2496 2605 2562 qui
2639 2496 2705 2549 de
2734 2498 3001 2550 communi
3038 2498 3270 2552 ﬁdelium
3312 2516 3529 2555 numero
3556 2504 3615 2555 ad
3644 2519 3712 2556 sa-

2185 2586 2451 2639 crosancti
2485 2585 2667 2641 altaris
2702 2600 3083 2653 promoventur
3116 2589 3373 2643 ofﬁcium.

2252 2674 2547 2742 Stephanus
2571 2685 2742 2731 autem
2768 2678 2945 2744 plenus
2966 2682 3129 2750 gratia
3153 2692 3195 2735 et
3216 2684 3511 2749 fortitudine
3532 2684 3714 2752 faciebat

2183 2766 2419 2837 prodigia
2446 2775 2489 2821 el
2516 2768 2665 2836 signa
2695 2786 2879 2839 magna
2909 2771 2959 2822 in
2988 2773 3196 2841 populo.
3234 2772 3285 2824 lu
3320 2772 3500 2827 Greco
3528 2775 3714 2828 habetur

2180 2859 2417 2913 additum
2446 2858 2511 2912 In
2537 2864 2741 2915 nomine
2765 2863 2968 2917 Domini
2989 2867 3151 2918 nostri
3171 2864 3291 2919 Iesu
3323 2866 3525 2921 C/tristi.
3548 2868 3712 2936 Scripsi

2179 2961 2356 3004 autem
2402 2952 2452 3006 in
2487 2954 2809 3021 praecedenti
2860 2958 2996 3010 lii-ro
3037 2957 3368 3028 Stephanum
3417 2960 3711 3029 interpretari

2179 3053 2517 3111 coronatum,
2538 3061 2635 3101 nec
2660 3046 2814 3117 longe
2836 3058 2916 3101 est
2937 3063 2964 3101 a
2994 3064 3118 3105 vero
3140 3051 3280 3119 quod
3314 3052 3523 3121 scripsi.
3546 3052 3707 3107 Verum

2177 3133 2428 3189 solertius
2458 3135 2724 3205 ediscens,
2752 3138 2927 3192 inveni
2956 3154 3059 3193 non
3083 3154 3399 3196 coronatum
3425 3142 3611 3212 Grrece,
3634 3142 3709 3197 sed

2177 3237 2430 3280 coronam
2454 3226 2757 3296 signiﬁcare
2785 3228 3133 3299 Stephanum.
3155 3231 3245 3285 Est
3267 3234 3407 3287 enim
3436 3234 3530 3288 hoc
3549 3248 3708 3289 nomen

2177 3316 2387 3385 generis
2415 3320 2690 3374 masculini
2715 3321 2851 3391 apud
2874 3335 2989 3387 eas,
3012 3322 3237 3392 ideoque
3259 3323 3373 3378 viro
3395 3328 3709 3386 conveniens;

2175 3416 2488 3462 coronatum
2515 3420 2690 3466 autem
2721 3416 3091 3490 στεφανηφόρον
3117 3416 3567 3486 appellari,quasi,
3589 3431 3711 3470 cura

2179 3512 2300 3551 nam
2357 3496 2640 3553 ferentem.
2698 3502 2936 3572 Denique
2986 3505 3036 3559 in
3087 3507 3288 3575 psalmo
3338 3506 3423 3561 ubi
3470 3506 3708 3560 cauimus;

2178 3585 2453 3642 Benedices
2482 3605 2725 3644 coronam
2747 3594 2871 3646 anni
2898 3595 3221 3662 benignitatis
3251 3608 3350 3650 tua
3376 3596 3541 3665 (Psal.
3569 3597 3706 3663 utr).

2180 3692 2366 3731 versus
2413 3678 2501 3735 ille
2545 3682 2681 3748 apud
2732 3682 2947 3740 Graecos
2992 3685 3060 3738 ita
3105 3685 3293 3756 incipit
3334 3688 3610 3765 iamiam.
3640 3690 3710 3743 τὸν

2177 3771 2440 3841 στέφανον.
2459 3772 2621 3840 Cujus
2648 3776 2960 3843 mysterium
2983 3778 3218 3831 nominis
3242 3778 3459 3846 pulchre
3476 3791 3707 3847 exponens

2180 3858 2471 3914 Eusebius:
2505 3879 2525 3914 ι
2566 3862 2774 3928 Statim,
2806 3864 2996 3933 inquit,
3025 3875 3144 3933 post
3172 3866 3553 3922 ordinationem
3580 3880 3704 3920 suam

2178 3950 2442 4019 lapidatus
2471 3953 2537 4008 ab
2584 3953 2667 4008 bis
2712 3954 2800 4019 qui
2832 3964 2887 4009 et
2932 3956 3217 4013 Dominum
3257 3960 3589 4023 occiderunt,
3632 3973 3707 4026 per

2178 4047 2317 4116 quod
2348 4057 2401 4104 et
2430 4050 2662 4104 nominis
2685 4051 2767 4104 sui
2804 4049 3081 4120 Stephano
3110 4068 3308 4108 corona
3339 4055 3490 4108 datur
3517 4071 3542 4106 a
3569 4052 3706 4108 Chri-

2178 4150 2281 4195 sto.
2322 4161 2341 4195 r
2381 4142 2611 4197 Vocatur
2660 4153 2837 4198 autem
2884 4159 3085 4200 corona
3136 4146 3274 4214 apud
3325 4146 3533 4201 Graecos
3574 4147 3703 4199 etiam

2181 4241 2371 4285 neutro
2400 4246 2597 4300 genere
2622 4234 2845 4305 στέμμα.
2890 4233 3038 4299 Quod
3072 4235 3190 4289 ideo
3216 4234 3702 4290 commemorandum

2180 4322 2376 4389 putavi,
2408 4323 2532 4392 quia
2559 4338 2701 4393 saepe
2731 4324 2932 4380 Latinis
2958 4323 3114 4379 etiam
3143 4325 3295 4380 libris
3321 4340 3507 4381 nomen
3529 4327 3615 4381 hoc
3638 4324 3702 4378 ia-

2176 4410 2342 4465 ditum
2373 4414 2681 4480 reperimus.

496 4495 613 4539 tero
646 4487 877 4543 Luciano
896 4531 911 4553 ,
958 4497 1017 4544 ut
1053 4491 1197 4546 idem
1227 4492 1490 4548 Lucianus
1524 4498 1799 4566 presbyter
1828 4510 2061 4567 postmo—
2093 4514 2144 4574 ι)
2248 4502 2589 4559 εαντωεηιηε
2616 4514 2781 4559 autent
2811 4507 3016 4574 quidam
3039 4509 3101 4558 de
3128 4522 3405 4578 synagoga,
3432 4524 3538 4577 qua:
3555 4505 3701 4574 appel-

496 4577 623 4631 olnm
652 4581 896 4633 erunibus
929 4580 1177 4637 Ecclesiis
1205 4584 1455 4652 scripsit;
1497 4594 1553 4640 et
1583 4586 1671 4641 ubi
1701 4598 1917 4644 sanctus
1947 4592 2065 4646 Ste-

497 4673 704 4735 phanus
744 4684 885 4726 esset
916 4676 1242 4741 tumulatus,
1282 4678 1439 4732 simul
1486 4686 1541 4732 et
1584 4678 1904 4736 Nicodemus
1932 4728 1946 4751 ,
1979 4687 2068 4752 qui

503 4758 783 4813 hominum
814 4778 933 4815 cum
963 4763 1157 4833 Joseph
1194 4766 1461 4833 sepelivit,
1498 4783 1703 4824 necnon
1732 4779 1787 4825 et
1826 4772 1938 4841 ipse
1967 4774 2069 4829 Ga-

498 4851 673 4906 maliel
704 4868 823 4907 ctnn
853 4854 961 4908 ﬁlio
992 4871 1090 4910 suo
1119 4858 1339 4913 Abibam
1364 4901 1380 4926 ,
1409 4861 1727 4917 suavissima
1759 4866 2067 4921 ostensione

497 4943 796 5012 perdocuit.

571 5031 693 5088 Post
722 5037 854 5089 hunc
884 5040 1072 5094 exstitit
1100 5039 1264 5095 ludas
1295 5041 1542 5097 Galilteus
1581 5045 1632 5097 in
1660 5046 1836 5100 diebus
1866 5050 2064 5115 profes-

494 5126 672 5179 sionis.
706 5126 759 5179 In
790 5126 978 5182 Graeco
1008 5131 1251 5195 habetur,
1296 5131 1361 5187 In
1388 5134 1562 5188 diebus
1594 5138 1889 5211 ἄπογραφῆς
1916 5179 1929 5203 ,
1968 5142 2064 5193 hoc

494 5225 597 5281 est,
624 5216 676 5268 in
701 5216 873 5270 diebus
912 5219 1299 5286 conscriptiouis
1339 5239 1519 5277 census
1542 5263 1559 5289 ,
1606 5230 1873 5295 quomodo
1903 5231 2060 5284 etiam

494 5306 548 5361 in
601 5307 818 5361 historia
866 5308 1225 5365 ecclesiastica
1267 5311 1455 5369 Latine
1507 5316 1912 5385 interpretatum
1966 5324 2059 5373 ha-

493 5400 703 5455 bemus.

565 5489 633 5544 la't
674 5510 809 5546 nunc
852 5495 1019 5562 itaque
1062 5497 1174 5548 dico
1202 5496 1376 5551 vobis:
1411 5497 1663 5555 Discedite
1690 5503 1752 5553 ab
1778 5502 2062 5557 hominibus

494 5585 625 5649 istis,
665 5596 713 5638 et
750 5587 897 5639 sinite
924 5588 1064 5640 illos.
1114 5588 1166 5640 lu
1212 5588 1398 5644 Gra'co
1452 5592 1565 5658 plus
1618 5594 1881 5648 halvetnr:
1942 5597 2059 5649 Non

494 5676 874 5743 coinquinant“
900 5695 1076 5731 manus
1106 5691 1316 5735 vestras.

575 5766 630 5821 Si
658 5782 771 5823 tero
798 5783 861 5821 ex
890 5768 993 5823 Dee
1025 5780 1133 5837 est,
1182 5788 1284 5826 non
1313 5776 1534 5841 poteritis
1567 5776 1831 5833 dissoluere
1863 5795 1964 5833 eos.
1998 5780 2059 5836 Et

2177 4599 2313 4651 latur
2361 4598 2711 4652 libertinorum
2754 4609 2799 4653 et
2839 4598 3240 4669 Cyrenensium,
3286 4614 3391 4656 etc.
3436 4601 3497 4654 Et
3527 4603 3570 4653 in
3609 4602 3699 4665 ipso

2176 4688 2362 4743 Graeco
2392 4705 2586 4743 nomen
2636 4690 3001 4744 libertinorum
3049 4694 3306 4759 scriptum
3354 4701 3451 4745 est.
3485 4690 3701 4743 Dicuntur

2172 4788 2347 4834 autem
2384 4778 2614 4834 libertini
2651 4778 2739 4833 ﬁlii
2773 4780 3079 4834 libertorum
3110 4820 3124 4843 ,
3167 4782 3267 4835 hoc
3293 4792 3395 4846 est,
3428 4797 3594 4835 eorum
3626 4780 3696 4845 qni

2174 4881 2293 4940 post
2319 4871 2635 4927 servitutem
2672 4872 2981 4927 manumissi
3012 4888 3074 4928 ac
3115 4875 3354 4929 libertate
3382 4877 3551 4929 donati
3578 4886 3678 4927 sunt

2170 4960 2391 5016 Constat
2413 4977 2542 5032 ergo
2572 4962 2693 5033 quia
2724 4962 2792 5018 de
2820 4964 2999 5018 servili
3030 4976 3183 5018 erant
3226 4968 3394 5033 stirpe
3434 4964 3694 5033 procreati.

2170 5055 2259 5125 qni
2291 5055 2445 5125 primi
2478 5056 2742 5112 adversus
2783 5056 2939 5112 ﬁdem
2987 5058 3182 5114 Christi
3229 5060 3578 5119 rebellarunt;
3622 5054 3694 5122 qui

2167 5147 2268 5202 etsi
2297 5147 2618 5215 emancipsti
2648 5156 2773 5203 sunt
2801 5165 2829 5201 a
2868 5149 3101 5205 dominis
3133 5151 3456 5214 hominibus,
3482 5148 3603 5203 servi
3631 5156 3693 5199 ta-

2169 5253 2289 5293 men
2320 5252 2438 5293 esse
2471 5239 2670 5306 peccati
2701 5253 3032 5308 nequaquam
3056 5241 3393 5297 destiterunt.
3427 5243 3477 5294 ln
3501 5251 3692 5309 quorum

2171 5344 2390 5395 persona
2439 5328 2697 5386 decenter
2744 5329 2951 5398 ﬁgurati
2999 5342 3122 5386 sunt
3172 5333 3474 5401 nequissimi
3519 5330 3622 5384 ﬁdei
3647 5337 3689 5380 et

2169 5420 2326 5474 totius
2356 5420 2654 5474 sanctitatis
2700 5431 3067 5486 persecutores
3111 5420 3343 5475 haeretici
3369 5462 3385 5486 ,
3433 5421 3497 5475 de
3531 5418 3690 5485 quibus

2165 5514 2238 5563 ait
2269 5511 2455 5565 Petrus
2481 5527 2493 5561 :
2528 5509 2783 5578 Superbia
2811 5510 2945 5564 enim
2989 5513 3224 5565 ranitatis
3252 5513 3499 5579 loquentes
3519 5552 3531 5572 ,
3564 5508 3688 5574 pelli-

2164 5601 2209 5650 ci
2216 5611 2303 5653 unt
2324 5600 2376 5652 in
2399 5598 2663 5653 desideriis
2684 5601 2850 5653 carnis
2871 5601 3085 5653 luxuriae
3106 5616 3188 5652 eos
3212 5602 3298 5667 qui
3319 5600 3570 5666 paululum
3588 5594 3686 5660 effu-

2164 5693 2333 5761 giunt,
2359 5692 2445 5755 qui
2478 5691 2529 5742 in
2556 5706 2724 5744 errore
2749 5701 3129 5756 conuersentur,
3160 5692 3435 5744 libertatem
3471 5689 3563 5740 illis
3587 5700 3685 5755 pro-

2164 5784 2434 5848 mittenrrs,
2464 5798 2574 5837 cum
2601 5782 2697 5851 ipsi
2721 5782 2852 5836 serti
2874 5780 2973 5836 sint
2994 5782 3328 5849 corruptionis
3353 5778 3438 5849 (11
3463 5778 3586 5833 Petr.
3617 5779 3682 5841 tt).
