3860 6230
134 431 271 487 1013

906 433 1105 489 LIBER
1148 432 1649 490 llETRACTIONlS
1693 430 1756 485 ΙΝ
1796 431 2017 489 ACTUS
2055 426 2577 493 APOSTOLORUM.

3239 440 3378 497 l0”

139 544 238 595 Cui
272 542 518 596 nimirum
549 542 788 595 servituti
818 544 1077 596 contraria
1098 552 1180 596 est
1202 542 1419 597 llbertas
1446 542 1698 611 Spiritus.
1734 544 1776 600 Α
1808 541 2207 610 prophetarum.
2258 542 2440 599 Militia
2488 547 2610 600 celi
2638 556 2813 601 autem
2847 547 3132 617 aliquando
3160 550 3376 615 qnidrm

135 652 294 707 quam
328 635 592 690 habebant
623 634 912 689 Berocnses
937 678 950 696 .
983 638 1034 689 in
1065 651 1289 703 quorum
1324 635 1480 692 laude
1511 634 1702 705 praedi-

134 730 382 781 cantibus
416 727 577 781 Paulo
606 738 659 781 et
686 727 790 781 Sila
822 727 1012 781 dicitur
1038 746 1049 779 :
1086 726 1159 781 Hi
1192 738 1357 781 autem
1388 738 1531 782 erant
1558 726 1703 781 nobi-

134 821 289 874 liores
316 835 490 873 eorum
530 819 615 885 qui
659 828 771 873 sunt
800 818 1171 873 Thessalonica
1196 861 1209 883 ,
1253 822 1339 890 qui
1379 831 1705 888 susceperunt

138 910 339 962 verbum
368 924 485 962 cum
509 909 647 962 omni
674 908 914 962 aviditate
939 949 951 973 ,
998 909 1221 976 quotidie
1246 918 1528 962 scrutantes
1562 908 1704 963 Scrio

138 1012 333 1069 ptum.

205 1087 274 1143 Et
304 1106 405 1143 non
430 1099 660 1158 poterant
688 1089 918 1143 resistere
943 1089 1235 1156 sapientia,
1266 1099 1310 1142 et
1341 1088 1559 1160 Spiritui
1589 1106 1701 1141 son-

136 1191 217 1236 cto
258 1183 345 1247 qui
376 1180 688 1251 loquebatur.
726 1181 778 1233 In
811 1179 996 1235 tiro-co
1042 1180 1265 1233 habetur
1305 1183 1456 1249 plus:
1508 1179 1571 1232 Et
1604 1198 1703 1233 non

138 1282 373 1340 poterant
404 1273 634 1326 resistere
663 1272 945 1341 sapientiae,
970 1288 1083 1341 quia
1105 1283 1211 1325 erat
1230 1274 1279 1325 in
1308 1290 1385 1336 eo,
1416 1282 1463 1326 et
1488 1272 1707 1337 Spiritui

135 1373 308 1417 sancto
329 1364 415 1430 qui
446 1362 774 1431 loquebatur:
799 1372 1005 1432 praptrr
1027 1368 1161 1433 quod
1186 1363 1616 1434 redarguerentur
1645 1368 1706 1416 ab

136 1470 193 1505 eo
213 1470 329 1506 cum
354 1454 493 1506 omni
520 1453 728 1517 ﬁducia.
762 1450 887 1507 Cum
917 1470 1035 1522 ergo
1073 1470 1170 1507 non
1210 1464 1408 1524 possent
1450 1458 1709 1508 contradi-

137 1558 247 1595 cere
276 1543 500 1607 veritati,
530 1550 648 1595 tunc
675 1542 1011 1596 submiserunt
1035 1543 1164 1597 uiros
1193 1545 1279 1611 qui
1304 1542 1545 1606 dicerent,
1578 1555 1681 1598 etc.

744 1631 971 1688 CAPUT
1004 1632 1114 1687 νη.

212 1719 359 1773 Dixit
384 1729 549 1774 autem
572 1720 807 1790 princeps
826 1722 1167 1775 sacerdotum.
1193 1721 1247 1775 lo
1272 1721 1453 1776 Gra'co
1475 1722 1707 1776 additum

138 1821 218 1865 est
248 1811 514 1881 Stt‘phano
542 1851 557 1875 ,
599 1825 661 1864 ac
688 1810 880 1865 deinde
903 1810 1275 1881 subjunctum:
1310 1810 1371 1867 Si
1412 1811 1520 1866 hac
1555 1813 1623 1865 ita
1659 1828 1711 1865 se

139 1904 334 1957 habent.

206 1995 310 2060 Qui
337 1996 444 2047 uit:
490 1992 596 2048 Viri
624 1993 805 2063 fratres
835 2002 883 2047 et
911 2000 1099 2063 patres,
1131 1993 1336 2046 audita:
1370 1993 1505 2048 Deus
1530 1993 1708 2065 gloria:

141 2086 379 2151 apparuit
398 2086 531 2154 patri
554 2092 724 2137 nostro
741 2082 1014 2137 Abraham.
1041 2082 1171 2148 Quia
1194 2082 1381 2137 beatus
1403 2082 1704 2151 Stephanus

142 2177 542 2231 insimulabatur
568 2175 770 2230 dixisse
793 2176 950 2229 verba
979 2174 1323 2242 blasphemia:
1346 2175 1397 2228 in
1418 2175 1630 2246 Moysen
1657 2184 1710 2231 et

143 2267 305 2323 Deum
333 2308 348 2332 ,
382 2267 432 2321 in
466 2270 582 2336 ipso
610 2267 763 2322 initio
800 2267 880 2321 sui
930 2266 1190 2321 sermonis
1218 2265 1619 2336 vigilantissime
1649 2268 1710 2321 il-

146 2358 315 2412 lorum
343 2359 624 2413 calumnia:
650 2356 887 2412 occurrit
916 2356 1102 2412 dicens
1126 2398 1141 2421 ,
1175 2358 1349 2426 ipsum
1383 2357 1545 2412 Deum
1572 2400 1587 2423 ,
1621 2359 1707 2426 qui

150 2451 463 2520 loquebatur
492 2450 728 2520 patribus
757 2456 811 2502 et
842 2448 1114 2518 prophetis
1138 2433 1172 2511 .’
1199 2448 1366 2503 Deum
1397 2462 1515 2503 esse
1549 2449 1712 2517 tnaje-

148 2541 301 2596 statis
328 2549 379 2594 et
405 2540 607 2610 glorise.
640 2540 741 2605 Qui
773 2541 932 2595 etiam
966 2539 1049 2594 ubi
1077 2540 1140 2593 ad
1174 2538 1336 2608 Moysi
1382 2555 1548 2607 usque
1581 2548 1709 2591 tem-

154 2647 280 2700 pora
309 2630 571 2700 loquendo
603 2634 883 2699 pervenit,
936 2632 1107 2699 ipsum
1149 2630 1364 2699 quidem
1395 2630 1568 2701 dignis
1599 2630 1712 2684 lau-

149 2722 303 2777 dibus
324 2723 550 2789 extulit;
585 2722 680 2778 sed
709 2724 829 2778 illos
858 2723 1104 2790 rebelles,
1130 2722 1350 2791 ejusque
1375 2723 1551 2777 verbis
1572 2738 1711 2777 sem-

156 2828 244 2881 per
271 2813 636 2869 inobedientes
665 2815 935 2868 exstitisse
964 2814 1226 2881 probavit.
1258 2813 1361 2868 Sed
1400 2813 1709 2877 notandum,

150 2914 342 2972 quanta
370 2912 548 2958 utatur
576 2912 688 2957 arte
716 2903 999 2973 loquendi;
1026 2904 1099 2958 sic
1121 2905 1316 2957 etenim
1340 2902 1405 2956 ad
1435 2918 1558 2957 suos
1590 2919 1712 2970 per-

152 3004 416 3051 secutores
445 2994 608 3064 capit
640 2994 781 3063 loqui
811 3035 824 3057 ,
855 2994 1007 3062 quasi
1041 2993 1251 3048 timeret
1280 3008 1371 3047 eos
1397 3012 1408 3045 :
1465 2992 1571 3046 Viri
1608 2995 1712 3064 frn-

155 3098 246 3141 trrs
274 3097 320 3141 et
349 3098 535 3154 patres,
565 3086 759 3140 audite.
792 3084 927 3153 Quid
973 3086 1144 3140 lenius
1170 3127 1187 3154 ,
1228 3086 1352 3154 quid
1400 3086 1714 3141 clementius

158 3179 468 3233 conciliabat
494 3176 813 3240 auditorem,
847 3191 1003 3247 quam
1031 3185 1086 3230 ut
1108 3176 1508 3231 commendaret
1534 3174 1716 3230 Salva-

1807 633 2116 701 angclorum
2149 634 2412 688 exercitus
2442 636 2775 704 appellatur:
2824 636 2925 692 hoc
2955 646 3132 694 tamen
3173 641 3223 693 in
3258 642 3373 697 loco

1805 722 2013 776 videtur
2054 724 2465 791 consequentius
2491 766 2507 789 ,
2559 725 2677 793 quia
2738 726 2981 780 militiam
3023 726 3148 782 εωΙί
3196 728 3371 784 sidera

1804 814 2031 879 dixerit,
2059 828 2178 867 cum
2212 816 2449 881 protinus
2480 815 2625 868 addit
2667 817 3026 871 testimonium
3061 818 3333 887 propheta:
3361 860 3375 882 ,

1806 906 1859 957 in
1889 919 1993 973 quo
2022 903 2168 957 sidus
2199 906 2286 958 Dei
2314 908 2390 959 sui
2422 921 2513 974 pro
2542 907 2647 960 Deo
2671 923 2684 971 ;
2718 908 3111 963 tabernaculum
3140 910 3374 981 lloloch,

1805 1008 1901 1061 pro
1932 994 2272 1047 tabernaculo
2306 993 2394 1048 Dei
2428 996 2535 1049 veri
2568 996 2869 1064 suscepisse
2896 1008 3278 1065 eoargnuntur.

1877 1085 2023 1139 Dura
2052 1088 2240 1140 cervice
2264 1096 2310 1140 et
2338 1087 2676 1141 incircumcisi
2703 1089 2938 1142 cordibus
2966 1099 3013 1141 et
3038 1089 3265 1153 auribus,
3289 1106 3376 1143 vos

1804 1192 1999 1246 semper
2021 1177 2241 1244 Spiritui
2270 1188 2443 1231 saneto
2472 1180 2742 1233 restitistis.
2775 1181 3021 1233 Ostendit
3048 1185 3124 1235 eis
3148 1182 3376 1235 circuat-

1808 1269 2065 1325 cisionem
2094 1270 2359 1338 praeputii,
2392 1269 2458 1324 de
2487 1286 2587 1338 qua
2618 1280 2800 1324 contra
2831 1271 3058 1339 gratiam
3102 1270 3379 1342 Evangelii

1809 1360 2177 1429 gloriabantur
2207 1361 2335 1414 nihil
2367 1362 2547 1416 valere
2575 1362 2639 1416 ad
2672 1365 2895 1417 salutem
2924 1406 2938 1430 ,
2982 1366 3072 1432 qui
3102 1368 3381 1432 cogitatio-

1817 1462 2022 1533 nemlet
2053 1452 2290 1507 auditum
2323 1454 2521 1508 habere
2549 1454 2905 1522 probabantur
2933 1456 3281 1510 immundum.
3315 1457 3381 1511 Et

1810 1543 1969 1598 simul
2001 1544 2115 1599 haec
2147 1543 2412 1612 loquendo
2462 1545 2610 1614 quasi
2660 1546 3017 1613 interpretans
3056 1548 3273 1615 exponit
3301 1549 3382 1602 eis

1815 1634 1939 1702 quid
1973 1633 2351 1703 signiﬁcaverit
2380 1633 2630 1703 Angelus,
2654 1649 2774 1689 cum
2806 1635 2968 1706 Moysi
3001 1638 3052 1689 iu
3080 1636 3201 1707 igne
3230 1637 3380 1691 ﬂatu-

1814 1740 1913 1778 niae
1946 1725 2061 1778 rubi
2091 1726 2370 1791 apparuit,
2406 1726 2475 1778 ita
2505 1735 2561 1780 ut
2591 1726 2754 1780 rubus
2784 1728 2998 1781 arderet
3027 1742 3123 1783 nec
3151 1728 3384 1782 combu-

1816 1828 2043 1873 reretur.
2076 1816 2214 1885 lgnis
2251 1833 2481 1887 namque
2510 1818 2764 1887 Spiritum
2809 1828 3052 1875 sanctum
3099 1820 3379 1891 designat;

1744 1904 1790 1966 Β
1818 1912 1981 1963 rubus
2008 1953 2022 1977 ,
2055 1910 2197 1979 quod
2225 1919 2305 1964 est
2335 1925 2500 1981 genus
2526 1910 2789 1979 quoddam
2818 1911 3087 1980 spinarum
3114 1957 3126 1980 ,
3169 1923 3380 1981 peccata

1815 2000 1954 2054 illius
2011 2001 2187 2070 populi
2242 1999 2461 2072 ﬁgurate
2510 2001 2876 2056 denuntiabat.
2934 2003 3189 2070 Apparuit
3240 2017 3369 2072 ergo

1812 2092 1974 2163 Moysi
2022 2092 2273 2147 Dominus
2320 2093 2372 2146 in
2422 2092 2553 2146 rubo
2601 2093 2773 2162 ignem
2805 2092 3074 2158 habente,
3125 2093 3216 2146 sed
3272 2109 3380 2145 non

1810 2184 2109 2247 combusta,
2145 2192 2204 2237 ut
2240 2182 2495 2237 indicaret
2524 2184 2663 2251 quod
2709 2182 2824 2251 ipse
2870 2182 3083 2250 quidem
3114 2196 3234 2235 cum
3268 2182 3382 2236 illu-

1812 2275 2068 2330 stratione
2092 2284 2250 2344 atque
2271 2273 2464 2330 ardore
2495 2272 2662 2327 sancti
2691 2273 2923 2343 Spiritus
2944 2274 3007 2327 ad
3035 2274 3384 2330 erudiendum

1814 2366 2065 2434 populum
2093 2366 2318 2428 veniret,
2352 2379 2450 2419 nec
2484 2374 2657 2417 tamen
2691 2372 2904 2432 peccata
2935 2364 3174 2431 ejusdem
3208 2368 3381 2431 pupnli

1813 2468 1953 2511 easet
1969 2466 2398 2524 consumpturus,
2417 2458 2540 2525 quin
2560 2456 2732 2525 potius
2748 2456 2862 2523 ejus
2883 2456 2981 2525 piis
3003 2456 3275 2510 beucliciis
3298 2442 3386 2509 illo

1813 2545 2139 2600 densissimis
2182 2561 2289 2599 suae
2319 2546 2563 2616 nequitia:
2593 2546 2814 2614 spinetis
2844 2552 3055 2614 semper
3085 2546 3387 2601 obsisteret.

1890 2638 2019 2691 Ecce
2048 2638 2190 2691 video
2217 2638 2365 2690 celos
2394 2648 2611 2705 opertos.
2646 2637 2795 2703 Quod
2840 2637 3021 2691 Latine
3050 2639 3273 2691 dicimus
3314 2641 3384 2692 ui-

1815 2730 1907 2782 deo
1930 2772 1942 2793 ,
1978 2727 2163 2782 Graece
2191 2728 2384 2782 dicitur
2410 2730 2582 2801 θεωρῶ
2609 2770 2623 2794 ,
2676 2744 2703 2781 a
2754 2745 2854 2797 quo
2888 2728 3053 2783 verbo
3093 2727 3387 2781 derivatum

1814 2832 1894 2875 est
1923 2836 2112 2874 nomen
2147 2820 2420 2885 theoricaa,
2454 2821 2502 2873 id
2534 2830 2618 2874 est
2655 2818 3085 2888 contemplativa
3116 2818 3257 2873 vitas.
3294 2822 3383 2875 l'es

1815 2925 1969 2982 quam
2000 2912 2238 2965 nonnulli
2269 2897 2576 2975 electorum,
2615 2912 2669 2963 in
2700 2908 2796 2963 hac
2827 2911 3003 2964 adhuc
3037 2908 3143 2962 vita
3175 2912 3387 2975 retenti,

1816 3001 2071 3056 mundato
2093 2999 2400 3069 diligentius
2431 3002 2587 3053 oculo
2611 2998 2819 3062 cordis,
2844 2998 3031 3052 futura:
3060 2999 3180 3051 vita:
3205 2999 3386 3069 gaudia

1814 3092 2077 3162 speculari
2108 3092 2362 3146 divinitus
2396 3090 2662 3147 salilimati
2688 3131 2702 3157 ,
2737 3098 3084 3155 meruerunt,
3124 3092 3393 3159 quomodo.

1768 3214 1778 3225 ς
1821 3183 1873 3237 in
1906 3184 2157 3252 praesenti
2198 3193 2415 3238 sanctus
2455 3183 2759 3251 Stephanus
2784 3224 2798 3247 ,
2846 3182 3115 3251 quomodo
3160 3182 3407 3245 Paulus,_

162 3267 367 3323 torem?
400 3268 597 3323 Blande
627 3268 789 3334 «(epit
812 3307 827 3332 ,
860 3276 918 3321 ut
947 3266 1035 3321 diu
1062 3266 1353 3321 audiretur.
1388 3267 1453 3321 Et
1480 3268 1602 3335 quia
1632 3266 1711 3320 hic

1822 3275 2031 3344 quando
2044 3276 2108 3330 ad
2131 3278 2340 3331 tertium
2357 3276 2554 3332 ctelum
2570 3287 2749 3346 raptus
2771 3287 2869 3342 est,
2893 3276 3115 3330 et-multi
3132 3276 3221 3329 alii
3236 3274 3386 3331 alias.

166 3360 327 3411 luerat
354 3368 653 3421 accusatus,
683 3358 818 3427 quod
852 3356 1011 3411 verba
1043 3356 1239 3411 dixerit
1265 3366 1449 3412 contra
1476 3357 1638 3412 Deum
1662 3366 1715 3411 et

169 3446 331 3515 legem
361 3485 375 3511 ,
416 3447 555 3501 sicut
586 3461 766 3499 verum
809 3460 867 3499 se
913 3446 1077 3501 Deum
1128 3446 1417 3515 pradicare
1461 3446 1717 3515 principio

166 3537 471 3590 monstravit
504 3537 779 3591 concionis
801 3576 817 3601 ,
850 3536 919 3588 ita
950 3550 1162 3605 quoque
1200 3535 1582 3605 legislationem
1614 3536 1717 3591 illis

161 3627 416 3693 exposuit,
452 3635 509 3681 ut
537 3625 655 3695 ejus
681 3625 811 3695 legis
840 3634 985 3680 esset
1025 3626 1359 3693 praedicator,
1389 3609 1539 3696 cujus
1564 3640 1717 3681 accu-

162 3722 368 3773 sabatur
394 3734 513 3774 esse
559 3710 827 3773 vasutor.
862 3718 1060 3772 Verum
1096 3717 1146 3770 in
1180 3732 1430 3785 processu
1456 3720 1717 3775 sermonis

167 3825 285 3863 cum
316 3824 524 3865 errores
554 3825 739 3865 eorum
769 3818 821 3864 et
850 3823 1013 3863 novos
1042 3808 1384 3879 redargueret
1412 3820 1466 3864 et
1489 3821 1713 3878 veteres,

164 3899 591 3956 manifestissime
613 3911 829 3970 quanta:
854 3900 1187 3954 auctoritatis
1212 3902 1443 3954 animum
1475 3900 1714 3967 haberet,

163 4000 413 4061 quantum
459 4007 487 4045 a
537 3992 728 4047 timore
774 3990 973 4045 inimici
1027 3991 1191 4044 libera
1238 3998 1382 4044 esset
1420 4006 1509 4044 sua
1541 3991 1717 4045 anima

165 4080 443 4150 perdOCttit.

231 4171 295 4226 Et
321 4172 467 4241 positi
485 4182 601 4225 sunt
624 4171 675 4225 in
697 4172 951 4239 sepulcro,
974 4174 1107 4234 quod
1127 4172 1246 4225 emit
1276 4172 1528 4223 Abraham
1560 4170 1719 4237 pretio

164 4266 369 4335 argenti.
422 4265 477 4319 ln
515 4264 707 4319 Graeco
738 4263 963 4317 habetur
1009 4260 1163 4316 Pater
1209 4271 1377 4315 noster
1422 4260 1714 4329 Abraham,

162 4364 298 4426 quod
328 4356 491 4426 ipsum
527 4357 714 4410 beatus
754 4354 1057 4422 Stephanus
1088 4354 1415 4408 auditoribus
1445 4354 1717 4407 blandien-

163 4447 251 4512 do,
282 4456 335 4501 ut
361 4446 555 4501 diutius
580 4461 646 4501 ac
674 4445 925 4500 libentius
956 4445 1230 4499 audiretur
1258 4445 1474 4514 adjecit.

230 4535 351 4592 Cum
371 4536 798 4607 appr-apinquaret
817 4543 985 4587 autem
1006 4544 1197 4603 tempus
1216 4535 1547 4595 remissionis.
1566 4551 1719 4605 quam

163 4631 407 4697 confessus
429 4635 536 4680 erat
559 4624 695 4680 Deus
714 4625 950 4678 Abrahte.
975 4623 1158 4678 Melius
1181 4626 1403 4679 habetur
1423 4625 1474 4679 in
1501 4627 1714 4679 Graeco:
1749 4626 1797 4685 Ι)

166 4716 330 4782 Quam
352 4716 601 4785 pollicitus
632 4723 741 4769 erat
771 4714 906 4768 Deus
933 4714 1167 4768 Abrahae.

228 4806 293 4861 Et
318 4808 572 4861 accedente
596 4807 689 4859 ille
713 4814 766 4859 ut
793 4805 1169 4871 consideraret,
1222 4810 1360 4875 facta
1386 4816 1461 4860 est
1489 4823 1584 4860 vox
1613 4805 1718 4860 Do-

164 4898 284 4952 mini
309 4914 329 4954 :
364 4898 472 4969 Ego
499 4898 638 4952 Deus
669 4904 871 4969 patrum
902 4907 1123 4952 tuorum.
1168 4901 1221 4951 ln
1269 4898 1456 4953 Graeco
1488 4900 1555 4953 'ta
1585 4899 1719 4953 scri-

168 5003 306 5060 ptum
333 4998 441 5045 est:
475 4987 642 5044 Facta
670 4997 743 5042 est
772 5004 869 5043 vos:
890 4989 950 5041 de
977 4990 1101 5043 calo
1128 4990 1299 5043 dicens
1328 4992 1394 5043 ad
1421 5006 1533 5044 eum
1554 5006 1573 5044 :
1609 4991 1720 5060 Ego

168 5099 272 5136 sum
301 5080 430 5137 Deus
456 5084 675 5153 fratrum
696 5092 900 5135 tuorum
918 5122 933 5146 ,
958 5083 1106 5137 soloe-
1123 5083 1461 5137 calceamenta
1489 5086 1550 5137 de
1578 5085 1719 5153 pedi-

170 5173 257 5226 bus
283 5172 398 5226 tuis.
440 5171 603 5227 Locus
632 5172 767 5227 enim
792 5173 844 5225 in
871 5188 971 5242 quo
994 5181 1097 5226 stas
1127 5183 1261 5227 terra
1288 5184 1466 5228 sancta
1500 5183 1592 5229 est.
1624 5175 1719 5229 llic

173 5263 311 5319 locus
333 5265 467 5331 juxta
496 5264 751 5319 moralem
779 5279 994 5321 sensum
1018 5265 1116 5321 hoc
1138 5267 1411 5331 admonet,
1437 5278 1492 5321 ut
1518 5262 1719 5321 stantes

174 5355 222 5408 in
252 5355 500 5422 Ecclesia,
530 5370 649 5425 qua
682 5356 871 5411 merito
899 5366 1036 5413 terra
1068 5369 1248 5413 sancta
1280 5372 1495 5415 vocatur
1516 5399 1530 5424 ,
1572 5375 1717 5415 mor-

177 5445 272 5502 tuis
297 5448 536 5515 operibus
565 5449 952 5504 renuntiamus.

243 5536 306 5589 Et
350 5539 544 5591 tradidit
578 5544 872 5593 eos-seruire
913 5542 1107 5595 militiae
1133 5544 1243 5596 caeli
1270 5586 1283 5607 ,
1317 5545 1448 5597 sicut
1477 5545 1719 5613 scriptum

178 5635 248 5679 est
272 5627 325 5679 in
355 5626 470 5682 libro
497 5628 892 5699 Prophetarum.
917 5631 1149 5686 Numero
1171 5635 1424 5703 singulari
1452 5637 1581 5691 dicit
1602 5638 1721 5706 quia

182 5712 441 5767 duodecim
468 5719 843 5786 prophetarum
870 5734 1007 5773 unus
1032 5722 1167 5789 apud
1192 5722 1439 5777 Hebrzeos
1465 5725 1595 5779 liber
1617 5735 1718 5791 est,

184 5812 231 5856 et
269 5818 370 5858 non
398 5804 505 5862 libri
532 5806 848 5877 duodecim,
892 5809 1043 5880 juxta
1090 5828 1364 5871 numerum
1413 5819 1717 5873 eorunnlem

1820 3368 1969 3423 Unde
1990 3368 2149 3423 etiam
2173 3368 2312 3423 Deus
2334 3369 2515 3424 Graece
2536 3371 2656 3429 Θεὸς
2679 3378 2994 3436 vocatur,co
3012 3366 3152 3437 quod
3178 3368 3386 3422 univer-

1817 3471 1875 3513 sa
1908 3457 2101 3525 videat,
2135 3459 2413 3530 omniaque
2443 3459 2583 3514 nuda
2625 3471 2677 3514 et
2723 3469 2902 3529 aperta
2927 3459 3033 3513 sint
3058 3459 3225 3513 oculis
3251 3458 3388 3529 ejus.

1890 3548 2126 3616 Domine,
2154 3565 2218 3603 ne
2247 3561 2443 3605 statuas
2473 3552 2577 3605 illis
2604 3552 2698 3606 hoc
2724 3560 3007 3621 peccatum.
3059 3550 3125 3605 Et
3150 3569 3265 3606 cum
3294 3555 3387 3609 hoc

1818 3639 2048 3705 dixisset,
2084 3639 2403 3695 obdormiuit.
2439 3642 2666 3697 Pulchre
2690 3642 2819 3696 dicit
2846 3640 3167 3706 obdormivit,
3200 3654 3251 3696 et
3281 3658 3401 3697 non

1820 3729 1954 3786 dixit
1984 3731 2226 3787 Mortuus
2254 3742 2355 3788 est.
2399 3733 2603 3789 Obtulit
2628 3734 2771 3789 enim
2798 3733 3117 3788 sacrificium
3150 3734 3388 3792 dilectio-

1820 3824 1921 3889 nis,
1953 3833 2007 3880 et
2032 3823 2353 3880 obdormivit
2379 3824 2432 3879 in
2462 3838 2556 3894 spe
2586 3826 3012 3880 resurrectionis.

2413 3916 2634 3972 CAPUT
2666 3917 2792 3971 \‘lll‘.

1889 4001 2057 4057 Facta
2084 4014 2156 4058 est
2184 4016 2350 4059 autem
2378 4006 2428 4058 in
2454 4006 2545 4059 illa
2576 4005 2657 4061 die
2683 4008 2963 4077 persecutio
2988 4024 3170 4077 magna
3205 4012 3258 4065 in
3288 4011 3387 4067 Ec-

1820 4094 1971 4148 clesia
1995 4137 2008 4159 ,
2038 4111 2155 4165 qua
2181 4106 2287 4150 erat
2316 4096 2646 4168 Jerosolymis
2671 4140 2685 4165 ,
2727 4108 2773 4153 et
2803 4116 2971 4155 omnes
3001 4102 3215 4173 dispersi
3242 4114 3388 4158 erant

1822 4203 1910 4254 per
1951 4188 2182 4258 regiones
2210 4185 2405 4242 Judtea:
2431 4198 2476 4243 et
2506 4189 2757 4245 Samaria:
2797 4201 2979 4260 prater
3021 4195 3297 4261 apostolos.
3331 4193 3392 4248 Si

1821 4279 2059 4348 dispersa
2086 4279 2325 4334 Ecclesia
2348 4282 2573 4348 apostoli
2602 4292 2969 4338 remanserunt
2991 4284 3041 4337 in
3065 4282 3385 4347 Jerusalem,

1823 4380 1880 4425 ut
1927 4370 2097 4427 Lucas
2127 4371 2235 4435 ait,
2279 4380 2484 4427 constat
2515 4372 2635 4441 quia
2670 4374 2996 4428 mendacium
3039 4374 3253 4443 scripsit
3299 4374 3391 4429 ille

1824 4460 1913 4530 qui
1942 4476 2005 4515 ex
2036 4475 2263 4530 persona
2289 4462 2551 4517 Melitonis
2578 4462 2813 4534 episcOpi
2836 4464 2972 4518 Asius
3002 4463 3194 4518 librum
3219 4479 3393 4533 expo-

1825 4569 1956 4608 nens
1985 4554 2050 4607 de
2080 4554 2226 4608 obitu
2258 4554 2424 4607 beatae
2470 4552 2752 4609 Genitricis
2798 4556 2887 4610 Dei
2914 4597 2929 4621 ,
2963 4556 3090 4610 dicit
3132 4556 3272 4624 quod
3302 4571 3389 4611 se-

1822 4642 1995 4696 cundo
2024 4652 2143 4710 post
2162 4643 2531 4697 ascensionem
2556 4641 2762 4697 Domini
2785 4659 2922 4698 anno
2947 4646 3170 4714 apostoli
3193 4645 3390 4701 fuerint

1821 4746 2010 4785 omnes
2036 4739 2147 4785 toto
2195 4732 2324 4785 orbe
2354 4732 2419 4786 ad
2467 4732 2861 4801 praedicandum
2894 4734 2946 4786 in
2978 4749 3127 4788 suam
3169 4735 3390 4806 quisque

1821 4821 2151 4890 provinciam
2216 4822 2417 4875 divisi:
2465 4825 2553 4890 qui
2604 4824 2879 4893 universi,
2936 4826 3391 4896 appropinquante

1821 4912 1967 4967 obitu
2000 4911 2169 4966 beata:
2201 4912 2400 4981 Mariae,
2444 4913 2511 4967 de
2540 4913 2671 4967 locis
2714 4914 2765 4967 in
2801 4914 2991 4982 quibus
3034 4894 3395 4983 priudicaliant

1824 5003 2043 5056 verbum
2078 5002 2189 5065 Dei,
2226 5003 2419 5055 elevati
2451 5004 2500 5056 in
2535 5003 2763 5057 nubibus
2794 5005 2929 5072 rapti
2955 5014 3083 5058 sunt
3122 5004 3391 5078 Jerosoly~

1829 5109 1991 5159 mam,
2024 5108 2085 5146 ac
2113 5094 2340 5162 depositi
2361 5105 2484 5147 ante
2509 5096 2701 5147 ostium
2726 5094 2912 5149 domus
2935 5096 3071 5166 ejus,
3099 5097 3235 5151 inter
3260 5113 3391 5165 quos

1824 5185 1981 5239 etiam
2016 5184 2230 5249 Paulus,
2261 5199 2429 5251 nuper
2458 5200 2521 5238 ex
2558 5195 2897 5252 persecutore
2920 5187 2984 5240 ad
3010 5185 3167 5241 (idem
3194 5187 3419 5243 Christi.

1822 5290 2136 5340 conversus,
2164 5278 2253 5344 qui
2284 5286 2587 5344 assumptus
2618 5285 2700 5329 est
2726 5291 2843 5331 cum
2880 5278 3117 5332 Barnaba
3151 5280 3200 5332 in
3234 5282 3390 5334 mini.

1822 5368 2041 5421 sterium
2070 5366 2300 5437 gentium
2325 5383 2341 5418 :
2368 5381 2485 5435 qum
2523 5366 2782 5434 scriptura
2811 5368 2970 5422 etiam
3000 5369 3299 5435 specialiter
3326 5370 3395 5423 de

1825 5457 2031 5513 Joanne
2052 5458 2294 5524 apostolo
2315 5456 2499 5522 refert,
2520 5459 2658 5525 quod
2682 5472 2746 5513 eo
2769 5469 3007 5527 tempore
3035 5459 3228 5525 Ephesi
3257 5474 3390 5527 prae-

1825 5551 2080 5605 dicaverit
2103 5566 2117 5604 :
2152 5565 2267 5619 qua:
2297 5559 2485 5603 cuncta
2507 5550 2681 5603 verbis
2707 5549 2845 5605 beati
2877 5550 3033 5605 Lucae
3057 5560 3241 5620 aperte
3260 5566 3389 5605 con-

1828 5639 2108 5707 tradicunt,
2142 5640 2333 5708 quibus
2364 5648 2541 5694 narrat
2563 5642 2851 5709 apostolos,
2899 5644 3109 5697 caeteris
3143 5640 3407 5696 ﬁdelibus.

1825 5747 1851 5782 a
1885 5731 2233 5799 Jerosolymis
2263 5730 2542 5798 propulsis,
2576 5732 2893 5786 remansisse
2926 5732 3142 5797 ibidem,
3175 5741 3227 5787 et
3260 5748 3385 5799 pra:-

1827 5822 2032 5876 dicasse
2088 5838 2178 5892 per
2230 5820 2445 5887 omnia,
2500 5822 2668 5877 donec
2712 5822 2945 5877 Ecclesia
2982 5830 3271 5893 portotam
3302 5819 3413 5876 iur
