3860 6230
529 370 667 432 1018

940 374 1136 432 BEDJE
1178 370 1621 427 \‘ENERABILIS
1659 372 1808 426 OPP.
1849 371 2021 427 PARS

2153 374 2341 431 SECT.
2384 378 2424 432 Ι.
2466 410 2531 419 —-
2562 379 2939 438 EXECETICA
2968 382 3299 441 'GENUINA.

3594 387 3708 442 IOIS

518 487 687 541 ἀπείη
734 494 788 543 οι
839 486 1127 541 Samariam
1178 494 1232 537 et
1278 483 1545 541 Galateam
1595 497 1777 551 pacem
1822 458 2060 535 haberet.
2093 484 2137 541 Α
2173 500 2304 551 nus,
2337 497 2390 542 et
2417 490 2481 544 de
2517 492 2705 561 quibus
2750 491 3009 547 Dominus
3037 495 3088 548 in
3132 499 3377 560 parabole
3408 497 3706 568 Evangelii:

518 578 668 643 Quod
701 580 751 633 in
780 591 884 632 uno
906 590 1042 631 anno
1070 576 1245 639 perlici
1281 590 1385 629 non
1428 577 1663 644 potuisse
1690 576 1818 630 nulli
1851 575 2064 629 dubium
2169 575 2349 632 Semen
2374 589 2541 634 autem
2568 580 2772 647 bonum,
2804 583 2856 635 hi
2884 593 3000 636 sunt
3029 583 3125 650 lilii
3165 587 3311 655 regni
3338 586 3553 654 (Matth.
3587 600 3703 650 sui).

515 678 618 725 est.
668 669 767 737 Qui
808 671 966 725 etiam
1004 667 1278 723 manifeste
1307 668 1535 723 insinuat
1584 668 1797 723 Paulum
1844 683 1946 723 non
1980 684 2067 722 se-

2172 665 2576 725 Disseminatum
2602 681 2683 727 est
2717 687 2843 740 ergo
2885 672 2986 728 hoc
3024 687 3204 728 semen
3254 692 3346 745 per
3380 678 3622 746 regiones
3662 690 3704 727 ut

511 759 687 812 eundo
714 769 831 826 post
856 759 1215 829 ascensionem
1242 758 1445 813 Domini
1470 774 1631 824 anno,
1656 759 1746 814 sed
1771 760 1925 830 longo
1948 770 2067 828 post
2166 760 2352 813 messis
2390 758 2509 815 iidei
2535 804 2551 826 ,
2582 778 2699 829 qum
2729 763 2779 817 in
2820 763 3163 834 Jerosolymis
3192 778 3367 832 coepta
3396 777 3476 820 est
3500 808 3514 829 ,
3548 766 3704 834 primo

515 857 753 910 tempore
782 847 832 899 in
864 847 1215 901 ministerium
1244 847 1478 916 gentium
1507 862 1626 901 cum
1654 849 1885 903 Baruaba
1914 849 2061 902 ordi-

513 942 715 997 natum.
750 938 903 994 Absit
942 947 1116 993 autem
1150 949 1204 992 ιιι
1242 939 1519 994 credamus
1558 941 1763 995 beatum
1803 938 2061 996 Joannem

509 1028 828 1094 apostolum,
859 1029 943 1082 cui
978 1028 1228 1084 Dominus
1259 1031 1309 1084 iu
1339 1044 1496 1085 cruce
1526 1041 1746 1086 matrem
1775 1048 1925 1086 suam
1956 1034 2057 1087 vir-

507 1116 681 1183 ginem
715 1116 905 1188 virgini
937 1118 1328 1173 commendavit
1352 1156 1383 1185 ,-
1411 1129 1527 1187 post
1551 1136 1714 1175 unum
1741 1137 1936 1177 annum
1976 1139 2059 1179 re-

506 1206 758 1273 cessisse,
790 1217 842 1260 et
866 1222 981 1261 eam
1014 1209 1293 1279 reliquisse
1330 1210 1520 1279 solam,
1562 1224 1624 1265 ac
1654 1221 1799 1267 tanto
1824 1223 2059 1281 tempore

509 1295 771 1367 dejectnm
794 1335 814 1366 ,
854 1308 910 1353 ιιι
947 1299 1105 1354 etiam
1147 1311 1341 1369 corpus
1368 1314 1520 1369 suum
1551 1301 1809 1356 defunctas
1848 1302 2059 1360 timeret

506 1391 577 1445 ab
624 1392 863 1448 hostibus
918 1410 1036 1449 esse
1082 1395 1537 1462 comburendum;
1592 1411 1857 1466 eumque,
1908 1382 2061 1466 post-1

506 1498 665 1552 quam
699 1496 879 1552 raptus
901 1494 982 1539 est
1008 1486 1060 1538 in
1091 1485 1337 1557 nubibus,
1362 1485 1425 1539 ad
1453 1496 1509 1540 se
1535 1486 1734 1542 redisse
1760 1488 2055 1543 velut'obli-

507 1584 617 1628 tum
647 1576 757 1630 sive
783 1575 1101 1629 incuriosum
1128 1576 1231 1639 sui,
1254 1576 1478 1631 sollicita
1504 1589 1805 1644 precaretur
1830 1578 2010 1633 dicens
2036 1597 2049 1632 :

508 1686 523 1717 ι
548 1665 692 1735 Rogo
723 1677 793 1735 te,
822 1653 889 1724 iiii
914 1668 1162 1735 Joannes,
1182 1681 1452 1726 utmemor
1468 1672 1542 1724 sis
1559 1672 1705 1725 verbi
1731 1672 1961 1741 magistri
1979 1674 2049 1726 tui

507 1754 712 1812 Domini
744 1760 842 1812 mei
876 1758 999 1814 Jesu
1028 1759 1244 1827 Christi,
1274 1762 1362 1830 qui
1390 1775 1475 1815 me
1513 1762 1900 1815 commendavit
1931 1762 2045 1817 tbi.

501 1848 638 1903 Ecce
659 1851 798 1905 enim
822 1861 1002 1906 vocata
1030 1852 1291 1922 ingrediar
1315 1854 1447 1907 viam
1472 1854 1731 1910 universae
1757 1866 1929 1909 terrae.
1951 1860 2050 1910 Au-

497 1940 604 1996 divi
634 1951 808 1998 autem
836 1944 1054 1999 consilia
1080 1944 1382 2000 Judccorum
1408 1945 1687 2001 dicentium
1720 1946 2048 2015 :Exspecte-

501 2048 619 2087 mus
642 2032 780 2088 diem
803 2035 1015 2104 quando
1036 2037 1290 2090 moriatur
1306 2051 1422 2105 qua
1438 2037 1860 2105 portavltJesum
1881 2040 2048 2093 Naza-

494 2137 699 2190 renum,
731 2132 784 2177 et
809 2137 1000 2193 corpus
1025 2125 1138 2195 ejus
1185 2126 1582 2191 comburamus;
1611 2142 1749 2181 nunc
1777 2144 1925 2199 ergo,
1951 2129 2043 2196 lili,

491 2220 671 2269 curam‘
704 2215 891 2271 habeto
904 2216 1270 2285 exsequiarum
1299 2232 1590 2275 mearum.»
1620 2218 1741 2273 Haec
1763 2221 1881 2275 ideo
1896 2234 2043 2276 com-

492 2319 790 2360 memorare
812 2307 1011 2373 curavi,
1038 2307 1158 2376 quia
1189 2310 1465 2363 nonnullos
1510 2309 1631 2364 novi
1662 2310 1879 2378 pra-fato
1899 2314 2045 2367 volu-

494 2395 621 2449 mini
638 2406 818 2450 contra
850 2400 1211 2452 auctoritatem
1244 2398 1380 2454 beati
1408 2402 1561 2454 Luca
1593 2401 1800 2456 incauta
1831 2403 2043 2458 temeri-

491 2496 594 2541 tate
622 2501 892 2542 assensum
925 2490 1177 2558 prabere.

558 2578 864 2634 Curaverunt
892 2589 1057 2634 autem
1086 2582 1179 2635 viri
1206 2583 1425 2637 timorati
1454 2584 1791 2654 Stephanum,
1830 2597 1876 2641 et
1902 2590 2044 2658 fece-

486 2677 608 2723 runt
637 2668 893 2737 ριαιιτιιιιιι
922 2687 1163 2751 magnum
1210 2690 1361 2743 super
1402 2676 1572 2738 illum.
1595 2676 1771 2747 “liujus
1800 2680 2039 2746 planctus

484 2773 537 2814 et
580 2760 963 2817 interfectiunis
1006 2764 1143 2817 beati
1188 2763 1441 2834 Stephani
1473 2767 1609 2823 bene
1637 2770 1876 2822 meminit
1908 2770 2040 2823 iiber

486 2851 818 2907 revelationis
848 2852 1185 2921 reliquiarum
1217 2855 1334 2925 ejus
1363 2897 1377 2921 ,
1408 2856 1562 2925 cujus
1600 2866 1655 2912 et
1695 2873 1853 2928 supra
1885 2875 2033 2915 mens

486 2942 684 2995 tionem
716 2942 965 3007 iecimus,
1000 2942 1053 2996 in
1090 2953 1189 3012 qua
1220 2943 1447 3001 refertur
1474 2943 1731 3000 Gamaliel
1761 2946 1956 3001 dixisse
1984 2949 2034 3002 in

481 3032 688 3087 visione
730 3032 866 3088 inter
906 3034 1005 3088 alia
1043 3034 1275 3089 Luciano
1307 3038 1657 3105 presbytero:
1711 3057 1728 3088 ι
1780 3038 1890 3109 Ego
1918 3055 2033 3095 sum

2164 848 2397 903 Judaeum
2422 861 2477 903 et
2504 851 2815 917 Samariam,
2844 852 3033 907 deinde
3055 862 3220 909 totum
3243 856 3423 910 urbem
3447 855 3696 923 impleret.

2167 937 2404 1001 Denique
2431 939 2495 992 de
2524 940 2722 994 eisdem
2746 942 2999 1009 disponis
3019 944 3130 998 sive
3154 947 3326 1011 potius
3354 944 3699 999 diSsetuinatis

2163 1028 2213 1081 in
2242 1030 2588 1097 sequentibus
2618 1033 2842 1102 legimus
2869 1034 2987 1102 quia
3017 1050 3121 1088 non
3150 1037 3321 1090 solum
3350 1035 3570 1101 Judmis,
3611 1038 3691 1091 sed

2160 1128 2213 1172 et
2237 1119 2436 1173 Graecis
2469 1121 2814 1190 loquebantur
2842 1124 3060 1178 verbum
3082 1163 3098 1187 ,
3129 1127 3495 1194 nascentisque
3522 1127 3571 1179 in
3602 1130 3696 1179 Αιιο

2162 1210 2354 1263 tiochia
2404 1209 2656 1266 Ecclesia:
2708 1223 2803 1282 per
2847 1213 2945 1268 hos
2988 1214 3314 1269 nobilissima
3356 1225 3481 1271 sunt
3528 1216 3700 1271 funda-

2158 1314 2333 1355 menta
2366 1302 2557 1369 posita.

2228 1390 2499 1463 Philippus
2527 1402 2693 1455 autem
2722 1393 3041 1449 descenderat
3067 1394 3119 1449 in
3147 1396 3396 1449 civitatem
3434 1397 3696 1459 Samaria,

2157 1491 2203 1535 et
2230 1479 2536 1550 pradicabat
2562 1484 2666 1537 illis
2694 1484 2968 1540 Christum.
3003 1486 3068 1540 Et
3094 1486 3177 1541 hic
3202 1502 3266 1541 ex
3297 1503 3520 1542 numero
3545 1490 3697 1543 disse-

2158 1575 2474 1628 minatorum
2507 1586 2639 1641 erat,
2663 1577 2751 1647 qui
2778 1580 2978 1643 primus
3008 1577 3262 1633 Samaria:
3286 1579 3549 1633 Christum
3575 1596 3698 1648 pra.

2155 1664 2406 1729 dicabat,
2443 1674 2780 1733 captumque
2808 1682 2901 1737 per
2925 1667 3205 1722 diaconum
3230 1711 3246 1735 ,
3290 1669 3429 1738 quod
3469 1671 3537 1721 ait
3578 1685 3695 1736 apo-

2156 1755 2304 1807 stolis
2330 1756 2612 1810 ChriStus:
2648 1755 2710 1810 Et
2732 1758 2872 1813 eritis
2912 1758 3033 1812 mihi
3065 1769 3210 1821 testes
3251 1761 3302 1813 in
3328 1759 3629 1823 Jerusalem,
3654 1771 3695 1813 rt

2156 1847 2206 1900 iu
2235 1850 2371 1902 omni
2398 1848 2583 1903 Judma
2608 1860 2652 1903 et
2683 1850 2917 1905 Samaria
2947 1838 3081 1919 (Act.
3116 1852 3176 1921 ι).

2228 1939 2319 1994 Vir
2348 1951 2514 1993 autem
2540 1941 2768 2009 quidam,
2796 1941 2882 2009 qui
2904 1952 3020 1994 ante
3042 1944 3209 2009 fuerat
3234 1944 3284 1995 in
3311 1943 3506 1995 civitate
3526 1958 3693 2012 magas

2150 2033 2393 2087 scducms
2420 2043 2612 2103 gentem
2642 2032 2909 2088 Samarite.
2942 2032 3043 2087 Pro
3070 2047 3136 2089 eo
3164 2036 3304 2101 quod
3334 2047 3416 2089 est
3441 2040 3691 2096 seductis,

2152 2125 2203 2178 in
2232 2122 2418 2179 Greco
2463 2126 2714 2192 scriptum
2754 2134 2836 2179 est
2866 2126 3069 2190 ἐξιστῶν
3094 2166 3109 2189 ,
3158 2125 3297 2195 quod
3340 2126 3599 2193 signilicat
3646 2128 3691 2178 in

2147 2218 2405 2280 exstasin,
2438 2217 2489 2270 id
2514 2224 2617 2282 est,
2648 2218 2838 2273 mentis
2864 2229 3171 2282 excessum,
3200 2217 3315 2271 sive
3355 2228 3616 2282 stuporem
3642 2227 3692 2270 et

2145 2310 2570 2370 admirationem,
2598 2318 2931 2374 convertens,
2958 2323 3050 2375 per
3070 2316 3275 2361 ostenta
3301 2306 3546 2360 videlicet
3565 2322 3691 2375 pra:-

2144 2402 2422 2471 stigiorum
2450 2414 2689 2453 suorum.

2212 2493 2305 2548 Cui
2326 2490 2671 2546 auscultabunt
2693 2503 2861 2544 omnes
2879 2504 2913 2551 αν
2925 2488 3131 2542 minime
3147 2502 3304 2558 usque
3320 2488 3389 2540 ad
3406 2487 3687 2551 maximam,

2141 2585 2358 2637 dicentes
2381 2598 2398 2635 :
2421 2580 2523 2635 Hic
2545 2589 2616 2636 est
2634 2581 2789 2634 virtus
2810 2577 2940 2635 Dei.
2965 2578 3084 2646 Hic,
3114 2592 3216 2634 non
3239 2578 3551 2634 adverbium
3576 2578 3686 2643 loci,

2141 2674 2233 2731 sed
2259 2687 2547 2743 pronomen
2562 2680 2663 2726 est.
2687 2670 2846 2738 Quasi
2860 2670 3152 2725 diceretur:
3176 2667 3279 2725 Iste
3300 2677 3386 2725 est
3406 2669 3566 2723 virtus
3582 2668 3684 2722 Dei.

2243 2764 2472 2819 Pecunia
2511 2772 2599 2816 tua
2620 2771 2781 2816 tecum
2809 2761 2872 2814 sit
2903 2762 2955 2818 in
2986 2762 3285 2830 perditione.
3318 2760 3535 2816 Rectius
3566 2760 3685 2814 scri-

2140 2858 2301 2921 bitur,
2342 2857 2393 2909 in
2426 2854 2778 2924 perditionem,
2823 2854 2974 2923 juxta
3022 2853 3390 2910 auctoritatem
3439 2851 3683 2915 Graecam,

2137 2966 2292 3019 quam.
2345 2952 2397 3003 in
2424 2948 2721 3021 perditione.
2776 2944 2955 3016 Neque
3000 2946 3139 3001 enim
3183 2946 3235 3001 iu
3266 2960 3331 3000 ea
3378 2944 3683 3015 perditione,

2136 3062 2237 3115 qua
2270 3045 2427 3099 homo
2476 3042 2705 3097 nefarius
2748 3045 2863 3096 erat
2908 3038 3279 3107 damnandus,
3332 3039 3549 3108 pecunia
3576 3038 3684 3106 ejus

483 3124 759 3188 Camaliel,
790 3126 877 3195 qui
909 3125 1126 3180 Paulum
1158 3124 1353 3219 Christi
1386 3116 1677 3198 apostolum
1705 3129 1897 3219 nutriri
1917 3172 1931 3196 ,
1977 3140 2030 3188 et
2060 3156 2107 3219 ο
2137 3138 2290 3192 simul
2320 3147 2433 3192 erat
2476 3150 2597 3190 cum
2629 3135 2715 3190 illo
2744 3133 2938 3198 futura,
2996 3132 3090 3187 sed
3141 3131 3362 3200 pecunia
3412 3144 3566 3201 quam
3594 3144 3685 3199 pro

484 3214 652 3285 legem
696 3215 849 3269 docui
894 3217 944 3271 in
977 3218 1293 3272 Jerusalem.
1342 3218 1435 3275 ilic
1465 3233 1671 3275 mecum
1702 3222 1755 3276 in
1781 3218 2035 3277 Oricntali

481 3318 628 3372 parte
655 3306 976 3360 monumenti
1002 3306 1141 3377 jacet
1172 3326 1186 3373 ;
1218 3308 1331 3377 ipse
1356 3319 1439 3365 est
1468 3308 1714 3365 dominus
1740 3326 1887 3366 meus
1909 3313 2035 3368 Ste-

481 3395 710 3466 phanus,
735 3397 820 3464 qui
850 3396 1107 3465 lapidatus
1136 3408 1215 3453 est
1246 3414 1274 3453 a
1298 3397 1492 3455 iudicis
1517 3410 1572 3455 et
1600 3401 1924 3469 principibus
1950 3417 2035 3457 sa-

480 3486 752 3540 cerdotum
784 3488 834 3541 in
876 3486 1163 3542 Jerusalem
1192 3504 1285 3559 pro
1311 3490 1412 3544 llde
1441 3491 1633 3546 Christi
1666 3492 1806 3548 {oras
1827 3502 2033 3561 portam

480 3590 597 3645 qua:
625 3585 704 3629 est
729 3576 792 3630 ad
827 3576 1161 3651 Aquilonem,
1192 3592 1309 3646 qua:
1339 3580 1481 3633 ducit
1511 3582 1574 3632 ad
1605 3580 1805 3645 Cedar;
1840 3582 1924 3635 ubi
1950 3582 2033 3639 die

479 3682 541 3719 ac
570 3675 723 3720 nocte
739 3666 904 3733 jacnit
932 3682 978 3733 pl
994 3666 1214 3735 ojeclus,
1236 3677 1289 3720 ut
1309 3668 1577 3736 sepultura
1599 3670 1647 3725 ei
1673 3685 1773 3725 non
1796 3662 2030 3739 daretur,

481 3757 766 3817 secundum
796 3759 1098 3812 mandatum
1124 3759 1403 3829 impiorum
1429 3761 1743 3830 puiiicipuln,
1774 3774 1877 3818 uta
1908 3764 2031 3819 leris

479 3858 883 3903 consumeretur
911 3863 1104 3915 corpus
1148 3849 1281 3917 ejus.
1320 3850 1390 3903 Ex
1428 3850 1518 3905 Dei
1558 3861 1732 3906 autem
1765 3854 2033 3911 voluntate

480 3954 586 3993 non
613 3941 779 4010 tetigit
810 3954 926 3994 eum
958 3956 1090 3994 unus
1118 3957 1178 3995 es
1210 3941 1310 4007 his,
1342 3957 1444 3996 non
1478 3942 1605 4006 l‘era,
1634 3959 1737 3999 non
1766 3947 1897 4010 avis,
1928 3962 2030 4000 non

481 4030 647 4084 canis.
686 4030 791 4101 Ego
819 4030 1075 4087 Gautaliel
1106 4033 1434 4101 compatiens
1478 4032 1672 4088 Christi
1718 4037 2029 4103 ministerio,

477 4130 529 4175 et
560 4120 811 4175 .rstinans
838 4122 1032 4177 habere
1063 4122 1362 4177 mercedem
1392 4133 1444 4177 et
1476 4137 1675 4192 partem
1706 4141 1827 4180 cum
1852 4141 2033 4184 sancto

479 4215 591 4270 viro
623 4214 761 4279 fidei,
790 4215 907 4268 misi
932 4230 1026 4284 per
1054 4227 1275 4279 noctem,
1294 4231 1518 4285 quantos
1543 4234 1791 4273 noveram
1819 4221 2034 4289 religio-

475 4316 583 4366 sos,
613 4312 666 4356 et
694 4306 743 4358 in
772 4302 984 4357 Christo
1020 4303 1143 4357 Jesu
1175 4306 1487 4373 credentes,
1540 4307 1834 4362 habitantes
1863 4306 1913 4359 in
1946 4307 2031 4362 Je-

477 4394 704 4446 rusalem
738 4393 789 4446 in
822 4394 994 4447 medio
1022 4392 1322 4449 Judmorum
1350 4412 1361 4447 :
1394 4404 1447 4448 et
1494 4396 1729 4449 hortatus
1758 4412 1873 4451 sum
1903 4413 1993 4451 eos
2015 4436 2031 4461 ,

2134 3231 2389 3298 sacrilego
2413 3235 2647 3285 mercatu
2673 3226 2923 3281 olierebat
2943 3225 3211 3296 apostolis,
3238 3237 3417 3279 secum
3447 3227 3682 3288 retinere,

2134 3321 2237 3377 illis
2264 3320 2503 3389 accipere
2534 3317 2854 3383 nolentibus,
2884 3316 3061 3385 jussus
3085 3324 3187 3381 est,
3214 3325 3269 3370 et
3297 3316 3399 3369 hoc
3430 3317 3481 3368 in
3513 3315 3678 3383 perdi-

2135 3416 2332 3468 tionem
2359 3414 2462 3479 sui,
2506 3423 2560 3467 ut
2592 3411 2746 3477 hujus
2775 3411 3022 3464 nimirum
3054 3422 3209 3461 causa
3241 3407 3500 3475 pecuniae,
3532 3421 3677 3475 quam

2132 3508 2203 3562 ob
2226 3505 2474 3575 injustam
2505 3503 2826 3575 emptionem
2856 3509 3285 3571 congregaverat,
3319 3513 3500 3567 pinnas
3523 3499 3679 3553 lueret

2132 3609 2376 3655 aeternas.
2732 3663 2956 3719 CAPUT

2202 3760 2335 3815 Ecce
2362 3760 2494 3814 enim
2522 3765 2656 3824 orat,
2680 3767 2725 3812 et
2747 3738 2879 3809 uidet
2909 3757 3071 3808 virum
3096 3755 3349 3807 Ananiam
3380 3752 3575 3808 nomine
3603 3750 3679 3802 in-

2134 3861 2410 3908 troeuntem
2454 3859 2499 3904 et
2529 3851 2860 3919 imponentem
2898 3846 2992 3900 sibi
3032 3862 3233 3900 manus.
3281 3846 3335 3899 In
3384 3844 3564 3900 Graeco
3591 3844 3676 3895 ha-

2133 3945 2287 3997 betur
2316 3943 2384 3995 ita
2411 3960 2423 3993 :
2459 3939 2522 3994 Et
2552 3940 2674 3993 vidit
2695 3939 2749 3991 in
2774 3938 2883 3992 visu
2908 3936 3089 4000 virum,
3123 3935 3224 3989 hoc
3254 3944 3356 4000 est,
3387 3938 3437 3989 is
3460 3934 3679 4009 ὅράμετι.

2133 4033 2271 4102 quod
2320 4046 2511 4087 nomen
2557 4042 2613 4085 et
2661 4028 2924 4084 Juveucus
2968 4028 3243 4097 presbyter
3288 4028 3341 4082 iu
3394 4026 3681 4095 evangelica

2132 4124 2365 4180 carmine
2394 4122 2568 4189 pasuit
2592 4120 2813 4174 dicens:

2282 4212 2553 4263 ﬁoramatis
2573 4208 2770 4271 hujusce
2791 4213 3022 4270 expertes
3044 4208 3233 4259 reddite
3260 4214 3474 4256 cunctos.

2202 4297 2435 4363 Apparet
2465 4306 2591 4361 ergo
2618 4292 2742 4360 quia
2774 4305 2865 4359 per
2899 4291 3124 4343 triduum
3155 4290 3307 4354 illud,
3340 4304 3444 4359 quo
3470 4295 3680 4343 emeatus

2134 4388 2365 4442 futuram
2399 4387 2529 4441 lucis
2556 4386 2776 4455 gratiam
2802 4381 3167 4452 exspectabat,
3200 4396 3527 4451 nequaquam
3554 4382 3680 4432 otio-

472 4493 523 4536 rt
553 4484 845 4537 necessaria
881 4484 1188 4538 substantia
1213 4485 1523 4549 niinistravi,
1563 4501 1624 4538 ac
1650 4488 1883 4553 persuasi
1929 4487 2032 4541 illis
2058 4504 2112 4565 ι)
2136 4497 2226 4536 sua
2258 4481 2519 4549 torpebat,
2567 4478 2661 4534 sed
2689 4478 2863 4532 divina
2912 4479 3085 4546 potius
3131 4476 3483 4530 illustration.
3526 4474 3675 4529 subli-

473 4576 678 4629 occulte
723 4576 799 4631 ire
825 4621 837 4642 ,
872 4586 928 4628 ut
975 4587 1244 4644 portarent
1284 4576 1397 4644 ejus
1422 4590 1610 4642 conus
1642 4591 1757 4631 meo
1788 4576 2027 4631 vehiculo

473 4669 525 4723 in
556 4669 729 4721 villam
760 4685 950 4735 mem),
990 4670 1088 4723 hoc
1119 4679 1221 4735 est,
1263 4670 1311 4721 in
1337 4669 1541 4736 Caphar
1564 4669 1816 4723 Gamalan
1846 4670 2025 4739 (quod

475 4760 868 4827 interpretatur,
898 4761 1017 4812 villa
1044 4760 1380 4828 Gamalielis),
1414 4762 1606 4829 vigiuta
1635 4760 1796 4813 millia
1830 4762 2028 4817 habens

474 4866 500 4900 ιι
533 4851 747 4903 civitate
774 4866 787 4913 ;
820 4860 873 4903 et
905 4850 975 4903 ibi
1008 4849 1109 4904 feci
1138 4850 1211 4905 iiii
1244 4851 1508 4917 planctum
1542 4850 1654 4903 lieri
1686 4851 1867 4909 diebus
1898 4867 2027 4919 qua-

475 4941 711 5009 draginta
742 4942 971 5008 quinque
1008 4983 1020 5004 ,
1060 4951 1113 4997 et
1144 4946 1263 5010 poni
1291 4959 1410 4999 eum
1440 4943 1490 4998 in
1524 4960 1642 5000 meo
1685 4956 2026 5001 monumento

473 5045 608 5084 novo
638 5030 689 5083 in
718 5031 971 5087 Orientali
1003 5032 1177 5097 theca,
1218 5044 1272 5088 et
1312 5037 1535 5102 prtccepi
1581 5037 1656 5089 eis
1702 5052 2027 5105 qua‘cunque

474 5123 769 5175 necessaria
799 5134 970 5189 erant,
1006 5140 1100 5190 pro
1129 5125 1241 5192 ejus
1273 5126 1481 5193 planctu
1513 5144 1576 5183 ex
1610 5143 1727 5181 meo
1759 5129 1892 5181 dari.
1934 5148 1951 5180 ι

542 5209 707 5278 Igitur
730 5213 814 5279 qui
844 5212 1053 5281 dispersi
1082 5224 1243 5279 crant,
1276 5216 1646 5283 pertransibunt
1675 5220 2026 5285 euangelizan-

471 5313 543 5355 ιρι
575 5303 777 5355 verbum
812 5304 920 5358 Uei.
957 5305 1054 5358 i’ro
1085 5306 1320 5372 dispersi,
1363 5307 1413 5361 in
1445 5306 1629 5362 Grtrco
1659 5308 1880 5362 habetur
1923 5312 2026 5362 dis-

471 5397 721 5458 seminati,
772 5396 819 5448 id
867 5408 966 5464 est,
1003 5390 1333 5465 disparentes
1365 5406 1410 5451 ⁸.
1460 5399 1589 5453 Nam
1638 5401 1734 5467 ipsi
1784 5388 2042 5455 erantde'

472 5488 660 5554 quibus
690 5488 821 5541 dixit
854 5489 1048 5542 Isaias:
1094 5488 1275 5542 Umnrs
1312 5491 1399 5555 qui
1427 5491 1637 5544 viderint
1681 5506 1764 5543 eos
1788 5532 1801 5549 .
1844 5505 2027 5558 cogno-

476 5587 611 5631 scent
640 5578 752 5631 illos
773 5619 789 5645 ,
819 5581 935 5645 quia
970 5578 1053 5633 isti
1083 5592 1200 5632 sunt
1232 5595 1410 5634 semen
1439 5580 1519 5632 cui
1552 5579 1817 5635 benedixit
1850 5579 2029 5632 Domi-

2136 4584 2304 4629 matus
2328 4587 2515 4626 arcana
2546 4570 2778 4626 ctelestia
2808 4568 3133 4632 rimabatur;
3167 4576 3355 4635 estque
3375 4610 3391 4633 ,
3424 4566 3474 4618 ni
3517 4565 3672 4632 ἵληθι,

2134 4666 2406 4727 credibile,
2458 4666 2596 4733 quod
2627 4676 2691 4717 co
2735 4672 2972 4728 tempore
3022 4659 3325 4731 mysterium
3372 4658 3675 4725 eratigelicc

2132 4754 2543 4823 dispensationis
2570 4753 2789 4807 edoctus
2838 4752 3016 4817 fuerit,
3048 4751 3115 4806 de
3156 4767 3261 4819 quo
3294 4754 3408 4818 ipse
3438 4751 3677 4820 gloriatur

2133 4846 2196 4901 ad
2230 4845 2440 4901 Galatas
2468 4846 2651 4899 dicens
2682 4862 2693 4896 :
2724 4843 2899 4911 Neque
2936 4845 3067 4895 enim
3089 4857 3177 4910 ego
3204 4844 3268 4895 ab
3293 4842 3490 4894 nomine
3516 4839 3674 4907 accepi

2132 4939 2281 5001 illud,
2313 4955 2470 5007 neque
2510 4937 2687 4996 didici.
2730 4936 2817 4989 sed
2838 4951 2926 5003 per
2962 4934 3308 4988 reuelationem
3338 4931 3465 4986 Jesu
3504 4930 3676 4985 Christi

2134 5029 2328 5099 (Galat.
2355 5026 2419 5098 ἰ).
2468 5026 2535 5081 Et
2562 5026 2715 5095 paulo
2758 5035 2871 5093 post
2897 5042 2907 5076 :
2950 5025 3076 5077 Cum
3104 5035 3272 5077 autem
3312 5025 3499 5093 placuit
3530 5026 3573 5077 ei
3596 5024 3675 5091 qui

2134 5135 2211 5171 me
2237 5117 2507 5188 segregavit
2534 5119 2594 5169 de
2634 5126 2772 5171 utero
2810 5116 2984 5168 matris
3014 5130 3153 5176 mea,
3204 5124 3251 5167 et
3280 5116 3465 5165 vocavit
3492 5130 3537 5164 ιιι
3567 5128 3676 5182 gra-

2136 5212 2256 5263 tiam
2285 5224 2447 5271 suam,
2478 5217 2532 5260 ut
2557 5210 2794 5261 rettth
2843 5205 3037 5259 Filium
3064 5220 3211 5257 suum
3238 5204 3291 5256 in
3330 5218 3429 5269 me,
3461 5213 3510 5253 ut
3535 5219 3675 5255 etiam

2130 5304 2393 5373 gelisarent
2415 5303 2560 5355 illum
2582 5303 2635 5354 in
2649 5302 2896 5370 gentibus,
2915 5301 3155 5353 continuo
3176 5314 3277 5354 non
3297 5300 3519 5367 acquievi
3543 5300 3677 5350 carni

2127 5405 2172 5447 et
2203 5394 2457 5463 sanguini,
2491 5408 2647 5457 neque
2665 5392 2772 5445 veni
2792 5390 3182 5460 Jerosolyrnam,
3212 5401 3316 5444 etc.
3348 5389 3549 5457 (lbid.).
3578 5389 3675 5441 Sed

2129 5496 2177 5536 et
2210 5484 2363 5548 hujus
2390 5483 2550 5537 libelli
2581 5492 2753 5536 textus
2781 5496 2884 5549 quo
2908 5482 3155 5536 subditur
3182 5498 3194 5532 :
3230 5478 3352 5534 Fuit
3378 5491 3541 5534 eum
3567 5494 3675 5531 cum

2129 5576 2392 5642 discipulis
2422 5576 2505 5641 qui
2537 5584 2679 5627 erant
2715 5574 2950 5629 Damasci
2995 5589 3082 5638 per
3111 5572 3218 5626 dies
3244 5574 3469 5642 aliquot,
3499 5581 3540 5624 et
3564 5587 3677 5622 con-

546 5702 569 5729 ι
602 5693 760 5746 Forte
786 5693 1122 5749 scribendum
1158 5694 1524 5761 dinsparenlee,
1554 5692 1687 5757 quod
1719 5690 1768 5743 in
1800 5688 2082 5758 exemplari
2114 5688 2298 5744 Graeco
2333 5688 2518 5755 'egitur
2549 5686 2927 5757 διασπαρέντες,
2959 5693 3214 5753 sonatque
3247 5684 3433 5742 Latine
3462 5685 3677 5739 dissemF

473 5764 596 5818 nati.
634 5764 780 5819 icon.
