3860 6230
88 302 238 363 1017

846 309 1047 363 LIBER
1091 307 1680 365 RETRACTATIUNIS

1789 306 1793 356 Ι
1832 300 2052 359 ACTL'S
2094 293 2617 355 Αῐιυδτυωιιυιι.

3218 293 3353 352 1018

82 431 239 481 ιὶιιιιο
282 428 339 480 in
368 389 637 496 sgnrigogis
668 423 974 494 pradicabat
1003 424 1073 477 eis
1097 422 1295 488 Jesum,
1328 424 1567 490 quoniam
1591 421 1671 473 hic
1702 422 1748 481 Α
1776 417 1921 472 tabat
1949 429 2008 471 se
2036 416 2254 484 jungere
2282 412 2582 480 discipulis,
2613 418 2668 465 et
2703 424 2892 465 omnes
2924 408 3176 464 timebant
3204 426 3350 472 eum,

84 528 160 571 est
189 516 369 570 Filius
402 516 643 585 θῶμαι.
670 512 766 581 ut),
785 528 1112 582 nequaquam
1136 528 1256 567 eum
1286 512 1352 565 ab
1378 511 1677 565 hominibus

83 610 300 676 aliquid
325 609 581 664 didicisse
605 607 1006 670 asscverat,sed
1030 614 1233 662 tantum
1264 613 1384 673 post
1414 605 1673 673 baptisma

84 699 284 752 statim
311 700 547 753 doctoris
575 698 754 751 eximii
784 697 1133 751 ministerium
1158 696 1455 765 suscepisse
1481 694 1676 748 conlir-

85 802 227 846 mat.
279 791 360 845 liii
408 791 589 855 utique
628 788 1037 859 comparandus,
1059 788 1125 845 de
1147 804 1252 857 quo
1274 788 1527 854 scriptum
1552 794 1635 840 est
1658 802 1671 837 :

86 881 234 947 Quia
266 881 529 950 eloquium
561 879 766 933 Domini
810 880 1142 946 inﬂammavit
1195 894 1309 931 eum
1341 876 1509 946 (Psal.
1540 875 1671 945 etv).

160 972 458 1027 Consilium
487 975 713 1042 fecerunt
742 969 933 1032 Judtri,
964 978 1019 1022 ut
1041 983 1156 1023 eum
1180 968 1538 1036 interficerent.
1564 966 1676 1019 Na-

89 1073 154 1117 ιαν
179 1063 340 1133 facta
361 1071 481 1116 sunt
502 1071 670 1115 autem
689 1060 858 1114 Paulo
887 1060 1089 1113 insidia:
1107 1074 1310 1122 eorum;
1332 1057 1676 1111 custodiebant

86 1166 264 1208 autem
296 1170 341 1207 et
373 1164 546 1220 portas
576 1153 790 1208 ciuitatis
819 1151 900 1205 die
927 1168 986 1205 ac
1015 1161 1180 1218 nocte,
1212 1161 1266 1204 ut
1292 1165 1405 1204 eum
1428 1149 1675 1215 interﬁce-

88 1255 231 1298 rent.
284 1244 405 1298 Non
438 1244 602 1298 intimi
655 1241 1049 1307 custodiebant,
1094 1241 1187 1294 sed
1218 1239 1318 1308 ipsi
1365 1238 1513 1292 cives
1556 1252 1673 1291 cum

91 1349 226 1405 rege
279 1351 379 1388 suo
409 1333 628 1399 Aretho,
662 1344 715 1388 ut
763 1332 876 1400 ipse
902 1332 993 1401 qui
1024 1331 1274 1385 obsessus
1317 1337 1399 1383 est
1428 1338 1477 1381 et
1509 1330 1675 1383 evasit

91 1427 392 1493 Apostolus
420 1440 495 1479 sci
514 1424 607 1478 ibit
636 1425 701 1478 ad
729 1424 968 1480 Galatas.
1006 1423 1066 1477 Et
1094 1423 1320 1493 gentiles
1368 1435 1593 1489 namque
1621 1429 1676 1475 et

89 1519 271 1573 λικικί
304 1517 547 1586 quamvis
579 1518 717 1571 inter
737 1531 792 1570 se
813 1515 1145 1581 discordem,
1180 1514 1230 1567 in
1253 1511 1672 1568 Christianorum

89 1623 314 1675 semper
342 1606 673 1662 insecutiune
702 1606 1045 1659 concordant.

162 1695 302 1751 Cum
327 1707 496 1751 autem
524 1698 735 1750 venisset
760 1696 813 1749 in
852 1693 1163 1759 Jerusalem,
1213 1694 1432 1747 tentabat
1455 1692 1672 1763 jungerc

88 1804 139 1840 se
172 1787 468 1856 discipulis.
506 1787 559 1838 In
592 1786 689 1838 hoc
720 1800 872 1839 versu
899 1782 949 1837 in
978 1785 1164 1839 Graeco
1186 1783 1329 1837 Pauli
1362 1796 1553 1837 nomen
1585 1791 1666 1836 est
1697 1765 1741 1824 Β

91 1884 394 1947 appositum
420 1896 430 1929 :
464 1876 594 1931 Cum
622 1876 831 1928 venisset
861 1886 1030 1927 autem
1060 1872 1262 1927 Paulus
1284 1874 1335 1926 in
1357 1872 1665 1933 Jerusalem,

94 1984 198 2021 non
226 1968 351 2036 quia
383 1967 473 2021 illo
497 1966 669 2018 adhuc
693 1975 928 2031 tempore
953 1965 1030 2016 sic
1051 1971 1348 2024 vocaretur,
1368 1977 1414 2027 pt
1430 1960 1669 2027 iusquam

95 2057 343 2126 Sergium
376 2054 623 2119 Paulum,
654 2054 813 2125 Cypri
846 2054 1215 2121 proconsulem
1248 2050 1311 2105 ad
1340 2051 1496 2105 (idem
1518 2048 1672 2103 Citri-

95 2150 157 2201 sti
191 2157 558 2211 converteret,
597 2146 688 2198 sed
720 2144 1139 2214 praeoccupando
1166 2156 1303 2196 nunc
1331 2143 1400 2195 ita
1432 2152 1668 2207 vocatur,

85 2251 400 2308 .opportuue
430 2238 646 2292 dicente
675 2237 828 2290 beato
862 2238 997 2289 Luca
1024 2254 1037 2287 :
1072 2236 1138 2289 ibi
1171 2234 1515 2304 prmsiguare,
1548 2235 1670 2301 quia

103 2331 300 2385 Paulus
329 2340 472 2384 esset
500 2330 791 2393 vocandus,
828 2328 912 2382 ubi
944 2343 1063 2381 eum
1099 2327 1271 2395 primo
1304 2336 1422 2396 post
1451 2340 1674 2380 conver-

101 2422 309 2477 sionem
350 2421 740 2490 Jerosolymam
790 2422 987 2484 venire,
1041 2433 1093 2473 et
1141 2419 1394 2487 apostolis
1432 2420 1673 2487 junctum

100 2528 217 2568 esse
246 2522 511 2579 narraret,
546 2521 599 2565 ut
628 2511 767 2565 unde
800 2512 954 2579 paulo
981 2522 1105 2565 ante
1132 2512 1391 2579 superbus
1418 2509 1673 2565 Ecclesia:

104 2611 408 2672 persecutor
437 2602 660 2666 exierat,
718 2601 805 2655 ille
836 2616 974 2654 nunc
1009 2600 1222 2655 humilis
1265 2600 1521 2657 Ecclcsix
1556 2616 1675 2670 pro-

107 2704 362 2763 pugnator
419 2694 661 2749 intraret.
706 2691 837 2748 Nam
871 2692 989 2762 quia
1023 2694 1232 2762 paulum
1281 2692 1464 2745 Latine
1510 2691 1674 2745 modi-

105 2800 213 2836 cum
259 2783 544 2851 signiﬁcat,
590 2782 713 2850 jure
756 2783 947 2836 Paulus
997 2784 1085 2837 ille
1128 2784 1303 2835 vocari
1350 2781 1556 2847 maluit,
1588 2783 1675 2850 qui

109 2874 241 2928 inter
270 2873 530 2928 maximas
559 2875 808 2928 virtutum
856 2875 1195 2941 operationes
1232 2872 1447 2926 humilis
1472 2888 1675 2939 perma-

1778 524 1882 565 non
1907 508 2188 563 credentes
2216 507 2337 577 quia
2365 516 2509 561 esset
2537 504 2829 574 discipulus
2853 546 2867 567 ,
2898 508 3071 558 donec
3102 503 3345 557 Uaruaba

1776 608 2024 654 narrante
2049 599 2371 654 didicerunt.
2401 595 2533 651 Cum
2564 611 2693 665 ergo
2721 602 2931 650 constet
2975 599 3117 665 quod
3152 595 3348 646 i’autus

1777 699 1896 761 post
1920 705 2089 745 annos
2115 700 2219 745 tres
2271 704 2382 743 sua:
2409 672 2774 742 conversionis
2820 688 3026 741 venerit
3074 685 3347 752 Jeroson-

1776 797 1938 847 mam,
1986 791 2042 837 et
2067 781 2431 851 apostolorum
2475 778 2635 832 fuerit
2686 790 2909 834 numero
2935 775 3193 839 sociatus,
3233 774 3351 830 exi-

1776 885 1923 929 stens
1952 874 2152 935 adhuc,
2190 880 2250 925 ut
2278 871 2389 939 ipse
2416 868 2622 932 scribit.
2673 868 2877 939 ignotus
2926 867 3058 937 {acie
3106 864 3354 920 Ecclesiis

1775 961 1994 1026 ludere,
2043 978 2157 1030 qua:
2202 969 2346 1014 erant
2392 960 2445 1013 in
2484 958 2708 1023 Christo,
2758 967 2939 1013 errant
2985 956 3208 1012 multum
3260 957 3351 1026 qui

1777 1056 2204 1127 apocrypborum
2229 1056 2393 1110 libros
2424 1055 2676 1110 sectanda
2707 1064 2894 1124 putant
2920 1070 3064 1122 eum,
3106 1054 3344 1109 secundo

1776 1156 1895 1216 post
1922 1148 2219 1215 passionem
2254 1144 2465 1201 Domini
2482 1147 2653 1209 anno,
2704 1147 2756 1200 in
2808 1146 3167 1217 apostolatutu
3215 1159 3349 1215 gen-

1778 1239 1905 1293 tium
1933 1252 2054 1292 cum
2087 1236 2323 1292 Barnabas
2349 1236 2461 1306 jam
2491 1238 2653 1306 luisse
2677 1236 3001 1292 ordinatum.

1848 1325 2075 1380 Ecclesia
2096 1327 2299 1394 quidem
2340 1302 2431 1395 per
2457 1302 2883 1379 totam’Judtram
2926 1337 2971 1380 et
2997 1326 3265 1381 Galilcam
3304 1334 3351 1380 et

1778 1418 2065 1475 Samariam
2090 1418 2305 1471 habebat
2335 1432 2531 1487 pacem.
2577 1416 2674 1472 Ubi
2709 1416 2893 1471 Latine
2932 1418 3126 1471 dicitur
3152 1434 3242 1487 per
3266 1426 3349 1471 ta-

1774 1518 1896 1574 tam,
1926 1509 1979 1561 in
2002 1508 2190 1562 Grieco
2212 1507 2434 1562 habetur
2453 1507 2702 1569 καθ’ὅλης.
2729 1506 2881 1564 Unde
2903 1508 3191 1561 notandum
3213 1507 3353 1576 quod

1773 1614 1837 1653 ex
1883 1613 1949 1653 eo
1998 1596 2257 1653 catholica
2305 1600 2715 1667 cognominatur
2762 1598 3022 1663 Ecclesia,
3070 1596 3211 1669 quod
3257 1612 3355 1669 per

1777 1698 1942 1743 totum
1972 1687 2159 1741 orbem
2186 1687 2373 1742 diliusa
2404 1688 2456 1743 in
2488 1702 2591 1743 una
2625 1704 2755 1754 pace
2782 1696 3029 1742 versatur

1839 1776 1904 1831 Et
1926 1778 2271 1831 consolatione
2292 1777 2452 1831 sancti
2471 1777 2694 1846 Spiritus
2711 1777 3024 1845 replebatur,
3044 1776 3157 1830 sive
3178 1776 3353 1829 ιιιιιιιί-

1767 1866 2068 1937 plicabatur.
2096 1879 2150 1920 ut
2174 1866 2225 1919 iu
2247 1866 2433 1922 Grteco
2454 1868 2710 1936 scrime
2735 1878 2839 1922 est.
2868 1866 2973 1921 Pro
2994 1881 3059 1921 eo
3085 1864 3227 1935 quod
3258 1881 3357 1921 nos

1769 1957 1993 2012 dicimus
2014 1958 2378 2020 consolatione.
2401 1957 2802 2013 Grtece'dicitur
2828 1956 3152 2035 παρακλήσει
3172 1971 3184 1983 '
3215 1956 3356 2012 unde

1772 2049 1942 2105 claret
1972 2051 2271 2115 ntanileste,
2322 2049 2464 2120 quod
2513 2049 2633 2105 ideo
2681 2049 2908 2117 Spiritus
2952 2058 3169 2104 sanctus
3198 2047 3356 2103 Para-

1773 2140 1948 2193 cietus
1977 2142 2405 2209 cognominatur,
2434 2141 2577 2209 quia,
2610 2139 2844 2195 ﬁdelium
2875 2141 3035 2194 corda
3068 2139 3355 2206 illustraus,

1778 2231 2071 2287 Ecclesium
2098 2242 2207 2287 toto
2227 2234 2359 2287 orbe
2387 2233 2721 2302 umltipllcat,
2741 2242 2793 2288 et
2816 2247 2909 2287 sua
2932 2233 3099 2304 gratia
3130 2234 3319 2302 replet.

2394 2324 2621 2380 CAPUT
2660 2324 2728 2378 X.

1845 2413 1911 2469 Et
1936 2418 2127 2470 accersi
2157 2417 2438 2482 Simonem,
2468 2421 2554 2488 qui
2593 2421 2979 2491 cognominatur
3024 2420 3240 2486 Petrus;
3275 2421 3360 2476 llic

1774 2508 2063 2578 hospitatur
2087 2510 2227 2578 apud
2255 2510 2517 2564 Simonem
2561 2514 2828 2581 quemdam
2872 2514 3146 2566 coriarium
3166 2554 3179 2576 ,
3211 2516 3361 2583 cujus

1778 2598 1962 2653 domus
1988 2609 2061 2653 est
2074 2603 2231 2671 juxta
2272 2616 2431 2654 more.
2487 2603 2679 2657 Omnia
2712 2602 2865 2671 plena
2897 2602 3081 2671 ﬁguris
3109 2603 3360 2671 spiritua-

1778 2688 1919 2743 iibus
1954 2691 2005 2744 in
2038 2691 2312 2755 Scriptura
2357 2697 2561 2755 sancta,
2613 2692 2772 2746 etiam
2822 2693 3037 2747 nomina
3085 2702 3139 2747 et
3169 2693 3362 2761 positio

1780 2781 2042 2836 locorum.
2075 2782 2384 2850 llospitatur
2414 2784 2603 2838 Petrus
2626 2786 2677 2837 in
2701 2783 2864 2841 domo
2892 2785 3147 2853 Simonis,
3181 2786 3233 2842 id
3255 2796 3360 2851 est,

1779 2873 2110 2939 obedientis;
2144 2884 2200 2931 et
2230 2876 2344 2941 ipse
2372 2887 2455 2932 est
2478 2876 2763 2945 cotiarius,
2795 2880 2917 2949 quia
2943 2878 3136 2936 doctor
3181 2882 3363 2938 Eccle-

111 2978 232 3019 nere
262 2978 366 3017 non
395 2964 597 3017 omisit.
635 2963 815 3035 Neque
846 2966 984 3018 enim
1032 2963 1321 3032 putandum
1350 2974 1432 3017 est
1459 2963 1676 3017 Paulum
1780 2964 1905 3029 site;
1936 2964 2006 3019 ibi
2036 2975 2242 3034 gratam
2275 2966 2435 3023 habet
2466 2969 2797 3025 mansionem
2826 2978 2881 3025 et
2907 2972 3196 3042 hospitium
3227 2972 3358 3027 diie-

112 3054 219 3107 sive
244 3053 457 3110 Petrum
485 3053 731 3120 liebraza,
758 3064 813 3111 et
843 3070 949 3110 non
974 3057 1147 3124 potius
1176 3056 1359 3110 Latina
1383 3055 1462 3111 vel
1493 3054 1675 3110 Graeca
1706 3103 1751 3127 η
1783 3062 1953 3120 ctum,
2004 3055 2091 3110 ubi
2149 3057 2463 3113 obedientes
2513 3059 2775 3115 invenerit
2822 3060 3117 3127 auditores,
3151 3063 3239 3117 ubi
3268 3078 3363 3117 eos

1704 3103 1753 3168 C

114 3157 227 3199 esse
256 3160 297 3192 vi
322 3146 534 3207 eabnla,
562 3159 681 3199 cum
712 3154 920 3200 constet
952 3146 1204 3201 Hebraeos
1233 3163 1266 3216 p
1300 3147 1533 3200 litteram
1568 3160 1675 3201 non
1706 3146 1753 3168 “
1783 3147 1873 3217 qui
1903 3148 2163 3218 castigent
2215 3164 2414 3223 corpus
2460 3165 2637 3216 suum,
2690 3162 2744 3207 et
2790 3153 3034 3209 servituti
3082 3152 3366 3224 subjiciam

116 3234 299 3289 habere
328 3236 577 3290 omnibus
610 3236 803 3291 modis.

183 3326 437 3381 Barnabas
483 3335 651 3381 autem
704 3330 1073 3399 apprehensum
1114 3346 1225 3385 eum
1272 3330 1420 3383 duxit
1464 3330 1531 3383 ad
1555 3345 1684 3399 apo:

122 3420 285 3483 stolas,
316 3429 361 3470 et
384 3419 612 3470 narrauit
651 3418 753 3471 illis
776 3398 1032 3489 quomodo
1063 3421 1113 3475 in
1144 3426 1224 3474 via
1254 3420 1459 3475 vidisset
1506 3398 1685 3475 Domi;

122 3528 250 3573 nunt,
274 3520 378 3567 etc.
403 3510 627 3576 Quando
649 3513 762 3565 haec
790 3512 924 3566 iacta
951 3514 1076 3578 sint,
1099 3522 1151 3566 et
1173 3514 1236 3565 ad
1258 3527 1391 3582 quos
1411 3513 1683 3581 apostolos

122 3600 326 3655 Paulum
371 3602 649 3657 deduxerit
698 3602 985 3668 Barnabas,
1038 3606 1149 3672 ipse
1192 3605 1385 3660 i'aulus
1426 3607 1679 3671 ostendit,

123 3694 347 3748 scribens
394 3693 463 3747 ad
498 3692 747 3747 Galatas:
798 3692 925 3748 Cum
964 3705 1132 3748 autem
1179 3697 1374 3764 placuit
1418 3698 1464 3752 ei
1490 3699 1579 3768 qui
1610 3714 1688 3754 me

124 3786 379 3857 segregavit
412 3785 474 3838 de
496 3794 638 3837 utero
666 3785 843 3838 matris
873 3800 1020 3852 mete,
1050 3796 1097 3837 et
1129 3788 1319 3839 vocavit
1348 3803 1443 3854 per
1468 3790 1685 3856 gratiam

126 3891 273 3939 suam,
306 3886 358 3928 ut
386 3876 628 3929 reuelaret
657 3872 850 3927 Filium
873 3889 1022 3926 suum
1062 3875 1115 3926 in
1146 3891 1244 3941 me,
1270 3889 1317 3929 et
1348 3889 1564 3940 camera,
1598 3894 1683 3931 us-

128 3984 217 4036 que
244 3970 363 4025 dum
392 3972 463 4025 ait
497 3988 508 4022 :
560 3967 753 4024 Deinde
782 3978 891 4037 post
916 3985 1077 4022 annos
1124 3979 1225 4023 tres
1269 3968 1381 4021 veni
1424 3965 1688 4038 Jcrasoly-

131 4076 249 4113 mam
284 4062 448 4114 videre
497 4060 725 4123 Petrum,
775 4072 820 4114 et
854 4060 1016 4113 mansi
1039 4060 1178 4128 apud
1219 4076 1332 4113 eum
1373 4060 1549 4112 diebus
1596 4074 1682 4113 xv.

130 4152 287 4205 Alium
308 4164 472 4207 autem
500 4154 848 4219 apostolorum
878 4154 1129 4206 neminem
1162 4154 1279 4217 vidi,
1314 4154 1412 4207 nisi
1439 4151 1688 4206 Iacobum

133 4248 326 4313 fratrem
352 4248 558 4301 Domini
584 4246 778 4316 (Galat.
805 4250 869 4315 l).
921 4247 1072 4313 Quod
1119 4263 1247 4316 ergo
1298 4247 1465 4301 Lucas
1496 4249 1686 4303 subseo

133 4350 334 4409 quenter
362 4340 490 4393 dicit
523 4357 537 4393 :
586 4338 715 4391 Erat
744 4351 913 4392 autent
940 4356 1053 4392 cum
1076 4338 1179 4391 illis
1222 4340 1419 4392 intrans
1446 4349 1496 4393 et
1518 4340 1687 4393 exiens

1784 3237 1835 3307 (l
1871 3238 1991 3294 Cor.
2032 3238 2148 3311 ta);
2181 3241 2269 3310 qui
2297 3256 2324 3296 a
2357 3240 2469 3297 Deo
2495 3245 2683 3298 muniti
2714 3244 2766 3298 in
2795 3244 3051 3300 virtutum
3079 3260 3205 3301 arce
3234 3260 3366 3302 cono

1784 3330 1993 3397 sistant,
2042 3340 2097 3385 ut
2124 3346 2314 3387 omnes
2345 3333 2527 3388 siccuii
2561 3334 2792 3389 labentis
2843 3334 3016 3391 undas
3048 3338 3366 3406 transgressi

1786 3418 2072 3489 tranquilla
2105 3420 2303 3475 mentis
2332 3422 2580 3479 libertate
2607 3423 2925 3494 despiciant.
2947 3424 3060 3481 line
3086 3428 3231 3481 enim
3261 3438 3367 3491 est,

1786 3507 2059 3565 Simonem
2086 3511 2373 3566 coriarium
2404 3512 2622 3568 domum
2642 3552 2656 3576 ,
2687 3515 2743 3569 in
2770 3529 2872 3583 qua
2900 3512 3115 3570 Petrum
3143 3516 3371 3586 recipiat

1786 3599 1839 3654 in
1868 3615 1971 3655 una
2000 3611 2150 3670 parte
2178 3603 2446 3669 civitatis,
2478 3618 2597 3674 qua
2637 3612 2721 3659 est
2745 3605 2893 3671 juxta
2934 3619 3114 3671 mare,
3148 3607 3369 3673 habere,

1793 3692 2060 3760 perfectos
2085 3694 2236 3749 verbi
2266 3695 2539 3756 auditores
2567 3696 2649 3750 illa
2678 3697 2729 3750 in
2761 3706 2942 3753 sancta
2976 3697 3210 3755 Ecclesia
3238 3714 3371 3753 con-

1789 3783 2143 3838 versationem
2178 3793 2381 3851 tenere,
2412 3800 2529 3855 quae
2567 3786 2649 3840 vel
2679 3786 2875 3842 ﬂuxam
2908 3788 3090 3842 saeculi
3118 3788 3371 3857 gloriam,

1788 3876 1871 3929 vel
1902 3875 2220 3944 temporales
2266 3891 2328 3930 ac
2357 3876 2616 3933 volubiles
2660 3876 2777 3948 ejus
2806 3888 3040 3935 terrores
3060 3919 3075 3946 ,
3110 3896 3213 3934 una
3245 3880 3370 3935 iidei

1790 3982 1893 4021 non
1928 3968 2064 4023 licia:
2093 3969 2388 4023 constantia
2416 3980 2695 4039 spernant.

1862 4058 2053 4113 Cecidit
2091 4076 2243 4128 super
2268 4076 2381 4113 eum
2422 4063 2603 4114 mentis
2643 4078 2899 4131 excessus,
2949 4074 2996 4118 et
3028 4066 3153 4119 vidit
3191 4068 3371 4120 calum

1789 4161 2037 4221 apertum.
2081 4154 2299 4221 Apertio
2328 4152 2450 4209 cmii
2501 4152 2729 4210 futuram
2771 4154 2880 4225 jam
2916 4158 3156 4225 proxime
3183 4160 3364 4227 genti-

1793 4244 1892 4299 bus
1915 4246 2296 4317 rqvelationem
2316 4246 2613 4300 caelestium
2632 4258 3106 4309 sacramentorum.
3121 4258 3175 4304 et
3198 4252 3371 4318 ipsum

1793 4336 1941 4406 regni
1970 4336 2205 4391 caelestis
2232 4335 2569 4405 pandendum
2616 4334 2860 4402 designat
2891 4336 3183 4395 introitum.

134 4430 177 4481 in
201 4428 500 4493 Jerusalem,
555 4429 651 4482 hoc
685 4444 777 4495 per
798 4428 916 4482 dies
942 4428 1239 4495 quindecim
1266 4429 1456 4497 quibus
1486 4444 1543 4483 se
1566 4444 1685 4483 cum
1719 4454 1766 4513 ι)
1864 4426 2052 4496 Surge,
2080 4423 2250 4489 Petre,
2284 4427 2454 4479 occide
2480 4435 2528 4479 et
2559 4425 2829 4479 manduca.
2880 4425 3032 4493 Quod
3074 4425 3258 4480 Latine
3289 4428 3371 4482 di-

139 4519 277 4571 Petro
305 4529 356 4573 et
383 4519 583 4573 Jacobo
616 4518 873 4573 mansisse
921 4528 1213 4584 asseverat,
1265 4521 1539 4573 actitatum
1569 4533 1688 4574 esse

137 4609 366 4663 credibile
387 4618 488 4663 est.
518 4609 579 4663 Et
598 4609 738 4678 quod
756 4610 1011 4678 sequitur,
1034 4608 1147 4676 ipse
1169 4609 1218 4661 in
1249 4610 1511 4676 Epistula:
1538 4608 1690 4663 Dein-

138 4702 191 4753 de
216 4702 317 4754 veni
343 4706 395 4755 in
436 4712 608 4773 partes
647 4701 814 4772 Syria
841 4711 887 4755 et
931 4702 1124 4756 Cilicia:
1152 4702 1351 4770 (Galat.
1394 4702 1468 4771 t),
1512 4716 1565 4757 et
1591 4704 1690 4757 line

139 4794 383 4860 quomodo
425 4796 494 4848 sit
545 4793 779 4856 factum.
811 4794 981 4848 Lucas
1019 4792 1097 4847 sic
1145 4804 1530 4862 consequenter
1560 4795 1690 4848 iusi-

139 4894 250 4939 nuat
294 4887 513 4941 dicens:
567 4884 886 4953 Loquebatur
930 4900 1125 4953 quoque
1168 4895 1213 4939 et
1244 4886 1531 4953 disputabat
1576 4903 1691 4940 cum

143 4974 330 5041 Curris,
362 4980 439 5032 illi
466 4988 635 5032 autem
664 4977 954 5043 querebant
978 4978 1204 5031 occidere
1226 4993 1361 5031 eum.
1394 4979 1545 5045 Quod
1576 4996 1691 5033 cum

143 5072 461 5137 cognouissent
507 5070 712 5137 fratres,
766 5069 1085 5123 deduxerunt
1135 5084 1249 5122 eum
1294 5067 1612 5134 Caesaream,
1644 5082 1691 5125 et

145 5159 416 5212 dimiserant
447 5158 723 5212 Tharsum.
758 5158 881 5215 Haec
901 5168 983 5216 est
1006 5159 1151 5215 enim
1177 5159 1360 5215 civitas
1388 5161 1608 5228 Ciliciar,
1639 5176 1693 5218 et

144 5245 365 5299 (kesarea
414 5263 624 5315 quoque
656 5247 879 5315 Philippi
935 5251 1124 5303 civitas
1153 5258 1238 5304 est
1265 5249 1455 5319 Syriae.
1509 5252 1690 5316 Quod-

145 5350 235 5397 que
261 5338 529 5407 adjungit:
562 5336 689 5391 Erat
710 5350 879 5393 autem
908 5341 1110 5409 ignotus
1145 5342 1275 5413 facie
1308 5341 1551 5397 Ecclesiis
1594 5344 1692 5397 Ju-

148 5428 275 5494 daei,
297 5447 404 5501 qua
427 5440 574 5485 erant
602 5435 654 5485 in
676 5430 896 5496 Christo;
927 5442 1123 5486 tantum
1142 5445 1306 5488 autem
1334 5436 1569 5488 auditum
1588 5436 1694 5488 Ita-

148 5520 335 5586 bebant,
384 5524 622 5590 quoniam
665 5523 751 5588 qui
804 5524 1187 5591 persequebatur
1236 5542 1327 5578 nos
1373 5525 1687 5593 aliquando,

150 5627 263 5663 nunc
308 5615 611 5683 erangelisat
654 5614 828 5681 ﬁdem,
857 5631 1011 5683 quam
1054 5616 1332 5683 aliquando
1372 5619 1688 5687 expugnabat

154 5701 339 5767 una).
375 5706 479 5760 lloc
507 5716 605 5769 est,
639 5708 776 5774 quod
808 5707 893 5762 hic
922 5708 1089 5761 Lucas
1123 5708 1393 5775 prmmisit,
1427 5708 1547 5775 quia
1581 5718 1689 5763 ten-

1794 4518 1933 4573 citur
1976 4520 2167 4582 occide,
2202 4518 2302 4571 hoc
2331 4515 2518 4572 Graece
2566 4519 2665 4571 hoc
2708 4520 2759 4571 in
2794 4518 2911 4572 loco
2960 4518 3151 4571 dicitur
3190 4520 3370 4584 θύσσν.

1792 4607 1931 4678 quod
1966 4623 2068 4662 non
2099 4610 2347 4679 generale
2389 4608 2675 4663 occisionis
2712 4609 2933 4663 verbum
2958 4619 3061 4673 est,
3105 4610 3198 4663 sed
3230 4612 3373 4664 illius

1793 4699 2077 4754 occisionis
2129 4702 2423 4768 proprium,
2473 4716 2579 4769 quo
2616 4699 2800 4753 hostiae
2854 4700 2961 4753 Deo
3004 4700 3368 4756 immolantur.

1794 4792 1923 4845 Nam
1953 4800 2005 4845 et
2028 4791 2195 4845 hostia
2217 4792 2328 4847 sive
2350 4792 2670 4845 sacriiicium
2694 4788 2876 4845 Graece
2914 4793 3092 4855 θυσία.
3125 4801 3179 4846 et
3200 4793 3373 4847 altare

1793 4886 2162 4957 θυσιαστήριον
2211 4892 2447 4936 vocatur.
2502 4882 2567 4934 Et
2610 4881 2661 4933 iu
2704 4880 2911 4951 psalmo
2952 4880 3039 4933 ubi
3085 4882 3373 4935 canimus:

1794 4975 2092 5043 Sacri/Scala
2122 4974 2434 5041 sacri/icium
2467 4972 2687 5044 justitite
2717 4970 2888 5041 (Psal.
2925 4971 3023 5039 tv),
3078 4970 3267 5025 Graec
3293 4971 3373 5023 di-

1792 5069 1947 5130 citur,
1971 5068 2158 5121 θύσατε
2184 5068 2472 5133 θυσίαν,θι,
2497 5061 2716 5118 lnnnola
2744 5062 2851 5118 Dea
2875 5063 3185 5132 sacri/icium
3209 5062 3376 5116 laudis

1794 5158 2007 5229 (lbid.),
2034 5159 2185 5213 Θύσον
2206 5166 2277 5229 τῷ
2304 5165 2412 5229 Θεῷ
2441 5157 2649 5212 θυσίαν.
2700 5155 2856 5210 Juxta
2889 5154 3025 5210 banc
3054 5170 3183 5225 ergo
3210 5156 3375 5223 signi-

1797 5250 2091 5304 licationem
2143 5250 2336 5303 dicitur
2386 5248 2579 5302 Petro:
2629 5249 2783 5301 θύσον
2813 5258 2859 5300 et
2900 5248 3172 5313 manduca,
3228 5248 3372 5317 quod

1797 5349 1973 5395 noster
2013 5341 2273 5407 interpres
2306 5338 2572 5393 transtulit
2606 5338 2791 5391 Occide
2814 5351 2859 5393 et
2892 5342 3166 5393 manduca.
3198 5339 3374 5411 Eque

1796 5441 1969 5486 autem
1998 5431 2336 5501 interpretari
2390 5442 2595 5501 poterat
2642 5432 2863 5487 lmmola
2908 5442 2954 5485 et
2988 5435 3267 5500 manduca,
3316 5444 3375 5488 ut

1798 5526 2119 5595 intelligeret
2148 5527 2215 5580 ad
2241 5528 2338 5579 hoc
2367 5528 2468 5580 sibi
2498 5528 2671 5580 oblata
2698 5526 2907 5581 t'mlilus
2934 5526 3129 5581 diversi
3160 5527 3373 5595 generis

1796 5617 2080 5672 animantia
2116 5657 2130 5681 ,
2164 5629 2216 5671 ut
2250 5633 2343 5671 eos
2372 5621 2455 5683 qui
2508 5634 2600 5685 per
2628 5617 2927 5687 bojusmodi
2962 5618 3250 5670 animantia
3281 5616 3374 5670 dc-

1800 5712 2161 5780 siguabautur,
2223 5709 2554 5778 praedicando
2608 5709 2834 5765 hostium
2891 5710 3097 5764 Domini
3150 5708 3370 5774 iaceret,
