3860 6230
475 329 609 387 1019

891 324 1092 382 ΒΕΟᾸΞ
1136 322 1575 379 νεΝειιΑιιιιιε
1611 321 1757 377 ΟΡΡ.
1802 318 1975 374 PARS
2016 318 2031 369 l

2137 316 2293 371 SECT
2355 318 2393 371 Ι.
2435 347 2501 361 —
2536 319 2918 376 EXEGETICA
2956 320 3279 378 GENUINA.

3574 320 3727 375 1020

469 452 649 497 erutos
680 440 921 495 videlicet
940 439 1004 493 de
1031 440 1186 493 noxia
1211 438 1313 492 vita
1337 447 1568 505 paterna!
1597 436 1915 497 traditionis,
1944 441 2023 484 at-
2062 438 2099 489 Α
2131 448 2404 498 escursus,
2440 435 2488 488 in
2519 434 2599 488 his
2641 437 2727 505 qui
2759 446 3009 491 vocantur
3057 452 3150 503 per
3174 438 3400 505 gratiam
3448 437 3515 489 ad
3556 449 3731 494 eum.

472 546 574 597 que
603 531 655 584 in
684 544 874 584 novam
899 529 1055 583 vitam
1084 529 1273 582 divina!
1296 529 1563 582 servitutis
1586 543 1679 597 per
1699 534 2027 581 sacramenta

476 622 763 679 Dominicte
790 622 1049 691 passionis
1079 624 1385 676 translatos.

543 715 671 781 Qua
700 714 834 768 Deus
862 713 1148 783 puriﬁcavit
1166 754 1181 777 ,
1213 724 1268 767 tu
1295 727 1556 765 commune
1578 726 1642 764 ne
1669 710 1878 763 dixeris.
1934 709 2030 762 Fa-

469 804 584 859 cilis
613 802 825 873 quidem
858 803 1012 872 hujus
1041 804 1235 857 divina
1280 805 1428 858 vocis
1476 810 1618 871 patet
1667 817 1877 864 sensus,
1908 802 2028 869 quia

469 895 832 964 gentilesun
850 892 1035 948 Petrus
1051 894 1223 947 adhuc
1242 893 1540 947 immundos
1564 893 1799 962 putabat,
1826 892 2028 947 interna

470 984 551 1038 sui
581 983 880 1039 Conditoris
907 984 1136 1052 provisio
1177 983 1285 1052 jam
1335 984 1473 1038 inter
1511 984 1734 1037 mundos
1760 992 2031 1051 computa-

469 1073 582 1128 bat.
606 1073 711 1130 Sed
732 1072 957 1128 natando
989 1072 1277 1142 Scriptura:
1305 1082 1500 1128 sancta:
1520 1072 1870 1135 consuetudo,
1904 1086 2025 1140 qua

472 1166 743 1221 immunda
792 1166 931 1221 solet
960 1166 1226 1234 appellare
1255 1167 1577 1232 communia,
1626 1167 1749 1234 quia
1780 1163 2027 1217 nimirum

470 1257 558 1325 qui
583 1254 741 1310 vai‘iis
768 1258 968 1312 servire
1018 1256 1130 1310 vult
1176 1256 1459 1319 illecebris,
1511 1257 1739 1309 mundus
1766 1269 1885 1310 esse
1925 1270 2027 1307 non

473 1345 628 1410 valet,
659 1346 867 1401 dicente
893 1346 1162 1413 Scriptura
1188 1362 1203 1402 :
1234 1346 1398 1401 Nemo
1426 1355 1586 1417 potest
1625 1346 1820 1400 duobus
1862 1346 2030 1398 domi-

470 1438 549 1489 nis
573 1438 760 1491 servire
789 1435 1000 1505 (Matth.
1034 1439 1128 1507 vt).
1172 1436 1237 1491 Et
1268 1438 1455 1491 iterum
1484 1454 1496 1488 :
1549 1433 1821 1488 Dominum
1864 1432 2029 1486 Deum

469 1536 611 1580 tuum
640 1527 897 1591 adorabis,
921 1535 966 1580 et
1010 1528 1090 1581 illi
1118 1529 1213 1581 soli
1238 1529 1418 1582 servies
1462 1526 1611 1597 (Luc.
1644 1528 1739 1595 tv).
1771 1526 1868 1592 Qui
1900 1540 2030 1596 ergo

470 1620 699 1675 mundus
726 1635 849 1675 esse
891 1620 1176 1685 desiderat,
1226 1634 1330 1675 non
1358 1618 1579 1673 diversis
1627 1627 1681 1673 et
1726 1616 2030 1673 multifariis

468 1710 871 1779 cOgitatiouibus
901 1718 1128 1763 mentem
1170 1708 1394 1773 dividat,
1440 1709 1531 1764 sed
1562 1709 1612 1761 in
1642 1707 1753 1761 sola
1784 1707 1863 1762 sui
1890 1706 2031 1761 Cou-

468 1800 653 1854 dit0ris
679 1799 948 1869 sequenda
993 1800 1263 1853 voluntate
1292 1813 1349 1852 se
1376 1799 1725 1867 constringat.

541 1892 602 1946 Et
628 1892 891 1947 Cornelius
911 1889 1013 1946 ait:
1046 1893 1088 1945 Α
1110 1892 1479 1961 nudiusquarta
1507 1891 1587 1943 die
1608 1906 1761 1959 usque
1799 1890 1850 1941 in
1900 1890 2030 1939 hanc

468 1985 648 2039 Itoram
675 2002 828 2040 orans
858 2002 996 2040 eram
1019 1985 1143 2038 liora
1173 2002 1309 2037 nona
1339 1986 1390 2037 in
1414 1985 1561 2037 domo
1600 1999 1730 2036 mea.
1765 1983 1816 2035 ln
1846 1981 1981 2035 Cnet
2000 1996 2032 2035 ο

468 2079 677 2148 plenius
701 2089 754 2133 et
782 2077 1014 2146 apertius
1040 2077 1294 2142 scriptum
1323 2086 1403 2131 est
1427 2093 1440 2129 :
1473 2079 1515 2130 Α
1542 2085 1724 2145 quarta
1756 2074 1842 2129 die
1866 2088 2031 2144 usque

469 2172 520 2226 in
552 2170 687 2247 hanc
719 2173 900 2223 horam
950 2184 1094 2222 eram
1138 2168 1388 2238 jejunans
1440 2177 1494 2223 et
1523 2168 1771 2229 adorans,
1822 2181 1849 2218 a
1881 2176 2028 2219 sexta

468 2261 595 2315 liora
642 2275 808 2326 usque
853 2259 917 2314 ad
947 2274 1157 2313 nonam.
1214 2258 1307 2311 libi
1341 2268 1523 2323 aperte
1570 2256 1865 2311 ostenditur
1908 2256 2028 2323 quia

467 2360 652 2418 quarta
682 2350 767 2404 die
792 2358 1073 2418 antequam
1105 2349 1216 2402 brec
1247 2364 1363 2401 cum
1395 2348 1553 2401 Petro
1586 2348 1907 2416 loqueretur,
1948 2346 2031 2413 je-

461 2436 617 2505 junus
664 2438 728 2492 ad
755 2440 940 2492 lioram
986 2452 1148 2506 usque
1199 2452 1393 2489 nouam
1447 2436 1825 2503 permanebat;
1869 2444 1923 2488 et
1975 2444 2033 2486 ut

467 2527 722 2597 jejunium
764 2526 872 2581 Deo
901 2528 1221 2596 act‘eptabile
1272 2526 1381 2578 lieri
1434 2533 1631 2591 posset,
1665 2541 1691 2575 a
1738 2536 1887 2577 sexta
1926 2522 2029 2578 diei

467 2621 599 2675 liora
624 2636 791 2688 usque
819 2618 881 2673 ad
906 2634 1123 2683 nonam,
1156 2619 1358 2672 devotis
1388 2616 1629 2685 precibus
1651 2616 1860 2686 agebat;
1889 2614 2031 2668 ideo-

469 2723 573 2774 que
597 2708 735 2774 quod
766 2716 905 2760 tanta
939 2706 1123 2777 jejunii
1174 2719 1223 2761 et
1252 2706 1505 2761 orationis
1549 2706 1796 2760 instantia
1824 2720 2030 2775 qua-re-

470 2796 586 2864 bat,
614 2798 853 2851 obtinere
882 2798 1189 2865 promeruit.

537 2885 641 2940 Hie
689 2886 974 2962 hospitatur
1036 2887 1092 2940 in
1138 2888 1286 2939 domo
1333 2885 1560 2940 Simonis
1621 2884 1828 2938 coriarii
1871 2885 2028 2953 juxta

465 2992 619 3027 nare.
663 2974 935 3043 Confestim
978 2991 1093 3045 ergo
1118 2976 1229 3028 misi
1266 2977 1333 3028 ad
1373 2984 1443 3039 te,
1468 2984 1513 3027 et
1536 2984 1588 3027 tu
1611 2974 1729 3028 bene
1758 2974 1919 3043 fecisti
1947 2989 2027 3026 ve-

2130 525 2215 592 qui
2248 541 2350 579 non
2385 528 2525 580 venit
2558 527 2723 595 lrgetu
2752 530 2985 595 solvere,
3016 528 3108 583 sed
3137 528 3447 594 adimplere.
3500 529 3732 581 Decem

2130 633 2354 686 namque
2382 628 2642 687 prmccpta
2670 631 2789 674 sunt
2824 620 3083 689 legisjain
3132 621 3326 675 Citriin
3374 620 3556 687 gratia
3600 616 3734 668 dii-

2131 708 2238 763 iusa
2269 724 2362 779 per
2392 711 2666 776 mundum,
2716 719 2771 765 et
2799 711 3212 780 quadripartitus
3242 722 3323 765 est
3354 711 3641 765 uiuuduS.
3676 714 3738 758 ει

2128 800 2310 855 decem
2354 802 2750 870 quadruplicata
2798 801 3145 870 quadraginta
3189 801 3408 862 faciunt,
3442 801 3734 868 quoniam

2129 892 2215 961 qui
2248 892 2501 960 redempti
2532 902 2651 945 sunt
2681 908 2709 944 a
2738 893 2985 957 Domino,
3032 892 3098 945 de
3132 892 3439 961 regionibus
3468 904 3731 956 conss-ee

2128 987 2270 1056 gavit
2296 1000 2411 1049 eos,
2450 984 2516 1037 ab
2542 985 2758 1040 Oriente
2808 996 2862 1040 et
2888 986 3196 1049 Occidente,
3248 986 3313 1037 ab
3351 984 3644 1053 Aquilone
3678 991 3740 1034 et

2130 1078 2259 1130 mari
2291 1077 2459 1147 (Psal.
2490 1078 2619 1148 ενι).
2654 1077 2908 1148 Jejunans
2929 1080 3104 1147 itaque
3127 1076 3479 1145 quadraginta
3511 1073 3737 1127 diebus

2128 1180 2251 1222 ante
2281 1178 2502 1223 mortem
2534 1170 2709 1222 carnis
2736 1172 2878 1222 velut
2921 1168 3220 1223 clamabat:
3269 1167 3531 1219 Abstinete
3563 1179 3675 1215 vos
3701 1178 3737 1212 ι

2128 1260 2388 1313 desideriis
2416 1260 2570 1332 hujus
2601 1261 2773 1313 sa’culi
2802 1260 2855 1328 (Ι
2881 1260 3023 1314 Petr.
3046 1261 3129 1323 tt):
3164 1258 3495 1312 manducans
3522 1264 3735 1306 autem

2129 1358 2185 1402 et
2215 1348 2400 1403 bibens
2459 1351 2801 1419 quadraginta
2851 1350 3035 1403 diebus
3084 1356 3199 1417 post
3239 1345 3733 1399 resurrectimiem

2128 1440 2300 1493 carnis
2326 1439 2466 1495 velut
2493 1440 2750 1494 clamabat
2776 1458 2788 1492 :
2824 1438 2952 1494 Ecce
2979 1454 3071 1508 ego
3100 1439 3354 1492 vobiscum
3397 1452 3513 1489 sum
3546 1448 3736 1493 usque

2129 1530 2195 1583 ad
2222 1532 2694 1585 consummationem
2740 1531 2933 1585 saculi.
2981 1529 3241 1597 Jejunium
3282 1529 3481 1595 quippe
3530 1533 3630 1577 est
3670 1525 3727 1573 ir.

2131 1621 2466 1677 tribulatione
2505 1624 2831 1688 certaminis,
2888 1622 3131 1690 quoniam
3185 1620 3269 1686 qui
3320 1619 3371 1670 iu
3414 1632 3597 1683 agoitc
3635 1623 3733 1666 est

2131 1714 2198 1767 ab
2219 1714 2463 1767 omnibus
2490 1713 2756 1767 abstinens
2777 1722 2858 1767 est
2883 1730 2896 1777 ;
2924 1713 3072 1767 cibus
3094 1722 3266 1764 autem
3299 1711 3349 1761 iu
3398 1725 3496 1775 spc
3528 1709 3724 1771 paciS,

2131 1823 2248 1876 qua:
2280 1807 2512 1876 perlecta
2546 1820 2649 1860 non
2679 1805 2801 1873 erit,
2834 1805 2930 1858 nisi
2961 1820 3078 1857 cum
3109 1816 3301 1866 Corpus
3332 1810 3577 1853 nostrum
3618 1813 3732 1849 cu-

2123 1897 2218 1967 jus
2241 1907 2613 1965 exspectamus
2640 1896 3079 1964 redemptionem.
3114 1893 3343 1945 induerit
3376 1888 3728 1942 immortali-

2131 1995 2312 2053 tatem,
2340 1986 2478 2053 quod
2503 1987 2734 2039 nondum
2762 1984 3096 2053 adipiscendo
3119 1982 3424 2051 gloriamur,
3450 1979 3549 2033 sed
3574 1994 3723 2042 ερας

2132 2078 2295 2132 rando
2319 2078 2427 2147 jam
2459 2078 2740 2147 pascimur.
2776 2075 3065 2143 Utrumque
3094 2074 3379 2142 Apostolus
3407 2072 3568 2125 simul
3611 2082 3726 2120 nos

2129 2185 2288 2239 agere
2313 2170 2542 2224 ostendit
2569 2169 2751 2222 dicens
2776 2186 2790 2221 :
2820 2168 2924 2231 Spe
2951 2167 3246 2233 gaudentes,
3278 2165 3327 2216 in
3358 2160 3722 2214 tribulatione

2128 2259 2394 2326 patientes,
2426 2266 2675 2325 tanquam
2720 2256 2847 2309 illud
2876 2264 3017 2309 esset
3065 2254 3115 2306 in
3146 2252 3285 2317 cibo,
3337 2252 3437 2304 hoc
3477 2249 3532 2301 in
3565 2248 3728 2315 jr-ju-

2130 2351 2240 2404 nio.
2291 2349 2459 2404 Simul
2507 2349 2646 2403 enim
2687 2363 2803 2401 cum
2844 2347 2979 2399 viam
3025 2344 3232 2398 Domini
3264 2341 3551 2410 carpimus,
3589 2351 3651 2391 et
3689 2353 3720 2387 ι

2130 2442 2358 2495 vanitate
2388 2441 2661 2508 praesentis
2709 2437 3238 2505 saeculijejunatnus,
3282 2443 3335 2488 et
3364 2433 3523 2486 futuri
3574 2444 3724 2499 pro-

2130 2534 2388 2588 missione
2433 2531 2721 2594 relicitnur,
2769 2530 2855 2583 hic
2894 2542 2997 2581 non
3030 2537 3356 2596 opponentes
3401 2537 3528 2589 cor,
3595 2520 3722 2572 illic

2130 2632 2405 2693 pascentes
2445 2636 2676 2674 sursum.

2204 2711 2266 2765 Et
2294 2718 2591 2781 stupuerunt
2634 2725 2695 2762 ea:
2725 2708 3097 2761 circumcisione
3125 2705 3301 2773 ﬁdeles
3349 2704 3431 2771 qui
3456 2709 3722 2754 uenerant

2129 2818 2240 2855 cum
2276 2802 2449 2867 Petro,
2478 2803 2595 2868 quia
2626 2811 2669 2853 et
2702 2801 2752 2853 in
2784 2799 3008 2868 gentibus
3051 2798 3241 2850 donum
3268 2796 3426 2848 sancti
3465 2792 3721 2861 Spiritus

2129 2895 2341 2963 eﬂ'usum
2368 2903 2454 2946 est.
2480 2892 2756 2944 Audiebant
2779 2893 2910 2943 enim
2932 2889 3046 2942 illos
3068 2890 3321 2956 loquentes
3344 2885 3525 2954 linguis
3551 2925 3565 2946 ,
3595 2894 3714 2936 etc.

2131 2988 2262 3041 Huic
2311 2984 2483 3039 simile
2514 2992 2592 3037 est
2624 2981 2751 3035 illud
2800 2980 3035 3050 ejusdem
3081 2978 3305 3046 apostoli
3360 2976 3517 3036 Petri,
3576 2988 3715 3025 cum

468 3068 668 3121 niendo.
719 3068 969 3138 Sequitur
1021 3068 1072 3122 in
1099 3067 1322 3122 Grmco:
1371 3067 1609 3133 Quicum
1636 3066 1909 3126 aduenerit,
1951 3063 2026 3117 lo-

2137 3078 2388 3130 rationem
2420 3075 2662 3130 redderet
2690 3074 2907 3137 Judaeis,
2959 3086 3121 3140 quare
3165 3072 3215 3124 in
3246 3070 3579 3123 circumcisis
3616 3082 3716 3118 sa-

463 3166 642 3225 quetur
671 3158 777 3213 tibi.

548 3247 697 3301 Nunc
724 3264 841 3317 ergo
891 3264 1060 3304 omnes
1094 3266 1183 3303 nos
1229 3250 1283 3303 in
1326 3260 1593 3319 conspectu
1639 3258 1722 3302 tuo
1764 3249 2028 3313 adsumus,

464 3339 637 3393 audite
660 3339 830 3392 omnia
860 3356 1168 3407 qutrcunque
1194 3342 1283 3394 tibi
1311 3350 1557 3410 pracepta
1588 3349 1703 3394 sunt
1734 3354 1765 3391 a
1788 3338 2027 3392 Domino.

464 3428 520 3481 lu
552 3419 736 3482 Grazco
766 3427 989 3482 habetur
1017 3444 1032 3483 :
1066 3426 1131 3481 In
1152 3439 1417 3499 conspectu
1451 3428 1542 3481 Dei
1573 3428 1838 3483 adsumus.
1873 3426 2031 3495 Quod

469 3526 613 3573 recte
638 3517 911 3575 dicebatur
957 3518 1113 3574 abeo
1142 3522 1227 3588 qui
1284 3530 1584 3588 promptum
1637 3518 1869 3573 habebat
1913 3519 2033 3573 ani-

472 3625 616 3664 mum
645 3609 841 3665 divina:
868 3610 1148 3679 voluntati,
1173 3624 1295 3663 mox
1330 3620 1384 3663 ut
1412 3624 1529 3663 eam
1553 3609 1804 3677 disceret,
1826 3611 2034 3665 obtem-

472 3715 683 3769 perare,
737 3710 791 3756 et
841 3702 956 3771 ejus
995 3701 1188 3771 ubique
1241 3700 1572 3771 majestatem
1619 3701 1871 3757 credebat
1916 3716 2035 3757 esse

475 3803 807 3862 praisenlem.

540 3881 593 3937 Ν
598 3882 703 3938 obis
730 3884 817 3952 qui
844 3883 1257 3940 manducavimus
1293 3894 1339 3940 st
1382 3885 1591 3937 bibimus
1619 3900 1733 3938 cum
1761 3885 1871 3953 illo,
1899 3895 2035 3954 post-

463 3989 617 4041 quam
647 3977 919 4029 resurrexit
948 3990 978 4027 a
1005 3975 1239 4028 mortuis.
1270 3973 1325 4028 In
1350 3975 1537 4030 Grazco
1564 3976 1797 4029 additum
1822 3986 1906 4031 est
1935 3974 2034 4030 Per

469 4067 574 4113 dies
602 4066 976 4132 quadraginta;
1023 4074 1079 4119 et
1108 4075 1321 4119 sanctus
1368 4067 1690 4133 Augustinus
1719 4067 1768 4119 in
1799 4081 1897 4120 suo
1932 4066 2035 4120 Co-

472 4150 591 4204 dice
641 4153 709 4206 ita
763 4152 941 4208 haberi
993 4155 1300 4220 declaravit,
1332 4164 1489 4223 atque
1536 4157 1855 4223 exponendo
1907 4158 2033 4211 sub-

466 4242 668 4308 juuxit:
691 4262 709 4297 ι
738 4244 853 4300 Non
873 4247 1011 4317 quod
1030 4247 1270 4316 quotidie
1290 4262 1383 4315 per
1398 4247 1510 4301 dies
1532 4248 2029 4323 quadraginta,cum

473 4336 565 4389 illo
595 4338 1004 4391 manducassent
1030 4350 1189 4406 atque
1220 4338 1497 4393 bibissent.
1529 4340 1657 4393 Nam
1688 4345 1789 4394 erit
1815 4351 2032 4396 contra.

2131 3174 2400 3221 cramenta
2431 3163 2671 3232 baptismi
2695 3161 3065 3217 commisisset.

2204 3255 2265 3311 Si
2292 3270 2432 3324 ergo,
2459 3242 2644 3321 inquit,
2672 3251 2864 3319 aquale
2886 3252 3073 3303 donum
3097 3249 3235 3302 dedit
3260 3249 3359 3302 illis
3386 3246 3539 3309 Dens,
3565 3246 3717 3298 sicut

2133 3355 2178 3400 et
2207 3346 2369 3409 nobis,
2397 3354 2499 3399 etc.
2548 3343 2614 3395 Et
2644 3341 2803 3395 multa
2834 3341 2937 3394 alla
2968 3350 3091 3393 sunt
3120 3338 3415 3392 testimonia
3446 3336 3712 3403 Scriptu-

2134 3454 2335 3503 rarum,
2368 3450 2483 3507 qua;
2522 3434 2859 3489 concorditer
2885 3441 3204 3487 attestantur
3232 3431 3423 3484 donum
3462 3430 3553 3482 Dei
3577 3442 3714 3481 esse

2132 3530 2386 3599 Spiritum
2411 3535 2675 3594 sanctum,
2705 3530 2755 3581 in
2776 3533 3028 3596 quantum
3050 3522 3204 3577 datur
3234 3522 3310 3575 eis
3341 3519 3427 3589 qui
3456 3532 3552 3585 per
3574 3532 3707 3571 eum

2134 3620 2358 3689 diligunt
2394 3620 2583 3675 Deum.
2619 3618 2676 3672 ιιι
2708 3627 2912 3671 tantum
2960 3628 3089 3682 ergo
3136 3612 3332 3665 donum
3386 3610 3473 3661 Dei
3508 3616 3613 3669 est,
3654 3608 3707 3657 in

2133 3722 2385 3782 quantum
2407 3709 2563 3765 datur
2582 3710 2658 3765 eis
2687 3709 2875 3777 quibus
2903 3706 3085 3769 datur;
3114 3704 3249 3772 apud
3279 3716 3336 3754 se
3359 3709 3532 3753 autem
3563 3698 3707 3750 Deus

2134 3813 2236 3868 est,
2266 3804 2363 3857 etsi
2393 3801 2588 3857 nemini
2619 3800 2795 3865 detur,
2838 3799 2959 3863 quia
2990 3797 3128 3850 Deus
3157 3802 3273 3848 erat
3304 3791 3447 3844 Patri
3476 3800 3531 3843 et
3563 3789 3708 3843 Filio

2135 3904 2453 3960 coaeternus,
2482 3902 2765 3961 antequam
2796 3890 3041 3958 cuiquam
3068 3887 3316 3947 daretur;
3351 3897 3448 3936 nec
3469 3882 3590 3951 quia
3624 3881 3701 3932 illi

2135 3987 2281 4049 dant,
2311 3988 2422 4054 ipse
2447 3985 2620 4050 datur,
2651 3984 2770 4038 ideo
2798 3984 2969 4035 minor
2993 3991 3073 4035 est
3102 3979 3222 4033 illis.
3255 3977 3327 4030 lla
3352 3976 3488 4030 enim
3518 3976 3699 4038 datur,

2135 4078 2269 4133 sicut
2303 4078 2389 4131 Dei
2421 4076 2639 4139 donum,
2694 4074 2929 4128 utetiam
2961 4071 3191 4136 seipsum
3243 4069 3333 4121 det
3365 4066 3501 4120 sicut
3537 4066 3697 4118 Deus.

2138 4170 2359 4239 Spiritus
2383 4173 2516 4221 enim
2546 4167 2627 4220 ubi
2651 4167 2755 4219 vult
2780 4165 2939 4233 spirat
2967 4162 3141 4233 (Joan.
3177 4161 3275 4228 ιιι).

2734 4294 2953 4351 CAPUT
2994 4294 3081 4347 XI.

473 4426 607 4479 rium
634 4425 840 4492 Joanni,
890 4428 980 4495 qui
1010 4439 1131 4481 octo
1161 4429 1274 4482 dies
1305 4431 1420 4483 illos
1452 4431 1785 4499 interposuit,
1840 4436 2031 4504 quibus
2064 4440 2110 4498 ι)
2208 4433 2454 4502 υὶεοὶριιιι
2482 4443 2646 4486 autem
2667 4442 2814 4502 prout
2841 4432 2951 4501 quis
2976 4429 3217 4491 habebat,
3249 4438 3618 4497 proposuerunt
3644 4428 3696 4479 in

470 4521 550 4573 eis
581 4520 721 4573 visus
777 4535 878 4573 non
907 4527 1009 4587 est,
1061 4532 1119 4575 ut
1145 4519 1297 4575 tertio
1328 4523 1751 4578 manifestaretur
1797 4526 1860 4577 ad
1894 4542 2036 4582 mare

473 4614 787 4669 Tiberiadis.
816 4633 832 4667 ι
869 4613 1030 4683 Cujus
1059 4626 1447 4669 sacramentum
1474 4615 1775 4672 refectionis
1800 4620 1954 4673 simul
1984 4631 2037 4674 et

470 4702 655 4773 jejunii
702 4704 818 4771 ejus
879 4721 971 4773 per
1019 4706 1235 4759 totidem
1282 4706 1395 4759 dies
1418 4706 1542 4759 alibi
1590 4722 1862 4776 exponens
1918 4711 2029 4765 ait:

479 4814 497 4845 ι
527 4792 793 4863 Jejunavit
819 4810 939 4849 cum
971 4802 1262 4849 tentaretur
1292 4804 1413 4849 ante
1443 4807 1689 4861 mortem,
1720 4800 1839 4853 cibo
1865 4802 2035 4856 adhuc

478 4888 719 4957 indigens
745 4903 759 4952 ;
793 4888 1133 4941 manducavit
1162 4897 1334 4941 autem
1360 4899 1407 4942 et
1440 4889 1589 4953 bibit,
1623 4905 1741 4944 cum
1772 4893 2034 4960 gloriﬁca-

474 4991 640 5039 retur,
670 4976 779 5045 jam
810 4976 929 5030 cibo
975 4992 1079 5031 non
1109 4978 1366 5047 indigens.
1419 4978 1532 5032 Illic
1559 4982 1699 5033 enim
1724 4982 2037 5036 ostendebat

476 5071 526 5123 in
558 5086 615 5121 se
642 5068 875 5121 laborem
927 5076 1188 5133 nostrum,
1236 5068 1320 5123 hic
1368 5078 1544 5123 autem
1599 5069 1652 5123 in
1688 5071 1836 5124 nobis
1886 5088 2036 5125 suam

478 5159 895 5213 consolationem
944 5158 1295 5227 quadragenis
1340 5159 1528 5215 diebus
1580 5173 1860 5229 utrumque
1910 5164 2038 5216 deti-

480 5255 646 5304 niens.
698 5250 829 5303 Nam
858 5250 1201 5318 quadraginta
1236 5248 1419 5303 diebus
1448 5250 1729 5318 jejunavit,
1777 5268 1893 5306 cum
1927 5264 2040 5309 teu-

478 5349 677 5395 taretur
726 5341 776 5394 in
804 5354 1009 5401 eremo,
1041 5339 1177 5393 sicut
1226 5340 1277 5392 in
1316 5340 1601 5408 Evangeliu
1649 5343 1900 5409 scriptum
1934 5354 2034 5411 est,

476 5442 597 5485 ante
630 5441 854 5485 mortem
883 5430 1060 5484 carnis
1090 5444 1198 5483 sua:
1227 5446 1239 5494 ;
1270 5440 1322 5484 et
1350 5445 1530 5485 rursus
1555 5434 1894 5501 quadraginta
1928 5436 2039 5490 die-

478 5523 574 5575 bus
604 5538 721 5576 cum
752 5521 1023 5592 discipulis
1050 5522 1148 5575 fuit
1170 5522 1370 5575 intrans
1400 5534 1452 5575 et
1478 5524 1683 5586 exiens,
1712 5526 2036 5581 manducans

473 5630 524 5668 et
556 5616 736 5670 bibens
763 5625 885 5685 post
917 5615 1357 5670 resurrectionem
1384 5618 1561 5669 carnis
1587 5632 1749 5669 suae.»
1782 5619 1895 5685 Quo
1936 5635 2034 5673 nu-

475 5724 622 5764 uicto
652 5710 1053 5780 quadragesimo
1082 5706 1234 5777 hujus
1280 5707 1453 5762 surculi
1500 5709 1778 5778 signiﬁcari
1829 5711 2035 5768 videtur

2136 4528 2466 4579 ministerium
2508 4525 2700 4576 mittere
2744 4521 3080 4575 habitantibus
3117 4521 3168 4572 in
3193 4517 3378 4571 ludere
3429 4515 3695 4584 fratribus.

2138 4619 2286 4685 Quod
2306 4627 2353 4672 et
2382 4621 2604 4685 fecerunt
2649 4616 2900 4668 mittentes
2923 4615 2989 4665 ad
3008 4613 3226 4667 seniores
3255 4627 3341 4677 per
3366 4624 3542 4661 manus
3573 4605 3701 4658 Bar-

2134 4710 2277 4764 nabas
2304 4720 2350 4763 ct
2385 4708 2557 4761 Pauli.
2603 4707 2856 4761 Videntur
2885 4703 2969 4758 hic
3007 4702 3141 4757 male
3168 4700 3584 4768 intelligentibus
3614 4696 3697 4749 di-

2136 4800 2322 4869 scipuli
2352 4814 2454 4852 non
2473 4812 2713 4852 servasse
2737 4795 3042 4850 mandatum
3070 4792 3296 4854 Domini.
3321 4806 3427 4859 quo
3448 4791 3552 4843 ait:
3590 4789 3698 4842 No-

2136 4892 2221 4944 lite
2248 4889 2450 4944 solliciti
2474 4902 2580 4941 esse
2599 4890 2660 4941 de
2680 4885 2896 4938 crastino
2918 4882 3131 4954 (Matth.
3162 4882 3254 4950 vt),
3287 4882 3367 4935 vel
3394 4880 3534 4948 quod
3564 4879 3702 4934 Pan-

2138 4980 2217 5034 lus
2258 4994 2400 5047 saepe
2444 4978 2511 5031 de
2537 4992 2595 5033 se
2637 4978 2753 5044 ipso
2799 4982 3037 5035 testatur,
3097 4971 3237 5041 quod
3290 4967 3535 5023 manibus
3582 4970 3699 5022 suis

2137 5079 2385 5137 oneratus
2414 5078 2533 5135 est,
2564 5084 2629 5122 ne
2657 5080 2812 5134 quem
2851 5070 3112 5133 gravaret,
3164 5076 3268 5115 non
3303 5060 3512 5114 videtur
3549 5059 3698 5127 juxta

2136 5163 2440 5216 mandatum
2469 5159 2674 5213 Domini
2699 5159 2931 5212 imitatus
2954 5155 3178 5210 volatilia
3204 5154 3325 5208 caeli
3348 5164 3402 5206 et
3429 5153 3534 5206 lilia
3565 5154 3700 5221 agri.

2139 5255 2242 5311 Sed
2274 5253 2352 5308 his
2396 5263 2447 5306 et
2497 5251 2793 5320 ltujusmodi
2829 5250 3222 5317 Scripturarum
3272 5247 3403 5300 locis
3450 5249 3581 5299 satis
3610 5263 3704 5303 ap.

2139 5358 2283 5415 paret
2320 5344 2595 5399 Dominum
2625 5353 2861 5394 nostrum
2896 5356 2998 5391 non
3024 5340 3124 5391 hoc
3155 5336 3481 5404 improbare,
3511 5338 3554 5389 si
3585 5338 3705 5399 quis

2140 5440 2366 5491 humano
2396 5448 2542 5487 more
2583 5432 2681 5486 ista
2714 5438 2989 5496 proz‘uret;
3024 5427 3116 5482 sed
3148 5426 3189 5481 si
3217 5428 3333 5495 quis
3361 5434 3574 5493 propter
3605 5426 3700 5476 ista

2142 5529 2247 5583 Deo
2274 5527 2483 5589 militet,
2510 5533 2565 5577 ut
2594 5524 2643 5576 in
2669 5520 2915 5590 Operibus
2944 5520 3052 5572 suis
3080 5534 3181 5572 non
3215 5532 3431 5585 regnum
3468 5518 3579 5579 Dei,
3610 5515 3701 5567 sed

2140 5620 2360 5674 istorum
2391 5614 2789 5684 acquisitionem
2831 5612 3110 5665 intueatur.
3173 5611 3249 5663 Ad
3281 5611 3419 5662 lianc
3452 5624 3579 5676 ergo
3612 5624 3695 5661 re-

2138 5696 2311 5781 gulam
2345 5708 2441 5763 hoc
2467 5716 2633 5762 telum
2684 5713 3000 5773 praeceptum
3032 5702 3317 5771 redigitur,
3374 5711 3428 5754 ut
3463 5703 3621 5756 etiam
3654 5702 3698 5753 iu
