3860 6230
71 386 217 444 tost
860 390 1057 457 LIBER
1099 376 1690 446 RETRAtJTaTiUNlS

1794 388 1801 442 Ι
1844 389 2063 445 ACTUS
2098 388 2546 455 ,Εροδτυωῐιυ
2558 390 2624 444 Μ.
3219 392 3361 448 1092

65 500 327 554 ist-rum
368 502 681 570 provisione
714 520 935 573 regnum
962 505 1053 559 Dei
1082 504 1399 574 cogitemus,
1426 505 1475 557 in
1508 502 1691 557 militia
1722 506 1767 561 Α
1800 501 1995 555 Paulus
2022 512 2238 557 vocatus
2266 515 2385 558 est:
2419 504 2610 558 Saulus
2646 503 2838 573 quippe
2881 520 2974 573 pro
3003 506 3165 561 Saule
3194 509 3358 575 impio

67 606 213 648 vero
247 598 428 664 regni
460 596 550 650 Dei
584 597 680 651 ista
706 613 808 650 non
838 597 1149 665 cogitemus.
1798 602 1849 646 et
1879 602 2215 660 persecutore
2260 610 2407 662 rege,
2453 595 2643 648 Paulus
2673 610 2799 649 vero
2843 598 2909 649 ab
2951 596 3132 651 humili
3167 598 3357 665 spiritu

728 686 948 741 CAPUT
990 686 1099 740 XII.
1798 690 1851 735 et
1882 683 2088 737 modico
2115 685 2441 740 nominatur.
2470 685 2742 739 Paululum
2774 689 2917 740 enim
2954 688 3216 741 Modicum
3250 701 3355 743 est.

153 775 536 849 Prceingere,
566 789 613 831 et
642 779 809 832 ealcea
834 789 881 833 te
904 780 1149 849 caligulas
1172 788 1302 830 tuas.
1334 777 1435 831 Pro
1464 778 1697 832 calicul's
1802 770 1949 825 Unde
1977 789 2169 828 nomen
2217 790 2369 828 suum
2410 776 2803 843 quodammodo
2846 776 3199 845 interpretum
3240 779 3354 847 ipse

72 869 198 921 sive
232 870 473 938 caligis,
525 883 580 924 ut
612 872 827 939 quidam
874 871 1096 926 Codicee
1143 872 1359 932 habent,
1412 872 1461 924 in
1510 871 1695 925 Graeco
1796 860 2044 916 dit‘ebat:
2080 862 2189 935 Ego
2235 865 2371 917 enim
2406 882 2517 918 sum
2568 866 2805 920 minimus
2854 867 3227 933 apostolorum,
3270 870 3359 937 qui

74 961 349 1016 sattdalia
392 964 676 1020 habentur.
732 965 1074 1019 Cttlt'iamettti
1108 979 1274 1037 genus
1325 966 1375 1018 in
1409 965 1690 1034 Evangelia

1795 967 1894 1005 non
1917 970 2025 1034 sum
2053 956 2240 1026 dignm
2268 957 2435 1010 vocari
2464 961 2744 1025 apostolus,
2770 960 2893 1029 quia
2924 972 3213 1028 persecutus
3242 976 3358 1013 sunt

78 1054 336 1121 legimus
368 1057 633 1124 apostolis
655 1070 772 1110 esse
797 1058 1137 1125 permissum,
1165 1072 1267 1110 non
1293 1056 1469 1124 utique
1498 1057 1690 1124 absque

1796 1040 2077 1097 Ecclesium
2112 1044 2201 1098 Dei
2232 1044 2284 1113 (1
2309 1044 2430 1099 Cor.
2455 1048 2565 1117 xv).

79 1146 265 1211 ﬁgura
308 1146 534 1217 mynici
558 1160 768 1201 sensus.
795 1146 1067 1201 Habebam
1092 1148 1231 1200 enim
1256 1146 1441 1215 pedem
1467 1146 1694 1213 apostoli
1868 1134 1930 1209 Et
1960 1136 2221 1205 confestim
2259 1138 2437 1190 cecidit
2464 1139 2515 1191 in
2562 1154 2671 1192 eum
2699 1137 2865 1209 caligo
2893 1147 2939 1191 et
2967 1140 3201 1194 tenebris.
3236 1137 3351 1193 No-

79 1251 187 1289 ιιες
212 1246 443 1291 lectum
470 1252 641 1308 neque
665 1240 861 1292 nudum
882 1238 944 1291 ad
970 1250 1186 1301 [en-3m,
1209 1238 1694 1291 uladmoneremur
1795 1242 1913 1279 mt'll
1945 1228 2281 1281 tenebrarum
2306 1230 2356 1282 ill
2382 1230 2567 1284 ϐτποο
2587 1229 2842 1299 singulari
2868 1244 3088 1283 numero
3121 1230 3351 1298 positum

82 1342 279 1392 neque
316 1328 708 1383 occultandam
738 1344 857 1384 esse
884 1329 1239 1398 evangelium,
1264 1345 1438 1399 neque
1468 1328 1694 1383 terrenis
1794 1330 1876 1373 est
1908 1316 2109 1385 σκότος,
2139 1321 2277 1386 ἰυοά
2307 1320 2524 1376 Latinus
2572 1322 2833 1389 interpres
2874 1322 2991 1375 ideo
3024 1336 3124 1374 non
3151 1328 3234 1374 est
3263 1333 3355 1373 σθ·

84 1419 426 1473 commodis
458 1420 889 1488 impendendum,
942 1430 1001 1475 ut
1037 1422 1199 1491 possit
1230 1436 1351 1476 esse
1380 1422 1517 1488 quod
1550 1421 1690 1475 scri-

1795 1423 1970 1472 cutus,
2001 1413 2120 1479 quia
2155 1426 2347 1465 nomen
2380 1412 2477 1465 hoc
2507 1413 2693 1466 Latine
2722 1412 3041 1481 singularem
3072 1425 3352 1465 numerum

82 1516 240 1575 ptum
265 1518 362 1561 est
394 1527 408 1562 :
436 1508 604 1573 Quam
624 1511 835 1581 speciosi
856 1527 1010 1579 super
1039 1520 1227 1564 montes
1253 1510 1403 1579 pedes
1432 1509 1689 1579 evangeli-
1798 1517 1900 1555 non
1956 1502 2140 1567 habet,
2184 1502 2323 1571 quod
2359 1506 2494 1556 idem
2540 1514 2588 1556 et
2632 1519 2785 1571 supra
2832 1503 3078 1558 similiter
3127 1503 3357 1572 positum

78 1599 334 1649 sontium
381 1600 549 1652 bona!
1796 1592 2088 1645 docuimus.

158 1691 441 1761 Seditque
471 1709 562 1757 pro
588 1693 853 1757 tribunali,
884 1703 931 1747 et
951 1693 1342 1747 concionabatur
1370 1694 1438 1746 ad
1458 1710 1558 1747 eos.
1595 1692 1690 1747 Pro

1868 1681 1932 1734 Et
1962 1683 2217 1735 destructis
2248 1691 2416 1751 gentes
2447 1693 2632 1749 septem
2675 1683 2725 1734 in
2765 1691 2897 1735 terra
2927 1680 3192 1745 Chanaan,
3226 1691 3361 1735 sarte

86 1784 401 1846 tribunali,
453 1785 581 1837 dicit
610 1783 661 1838 in
697 1783 961 1837 tribunali.
1020 1784 1109 1838 Est
1138 1786 1278 1838 enim
1328 1784 1527 1837 Latinxe
1568 1798 1690 1836 con-

1797 1771 2048 1824 distribttit
2091 1771 2161 1825 eis
2204 1780 2389 1824 terram
2416 1788 2590 1825 eorum
2635 1774 2781 1838 quasi
2811 1783 2920 1841 post
2962 1774 3358 1841 quadringentos

84 1843 440 1941 suetudinis,
474 1885 530 1930 ut
567 1877 621 1931 in
652 1877 753 1932 hoc
796 1877 1009 1933 nomine
1056 1887 1251 1946 ponant
1286 1892 1398 1946 pro,
1454 1884 1509 1929 ut
1538 1874 1696 1942 signi—
1731 1843 1771 1900 Β
1800 1875 1844 1916 ει
1874 1862 2233 1930 φαίηιιυαςίηια
2259 1878 2438 1924 σύιοσι
2467 1873 2513 1913 ει
2540 1872 2651 1930 P0“
2681 1862 2790 1915 θέτε
2812 1863 2947 1915 ded“
2968 1863 3189 1931 Ϊαάίεεει
3216 1863 3379 1927 QUO“

89 1968 261 2022 ηςεηι
292 1970 382 2023 in.
1803 1956 1959 2009 modo
1992 1956 2079 2007 hic
2108 1968 2357 2006 numerus
2391 1956 2555 2019 possit
2595 1953 2814 2021 intelligi
2849 1954 2897 2006 in
2932 1953 3249 2020 pra-cedenti
3298 1953 3362 2005 li-

1802 2049 1895 2099 bro
1950 2052 2145 2099 nostra:
2194 2042 2573 2110 expositionis,
2622 2044 2871 2096 diximus.
2923 2042 3029 2097 Sed
3084 2043 3359 2095 sciendum

1798 2138 1936 2205 quod
1982 2134 2033 2189 in
2078 2136 2265 2191 Graeco
2307 2134 2462 2188 aliter
2517 2134 2769 2202 scriptum
2818 2144 2944 2191 est:
2989 2133 3055 2191 Et
3097 2135 3361 2187 destruens

1799 2240 1967 2299 gentes
2016 2230 2067 2280 in
2105 2232 2242 2280 terra
2290 2226 2536 2280 Chanaan
2576 2237 2793 2296 septem,
2825 2237 2959 2281 sorte
2999 2227 3249 2280 distribuit
3290 2227 3363 2279 eis

1799 2332 1984 2375 terram
2031 2336 2223 2373 eorum.
2269 2318 2335 2372 Et
2388 2330 2500 2388 post
2552 2322 2657 2373 hcet:
2714 2321 2860 2388 quasi
2914 2335 3073 2372 annos
3123 2318 3365 2387 quadrin-

1800 2420 1973 2481 gentos
2021 2420 2066 2462 et
2116 2412 2501 2479 quinquaginta,
2530 2411 2667 2460 dedit
2724 2410 2794 2461 eis
2840 2409 3043 2479 judices
3100 2422 3256 2475 usque
3293 2408 3371 2459 ad

1802 2498 2009 2553 Samuel
2050 2498 2367 2569 prophetam.
2411 2498 2561 2563 Quod
2605 2498 2869 2567 quomodo
2908 2496 3189 2551 conveniat
3236 2511 3363 2550 sen-

1798 2586 2000 2645 tentiae.
2024 2603 2139 2655 quae
2163 2589 2214 2641 in
2246 2588 2379 2641 libro
2408 2588 2607 2656 Regum
2640 2587 2963 2649 continetur,
2988 2587 3107 2652 quia
3130 2586 3197 2639 ab
3216 2588 3361 2640 exitu

1805 2677 2018 2732 lsraelis
2057 2693 2123 2733 ex
2156 2678 2387 2750 Egypto
2416 2694 2580 2748 usque
2610 2680 2673 2732 ad
2705 2679 3108 2732 aediﬁcationem
3152 2679 3357 2744 templi,

1798 2770 1993 2823 iuerint
2018 2771 2138 2824 anni
2171 2771 2543 2840 quadringenti
2576 2770 2884 2837 nonaginta,
2922 2784 3023 2822 non
3054 2780 3135 2822 est
3161 2781 3361 2821 nostra:

1798 2859 2067 2915 facultatis
2098 2876 2388 2929 exponere,
2417 2863 2516 2915 nisi
2546 2861 2681 2915 forte
2712 2862 2981 2928 vulgarem
3011 2860 3061 2914 in
3094 2860 3364 2927 loquendo

1793 2950 1986 3005 famam
2020 2961 2230 3006 secutus
2269 2962 2369 3015 est,
2403 2952 2542 3020 quod
2590 2951 2780 3005 iecisse
2820 2952 3006 3004 beatus
3036 2950 3361 3019 'Stepltauus

709 2060 933 2118 CAPUT
971 2063 1106 2117 XI".

168 2148 328 2204 Dixit
369 2150 598 2222 Spiritus
622 2164 825 2207 sanctus
850 2170 869 2208 :
892 2154 1168 2224 Segregate
1190 2154 1313 2206 mihi
1339 2152 1622 2206 Barnabam
1653 2160 1697 2203 et

96 2236 344 2292 Paulum
375 2244 429 2294 in
460 2260 585 2312 opus
607 2244 673 2295 ad
694 2244 829 2311 quod
857 2246 1104 2310 assumpsi
1133 2261 1235 2298 eos.
1268 2245 1375 2297 lloc
1410 2254 1527 2310 post
1558 2259 1698 2295 mor-

99 2337 209 2382 tem
262 2330 509 2385 lierodis
541 2331 735 2386 factum
783 2347 903 2388 esse
944 2334 1175 2399 videtur,
1228 2334 1313 2403 qui
1344 2342 1585 2387 mortuus
1616 2341 1696 2385 est

98 2420 265 2473 tertio
317 2421 528 2476 Claudii
573 2423 831 2493 principis
876 2439 1038 2489 anno,
1087 2426 1195 2493 qui,
1232 2434 1310 2478 est
1339 2424 1487 2491 juxta
1537 2424 1691 2475 (idem

98 2512 520 2579 cbronicorum,
551 2516 738 2570 tertius
768 2518 1006 2570 decimus
1037 2532 1065 2569 a
1098 2518 1337 2585 passione
1366 2517 1568 2569 Domini
1597 2532 1691 2568 an-

102 2619 223 2655 nos.
282 2606 425 2658 Cum
456 2622 584 2675 ergo
625 2617 831 2663 constet
882 2610 1096 2663 Paulum
1148 2624 1266 2661 cum
1312 2608 1544 2661 Barnaba
1580 2618 1698 2675 post

103 2701 319 2746 tantum
356 2704 565 2762 tempus
595 2705 819 2764 peractas
863 2697 1146 2752 dominicae
1195 2699 1454 2762 passionis
1486 2698 1535 2751 in
1566 2714 1695 2766 apo-

106 2786 372 2837 stolatum
397 2799 514 2839 esse
536 2798 887 2855 segregatum,
912 2794 1055 2854 patet
1087 2786 1322 2852 proferto
1350 2804 1440 2842 eos
1471 2789 1691 2843 multum

109 2888 323 2941 errare,
356 2877 445 2943 qui
475 2877 666 2930 librum
695 2877 848 2947 cujus
885 2894 1042 2946 supra
1072 2880 1409 2935 meminimus
1451 2881 1518 2935 de
1546 2881 1692 2936 obitu

110 2978 316 3018 sancta
355 2966 533 3020 Maria:
574 2979 991 3035 composuerunt
1020 2970 1099 3024 vel
1127 2982 1497 3037 susceperunt.
1548 2970 1693 3027 Scri-

107 3063 257 3119 ριηιη
294 3070 530 3125 "mque
558 3065 635 3110 εει
679 3055 731 3110 in
758 3057 945 3112 eodem
993 3059 1261 3127 ίεεπιεηιο⁸
1296 3071 1349 3113 ut
1380 3076 1522 3132 “pe
1546 3077 1689 3116 cum-
1794 3040 1845 3095 in
1872 3041 2127 3095 concione
2153 3056 2272 3095 cum
2303 3042 2499 3095 ιυᾱυιτίε
2529 3042 2702 3096 habita
2743 3040 2810 3096 de
2836 3040 3106 3110 sepultura
3141 3039 3346 3094 duode-

112 3148 563 3215 memoravimus,
592 3149 730 3216 quod
753 3148 986 3203 secundo
1015 3165 1155 3204 anno
1184 3160 1300 3219 post
1323 3156 1686 3208 ascensionem
1721 3198 1763 3219 Α
1792 3134 1896 3188 είίη
1930 3134 2345 3202 Ρδιτῖπθυπυτη
2378 3134 2633 3203 Primam"

116 3232 352 3299 Domini,
408 3198 815 3290 cummi'oritura
856 3247 997 3292 esset
1044 3198 1228 3294 eadem
1264 3242 1560 3297 beatissima
1595 3243 1689 3299 Dei
1718 3198 1764 3264 C
1868 3241 1932 3296 Et
1960 3244 2099 3297 dedit
2123 3242 2229 3296 illis
2259 3243 2392 3296 Deus
2434 3244 2567 3298 Saul
2606 3244 2769 3311 ﬁlium
2796 3242 2901 3306 Cis,
2934 3243 3093 3295 virum
3125 3242 3187 3295 de
3224 3242 3358 3293 tribu

114 3326 369 3392 genitrix,
401 3326 628 3395 apostoli
652 3325 761 3395 jam
796 3337 919 3381 tunc
950 3343 1042 3395 per
1072 3329 1255 3385 orbem
1289 3331 1353 3384 ad
1399 3333 1691 3395 prmdiean-
1794 3330 2066 3404 Benjamin
2112 3334 2262 3386 annis
2290 3334 2651 3401 quadraginta.
2682 3331 2749 3384 Et
2791 3332 2893 3385 hoc
2937 3331 2987 3384 in
3020 3331 3136 3385 loco
3165 3328 3231 3382 de
3272 3342 3358 3382 re-

116 3413 239 3465 dum
281 3415 537 3481 dispersi,
590 3416 765 3470 subito
803 3418 867 3470 ad
899 3432 1016 3471 eam
1066 3418 1377 3475 visitandam
1421 3436 1606 3477 omnes
1636 3424 1692 3479 in
1795 3439 1900 3494 gno
1944 3425 2120 3480 Saulis
2150 3422 2361 3479 videtur
2388 3426 2663 3493 apostolus
2690 3422 2828 3490 vulgi
2861 3420 3164 3489 opinionem
3196 3433 3340 3473 secta

120 3505 259 3559 nube
290 3509 431 3577 rapti
480 3516 855 3579 convenerint;
900 3516 951 3571 in
981 3518 1170 3587 quibus
1222 3530 1274 3573 et
1305 3518 1496 3575 Paulus
1524 3537 1691 3590 ηυρει-
1796 3524 1903 3581 tus,
1944 3513 2079 3568 sicut
2124 3514 2175 3566 in
2226 3513 2542 3581 precede'nti
2574 3511 2709 3564 libro
2736 3511 2843 3577 jam
2874 3510 3137 3573 diximus;
3167 3522 3353 3560 verum

118 3596 181 3647 ad
212 3596 377 3652 ﬁdem
406 3614 715 3669 cenversus,
766 3620 828 3658 ac
858 3622 978 3661 mox
1018 3624 1136 3662 cum
1188 3610 1421 3663 Barnaba
1452 3614 1687 3681 gentium
1792 3603 1930 3670 quod
1968 3603 2039 3657 ibi
2070 3602 2203 3666 dixi,
2226 3602 2346 3669 quia
2374 3600 2632 3654 Eusebius
2651 3598 2938 3667 Josephum
2966 3606 3181 3652 secutus
3212 3598 3356 3672 prin-

117 3683 287 3740 l'actus
314 3691 619 3755 apostolus.
674 3693 822 3759 Quod
858 3695 1014 3766 longe
1058 3700 1209 3753 aliter
1241 3700 1434 3755 factum
1463 3717 1604 3769 esse,
1638 3704 1687 3758 id

120 3786 215 3839 est,
252 3792 360 3831 non
394 3794 515 3833 eum
547 3784 782 3838 secundo
812 3801 955 3839 anno
984 3798 1101 3856 post
1126 3792 1421 3857 passionem
1455 3794 1686 3860 Domini,

119 3869 205 3918 sed
236 3870 451 3923 decimo
484 3872 636 3925 tertio
663 3887 781 3928 esse
809 3876 1106 3932 ordinatum
1138 3882 1436 3947 apostolum
1462 3930 1475 3949 ,
1507 3888 1688 3938 omnis

122 3958 204 4023 qui
238 3958 396 4013 beato
424 3959 578 4015 Luae
605 3964 794 4030 credit,
828 3966 1103 4036 intelligit;
1154 3986 1215 4024 ac
1245 3987 1336 4038 per
1366 3974 1464 4027 lioc
1496 3975 1687 4041 praela-

126 4057 228 4099 tum
261 4049 329 4101 de
357 4050 503 4105 obitu
536 4053 701 4107 beata:
728 4056 909 4111 Maria:
952 4058 1215 4125 libellum,
1262 4076 1381 4117 cum
1411 4067 1691 4122 manifesto

126 4152 265 4196 erret
310 4144 364 4197 in
399 4156 658 4216 tempore,
708 4148 758 4203 in
787 4152 990 4207 caeteris
1030 4170 1239 4225 quorlne
1282 4168 1539 4225 suspecta:
1570 4159 1689 4215 titlei

127 4246 239 4286 esse
269 4238 551 4302 comperit.

198 4320 511 4379 Invenerunt
564 4331 831 4397 quemdam
875 4333 1032 4387 virum
1082 4352 1323 4407 magum,
1376 4340 1693 4407 pseudopro-

131 4413 326 4477 plzetam
368 4414 607 4471 Iudicum
632 4460 646 4484 ,
687 4421 770 4473 cui
791 4438 968 4477 nomen
1007 4434 1116 4476 erat
1146 4423 1383 4496 Barjesu.
1418 4428 1471 4482 In
1505 4429 1690 4483 Graeco

138 4503 355 4561 habetur
389 4508 539 4577 plus:
577 4511 724 4576 Quod
749 4515 1105 4584 interpretatur
1135 4516 1348 4572 Elimas.

204 4596 492 4653 Resistebat
521 4612 687 4654 autem
715 4602 819 4655 illis
847 4603 1041 4658 Elimas
1068 4623 1244 4677 magus
1288 4611 1381 4677 (sic
1430 4612 1562 4663 enim
1608 4614 1688 4665 in-

136 4699 427 4754 terpretatur
454 4710 631 4747 nomen
651 4696 780 4764 eius)
795 4712 1025 4763 quarens
1045 4710 1264 4752 avertere
1283 4704 1634 4769 proconsulem
1657 4722 1687 4757 a

136 4781 245 4843 ﬁde.
274 4784 338 4836 Et
368 4782 450 4836 hic
476 4799 683 4851 quoque
710 4785 761 4839 in
787 4784 978 4841 Greco
998 4787 1219 4843 habetur
1250 4790 1367 4859 plus
1392 4810 1403 4843 :
1436 4793 1687 4857 Quoniam

139 4872 365 4927 audiebat
399 4875 606 4929 libenter
631 4893 737 4932 ess.

204 4965 395 5019 Saulus
416 4977 601 5034 autem,
620 4969 708 5037 qui
734 4978 806 5021 est
834 4966 1054 5036 Paulus,
1081 4972 1297 5040 repletus
1328 4973 1524 5042 Spiritu
1568 4992 1687 5033 san-

142 5064 231 5117 cto,
260 5070 311 5111 et
341 5070 563 5114 cetera.
592 5060 871 5126 Quomodo
928 5064 1176 5118 Darnaba:
1220 5083 1339 5122 mox
1376 5080 1491 5134 post
1522 5072 1687 5124 abre-

143 5152 515 5206 nuntiationem
564 5160 823 5206 mutatum
863 5164 944 5205 est
994 5170 1218 5218 nomen,
1254 5168 1309 5211 ut
1366 5172 1458 5222 pro
1497 5159 1687 5227 Joseph

145 5250 405 5294 vticaretur
432 5239 716 5305 Barnabas,
746 5242 797 5297 id
826 5255 925 5305 est,
952 5261 1045 5313 pro
1086 5259 1253 5313 aucto,
1286 5250 1425 5317 filius
1457 5254 1688 5308 consola-

146 5334 297 5389 tionis.
335 5336 617 5405 Postquam
662 5338 806 5393 enim
857 5352 1042 5393 auctus
1072 5351 1125 5395 et
1154 5343 1425 5409 appositus
1456 5356 1538 5398 est
1588 5363 1686 5399 nu-

150 5442 283 5483 mero
326 5431 658 5493 electorum,
702 5430 953 5485 continuo
1001 5446 1094 5499 per
1140 5443 1410 5500 acceptam
1459 5436 1689 5502 Spiritus

151 5522 353 5586 gratiam
404 5523 541 5573 titius
588 5522 976 5594 παρακλήσεως.
1006 5522 1061 5576 id
1099 5534 1209 5589 est,
1240 5527 1603 5580 consolationis
1638 5537 1686 5581 et

152 5614 307 5665 vocari
356 5617 410 5664 et
458 5624 575 5665 esse
620 5610 839 5673 meruit;
892 5608 964 5663 ita
1013 5611 1204 5665 Saulus
1250 5624 1367 5682 post
1414 5606 1703 5684 acceptum;

153 5705 453 5763 apostolatus
485 5700 702 5771 gradum
734 5698 881 5753 Pauli
916 5716 1106 5755 nomen
1132 5705 1359 5769 accepit.
1385 5703 1515 5770 Quia
1548 5706 1686 5758 enim

156 5792 209 5844 de
245 5796 468 5865 superbo
501 5792 714 5848 humilis
758 5791 927 5848 lactus
972 5791 1163 5858 fuerat,
1193 5804 1336 5849 recte
1385 5810 1478 5864 pro
1526 5795 1686 5851 Saulo

1790 3690 1987 3759 cipatui
2033 3691 2295 3745 Samuelis
2321 3700 2374 3744 et
2400 3689 2576 3745 Saulis
2605 3686 2944 3756 quadraginta
2976 3700 3141 3738 atinas
3188 3686 3351 3739 dedc-

1790 3782 1881 3845 rit,
1908 3781 2096 3849 aequali
2128 3788 2269 3833 Inter
2289 3794 2381 3832 eos
2407 3792 2629 3831 numero
2651 3777 2980 3845 dispertitos,
3013 3775 3349 3842 postmodum

1792 3872 2042 3925 historias
2063 3868 2277 3937 Josepbi
2309 3867 2610 3935 diligentius
2632 3881 2694 3919 ex
2731 3874 2967 3931 tempore
2998 3866 3348 3933 perSpiciens,

1792 3961 1897 4015 vidi
1947 3960 2088 4029 quod
2137 3973 2239 4012 non
2288 3957 2402 4025 ipse
2446 3956 2788 4026 quadraginta
2840 3969 3009 4007 annos
3036 3956 3081 4007 ei
3119 3954 3351 4021 praefata-

1792 4053 1961 4104 :etatis
1989 4050 2282 4117 scripserit,
2308 4047 2402 4102 sed
2428 4047 2706 4100 duodecim
2753 4054 2956 4099 tantum
2987 4045 3244 4107 Samneli,
3276 4047 3348 4097 vi-

1792 4143 1925 4212 ginti
1950 4150 2124 4192 autent
2150 4153 2317 4192 annos
2340 4137 2690 4205 assignaverit
2715 4136 2882 4191 Sauli.
2908 4135 3011 4191 Sed
3038 4144 3111 4197 et,
3140 4136 3351 4189 relectis

1792 4229 2040 4283 solertius
2082 4224 2228 4283 libris
2254 4227 2657 4289 Citronicorum,
2687 4226 3028 4281 animadverti
3060 4238 3223 4292 quate
3250 4224 3349 4278 Eu-

1792 4320 1972 4372 sebius
2006 4320 2104 4372 hoc
2134 4320 2249 4372 loco
2279 4319 2649 4372 auctoritatem
2681 4318 2892 4385 Josephi
2924 4320 3071 4385 sequi
3098 4317 3345 4377 noluerit,

1794 4409 1931 4462 sicut
1963 4424 2057 4461 nec
2091 4410 2143 4461 in
2192 4410 2343 4461 annis
2373 4408 2553 4471 Josue,
2585 4409 2668 4461 cui
2704 4422 2826 4461 cum
2857 4407 3117 4475 Joscpttus
3166 4404 3348 4472 viginti

1720 4535 1770 4595 D
1793 4515 1883 4553 sex
1914 4513 2083 4552 annos
2112 4498 2332 4563 tribuat,
2382 4499 2493 4568 ipse
2522 4498 2693 4567 potius
2720 4500 2899 4566 viginti
2932 4506 3134 4565 septem
3182 4510 3350 4547 anno-

1794 4593 1979 4645 tandos
2010 4591 2227 4659 putavit.
2264 4591 2372 4643 Hoc
2403 4604 2529 4657 ergo
2558 4589 2609 4643 in
2642 4604 2801 4643 causa
2831 4589 2947 4651 fuit,
2974 4588 3093 4656 quia
3122 4589 3164 4639 si
3198 4588 3344 4639 illum

1790 4689 2120 4747 sequeretur,
2156 4693 2484 4745 nequaquam
2531 4680 2895 4746 prtescriptum
2926 4678 3344 4746 quadringento—

1798 4786 1911 4823 rum
1942 4780 1996 4822 et
2023 4770 2286 4837 octoginta
2314 4784 2572 4821 annorum
2598 4783 2876 4822 numerum
2907 4768 2971 4820 ab
3002 4768 3141 4820 exi:u
3172 4768 3345 4819 lsrae-

1793 4860 1859 4913 lis
1884 4874 1947 4914 ex
1982 4860 2234 4928 Egypto,
2262 4873 2423 4925 nSque
2453 4859 2577 4912 dum
2627 4858 2879 4926 templum
2920 4856 3168 4912 aedificari
3217 4856 3349 4908 inci-

1792 4962 1962 5021 peret,
1996 4953 2206 5019 plenum
2240 4960 2417 5018 posset
2459 4949 2676 5011 habere,
2704 4950 2795 5002 sed
2828 4948 3010 5002 decem
3046 4941 3221 4999 minus
3252 4961 3346 4998 att-

1791 5056 1889 5095 nos
1938 5040 2174 5109 ejusdem
2227 5040 2397 5094 tetatis
2448 5040 2500 5093 in
2556 5038 2667 5092 suis
2715 5036 3001 5091 Codicibus
3062 5036 3345 5089 inveniret.

1790 5131 1938 5199 Quod
1981 5130 2099 5185 ideo
2146 5145 2329 5198 passus
2368 5140 2469 5194 est,
2502 5130 2624 5197 quia
2658 5127 2999 5196 Septuaginta
3028 5125 3345 5193 interpretes

1792 5237 2043 5291 sequens,
2077 5219 2296 5275 Ahialon
2324 5220 2576 5287 judicem,
2599 5219 2684 5288 qui
2720 5227 2837 5287 post
2869 5214 3124 5271 Abessatn
3157 5216 3341 5269 det-em

1790 5316 1942 5368 annis
1973 5313 2219 5383 papulum
2267 5311 2421 5373 rexit,
2450 5313 2501 5364 in
2547 5313 2654 5364 suis
2700 5308 2976 5365 Chronicis
3010 5320 3207 5377 ponere
3252 5322 3343 5360 su-

1792 5406 2041 5473 persedit.
2098 5409 2287 5463 Verum
2338 5402 2743 5469 deprehendens
2788 5400 2971 5454 decem
3022 5400 3120 5454 sibi
3174 5413 3343 5454 annos

1793 5501 2033 5570 prtellniti
2078 5500 2259 5556 ca‘culi
2291 5500 2343 5552 in
2376 5498 2595 5551 historia
2627 5511 2779 5551 sacra
2820 5495 2977 5565 juxta
3010 5495 3334 5557 Editionem,

1789 5606 1945 5659 quam
1994 5592 2333 5658 sequebatur,
2376 5590 2586 5655 deesse,
2626 5598 2827 5643 curant
2875 5588 2970 5643 bos
3012 5588 3080 5642 de
3108 5603 3226 5651 suo,
3255 5589 3338 5641 ubi

1789 5683 2128 5739 commodum
2154 5691 2207 5736 et
2244 5682 2481 5735 historia:
2522 5695 2687 5736 sacrze
2717 5680 2885 5733 minus
2909 5678 3233 5733 contrarium
3272 5679 3340 5731 vi-

1789 5775 2033 5839 debatur,
2062 5772 2310 5843 adjicere.
2339 5772 2535 5841 Adjicit
2561 5785 2685 5841 ergo
2716 5769 3216 5839 temporibustosue
3244 5781 3335 5821 sa-
