  <div class='ocr_page' id='page_1' title='image "/cluster/home/n/w/nwhite01/storage/ocr_20150623/92-93/uva.x000827076/519.png"; bbox 0 0 3860 6230; ppageno 0'>
   <div class='ocr_carea' id='block_1_1' title="bbox 523 352 663 411">
    <p class='ocr_par' dir='ltr' id='par_1_1' title="bbox 523 352 663 411">
     <span class='ocr_line' id='line_1_1' title="bbox 523 352 663 411; baseline 0 0"><span class='ocrx_word' id='word_1_1' title='bbox 523 352 663 411; x_wconf 66' lang='grc' dir='ltr'><strong>ιοεδ</strong></span> 
     </span>
    </p>
   </div>
   <div class='ocr_carea' id='block_1_2' title="bbox 947 312 3325 417">
    <p class='ocr_par' dir='ltr' id='par_1_2' title="bbox 947 312 3325 417">
     <span class='ocr_line' id='line_1_2' title="bbox 947 312 3325 417; baseline -0.002 -11"><span class='ocrx_word' id='word_1_2' title='bbox 947 350 1149 417; x_wconf 62' lang='lat' dir='ltr'><strong>usus:</strong></span> <span class='ocrx_word' id='word_1_3' title='bbox 1192 346 1635 406; x_wconf 75' lang='lat' dir='ltr'><strong>VENEMBILIS</strong></span> <span class='ocrx_word' id='word_1_4' title='bbox 1671 346 1822 403; x_wconf 74' lang='lat' dir='ltr'><strong>oee.</strong></span> <span class='ocrx_word' id='word_1_5' title='bbox 1862 342 2039 400; x_wconf 74' lang='lat' dir='ltr'><strong>PARS</strong></span> <span class='ocrx_word' id='word_1_6' title='bbox 2078 339 2139 395; x_wconf 82' lang='grc' dir='ltr'>ιι.</span> <span class='ocrx_word' id='word_1_7' title='bbox 2173 312 2363 397; x_wconf 73' lang='lat' dir='ltr'><strong>sécr.</strong></span> <span class='ocrx_word' id='word_1_8' title='bbox 2405 344 2445 398; x_wconf 90' lang='grc' dir='ltr'>ι.</span> <span class='ocrx_word' id='word_1_9' title='bbox 2486 373 2548 385; x_wconf 83' lang='grc'><strong><em>-</em></strong></span> <span class='ocrx_word' id='word_1_10' title='bbox 2586 345 2966 401; x_wconf 65' lang='grc' dir='ltr'><strong>εχεςετιω</strong></span> <span class='ocrx_word' id='word_1_11' title='bbox 3008 345 3325 402; x_wconf 67' lang='lat' dir='ltr'><strong>GENUINA.</strong></span> 
     </span>
    </p>
   </div>
   <div class='ocr_carea' id='block_1_3' title="bbox 3619 346 3742 402">
    <p class='ocr_par' dir='ltr' id='par_1_3' title="bbox 3619 346 3742 402">
     <span class='ocr_line' id='line_1_3' title="bbox 3619 346 3742 402; baseline 0.033 -4"><span class='ocrx_word' id='word_1_12' title='bbox 3619 346 3742 402; x_wconf 62' lang='lat' dir='ltr'><strong>Hii</strong></span> 
     </span>
    </p>
   </div>
   <div class='ocr_carea' id='block_1_4' title="bbox 522 458 3747 534">
    <p class='ocr_par' dir='ltr' id='par_1_4' title="bbox 522 458 3747 534">
     <span class='ocr_line' id='line_1_4' title="bbox 522 458 3747 534; baseline -0.004 -10"><span class='ocrx_word' id='word_1_13' title='bbox 522 484 646 524; x_wconf 85' lang='lat' dir='ltr'><strong>llum</strong></span> <span class='ocrx_word' id='word_1_14' title='bbox 680 480 862 531; x_wconf 85' lang='lat' dir='ltr'><strong>unum,</strong></span> <span class='ocrx_word' id='word_1_15' title='bbox 894 465 1223 534; x_wconf 81' lang='lat' dir='ltr'><strong>temporibus</strong></span> <span class='ocrx_word' id='word_1_16' title='bbox 1250 462 1514 518; x_wconf 79' lang='lat' dir='ltr'><strong>Samuelis</strong></span> <span class='ocrx_word' id='word_1_17' title='bbox 1541 475 1591 517; x_wconf 91' lang='lat' dir='ltr'><strong>et</strong></span> <span class='ocrx_word' id='word_1_18' title='bbox 1622 462 1796 517; x_wconf 77' lang='lat' dir='ltr'><strong>Saulis</strong></span> <span class='ocrx_word' id='word_1_19' title='bbox 1823 474 1961 515; x_wconf 85' lang='lat' dir='ltr'><strong>anno</strong></span> <span class='ocrx_word' id='word_1_20' title='bbox 1993 471 2080 511; x_wconf 89' lang='lat' dir='ltr'><strong>oc-</strong></span> <span class='ocrx_word' id='word_1_21' title='bbox 2112 461 2158 513; x_wconf 79' lang='grc' dir='ltr'><strong>Α</strong></span> <span class='ocrx_word' id='word_1_22' title='bbox 2186 458 2565 523; x_wconf 76' lang='lat' dir='ltr'><strong>sacriﬁcantes,</strong></span> <span class='ocrx_word' id='word_1_23' title='bbox 2596 471 2871 517; x_wconf 86' lang='lat' dir='ltr'><strong>sumerent</strong></span> <span class='ocrx_word' id='word_1_24' title='bbox 2899 478 3123 518; x_wconf 70' lang='lat' dir='ltr'><strong>coronas</strong></span> <span class='ocrx_word' id='word_1_25' title='bbox 3173 464 3405 518; x_wconf 89' lang='lat' dir='ltr'><strong>victimis</strong></span> <span class='ocrx_word' id='word_1_26' title='bbox 3453 461 3611 515; x_wconf 88' lang='lat' dir='ltr'><strong>simul</strong></span> <span class='ocrx_word' id='word_1_27' title='bbox 3661 476 3747 514; x_wconf 76' lang='lat' dir='ltr'><strong>ro-</strong></span> 
     </span>
    </p>
   </div>
   <div class='ocr_carea' id='block_1_5' title="bbox 522 550 2079 623">
    <p class='ocr_par' dir='ltr' id='par_1_5' title="bbox 522 550 2079 623">
     <span class='ocr_line' id='line_1_5' title="bbox 522 550 2079 623; baseline -0.009 -11"><span class='ocrx_word' id='word_1_28' title='bbox 522 568 663 623; x_wconf 84' lang='lat' dir='ltr'><strong>tavo,</strong></span> <span class='ocrx_word' id='word_1_29' title='bbox 696 565 752 613; x_wconf 88' lang='lat' dir='ltr'><strong>et</strong></span> <span class='ocrx_word' id='word_1_30' title='bbox 799 568 856 610; x_wconf 89' lang='lat' dir='ltr'><strong>ttt</strong></span> <span class='ocrx_word' id='word_1_31' title='bbox 901 555 1139 611; x_wconf 83' lang='lat' dir='ltr'><strong>decimus</strong></span> <span class='ocrx_word' id='word_1_32' title='bbox 1187 569 1441 610; x_wconf 88' lang='lat' dir='ltr'><strong>numerus</strong></span> <span class='ocrx_word' id='word_1_33' title='bbox 1482 550 1784 622; x_wconf 73' lang='lat' dir='ltr'><strong>impleatur,</strong></span> <span class='ocrx_word' id='word_1_34' title='bbox 1832 560 2079 618; x_wconf 83' lang='lat' dir='ltr'><strong>quartum</strong></span> 
     </span>
    </p>
   </div>
   <div class='ocr_carea' id='block_1_6' title="bbox 522 640 2083 717">
    <p class='ocr_par' dir='ltr' id='par_1_6' title="bbox 522 640 2083 717">
     <span class='ocr_line' id='line_1_6' title="bbox 522 640 2083 717; baseline -0.006 -15"><span class='ocrx_word' id='word_1_35' title='bbox 522 647 691 714; x_wconf 84' lang='lat' dir='ltr'><strong>ipsum</strong></span> <span class='ocrx_word' id='word_1_36' title='bbox 717 661 913 701; x_wconf 87' lang='lat' dir='ltr'><strong>annum</strong></span> <span class='ocrx_word' id='word_1_37' title='bbox 945 646 1091 717; x_wconf 71' lang='lat' dir='ltr'><strong>regni</strong></span> <span class='ocrx_word' id='word_1_38' title='bbox 1116 645 1437 711; x_wconf 80' lang='lat' dir='ltr'><strong>Salomonis,</strong></span> <span class='ocrx_word' id='word_1_39' title='bbox 1468 645 1518 698; x_wconf 94' lang='lat' dir='ltr'><strong>in</strong></span> <span class='ocrx_word' id='word_1_40' title='bbox 1544 658 1648 714; x_wconf 91' lang='lat' dir='ltr'><strong>quo</strong></span> <span class='ocrx_word' id='word_1_41' title='bbox 1674 644 1924 711; x_wconf 88' lang='lat' dir='ltr'><strong>templum</strong></span> <span class='ocrx_word' id='word_1_42' title='bbox 1954 640 2083 694; x_wconf 68' lang='lat' dir='ltr'><strong>redi-</strong></span> 
     </span>
    </p>
   </div>
   <div class='ocr_carea' id='block_1_7' title="bbox 522 726 2079 804">
    <p class='ocr_par' dir='ltr' id='par_1_7' title="bbox 522 726 2079 804">
     <span class='ocr_line' id='line_1_7' title="bbox 522 726 2079 804; baseline -0.003 -14"><span class='ocrx_word' id='word_1_43' title='bbox 522 736 666 793; x_wconf 82' lang='lat' dir='ltr'><strong>llcari</strong></span> <span class='ocrx_word' id='word_1_44' title='bbox 708 749 941 804; x_wconf 77' lang='lat' dir='ltr'><strong>emptum</strong></span> <span class='ocrx_word' id='word_1_45' title='bbox 986 747 1090 802; x_wconf 80' lang='lat' dir='ltr'><strong>est,</strong></span> <span class='ocrx_word' id='word_1_46' title='bbox 1121 746 1472 791; x_wconf 84' lang='lat' dir='ltr'><strong>annumerat:</strong></span> <span class='ocrx_word' id='word_1_47' title='bbox 1504 735 1645 804; x_wconf 89' lang='lat' dir='ltr'><strong>quod</strong></span> <span class='ocrx_word' id='word_1_48' title='bbox 1688 750 1793 788; x_wconf 91' lang='lat' dir='ltr'><strong>non</strong></span> <span class='ocrx_word' id='word_1_49' title='bbox 1835 726 1955 788; x_wconf 74' lang='lat' dir='ltr'><strong>esse</strong></span> <span class='ocrx_word' id='word_1_50' title='bbox 2002 731 2079 786; x_wconf 79' lang='lat' dir='ltr'><strong>fa-</strong></span> 
     </span>
    </p>
   </div>
   <div class='ocr_carea' id='block_1_8' title="bbox 519 826 2084 900">
    <p class='ocr_par' dir='ltr' id='par_1_8' title="bbox 519 826 2084 900">
     <span class='ocr_line' id='line_1_8' title="bbox 519 826 2084 900; baseline -0.004 -14"><span class='ocrx_word' id='word_1_51' title='bbox 519 829 764 885; x_wconf 84' lang='lat' dir='ltr'><strong>ciendum</strong></span> <span class='ocrx_word' id='word_1_52' title='bbox 794 831 1031 900; x_wconf 86' lang='lat' dir='ltr'><strong>quisquis</strong></span> <span class='ocrx_word' id='word_1_53' title='bbox 1075 830 1383 884; x_wconf 86' lang='lat' dir='ltr'><strong>llebraicam</strong></span> <span class='ocrx_word' id='word_1_54' title='bbox 1414 829 1691 883; x_wconf 84' lang='lat' dir='ltr'><strong>veritatem</strong></span> <span class='ocrx_word' id='word_1_55' title='bbox 1739 827 1975 897; x_wconf 87' lang='lat' dir='ltr'><strong>sequitur</strong></span> <span class='ocrx_word' id='word_1_56' title='bbox 2003 826 2084 880; x_wconf 83' lang='lat' dir='ltr'><strong>in-</strong></span> 
     </span>
    </p>
   </div>
   <div class='ocr_carea' id='block_1_9' title="bbox 520 914 2081 987">
    <p class='ocr_par' dir='ltr' id='par_1_9' title="bbox 520 914 2081 987">
     <span class='ocr_line' id='line_1_9' title="bbox 520 914 2081 987; baseline -0.003 -16"><span class='ocrx_word' id='word_1_57' title='bbox 520 919 682 973; x_wconf 91' lang='lat' dir='ltr'><strong>venit.</strong></span> <span class='ocrx_word' id='word_1_58' title='bbox 711 919 864 985; x_wconf 82' lang='lat' dir='ltr'><strong>Quod</strong></span> <span class='ocrx_word' id='word_1_59' title='bbox 894 928 1070 973; x_wconf 85' lang='lat' dir='ltr'><strong>autem</strong></span> <span class='ocrx_word' id='word_1_60' title='bbox 1103 920 1217 987; x_wconf 88' lang='lat' dir='ltr'><strong>ipse</strong></span> <span class='ocrx_word' id='word_1_61' title='bbox 1240 920 1292 974; x_wconf 91' lang='lat' dir='ltr'><strong>in</strong></span> <span class='ocrx_word' id='word_1_62' title='bbox 1326 917 1660 987; x_wconf 72' lang='lat' dir='ltr'><strong>prmcedente</strong></span> <span class='ocrx_word' id='word_1_63' title='bbox 1692 917 1829 971; x_wconf 87' lang='lat' dir='ltr'><strong>libro</strong></span> <span class='ocrx_word' id='word_1_64' title='bbox 1868 914 2081 983; x_wconf 87' lang='lat' dir='ltr'><strong>scripsi,</strong></span> 
     </span>
    </p>
   </div>
   <div class='ocr_carea' id='block_1_10' title="bbox 516 1006 2084 1080">
    <p class='ocr_par' dir='ltr' id='par_1_10' title="bbox 516 1006 2084 1080">
     <span class='ocr_line' id='line_1_10' title="bbox 516 1006 2084 1080; baseline -0.003 -17"><span class='ocrx_word' id='word_1_65' title='bbox 516 1009 721 1079; x_wconf 81' lang='lat' dir='ltr'><strong>judices</strong></span> <span class='ocrx_word' id='word_1_66' title='bbox 749 1012 995 1077; x_wconf 81' lang='lat' dir='ltr'><strong>populum</strong></span> <span class='ocrx_word' id='word_1_67' title='bbox 1024 1026 1051 1062; x_wconf 89' lang='lat' dir='ltr'><strong>a</strong></span> <span class='ocrx_word' id='word_1_68' title='bbox 1086 1010 1263 1080; x_wconf 62' lang='lat' dir='ltr'><strong>Moyse</strong></span> <span class='ocrx_word' id='word_1_69' title='bbox 1290 1024 1455 1078; x_wconf 85' lang='lat' dir='ltr'><strong>usque</strong></span> <span class='ocrx_word' id='word_1_70' title='bbox 1483 1009 1546 1062; x_wconf 85' lang='lat' dir='ltr'><strong>ad</strong></span> <span class='ocrx_word' id='word_1_71' title='bbox 1574 1007 1790 1064; x_wconf 80' lang='lat' dir='ltr'><strong>Samuel</strong></span> <span class='ocrx_word' id='word_1_72' title='bbox 1822 1006 2084 1061; x_wconf 88' lang='lat' dir='ltr'><strong>trecentis</strong></span> 
     </span>
    </p>
   </div>
   <div class='ocr_carea' id='block_1_11' title="bbox 516 1099 2084 1169">
    <p class='ocr_par' dir='ltr' id='par_1_11' title="bbox 516 1099 2084 1169">
     <span class='ocr_line' id='line_1_11' title="bbox 516 1099 2084 1169; baseline -0.002 -15"><span class='ocrx_word' id='word_1_73' title='bbox 516 1108 574 1154; x_wconf 87' lang='lat' dir='ltr'><strong>et</strong></span> <span class='ocrx_word' id='word_1_74' title='bbox 611 1102 889 1169; x_wconf 72' lang='lat' dir='ltr'><strong>nonaginta</strong></span> <span class='ocrx_word' id='word_1_75' title='bbox 920 1116 1012 1156; x_wconf 82' lang='lat' dir='ltr'><strong>ses</strong></span> <span class='ocrx_word' id='word_1_76' title='bbox 1040 1101 1197 1155; x_wconf 86' lang='lat' dir='ltr'><strong>anuis</strong></span> <span class='ocrx_word' id='word_1_77' title='bbox 1243 1101 1464 1166; x_wconf 71' lang='lat' dir='ltr'><strong>rexisse,</strong></span> <span class='ocrx_word' id='word_1_78' title='bbox 1491 1099 2084 1163; x_wconf 59' lang='lat' dir='ltr'><strong>Cltronicorumaucto-</strong></span> 
     </span>
    </p>
   </div>
   <div class='ocr_carea' id='block_1_12' title="bbox 515 1187 2079 1254">
    <p class='ocr_par' dir='ltr' id='par_1_12' title="bbox 515 1187 2079 1254">
     <span class='ocr_line' id='line_1_12' title="bbox 515 1187 2079 1254; baseline -0.004 -8"><span class='ocrx_word' id='word_1_79' title='bbox 515 1187 727 1246; x_wconf 85' lang='lat' dir='ltr'><strong>ritatem</strong></span> <span class='ocrx_word' id='word_1_80' title='bbox 768 1198 981 1245; x_wconf 87' lang='lat' dir='ltr'><strong>secutus</strong></span> <span class='ocrx_word' id='word_1_81' title='bbox 1033 1206 1173 1254; x_wconf 89' lang='lat' dir='ltr'><strong>sum,</strong></span> <span class='ocrx_word' id='word_1_82' title='bbox 1207 1191 1430 1247; x_wconf 83' lang='lat' dir='ltr'><strong>necdum</strong></span> <span class='ocrx_word' id='word_1_83' title='bbox 1470 1188 1595 1245; x_wconf 87' lang='lat' dir='ltr'><strong>anni</strong></span> <span class='ocrx_word' id='word_1_84' title='bbox 1646 1188 1929 1243; x_wconf 84' lang='lat' dir='ltr'><strong>advertens</strong></span> <span class='ocrx_word' id='word_1_85' title='bbox 1961 1202 2079 1241; x_wconf 88' lang='lat' dir='ltr'><strong>eam</strong></span> 
     </span>
    </p>
   </div>
   <div class='ocr_carea' id='block_1_13' title="bbox 516 1280 1628 1337">
    <p class='ocr_par' dir='ltr' id='par_1_13' title="bbox 516 1280 1628 1337">
     <span class='ocr_line' id='line_1_13' title="bbox 516 1280 1628 1337; baseline 0 -1"><span class='ocrx_word' id='word_1_86' title='bbox 516 1280 788 1337; x_wconf 71' lang='lat' dir='ltr'><strong>Hebraica</strong></span> <span class='ocrx_word' id='word_1_87' title='bbox 810 1283 1015 1337; x_wconf 84' lang='lat' dir='ltr'><strong>veritati</strong></span> <span class='ocrx_word' id='word_1_88' title='bbox 1045 1296 1147 1337; x_wconf 92' lang='lat' dir='ltr'><strong>non</strong></span> <span class='ocrx_word' id='word_1_89' title='bbox 1176 1297 1297 1337; x_wconf 78' lang='lat' dir='ltr'><strong>esse</strong></span> <span class='ocrx_word' id='word_1_90' title='bbox 1321 1297 1628 1336; x_wconf 80' lang='lat' dir='ltr'><strong>consonam.</strong></span> 
     </span>
    </p>
   </div>
   <div class='ocr_carea' id='block_1_14' title="bbox 526 1371 2073 1448">
    <p class='ocr_par' dir='ltr' id='par_1_14' title="bbox 526 1371 2073 1448">
     <span class='ocr_line' id='line_1_14' title="bbox 526 1371 2073 1448; baseline 0 -24"><span class='ocrx_word' id='word_1_91' title='bbox 526 1442 531 1448; x_wconf 21' lang='grc' dir='ltr'><strong>ρ</strong></span> <span class='ocrx_word' id='word_1_92' title='bbox 585 1371 836 1427; x_wconf 84' lang='lat' dir='ltr'><strong>Dicebat:</strong></span> <span class='ocrx_word' id='word_1_93' title='bbox 868 1372 1029 1438; x_wconf 76' lang='lat' dir='ltr'><strong>Quem</strong></span> <span class='ocrx_word' id='word_1_94' title='bbox 1059 1388 1135 1425; x_wconf 87' lang='lat' dir='ltr'><strong>ntt</strong></span> <span class='ocrx_word' id='word_1_95' title='bbox 1168 1371 1489 1425; x_wconf 79' lang='lat' dir='ltr'><strong>arbitramini</strong></span> <span class='ocrx_word' id='word_1_96' title='bbox 1521 1388 1647 1436; x_wconf 84' lang='lat' dir='ltr'><strong>esse,</strong></span> <span class='ocrx_word' id='word_1_97' title='bbox 1684 1386 1785 1425; x_wconf 86' lang='lat' dir='ltr'><strong>non</strong></span> <span class='ocrx_word' id='word_1_98' title='bbox 1823 1386 1937 1423; x_wconf 85' lang='lat' dir='ltr'><strong>sum</strong></span> <span class='ocrx_word' id='word_1_99' title='bbox 1958 1386 2073 1441; x_wconf 88' lang='lat' dir='ltr'><strong>ego.</strong></span> 
     </span>
    </p>
   </div>
   <div class='ocr_carea' id='block_1_15' title="bbox 513 1460 1973 1530">
    <p class='ocr_par' dir='ltr' id='par_1_15' title="bbox 513 1460 1973 1530">
     <span class='ocr_line' id='line_1_15' title="bbox 513 1460 1973 1530; baseline -0.001 -13"><span class='ocrx_word' id='word_1_100' title='bbox 513 1462 573 1517; x_wconf 77' lang='lat' dir='ltr'><strong>In</strong></span> <span class='ocrx_word' id='word_1_101' title='bbox 600 1463 785 1517; x_wconf 68' lang='lat' dir='ltr'><strong>Cnseo</strong></span> <span class='ocrx_word' id='word_1_102' title='bbox 817 1462 1021 1530; x_wconf 87' lang='lat' dir='ltr'><strong>plenius</strong></span> <span class='ocrx_word' id='word_1_103' title='bbox 1046 1462 1238 1515; x_wconf 87' lang='lat' dir='ltr'><strong>dicitur</strong></span> <span class='ocrx_word' id='word_1_104' title='bbox 1264 1478 1277 1514; x_wconf 92' lang='lat'>:</span> <span class='ocrx_word' id='word_1_105' title='bbox 1316 1461 1434 1515; x_wconf 77' lang='lat' dir='ltr'><strong>Non</strong></span> <span class='ocrx_word' id='word_1_106' title='bbox 1462 1477 1572 1515; x_wconf 86' lang='lat' dir='ltr'><strong>sum</strong></span> <span class='ocrx_word' id='word_1_107' title='bbox 1598 1477 1690 1530; x_wconf 84' lang='lat' dir='ltr'><strong>ego</strong></span> <span class='ocrx_word' id='word_1_108' title='bbox 1720 1460 1973 1516; x_wconf 81' lang='lat' dir='ltr'><strong>Christus.</strong></span> 
     </span>
    </p>
   </div>
   <div class='ocr_carea' id='block_1_16' title="bbox 588 1550 2077 1622">
    <p class='ocr_par' dir='ltr' id='par_1_16' title="bbox 588 1550 2077 1622">
     <span class='ocr_line' id='line_1_16' title="bbox 588 1550 2077 1622; baseline -0.001 -16"><span class='ocrx_word' id='word_1_109' title='bbox 588 1551 701 1606; x_wconf 79' lang='lat' dir='ltr'><strong>Viri</strong></span> <span class='ocrx_word' id='word_1_110' title='bbox 745 1551 951 1620; x_wconf 77' lang='lat' dir='ltr'><strong>fratres,</strong></span> <span class='ocrx_word' id='word_1_111' title='bbox 985 1552 1083 1618; x_wconf 73' lang='lat' dir='ltr'><strong>lilii</strong></span> <span class='ocrx_word' id='word_1_112' title='bbox 1131 1552 1326 1622; x_wconf 80' lang='lat' dir='ltr'><strong>generis</strong></span> <span class='ocrx_word' id='word_1_113' title='bbox 1373 1551 1608 1615; x_wconf 76' lang='lat' dir='ltr'><strong>Abruhtv,</strong></span> <span class='ocrx_word' id='word_1_114' title='bbox 1635 1560 1683 1604; x_wconf 93' lang='lat' dir='ltr'><strong>et</strong></span> <span class='ocrx_word' id='word_1_115' title='bbox 1728 1552 1815 1618; x_wconf 87' lang='lat' dir='ltr'><strong>qui</strong></span> <span class='ocrx_word' id='word_1_116' title='bbox 1861 1553 1913 1603; x_wconf 87' lang='lat' dir='ltr'><strong>in</strong></span> <span class='ocrx_word' id='word_1_117' title='bbox 1940 1550 2077 1604; x_wconf 84' lang='lat' dir='ltr'><strong>vobis</strong></span> 
     </span>
    </p>
   </div>
   <div class='ocr_carea' id='block_1_17' title="bbox 512 1640 1933 1697">
    <p class='ocr_par' dir='ltr' id='par_1_17' title="bbox 512 1640 1933 1697">
     <span class='ocr_line' id='line_1_17' title="bbox 512 1640 1933 1697; baseline 0.001 -2"><span class='ocrx_word' id='word_1_118' title='bbox 512 1644 692 1697; x_wconf 84' lang='lat' dir='ltr'><strong>timent</strong></span> <span class='ocrx_word' id='word_1_119' title='bbox 724 1640 906 1695; x_wconf 85' lang='lat' dir='ltr'><strong>Deum.</strong></span> <span class='ocrx_word' id='word_1_120' title='bbox 934 1641 985 1694; x_wconf 90' lang='lat' dir='ltr'><strong>In</strong></span> <span class='ocrx_word' id='word_1_121' title='bbox 1010 1641 1197 1695; x_wconf 66' lang='lat' dir='ltr'><strong>Graeco</strong></span> <span class='ocrx_word' id='word_1_122' title='bbox 1221 1641 1442 1696; x_wconf 82' lang='lat' dir='ltr'><strong>habetur</strong></span> <span class='ocrx_word' id='word_1_123' title='bbox 1469 1640 1704 1695; x_wconf 85' lang='lat' dir='ltr'><strong>additum</strong></span> <span class='ocrx_word' id='word_1_124' title='bbox 1731 1641 1933 1695; x_wconf 86' lang='lat' dir='ltr'><strong>Audite.</strong></span> 
     </span>
    </p>
   </div>
   <div class='ocr_carea' id='block_1_18' title="bbox 587 1731 2077 1800">
    <p class='ocr_par' dir='ltr' id='par_1_18' title="bbox 587 1731 2077 1800">
     <span class='ocr_line' id='line_1_18' title="bbox 587 1731 2077 1800; baseline -0.001 -15"><span class='ocrx_word' id='word_1_125' title='bbox 587 1731 653 1785; x_wconf 79' lang='lat' dir='ltr'><strong>Et</strong></span> <span class='ocrx_word' id='word_1_126' title='bbox 679 1747 769 1784; x_wconf 82' lang='lat' dir='ltr'><strong>nos</strong></span> <span class='ocrx_word' id='word_1_127' title='bbox 799 1732 936 1784; x_wconf 74' lang='lat' dir='ltr'><strong>vobis</strong></span> <span class='ocrx_word' id='word_1_128' title='bbox 969 1734 1329 1785; x_wconf 86' lang='lat' dir='ltr'><strong>annuntiamus</strong></span> <span class='ocrx_word' id='word_1_129' title='bbox 1374 1747 1483 1785; x_wconf 87' lang='lat' dir='ltr'><strong>eant</strong></span> <span class='ocrx_word' id='word_1_130' title='bbox 1528 1745 1643 1800; x_wconf 71' lang='lat' dir='ltr'><strong>qua</strong></span> <span class='ocrx_word' id='word_1_131' title='bbox 1686 1732 1753 1784; x_wconf 86' lang='lat' dir='ltr'><strong>ad</strong></span> <span class='ocrx_word' id='word_1_132' title='bbox 1785 1742 1952 1798; x_wconf 90' lang='lat' dir='ltr'><strong>patres</strong></span> <span class='ocrx_word' id='word_1_133' title='bbox 1983 1745 2077 1784; x_wconf 90' lang='lat' dir='ltr'><strong>no-</strong></span> 
     </span>
    </p>
   </div>
   <div class='ocr_carea' id='block_1_19' title="bbox 2187 548 2404 602">
    <p class='ocr_par' dir='ltr' id='par_1_19' title="bbox 2187 548 2404 602">
     <span class='ocr_line' id='line_1_19' title="bbox 2187 548 2404 602; baseline 0.018 -3"><span class='ocrx_word' id='word_1_134' title='bbox 2187 548 2404 602; x_wconf 87' lang='lat' dir='ltr'><strong>rouatis.</strong></span> 
     </span>
    </p>
   </div>
   <div class='ocr_carea' id='block_1_20' title="bbox 2257 636 3743 711">
    <p class='ocr_par' dir='ltr' id='par_1_20' title="bbox 2257 636 3743 711">
     <span class='ocr_line' id='line_1_20' title="bbox 2257 636 3743 711; baseline -0.004 -19"><span class='ocrx_word' id='word_1_135' title='bbox 2257 636 2660 706; x_wconf 78' lang='lat' dir='ltr'><strong>Supervenerunt</strong></span> <span class='ocrx_word' id='word_1_136' title='bbox 2681 649 2846 693; x_wconf 82' lang='lat' dir='ltr'><strong>autent</strong></span> <span class='ocrx_word' id='word_1_137' title='bbox 2872 642 3080 711; x_wconf 83' lang='lat' dir='ltr'><strong>quidam</strong></span> <span class='ocrx_word' id='word_1_138' title='bbox 3102 642 3165 695; x_wconf 85' lang='lat' dir='ltr'><strong>ab</strong></span> <span class='ocrx_word' id='word_1_139' title='bbox 3195 638 3467 694; x_wconf 82' lang='lat' dir='ltr'><strong>Antiochia</strong></span> <span class='ocrx_word' id='word_1_140' title='bbox 3492 651 3537 692; x_wconf 90' lang='lat' dir='ltr'><strong>et</strong></span> <span class='ocrx_word' id='word_1_141' title='bbox 3570 636 3743 692; x_wconf 72' lang='lat' dir='ltr'><strong>Iconio</strong></span> 
     </span>
    </p>
   </div>
   <div class='ocr_carea' id='block_1_21' title="bbox 2182 718 3745 799">
    <p class='ocr_par' dir='ltr' id='par_1_21' title="bbox 2182 718 3745 799">
     <span class='ocr_line' id='line_1_21' title="bbox 2182 718 3745 799; baseline -0.001 -17"><span class='ocrx_word' id='word_1_142' title='bbox 2182 728 2372 783; x_wconf 79' lang='lat' dir='ltr'><strong>Judtei.</strong></span> <span class='ocrx_word' id='word_1_143' title='bbox 2398 718 2454 783; x_wconf 81' lang='lat' dir='ltr'><strong>In</strong></span> <span class='ocrx_word' id='word_1_144' title='bbox 2483 728 2669 785; x_wconf 67' lang='lat' dir='ltr'><strong>Grmco</strong></span> <span class='ocrx_word' id='word_1_145' title='bbox 2696 732 2764 784; x_wconf 90' lang='lat' dir='ltr'><strong>ita</strong></span> <span class='ocrx_word' id='word_1_146' title='bbox 2798 731 2980 799; x_wconf 86' lang='lat' dir='ltr'><strong>incipit</strong></span> <span class='ocrx_word' id='word_1_147' title='bbox 3011 733 3124 787; x_wconf 63' lang='lat' dir='ltr'><strong>haec</strong></span> <span class='ocrx_word' id='word_1_148' title='bbox 3155 733 3387 786; x_wconf 75' lang='lat' dir='ltr'><strong>narratio</strong></span> <span class='ocrx_word' id='word_1_149' title='bbox 3415 747 3430 783; x_wconf 90' lang='lat'><strong>:</strong></span> <span class='ocrx_word' id='word_1_150' title='bbox 3464 728 3745 787; x_wconf 74' lang='lat' dir='ltr'><strong>Demarati-</strong></span> 
     </span>
    </p>
   </div>
   <div class='ocr_carea' id='block_1_22' title="bbox 2185 820 3742 894">
    <p class='ocr_par' dir='ltr' id='par_1_22' title="bbox 2185 820 3742 894">
     <span class='ocr_line' id='line_1_22' title="bbox 2185 820 3742 894; baseline 0.001 -21"><span class='ocrx_word' id='word_1_151' title='bbox 2185 820 2315 874; x_wconf 89' lang='lat' dir='ltr'><strong>tibus</strong></span> <span class='ocrx_word' id='word_1_152' title='bbox 2354 830 2524 874; x_wconf 89' lang='lat' dir='ltr'><strong>autem</strong></span> <span class='ocrx_word' id='word_1_153' title='bbox 2570 823 2641 877; x_wconf 87' lang='lat' dir='ltr'><strong>eis</strong></span> <span class='ocrx_word' id='word_1_154' title='bbox 2686 834 2733 876; x_wconf 86' lang='lat' dir='ltr'><strong>et</strong></span> <span class='ocrx_word' id='word_1_155' title='bbox 2780 824 3098 888; x_wconf 72' lang='lat' dir='ltr'><strong>docentibus,</strong></span> <span class='ocrx_word' id='word_1_156' title='bbox 3143 834 3536 894; x_wconf 75' lang='lat' dir='ltr'><strong>superuenerunt</strong></span> <span class='ocrx_word' id='word_1_157' title='bbox 3578 832 3742 875; x_wconf 70' lang='lat' dir='ltr'><strong>auch</strong></span> 
     </span>
    </p>
   </div>
   <div class='ocr_carea' id='block_1_23' title="bbox 2182 908 3272 977">
    <p class='ocr_par' dir='ltr' id='par_1_23' title="bbox 2182 908 3272 977">
     <span class='ocr_line' id='line_1_23' title="bbox 2182 908 3272 977; baseline 0.007 -16"><span class='ocrx_word' id='word_1_158' title='bbox 2182 908 2389 977; x_wconf 82' lang='lat' dir='ltr'><strong>quidam</strong></span> <span class='ocrx_word' id='word_1_159' title='bbox 2413 910 2477 962; x_wconf 84' lang='lat' dir='ltr'><strong>ab</strong></span> <span class='ocrx_word' id='word_1_160' title='bbox 2504 910 2775 966; x_wconf 64' lang='lat' dir='ltr'><strong>Antiochia</strong></span> <span class='ocrx_word' id='word_1_161' title='bbox 2797 924 2842 966; x_wconf 92' lang='lat' dir='ltr'><strong>et</strong></span> <span class='ocrx_word' id='word_1_162' title='bbox 2874 912 3053 967; x_wconf 87' lang='lat' dir='ltr'><strong>Iconia</strong></span> <span class='ocrx_word' id='word_1_163' title='bbox 3081 913 3272 969; x_wconf 66' lang='lat' dir='ltr'><strong>Iudici.</strong></span> 
     </span>
    </p>
   </div>
   <div class='ocr_carea' id='block_1_24' title="bbox 2774 1003 3151 1059">
    <p class='ocr_par' dir='ltr' id='par_1_24' title="bbox 2774 1003 3151 1059">
     <span class='ocr_line' id='line_1_24' title="bbox 2774 1003 3151 1059; baseline 0 -2"><span class='ocrx_word' id='word_1_164' title='bbox 2774 1003 2999 1059; x_wconf 80' lang='lat' dir='ltr'><strong>CAPUT</strong></span> <span class='ocrx_word' id='word_1_165' title='bbox 3038 1004 3151 1059; x_wconf 76' lang='lat' dir='ltr'><strong>XV.</strong></span> 
     </span>
    </p>
   </div>
   <div class='ocr_carea' id='block_1_25' title="bbox 2255 1091 3746 1168">
    <p class='ocr_par' dir='ltr' id='par_1_25' title="bbox 2255 1091 3746 1168">
     <span class='ocr_line' id='line_1_25' title="bbox 2255 1091 3746 1168; baseline -0.001 -20"><span class='ocrx_word' id='word_1_166' title='bbox 2255 1091 2309 1148; x_wconf 86' lang='grc' dir='ltr'><strong><em>Ν</em></strong></span> <span class='ocrx_word' id='word_1_167' title='bbox 2312 1110 2406 1148; x_wconf 84' lang='lat' dir='ltr'><strong>uttc</strong></span> <span class='ocrx_word' id='word_1_168' title='bbox 2424 1111 2546 1167; x_wconf 90' lang='lat' dir='ltr'><strong>ergo</strong></span> <span class='ocrx_word' id='word_1_169' title='bbox 2573 1097 2697 1161; x_wconf 87' lang='lat' dir='ltr'><strong>quid</strong></span> <span class='ocrx_word' id='word_1_170' title='bbox 2717 1097 2921 1153; x_wconf 88' lang='lat' dir='ltr'><strong>tentatis</strong></span> <span class='ocrx_word' id='word_1_171' title='bbox 2940 1095 3100 1151; x_wconf 88' lang='lat' dir='ltr'><strong>Deum</strong></span> <span class='ocrx_word' id='word_1_172' title='bbox 3129 1097 3386 1167; x_wconf 76' lang='lat' dir='ltr'><strong>imponere</strong></span> <span class='ocrx_word' id='word_1_173' title='bbox 3396 1095 3583 1168; x_wconf 78' lang='lat' dir='ltr'><strong>jugutu</strong></span> <span class='ocrx_word' id='word_1_174' title='bbox 3601 1112 3746 1162; x_wconf 85' lang='lat' dir='ltr'><strong>super</strong></span> 
     </span>
    </p>
   </div>
   <div class='ocr_carea' id='block_1_26' title="bbox 2180 1184 3742 1257">
    <p class='ocr_par' dir='ltr' id='par_1_26' title="bbox 2180 1184 3742 1257">
     <span class='ocr_line' id='line_1_26' title="bbox 2180 1184 3742 1257; baseline 0.003 -20"><span class='ocrx_word' id='word_1_175' title='bbox 2180 1184 2395 1239; x_wconf 76' lang='lat' dir='ltr'><strong>ceruices</strong></span> <span class='ocrx_word' id='word_1_176' title='bbox 2415 1186 2805 1254; x_wconf 86' lang='lat' dir='ltr'><strong>discipulorum,</strong></span> <span class='ocrx_word' id='word_1_177' title='bbox 2827 1187 2963 1256; x_wconf 86' lang='lat' dir='ltr'><strong>quod</strong></span> <span class='ocrx_word' id='word_1_178' title='bbox 2991 1202 3151 1257; x_wconf 86' lang='lat' dir='ltr'><strong>neque</strong></span> <span class='ocrx_word' id='word_1_179' title='bbox 3177 1196 3348 1252; x_wconf 89' lang='lat' dir='ltr'><strong>patres</strong></span> <span class='ocrx_word' id='word_1_180' title='bbox 3375 1189 3555 1251; x_wconf 83' lang='lat' dir='ltr'><strong>nostri,</strong></span> <span class='ocrx_word' id='word_1_181' title='bbox 3587 1202 3742 1255; x_wconf 76' lang='lat' dir='ltr'><strong>neque</strong></span> 
     </span>
    </p>
   </div>
   <div class='ocr_carea' id='block_1_27' title="bbox 2182 1276 3743 1346">
    <p class='ocr_par' dir='ltr' id='par_1_27' title="bbox 2182 1276 3743 1346">
     <span class='ocr_line' id='line_1_27' title="bbox 2182 1276 3743 1346; baseline 0.003 -20"><span class='ocrx_word' id='word_1_182' title='bbox 2182 1289 2271 1327; x_wconf 90' lang='lat' dir='ltr'><strong>nos</strong></span> <span class='ocrx_word' id='word_1_183' title='bbox 2298 1284 2497 1344; x_wconf 89' lang='lat' dir='ltr'><strong>portare</strong></span> <span class='ocrx_word' id='word_1_184' title='bbox 2518 1277 2796 1343; x_wconf 86' lang='lat' dir='ltr'><strong>potuimus.</strong></span> <span class='ocrx_word' id='word_1_185' title='bbox 2815 1276 3033 1331; x_wconf 82' lang='lat' dir='ltr'><strong>Constat</strong></span> <span class='ocrx_word' id='word_1_186' title='bbox 3062 1277 3428 1345; x_wconf 79' lang='lat' dir='ltr'><strong>multipliciter</strong></span> <span class='ocrx_word' id='word_1_187' title='bbox 3451 1278 3743 1346; x_wconf 74' lang='lat' dir='ltr'><strong>intelligen-</strong></span> 
     </span>
    </p>
   </div>
   <div class='ocr_carea' id='block_1_28' title="bbox 2181 1363 3743 1430">
    <p class='ocr_par' dir='ltr' id='par_1_28' title="bbox 2181 1363 3743 1430">
     <span class='ocr_line' id='line_1_28' title="bbox 2181 1363 3743 1430; baseline 0.004 -15"><span class='ocrx_word' id='word_1_188' title='bbox 2181 1363 2306 1417; x_wconf 83' lang='lat' dir='ltr'><strong>dum</strong></span> <span class='ocrx_word' id='word_1_189' title='bbox 2331 1365 2469 1430; x_wconf 89' lang='lat' dir='ltr'><strong>quod</strong></span> <span class='ocrx_word' id='word_1_190' title='bbox 2500 1365 2698 1419; x_wconf 90' lang='lat' dir='ltr'><strong>dictum</strong></span> <span class='ocrx_word' id='word_1_191' title='bbox 2730 1375 2810 1421; x_wconf 88' lang='lat' dir='ltr'><strong>est</strong></span> <span class='ocrx_word' id='word_1_192' title='bbox 2838 1385 2849 1418; x_wconf 86' lang='grc'>;</span> <span class='ocrx_word' id='word_1_193' title='bbox 2886 1366 3006 1420; x_wconf 82' lang='lat' dir='ltr'><strong>Non</strong></span> <span class='ocrx_word' id='word_1_194' title='bbox 3035 1367 3247 1419; x_wconf 86' lang='lat' dir='ltr'><strong>tentabis</strong></span> <span class='ocrx_word' id='word_1_195' title='bbox 3276 1365 3553 1421; x_wconf 81' lang='lat' dir='ltr'><strong>Dominum</strong></span> <span class='ocrx_word' id='word_1_196' title='bbox 3584 1366 3743 1421; x_wconf 64' lang='lat' dir='ltr'><strong>Deum</strong></span> 
     </span>
    </p>
   </div>
   <div class='ocr_carea' id='block_1_29' title="bbox 2182 1455 3743 1528">
    <p class='ocr_par' dir='ltr' id='par_1_29' title="bbox 2182 1455 3743 1528">
     <span class='ocr_line' id='line_1_29' title="bbox 2182 1455 3743 1528; baseline 0.004 -21"><span class='ocrx_word' id='word_1_197' title='bbox 2182 1464 2319 1507; x_wconf 85' lang='lat' dir='ltr'><strong>tuum</strong></span> <span class='ocrx_word' id='word_1_198' title='bbox 2346 1455 2563 1527; x_wconf 77' lang='lat' dir='ltr'><strong>(Matth.</strong></span> <span class='ocrx_word' id='word_1_199' title='bbox 2600 1457 2695 1528; x_wconf 83' lang='lat' dir='ltr'><strong>tv).</strong></span> <span class='ocrx_word' id='word_1_200' title='bbox 2722 1458 2783 1511; x_wconf 86' lang='lat' dir='ltr'><strong>Et</strong></span> <span class='ocrx_word' id='word_1_201' title='bbox 2814 1458 2904 1513; x_wconf 88' lang='lat' dir='ltr'><strong>ille</strong></span> <span class='ocrx_word' id='word_1_202' title='bbox 2935 1472 3063 1527; x_wconf 73' lang='lat' dir='ltr'><strong>ergo</strong></span> <span class='ocrx_word' id='word_1_203' title='bbox 3093 1467 3259 1513; x_wconf 87' lang='lat' dir='ltr'><strong>tentat</strong></span> <span class='ocrx_word' id='word_1_204' title='bbox 3302 1457 3490 1525; x_wconf 82' lang='lat' dir='ltr'><strong>Deum,</strong></span> <span class='ocrx_word' id='word_1_205' title='bbox 3523 1460 3615 1527; x_wconf 88' lang='lat' dir='ltr'><strong>qui</strong></span> <span class='ocrx_word' id='word_1_206' title='bbox 3653 1459 3743 1513; x_wconf 85' lang='lat' dir='ltr'><strong>ali-</strong></span> 
     </span>
    </p>
   </div>
   <div class='ocr_carea' id='block_1_30' title="bbox 2181 1546 3738 1618">
    <p class='ocr_par' dir='ltr' id='par_1_30' title="bbox 2181 1546 3738 1618">
     <span class='ocr_line' id='line_1_30' title="bbox 2181 1546 3738 1618; baseline 0.003 -20"><span class='ocrx_word' id='word_1_207' title='bbox 2181 1555 2261 1599; x_wconf 89' lang='lat' dir='ltr'><strong>ter</strong></span> <span class='ocrx_word' id='word_1_208' title='bbox 2288 1562 2443 1616; x_wconf 86' lang='lat' dir='ltr'><strong>quam</strong></span> <span class='ocrx_word' id='word_1_209' title='bbox 2491 1548 2605 1616; x_wconf 87' lang='lat' dir='ltr'><strong>ipse</strong></span> <span class='ocrx_word' id='word_1_210' title='bbox 2636 1548 2886 1618; x_wconf 84' lang='lat' dir='ltr'><strong>praecepit</strong></span> <span class='ocrx_word' id='word_1_211' title='bbox 2915 1546 3158 1603; x_wconf 77' lang='lat' dir='ltr'><strong>famulari</strong></span> <span class='ocrx_word' id='word_1_212' title='bbox 3189 1563 3251 1604; x_wconf 89' lang='lat' dir='ltr'><strong>ac</strong></span> <span class='ocrx_word' id='word_1_213' title='bbox 3280 1548 3490 1617; x_wconf 86' lang='lat' dir='ltr'><strong>placere</strong></span> <span class='ocrx_word' id='word_1_214' title='bbox 3534 1550 3738 1614; x_wconf 86' lang='lat' dir='ltr'><strong>nititur,</strong></span> 
     </span>
    </p>
   </div>
   <div class='ocr_carea' id='block_1_31' title="bbox 2176 1635 3740 1708">
    <p class='ocr_par' dir='ltr' id='par_1_31' title="bbox 2176 1635 3740 1708">
     <span class='ocr_line' id='line_1_31' title="bbox 2176 1635 3740 1708; baseline 0.004 -21"><span class='ocrx_word' id='word_1_215' title='bbox 2176 1635 2268 1705; x_wconf 89' lang='lat' dir='ltr'><strong>qui</strong></span> <span class='ocrx_word' id='word_1_216' title='bbox 2301 1645 2563 1707; x_wconf 62' lang='lat' dir='ltr'><strong>praecepta</strong></span> <span class='ocrx_word' id='word_1_217' title='bbox 2588 1638 2703 1705; x_wconf 84' lang='lat' dir='ltr'><strong>ejus</strong></span> <span class='ocrx_word' id='word_1_218' title='bbox 2724 1638 2926 1707; x_wconf 79' lang='lat' dir='ltr'><strong>absque</strong></span> <span class='ocrx_word' id='word_1_219' title='bbox 2956 1638 3150 1692; x_wconf 77' lang='lat' dir='ltr'><strong>auxilio</strong></span> <span class='ocrx_word' id='word_1_220' title='bbox 3179 1640 3361 1708; x_wconf 69' lang='lat' dir='ltr'><strong>gratiae</strong></span> <span class='ocrx_word' id='word_1_221' title='bbox 3383 1638 3499 1707; x_wconf 86' lang='lat' dir='ltr'><strong>ejus</strong></span> <span class='ocrx_word' id='word_1_222' title='bbox 3524 1653 3740 1693; x_wconf 88' lang='lat' dir='ltr'><strong>servare</strong></span> 
     </span>
    </p>
   </div>
   <div class='ocr_carea' id='block_1_32' title="bbox 2178 1729 3741 1799">
    <p class='ocr_par' dir='ltr' id='par_1_32' title="bbox 2178 1729 3741 1799">
     <span class='ocr_line' id='line_1_32' title="bbox 2178 1729 3741 1799; baseline 0.001 -18"><span class='ocrx_word' id='word_1_223' title='bbox 2178 1742 2237 1783; x_wconf 87' lang='lat' dir='ltr'><strong>se</strong></span> <span class='ocrx_word' id='word_1_224' title='bbox 2282 1742 2436 1797; x_wconf 88' lang='lat' dir='ltr'><strong>posse</strong></span> <span class='ocrx_word' id='word_1_225' title='bbox 2482 1730 2722 1784; x_wconf 80' lang='lat' dir='ltr'><strong>conlidit.</strong></span> <span class='ocrx_word' id='word_1_226' title='bbox 2765 1729 2959 1784; x_wconf 81' lang='lat' dir='ltr'><strong>Verum</strong></span> <span class='ocrx_word' id='word_1_227' title='bbox 3020 1730 3207 1786; x_wconf 89' lang='lat' dir='ltr'><strong>beatus</strong></span> <span class='ocrx_word' id='word_1_228' title='bbox 3254 1731 3439 1786; x_wconf 80' lang='lat' dir='ltr'><strong>Petrus</strong></span> <span class='ocrx_word' id='word_1_229' title='bbox 3498 1731 3741 1799; x_wconf 72' lang='lat' dir='ltr'><strong>gravissi.</strong></span> 
     </span>
    </p>
   </div>
   <div class='ocr_carea' id='block_1_33' title="bbox 510 1802 3741 1892">
    <p class='ocr_par' dir='ltr' id='par_1_33' title="bbox 510 1802 3741 1892">
     <span class='ocr_line' id='line_1_33' title="bbox 510 1802 3741 1892; baseline 0 -19"><span class='ocrx_word' id='word_1_230' title='bbox 510 1828 642 1873; x_wconf 85' lang='lat' dir='ltr'><strong>atros</strong></span> <span class='ocrx_word' id='word_1_231' title='bbox 664 1816 987 1883; x_wconf 81' lang='lat' dir='ltr'><strong>repromissio</strong></span> <span class='ocrx_word' id='word_1_232' title='bbox 1015 1818 1155 1886; x_wconf 81' lang='lat' dir='ltr'><strong>facta</strong></span> <span class='ocrx_word' id='word_1_233' title='bbox 1178 1826 1269 1882; x_wconf 86' lang='lat' dir='ltr'><strong>est,</strong></span> <span class='ocrx_word' id='word_1_234' title='bbox 1298 1818 1538 1884; x_wconf 79' lang='lat' dir='ltr'><strong>quoniam</strong></span> <span class='ocrx_word' id='word_1_235' title='bbox 1568 1816 1703 1869; x_wconf 86' lang='lat' dir='ltr'><strong>Deus</strong></span> <span class='ocrx_word' id='word_1_236' title='bbox 1732 1816 1867 1873; x_wconf 83' lang='lat' dir='ltr'><strong>hanc</strong></span> <span class='ocrx_word' id='word_1_237' title='bbox 1905 1814 2069 1868; x_wconf 82' lang='lat' dir='ltr'><strong>adim-</strong></span> <span class='ocrx_word' id='word_1_238' title='bbox 2100 1802 2149 1862; x_wconf 84' lang='grc' dir='ltr'><strong>Β</strong></span> <span class='ocrx_word' id='word_1_239' title='bbox 2181 1833 2323 1872; x_wconf 91' lang='lat' dir='ltr'><strong>mum</strong></span> <span class='ocrx_word' id='word_1_240' title='bbox 2365 1818 2494 1888; x_wconf 73' lang='lat' dir='ltr'><strong>legis</strong></span> <span class='ocrx_word' id='word_1_241' title='bbox 2537 1820 2887 1875; x_wconf 67' lang='lat' dir='ltr'><strong>observantia</strong></span> <span class='ocrx_word' id='word_1_242' title='bbox 2934 1820 3123 1892; x_wconf 73' lang='lat' dir='ltr'><strong>jugum</strong></span> <span class='ocrx_word' id='word_1_243' title='bbox 3166 1819 3280 1875; x_wconf 90' lang='lat' dir='ltr'><strong>vult</strong></span> <span class='ocrx_word' id='word_1_244' title='bbox 3322 1821 3627 1875; x_wconf 86' lang='lat' dir='ltr'><strong>cervicibus</strong></span> <span class='ocrx_word' id='word_1_245' title='bbox 3669 1821 3741 1875; x_wconf 89' lang='lat' dir='ltr'><strong>di-</strong></span> 
     </span>
    </p>
   </div>
   <div class='ocr_carea' id='block_1_34' title="bbox 508 1905 2068 1983">
    <p class='ocr_par' dir='ltr' id='par_1_34' title="bbox 508 1905 2068 1983">
     <span class='ocr_line' id='line_1_34' title="bbox 508 1905 2068 1983; baseline -0.001 -23"><span class='ocrx_word' id='word_1_246' title='bbox 508 1906 662 1977; x_wconf 81' lang='lat' dir='ltr'><strong>plevit</strong></span> <span class='ocrx_word' id='word_1_247' title='bbox 688 1907 814 1976; x_wconf 82' lang='lat' dir='ltr'><strong>filiis</strong></span> <span class='ocrx_word' id='word_1_248' title='bbox 858 1907 1061 1961; x_wconf 88' lang='lat' dir='ltr'><strong>nostris.</strong></span> <span class='ocrx_word' id='word_1_249' title='bbox 1092 1907 1145 1961; x_wconf 90' lang='lat' dir='ltr'><strong>In</strong></span> <span class='ocrx_word' id='word_1_250' title='bbox 1177 1908 1364 1961; x_wconf 76' lang='lat' dir='ltr'><strong>Grmco</strong></span> <span class='ocrx_word' id='word_1_251' title='bbox 1390 1905 1801 1983; x_wconf 79' lang='lat' dir='ltr'><strong>consequentius</strong></span> <span class='ocrx_word' id='word_1_252' title='bbox 1830 1905 2022 1976; x_wconf 71' lang='lat' dir='ltr'><strong>legitur</strong></span> <span class='ocrx_word' id='word_1_253' title='bbox 2054 1922 2068 1959; x_wconf 87' lang='lat'><strong>:</strong></span> 
     </span>
    </p>
   </div>
   <div class='ocr_carea' id='block_1_35' title="bbox 510 1996 2069 2067">
    <p class='ocr_par' dir='ltr' id='par_1_35' title="bbox 510 1996 2069 2067">
     <span class='ocr_line' id='line_1_35' title="bbox 510 1996 2069 2067; baseline 0.003 -18"><span class='ocrx_word' id='word_1_254' title='bbox 510 1996 765 2062; x_wconf 79' lang='lat' dir='ltr'><strong>Quoniam</strong></span> <span class='ocrx_word' id='word_1_255' title='bbox 827 1996 969 2052; x_wconf 86' lang='lat' dir='ltr'><strong>Deus</strong></span> <span class='ocrx_word' id='word_1_256' title='bbox 1016 1998 1150 2050; x_wconf 84' lang='lat' dir='ltr'><strong>hanc</strong></span> <span class='ocrx_word' id='word_1_257' title='bbox 1199 1997 1489 2067; x_wconf 81' lang='lat' dir='ltr'><strong>adintplcvit</strong></span> <span class='ocrx_word' id='word_1_258' title='bbox 1541 1996 1665 2065; x_wconf 80' lang='lat' dir='ltr'><strong>filiis</strong></span> <span class='ocrx_word' id='word_1_259' title='bbox 1719 2011 1913 2050; x_wconf 87' lang='lat' dir='ltr'><strong>eorum.</strong></span> <span class='ocrx_word' id='word_1_260' title='bbox 1975 1996 2069 2053; x_wconf 62' lang='lat' dir='ltr'><strong>Se.</strong></span> 
     </span>
    </p>
   </div>
   <div class='ocr_carea' id='block_1_36' title="bbox 512 2088 737 2156">
    <p class='ocr_par' dir='ltr' id='par_1_36' title="bbox 512 2088 737 2156">
     <span class='ocr_line' id='line_1_36' title="bbox 512 2088 737 2156; baseline 0.009 -17"><span class='ocrx_word' id='word_1_261' title='bbox 512 2088 691 2156; x_wconf 84' lang='lat' dir='ltr'><strong>quitur</strong></span> <span class='ocrx_word' id='word_1_262' title='bbox 724 2104 737 2141; x_wconf 90' lang='lat'><strong>:</strong></span> 
     </span>
    </p>
   </div>
   <div class='ocr_carea' id='block_1_37' title="bbox 575 2175 2073 2269">
    <p class='ocr_par' dir='ltr' id='par_1_37' title="bbox 575 2175 2073 2269">
     <span class='ocr_line' id='line_1_37' title="bbox 575 2175 2073 2269; baseline 0.001 -17"><span class='ocrx_word' id='word_1_263' title='bbox 575 2197 903 2253; x_wconf 77' lang='lat' dir='ltr'><strong>Resuscitans</strong></span> <span class='ocrx_word' id='word_1_264' title='bbox 926 2175 1127 2265; x_wconf 72' lang='lat' dir='ltr'><strong>Iesum,</strong></span> <span class='ocrx_word' id='word_1_265' title='bbox 1160 2200 1289 2254; x_wconf 87' lang='lat' dir='ltr'><strong>sicut</strong></span> <span class='ocrx_word' id='word_1_266' title='bbox 1318 2211 1365 2255; x_wconf 89' lang='lat' dir='ltr'><strong>et</strong></span> <span class='ocrx_word' id='word_1_267' title='bbox 1390 2201 1441 2253; x_wconf 89' lang='lat' dir='ltr'><strong>in</strong></span> <span class='ocrx_word' id='word_1_268' title='bbox 1471 2200 1666 2269; x_wconf 88' lang='lat' dir='ltr'><strong>psalmo</strong></span> <span class='ocrx_word' id='word_1_269' title='bbox 1694 2200 1919 2255; x_wconf 83' lang='lat' dir='ltr'><strong>secundo</strong></span> <span class='ocrx_word' id='word_1_270' title='bbox 1945 2200 2073 2255; x_wconf 83' lang='lat' dir='ltr'><strong>scri-</strong></span> 
     </span>
    </p>
   </div>
   <div class='ocr_carea' id='block_1_38' title="bbox 502 2288 2068 2360">
    <p class='ocr_par' dir='ltr' id='par_1_38' title="bbox 502 2288 2068 2360">
     <span class='ocr_line' id='line_1_38' title="bbox 502 2288 2068 2360; baseline 0.005 -21"><span class='ocrx_word' id='word_1_271' title='bbox 502 2298 649 2360; x_wconf 73' lang='lat' dir='ltr'><strong>ptum</strong></span> <span class='ocrx_word' id='word_1_272' title='bbox 687 2288 979 2359; x_wconf 82' lang='lat' dir='ltr'><strong>sst,.llujns</strong></span> <span class='ocrx_word' id='word_1_273' title='bbox 1010 2291 1109 2346; x_wconf 92' lang='lat' dir='ltr'><strong>loci</strong></span> <span class='ocrx_word' id='word_1_274' title='bbox 1139 2302 1353 2346; x_wconf 85' lang='lat' dir='ltr'><strong>sanctus</strong></span> <span class='ocrx_word' id='word_1_275' title='bbox 1386 2292 1538 2347; x_wconf 88' lang='lat' dir='ltr'><strong>Pater</strong></span> <span class='ocrx_word' id='word_1_276' title='bbox 1568 2291 1797 2346; x_wconf 85' lang='lat' dir='ltr'><strong>llilarius</strong></span> <span class='ocrx_word' id='word_1_277' title='bbox 1837 2292 1910 2347; x_wconf 87' lang='lat' dir='ltr'><strong>ita</strong></span> <span class='ocrx_word' id='word_1_278' title='bbox 1955 2306 2068 2347; x_wconf 84' lang='lat' dir='ltr'><strong>me-</strong></span> 
     </span>
    </p>
   </div>
   <div class='ocr_carea' id='block_1_39' title="bbox 502 2374 2071 2451">
    <p class='ocr_par' dir='ltr' id='par_1_39' title="bbox 502 2374 2071 2451">
     <span class='ocr_line' id='line_1_39' title="bbox 502 2374 2071 2451; baseline 0.003 -16"><span class='ocrx_word' id='word_1_279' title='bbox 502 2379 700 2435; x_wconf 81' lang='lat' dir='ltr'><strong>minit:</strong></span> <span class='ocrx_word' id='word_1_280' title='bbox 736 2396 756 2431; x_wconf 80' lang='grc' dir='ltr'><strong>ι</strong></span> <span class='ocrx_word' id='word_1_281' title='bbox 784 2378 889 2435; x_wconf 83' lang='lat' dir='ltr'><strong>Sed</strong></span> <span class='ocrx_word' id='word_1_282' title='bbox 936 2380 987 2435; x_wconf 89' lang='lat' dir='ltr'><strong>id</strong></span> <span class='ocrx_word' id='word_1_283' title='bbox 1031 2380 1171 2451; x_wconf 90' lang='lat' dir='ltr'><strong>quod</strong></span> <span class='ocrx_word' id='word_1_284' title='bbox 1221 2398 1356 2437; x_wconf 90' lang='lat' dir='ltr'><strong>nunc</strong></span> <span class='ocrx_word' id='word_1_285' title='bbox 1404 2381 1453 2435; x_wconf 91' lang='lat' dir='ltr'><strong>in</strong></span> <span class='ocrx_word' id='word_1_286' title='bbox 1506 2374 1709 2451; x_wconf 77' lang='lat' dir='ltr'><strong>psalmo</strong></span> <span class='ocrx_word' id='word_1_287' title='bbox 1750 2393 1868 2439; x_wconf 85' lang='lat' dir='ltr'><strong>est:</strong></span> <span class='ocrx_word' id='word_1_288' title='bbox 1901 2382 2071 2439; x_wconf 84' lang='lat' dir='ltr'><strong>Filius</strong></span> 
     </span>
    </p>
   </div>
   <div class='ocr_carea' id='block_1_40' title="bbox 500 2469 2072 2543">
    <p class='ocr_par' dir='ltr' id='par_1_40' title="bbox 500 2469 2072 2543">
     <span class='ocr_line' id='line_1_40' title="bbox 500 2469 2072 2543; baseline 0.004 -20"><span class='ocrx_word' id='word_1_289' title='bbox 500 2483 642 2523; x_wconf 87' lang='lat' dir='ltr'><strong>ttteus</strong></span> <span class='ocrx_word' id='word_1_290' title='bbox 666 2486 718 2524; x_wconf 86' lang='lat' dir='ltr'><strong>es</strong></span> <span class='ocrx_word' id='word_1_291' title='bbox 747 2479 823 2534; x_wconf 88' lang='lat' dir='ltr'><strong>tu,</strong></span> <span class='ocrx_word' id='word_1_292' title='bbox 848 2485 937 2540; x_wconf 87' lang='lat' dir='ltr'><strong>ego</strong></span> <span class='ocrx_word' id='word_1_293' title='bbox 967 2469 1119 2525; x_wconf 83' lang='lat' dir='ltr'><strong>hodie</strong></span> <span class='ocrx_word' id='word_1_294' title='bbox 1158 2475 1313 2541; x_wconf 84' lang='lat' dir='ltr'><strong>genui</strong></span> <span class='ocrx_word' id='word_1_295' title='bbox 1339 2483 1386 2527; x_wconf 85' lang='lat' dir='ltr'><strong>te</strong></span> <span class='ocrx_word' id='word_1_296' title='bbox 1411 2471 1583 2539; x_wconf 84' lang='lat' dir='ltr'><strong>(Psal.</strong></span> <span class='ocrx_word' id='word_1_297' title='bbox 1611 2474 1695 2543; x_wconf 87' lang='lat' dir='ltr'><strong>tt),</strong></span> <span class='ocrx_word' id='word_1_298' title='bbox 1725 2490 1827 2529; x_wconf 88' lang='lat' dir='ltr'><strong>non</strong></span> <span class='ocrx_word' id='word_1_299' title='bbox 1857 2473 1924 2530; x_wconf 76' lang='lat' dir='ltr'><strong>ad</strong></span> <span class='ocrx_word' id='word_1_300' title='bbox 1960 2474 2072 2530; x_wconf 80' lang='lat' dir='ltr'><strong>Vir-</strong></span> 
     </span>
    </p>
   </div>
   <div class='ocr_carea' id='block_1_41' title="bbox 501 2560 2067 2637">
    <p class='ocr_par' dir='ltr' id='par_1_41' title="bbox 501 2560 2067 2637">
     <span class='ocr_line' id='line_1_41' title="bbox 501 2560 2067 2637; baseline 0.006 -25"><span class='ocrx_word' id='word_1_301' title='bbox 501 2560 639 2629; x_wconf 66' lang='lat' dir='ltr'><strong>ginis</strong></span> <span class='ocrx_word' id='word_1_302' title='bbox 674 2571 903 2629; x_wconf 88' lang='lat' dir='ltr'><strong>partum,</strong></span> <span class='ocrx_word' id='word_1_303' title='bbox 928 2578 1099 2634; x_wconf 88' lang='lat' dir='ltr'><strong>neque</strong></span> <span class='ocrx_word' id='word_1_304' title='bbox 1136 2563 1201 2618; x_wconf 84' lang='lat' dir='ltr'><strong>ad</strong></span> <span class='ocrx_word' id='word_1_305' title='bbox 1234 2564 1426 2619; x_wconf 85' lang='lat' dir='ltr'><strong>lavacri</strong></span> <span class='ocrx_word' id='word_1_306' title='bbox 1459 2566 1939 2637; x_wconf 73' lang='lat' dir='ltr'><strong>regenerationem.</strong></span> <span class='ocrx_word' id='word_1_307' title='bbox 1970 2567 2067 2623; x_wconf 86' lang='lat' dir='ltr'><strong>sed</strong></span> 
     </span>
    </p>
   </div>
   <div class='ocr_carea' id='block_1_42' title="bbox 500 2648 2066 2725">
    <p class='ocr_par' dir='ltr' id='par_1_42' title="bbox 500 2648 2066 2725">
     <span class='ocr_line' id='line_1_42' title="bbox 500 2648 2066 2725; baseline 0.004 -19"><span class='ocrx_word' id='word_1_308' title='bbox 500 2648 913 2721; x_wconf 76' lang='lat' dir='ltr'><strong>Primogenitum</strong></span> <span class='ocrx_word' id='word_1_309' title='bbox 941 2670 971 2708; x_wconf 81' lang='lat' dir='ltr'><strong>tt</strong></span> <span class='ocrx_word' id='word_1_310' title='bbox 1002 2654 1224 2709; x_wconf 82' lang='lat' dir='ltr'><strong>mortuis</strong></span> <span class='ocrx_word' id='word_1_311' title='bbox 1256 2654 1540 2723; x_wconf 86' lang='lat' dir='ltr'><strong>pertinere.</strong></span> <span class='ocrx_word' id='word_1_312' title='bbox 1566 2658 1856 2725; x_wconf 85' lang='lat' dir='ltr'><strong>apostolica</strong></span> <span class='ocrx_word' id='word_1_313' title='bbox 1884 2666 2066 2712; x_wconf 85' lang='lat' dir='ltr'><strong>aucto-</strong></span> 
     </span>
    </p>
   </div>
   <div class='ocr_carea' id='block_1_43' title="bbox 502 2743 2064 2815">
    <p class='ocr_par' dir='ltr' id='par_1_43' title="bbox 502 2743 2064 2815">
     <span class='ocr_line' id='line_1_43' title="bbox 502 2743 2064 2815; baseline 0.005 -18"><span class='ocrx_word' id='word_1_314' title='bbox 502 2743 632 2797; x_wconf 87' lang='lat' dir='ltr'><strong>ritas</strong></span> <span class='ocrx_word' id='word_1_315' title='bbox 655 2753 758 2800; x_wconf 86' lang='lat' dir='ltr'><strong>est.</strong></span> <span class='ocrx_word' id='word_1_316' title='bbox 785 2743 1020 2815; x_wconf 81' lang='lat' dir='ltr'><strong>Namque</strong></span> <span class='ocrx_word' id='word_1_317' title='bbox 1050 2746 1102 2800; x_wconf 88' lang='lat' dir='ltr'><strong>in</strong></span> <span class='ocrx_word' id='word_1_318' title='bbox 1144 2746 1279 2800; x_wconf 91' lang='lat' dir='ltr'><strong>libro</strong></span> <span class='ocrx_word' id='word_1_319' title='bbox 1325 2750 1551 2802; x_wconf 78' lang='lat' dir='ltr'><strong>Actuum</strong></span> <span class='ocrx_word' id='word_1_320' title='bbox 1596 2748 1960 2814; x_wconf 77' lang='lat' dir='ltr'><strong>apostolorum</strong></span> <span class='ocrx_word' id='word_1_321' title='bbox 1992 2749 2064 2805; x_wconf 86' lang='lat' dir='ltr'><strong>ita</strong></span> 
     </span>
    </p>
   </div>
   <div class='ocr_carea' id='block_1_44' title="bbox 498 2830 2066 2907">
    <p class='ocr_par' dir='ltr' id='par_1_44' title="bbox 498 2830 2066 2907">
     <span class='ocr_line' id='line_1_44' title="bbox 498 2830 2066 2907; baseline 0.005 -22"><span class='ocrx_word' id='word_1_322' title='bbox 498 2830 695 2886; x_wconf 85' lang='lat' dir='ltr'><strong>dictum</strong></span> <span class='ocrx_word' id='word_1_323' title='bbox 734 2842 817 2887; x_wconf 88' lang='lat' dir='ltr'><strong>est</strong></span> <span class='ocrx_word' id='word_1_324' title='bbox 850 2854 861 2887; x_wconf 88' lang='lat'><strong>:</strong></span> <span class='ocrx_word' id='word_1_325' title='bbox 897 2834 1009 2888; x_wconf 87' lang='lat' dir='ltr'><strong>Nos</strong></span> <span class='ocrx_word' id='word_1_326' title='bbox 1046 2836 1184 2888; x_wconf 82' lang='lat' dir='ltr'><strong>vobis</strong></span> <span class='ocrx_word' id='word_1_327' title='bbox 1222 2837 1627 2906; x_wconf 81' lang='lat' dir='ltr'><strong>evangelisamus</strong></span> <span class='ocrx_word' id='word_1_328' title='bbox 1665 2852 1801 2902; x_wconf 85' lang='lat' dir='ltr'><strong>eam,</strong></span> <span class='ocrx_word' id='word_1_329' title='bbox 1841 2854 1957 2907; x_wconf 67' lang='lat' dir='ltr'><strong>quae</strong></span> <span class='ocrx_word' id='word_1_330' title='bbox 1999 2841 2066 2893; x_wconf 83' lang='lat' dir='ltr'><strong>ad</strong></span> 
     </span>
    </p>
   </div>
   <div class='ocr_carea' id='block_1_45' title="bbox 498 2926 2065 2995">
    <p class='ocr_par' dir='ltr' id='par_1_45' title="bbox 498 2926 2065 2995">
     <span class='ocr_line' id='line_1_45' title="bbox 498 2926 2065 2995; baseline 0.008 -22"><span class='ocrx_word' id='word_1_331' title='bbox 498 2930 666 2991; x_wconf 80' lang='lat' dir='ltr'><strong>patres</strong></span> <span class='ocrx_word' id='word_1_332' title='bbox 687 2932 885 2978; x_wconf 87' lang='lat' dir='ltr'><strong>nostros</strong></span> <span class='ocrx_word' id='word_1_333' title='bbox 912 2926 1046 2995; x_wconf 84' lang='lat' dir='ltr'><strong>facta</strong></span> <span class='ocrx_word' id='word_1_334' title='bbox 1068 2935 1139 2979; x_wconf 88' lang='lat' dir='ltr'><strong>est</strong></span> <span class='ocrx_word' id='word_1_335' title='bbox 1161 2928 1511 2995; x_wconf 77' lang='lat' dir='ltr'><strong>repromissio;</strong></span> <span class='ocrx_word' id='word_1_336' title='bbox 1535 2928 1664 2981; x_wconf 87' lang='lat' dir='ltr'><strong>hanc</strong></span> <span class='ocrx_word' id='word_1_337' title='bbox 1690 2927 1825 2983; x_wconf 84' lang='lat' dir='ltr'><strong>Deus</strong></span> <span class='ocrx_word' id='word_1_338' title='bbox 1849 2932 2065 2995; x_wconf 72' lang='lat' dir='ltr'><strong>expleuit</strong></span> 
     </span>
    </p>
   </div>
   <div class='ocr_carea' id='block_1_46' title="bbox 499 3013 2065 3091">
    <p class='ocr_par' dir='ltr' id='par_1_46' title="bbox 499 3013 2065 3091">
     <span class='ocr_line' id='line_1_46' title="bbox 499 3013 2065 3091; baseline 0.008 -26"><span class='ocrx_word' id='word_1_339' title='bbox 499 3013 622 3081; x_wconf 73' lang='lat' dir='ltr'><strong>ﬁliis</strong></span> <span class='ocrx_word' id='word_1_340' title='bbox 647 3016 851 3082; x_wconf 84' lang='lat' dir='ltr'><strong>uostris,</strong></span> <span class='ocrx_word' id='word_1_341' title='bbox 876 3017 1130 3073; x_wconf 81' lang='lat' dir='ltr'><strong>suscitans</strong></span> <span class='ocrx_word' id='word_1_342' title='bbox 1153 3017 1426 3072; x_wconf 86' lang='lat' dir='ltr'><strong>Dominum</strong></span> <span class='ocrx_word' id='word_1_343' title='bbox 1455 3030 1691 3091; x_wconf 47' lang='lat' dir='ltr'><strong>nostrum,</strong></span> <span class='ocrx_word' id='word_1_344' title='bbox 1712 3020 1888 3075; x_wconf 84' lang='lat' dir='ltr'><strong>Jesum</strong></span> <span class='ocrx_word' id='word_1_345' title='bbox 1914 3024 2065 3077; x_wconf 86' lang='lat' dir='ltr'><strong>Chri-</strong></span> 
     </span>
    </p>
   </div>
   <div class='ocr_carea' id='block_1_47' title="bbox 502 3108 2136 3215">
    <p class='ocr_par' dir='ltr' id='par_1_47' title="bbox 502 3108 2136 3215">
     <span class='ocr_line' id='line_1_47' title="bbox 502 3108 2136 3215; baseline 0.007 -56"><span class='ocrx_word' id='word_1_346' title='bbox 502 3115 656 3171; x_wconf 82' lang='lat' dir='ltr'><strong>stum,</strong></span> <span class='ocrx_word' id='word_1_347' title='bbox 710 3108 845 3162; x_wconf 92' lang='lat' dir='ltr'><strong>sicut</strong></span> <span class='ocrx_word' id='word_1_348' title='bbox 898 3119 942 3163; x_wconf 88' lang='lat' dir='ltr'><strong>et</strong></span> <span class='ocrx_word' id='word_1_349' title='bbox 982 3110 1033 3164; x_wconf 90' lang='lat' dir='ltr'><strong>in</strong></span> <span class='ocrx_word' id='word_1_350' title='bbox 1079 3114 1276 3182; x_wconf 87' lang='lat' dir='ltr'><strong>psalmo</strong></span> <span class='ocrx_word' id='word_1_351' title='bbox 1303 3114 1548 3183; x_wconf 86' lang='lat' dir='ltr'><strong>scriptum</strong></span> <span class='ocrx_word' id='word_1_352' title='bbox 1571 3122 1642 3166; x_wconf 89' lang='lat' dir='ltr'><strong>est</strong></span> <span class='ocrx_word' id='word_1_353' title='bbox 1673 3129 1693 3167; x_wconf 86' lang='lat'><strong><em>:</em></strong></span> <span class='ocrx_word' id='word_1_354' title='bbox 1723 3111 1892 3168; x_wconf 82' lang='lat' dir='ltr'><strong>Filius</strong></span> <span class='ocrx_word' id='word_1_355' title='bbox 1921 3132 2061 3171; x_wconf 89' lang='lat' dir='ltr'><strong>meus</strong></span> <span class='ocrx_word' id='word_1_356' title='bbox 2086 3147 2136 3215; x_wconf 66' lang='grc' dir='ltr'>ο</span> 
     </span>
    </p>
   </div>
   <div class='ocr_carea' id='block_1_48' title="bbox 498 3199 2061 3271">
    <p class='ocr_par' dir='ltr' id='par_1_48' title="bbox 498 3199 2061 3271">
     <span class='ocr_line' id='line_1_48' title="bbox 498 3199 2061 3271; baseline 0.01 -22"><span class='ocrx_word' id='word_1_357' title='bbox 498 3211 553 3249; x_wconf 83' lang='lat' dir='ltr'><strong>es</strong></span> <span class='ocrx_word' id='word_1_358' title='bbox 582 3205 653 3263; x_wconf 92' lang='lat' dir='ltr'><strong>tu,</strong></span> <span class='ocrx_word' id='word_1_359' title='bbox 686 3214 777 3268; x_wconf 86' lang='lat' dir='ltr'><strong>ego</strong></span> <span class='ocrx_word' id='word_1_360' title='bbox 823 3199 973 3253; x_wconf 81' lang='lat' dir='ltr'><strong>hodie</strong></span> <span class='ocrx_word' id='word_1_361' title='bbox 1000 3202 1153 3271; x_wconf 87' lang='lat' dir='ltr'><strong>genui</strong></span> <span class='ocrx_word' id='word_1_362' title='bbox 1199 3212 1278 3269; x_wconf 90' lang='lat' dir='ltr'><strong>te,</strong></span> <span class='ocrx_word' id='word_1_363' title='bbox 1305 3219 1417 3256; x_wconf 85' lang='lat' dir='ltr'><strong>cum</strong></span> <span class='ocrx_word' id='word_1_364' title='bbox 1442 3204 1699 3258; x_wconf 78' lang='lat' dir='ltr'><strong>suscitauit</strong></span> <span class='ocrx_word' id='word_1_365' title='bbox 1724 3222 1839 3259; x_wconf 88' lang='lat' dir='ltr'><strong>eum</strong></span> <span class='ocrx_word' id='word_1_366' title='bbox 1865 3222 1898 3260; x_wconf 81' lang='grc' dir='ltr'><strong>ιι</strong></span> <span class='ocrx_word' id='word_1_367' title='bbox 1923 3223 2061 3265; x_wconf 86' lang='lat' dir='ltr'><strong>mor-</strong></span> 
     </span>
    </p>
   </div>
   <div class='ocr_carea' id='block_1_49' title="bbox 500 3284 2059 3368">
    <p class='ocr_par' dir='ltr' id='par_1_49' title="bbox 500 3284 2059 3368">
     <span class='ocr_line' id='line_1_49' title="bbox 500 3284 2059 3368; baseline 0.01 -30"><span class='ocrx_word' id='word_1_368' title='bbox 500 3284 639 3353; x_wconf 86' lang='lat' dir='ltr'><strong>tuis,</strong></span> <span class='ocrx_word' id='word_1_369' title='bbox 690 3287 910 3355; x_wconf 76' lang='lat' dir='ltr'><strong>amplius</strong></span> <span class='ocrx_word' id='word_1_370' title='bbox 964 3304 1063 3343; x_wconf 86' lang='lat' dir='ltr'><strong>non</strong></span> <span class='ocrx_word' id='word_1_371' title='bbox 1104 3306 1451 3361; x_wconf 80' lang='lat' dir='ltr'><strong>regressurum</strong></span> <span class='ocrx_word' id='word_1_372' title='bbox 1502 3294 1555 3347; x_wconf 85' lang='lat' dir='ltr'><strong>in</strong></span> <span class='ocrx_word' id='word_1_373' title='bbox 1598 3296 1856 3354; x_wconf 73' lang='lat' dir='ltr'><strong>interitum</strong></span> <span class='ocrx_word' id='word_1_374' title='bbox 1919 3297 2059 3368; x_wconf 83' lang='lat' dir='ltr'><strong>(Act.</strong></span> 
     </span>
    </p>
   </div>
   <div class='ocr_carea' id='block_1_50' title="bbox 507 3375 2059 3456">
    <p class='ocr_par' dir='ltr' id='par_1_50' title="bbox 507 3375 2059 3456">
     <span class='ocr_line' id='line_1_50' title="bbox 507 3375 2059 3456; baseline 0.008 -26"><span class='ocrx_word' id='word_1_375' title='bbox 507 3377 626 3445; x_wconf 78' lang='lat' dir='ltr'><strong>att).</strong></span> <span class='ocrx_word' id='word_1_376' title='bbox 662 3375 773 3430; x_wconf 80' lang='lat' dir='ltr'><strong>Vos</strong></span> <span class='ocrx_word' id='word_1_377' title='bbox 803 3392 931 3448; x_wconf 71' lang='lat' dir='ltr'><strong>ergo</strong></span> <span class='ocrx_word' id='word_1_378' title='bbox 963 3378 1077 3434; x_wconf 62' lang='lat' dir='ltr'><strong>hac</strong></span> <span class='ocrx_word' id='word_1_379' title='bbox 1109 3381 1198 3435; x_wconf 88' lang='lat' dir='ltr'><strong>Dei</strong></span> <span class='ocrx_word' id='word_1_380' title='bbox 1240 3382 1409 3438; x_wconf 84' lang='lat' dir='ltr'><strong>Patris</strong></span> <span class='ocrx_word' id='word_1_381' title='bbox 1429 3386 1719 3439; x_wconf 85' lang='lat' dir='ltr'><strong>secundum</strong></span> <span class='ocrx_word' id='word_1_382' title='bbox 1749 3388 2059 3456; x_wconf 79' lang='lat' dir='ltr'><strong>Apostolunt</strong></span> 
     </span>
    </p>
   </div>
   <div class='ocr_carea' id='block_1_51' title="bbox 498 3463 2058 3543">
    <p class='ocr_par' dir='ltr' id='par_1_51' title="bbox 498 3463 2058 3543">
     <span class='ocr_line' id='line_1_51' title="bbox 498 3463 2058 3543; baseline 0.008 -24"><span class='ocrx_word' id='word_1_383' title='bbox 498 3463 552 3519; x_wconf 88' lang='lat' dir='ltr'><strong>in</strong></span> <span class='ocrx_word' id='word_1_384' title='bbox 584 3466 669 3519; x_wconf 88' lang='lat' dir='ltr'><strong>die</strong></span> <span class='ocrx_word' id='word_1_385' title='bbox 698 3469 1107 3525; x_wconf 86' lang='lat' dir='ltr'><strong>resurrectionis</strong></span> <span class='ocrx_word' id='word_1_386' title='bbox 1137 3472 1336 3527; x_wconf 79' lang='lat' dir='ltr'><strong>existit.</strong></span> <span class='ocrx_word' id='word_1_387' title='bbox 1366 3490 1385 3524; x_wconf 79' lang='grc' dir='ltr'><strong>ι</strong></span> <span class='ocrx_word' id='word_1_388' title='bbox 1422 3472 1488 3528; x_wconf 80' lang='lat' dir='ltr'><strong>Et</strong></span> <span class='ocrx_word' id='word_1_389' title='bbox 1533 3474 1692 3542; x_wconf 86' lang='lat' dir='ltr'><strong>paulo</strong></span> <span class='ocrx_word' id='word_1_390' title='bbox 1742 3486 1860 3543; x_wconf 90' lang='lat' dir='ltr'><strong>post</strong></span> <span class='ocrx_word' id='word_1_391' title='bbox 1906 3491 2058 3531; x_wconf 84' lang='lat' dir='ltr'><strong>com-</strong></span> 
     </span>
    </p>
   </div>
   <div class='ocr_carea' id='block_1_52' title="bbox 502 3555 2062 3633">
    <p class='ocr_par' dir='ltr' id='par_1_52' title="bbox 502 3555 2062 3633">
     <span class='ocr_line' id='line_1_52' title="bbox 502 3555 2062 3633; baseline 0.008 -26"><span class='ocrx_word' id='word_1_392' title='bbox 502 3564 797 3611; x_wconf 85' lang='lat' dir='ltr'><strong>memorata</strong></span> <span class='ocrx_word' id='word_1_393' title='bbox 829 3555 1067 3624; x_wconf 58' lang='lat' dir='ltr'><strong>apostoli</strong></span> <span class='ocrx_word' id='word_1_394' title='bbox 1099 3560 1384 3626; x_wconf 88' lang='lat' dir='ltr'><strong>sententia,</strong></span> <span class='ocrx_word' id='word_1_395' title='bbox 1409 3576 1511 3631; x_wconf 91' lang='lat' dir='ltr'><strong>qua</strong></span> <span class='ocrx_word' id='word_1_396' title='bbox 1540 3562 1671 3617; x_wconf 85' lang='lat' dir='ltr'><strong>dicit</strong></span> <span class='ocrx_word' id='word_1_397' title='bbox 1691 3561 1758 3619; x_wconf 89' lang='lat' dir='ltr'><strong>de</strong></span> <span class='ocrx_word' id='word_1_398' title='bbox 1795 3564 1921 3619; x_wconf 86' lang='lat' dir='ltr'><strong>illo:</strong></span> <span class='ocrx_word' id='word_1_399' title='bbox 1958 3564 2062 3633; x_wconf 89' lang='lat' dir='ltr'><strong>Qui</strong></span> 
     </span>
    </p>
   </div>
   <div class='ocr_carea' id='block_1_53' title="bbox 497 3646 2061 3720">
    <p class='ocr_par' dir='ltr' id='par_1_53' title="bbox 497 3646 2061 3720">
     <span class='ocr_line' id='line_1_53' title="bbox 497 3646 2061 3720; baseline 0.009 -23"><span class='ocrx_word' id='word_1_400' title='bbox 497 3660 610 3698; x_wconf 87' lang='lat' dir='ltr'><strong>cum</strong></span> <span class='ocrx_word' id='word_1_401' title='bbox 633 3646 684 3697; x_wconf 91' lang='lat' dir='ltr'><strong>in</strong></span> <span class='ocrx_word' id='word_1_402' title='bbox 712 3648 877 3716; x_wconf 80' lang='lat' dir='ltr'><strong>forma</strong></span> <span class='ocrx_word' id='word_1_403' title='bbox 900 3646 996 3701; x_wconf 92' lang='lat' dir='ltr'><strong>Dei</strong></span> <span class='ocrx_word' id='word_1_404' title='bbox 1020 3662 1167 3716; x_wconf 83' lang='lat' dir='ltr'><strong>esset,</strong></span> <span class='ocrx_word' id='word_1_405' title='bbox 1185 3667 1283 3705; x_wconf 85' lang='lat' dir='ltr'><strong>non</strong></span> <span class='ocrx_word' id='word_1_406' title='bbox 1307 3652 1542 3720; x_wconf 88' lang='lat' dir='ltr'><strong>rapinam</strong></span> <span class='ocrx_word' id='word_1_407' title='bbox 1564 3653 1863 3709; x_wconf 72' lang='lat' dir='ltr'><strong>existimavit</strong></span> <span class='ocrx_word' id='word_1_408' title='bbox 1884 3672 1937 3710; x_wconf 86' lang='lat' dir='ltr'><strong>se</strong></span> <span class='ocrx_word' id='word_1_409' title='bbox 1956 3671 2061 3710; x_wconf 90' lang='lat' dir='ltr'><strong>esse</strong></span> 
     </span>
    </p>
   </div>
   <div class='ocr_carea' id='block_1_54' title="bbox 498 3735 2063 3811">
    <p class='ocr_par' dir='ltr' id='par_1_54' title="bbox 498 3735 2063 3811">
     <span class='ocr_line' id='line_1_54' title="bbox 498 3735 2063 3811; baseline 0.006 -22"><span class='ocrx_word' id='word_1_410' title='bbox 498 3737 743 3805; x_wconf 69' lang='lat' dir='ltr'><strong>aqualem</strong></span> <span class='ocrx_word' id='word_1_411' title='bbox 768 3735 894 3804; x_wconf 89' lang='lat' dir='ltr'><strong>Deo,</strong></span> <span class='ocrx_word' id='word_1_412' title='bbox 918 3739 1008 3793; x_wconf 84' lang='lat' dir='ltr'><strong>sed</strong></span> <span class='ocrx_word' id='word_1_413' title='bbox 1036 3757 1088 3793; x_wconf 90' lang='lat' dir='ltr'><strong>se</strong></span> <span class='ocrx_word' id='word_1_414' title='bbox 1114 3743 1388 3795; x_wconf 66' lang='lat' dir='ltr'><strong>exinaniait</strong></span> <span class='ocrx_word' id='word_1_415' title='bbox 1416 3744 1636 3810; x_wconf 78' lang='lat' dir='ltr'><strong>formant</strong></span> <span class='ocrx_word' id='word_1_416' title='bbox 1659 3745 1785 3798; x_wconf 84' lang='lat' dir='ltr'><strong>servi</strong></span> <span class='ocrx_word' id='word_1_417' title='bbox 1810 3746 2063 3811; x_wconf 88' lang='lat' dir='ltr'><strong>accipiens</strong></span> 
     </span>
    </p>
   </div>
   <div class='ocr_carea' id='block_1_55' title="bbox 498 3827 2061 3904">
    <p class='ocr_par' dir='ltr' id='par_1_55' title="bbox 498 3827 2061 3904">
     <span class='ocr_line' id='line_1_55' title="bbox 498 3827 2061 3904; baseline 0.006 -23"><span class='ocrx_word' id='word_1_418' title='bbox 498 3827 757 3897; x_wconf 82' lang='lat' dir='ltr'><strong>(Philipp.</strong></span> <span class='ocrx_word' id='word_1_419' title='bbox 784 3829 866 3900; x_wconf 90' lang='lat' dir='ltr'><strong>tt),</strong></span> <span class='ocrx_word' id='word_1_420' title='bbox 910 3840 963 3885; x_wconf 88' lang='lat' dir='ltr'><strong>et</strong></span> <span class='ocrx_word' id='word_1_421' title='bbox 1004 3842 1241 3889; x_wconf 66' lang='lat' dir='ltr'><strong>castora:</strong></span> <span class='ocrx_word' id='word_1_422' title='bbox 1279 3854 1296 3885; x_wconf 83' lang='grc' dir='ltr'><strong>ι</strong></span> <span class='ocrx_word' id='word_1_423' title='bbox 1326 3836 1391 3889; x_wconf 86' lang='grc' dir='ltr'>Ει</span> <span class='ocrx_word' id='word_1_424' title='bbox 1438 3838 1489 3888; x_wconf 90' lang='lat' dir='ltr'><strong>in</strong></span> <span class='ocrx_word' id='word_1_425' title='bbox 1529 3836 1716 3903; x_wconf 76' lang='lat' dir='ltr'><strong>gloria,</strong></span> <span class='ocrx_word' id='word_1_426' title='bbox 1758 3838 1935 3904; x_wconf 88' lang='lat' dir='ltr'><strong>inquit,</strong></span> <span class='ocrx_word' id='word_1_427' title='bbox 1971 3838 2061 3891; x_wconf 89' lang='lat' dir='ltr'><strong>Dei</strong></span> 
     </span>
    </p>
   </div>
   <div class='ocr_carea' id='block_1_56' title="bbox 498 3918 2062 3991">
    <p class='ocr_par' dir='ltr' id='par_1_56' title="bbox 498 3918 2062 3991">
     <span class='ocr_line' id='line_1_56' title="bbox 498 3918 2062 3991; baseline 0.003 -17"><span class='ocrx_word' id='word_1_428' title='bbox 498 3918 668 3974; x_wconf 82' lang='lat' dir='ltr'><strong>Patris</strong></span> <span class='ocrx_word' id='word_1_429' title='bbox 698 3921 851 3973; x_wconf 84' lang='lat' dir='ltr'><strong>ltodie</strong></span> <span class='ocrx_word' id='word_1_430' title='bbox 896 3923 1105 3991; x_wconf 76' lang='lat' dir='ltr'><strong>genitus</strong></span> <span class='ocrx_word' id='word_1_431' title='bbox 1146 3926 1404 3987; x_wconf 87' lang='lat' dir='ltr'><strong>nascitur,</strong></span> <span class='ocrx_word' id='word_1_432' title='bbox 1436 3926 1486 3979; x_wconf 93' lang='lat' dir='ltr'><strong>id</strong></span> <span class='ocrx_word' id='word_1_433' title='bbox 1518 3934 1621 3991; x_wconf 86' lang='lat' dir='ltr'><strong>est,</strong></span> <span class='ocrx_word' id='word_1_434' title='bbox 1667 3926 1718 3979; x_wconf 92' lang='lat' dir='ltr'><strong>in</strong></span> <span class='ocrx_word' id='word_1_435' title='bbox 1763 3936 2062 3981; x_wconf 72' lang='lat' dir='ltr'><strong>manentem</strong></span> 
     </span>
    </p>
   </div>
   <div class='ocr_carea' id='block_1_57' title="bbox 497 4014 2067 4085">
    <p class='ocr_par' dir='ltr' id='par_1_57' title="bbox 497 4014 2067 4085">
     <span class='ocr_line' id='line_1_57' title="bbox 497 4014 2067 4085; baseline 0.002 -18"><span class='ocrx_word' id='word_1_436' title='bbox 497 4023 653 4069; x_wconf 82' lang='lat' dir='ltr'><strong>antea</strong></span> <span class='ocrx_word' id='word_1_437' title='bbox 686 4015 773 4068; x_wconf 87' lang='lat' dir='ltr'><strong>Dei</strong></span> <span class='ocrx_word' id='word_1_438' title='bbox 816 4014 1039 4068; x_wconf 76' lang='lat' dir='ltr'><strong>fortnam</strong></span> <span class='ocrx_word' id='word_1_439' title='bbox 1072 4032 1163 4084; x_wconf 90' lang='lat' dir='ltr'><strong>per</strong></span> <span class='ocrx_word' id='word_1_440' title='bbox 1192 4019 1463 4085; x_wconf 69' lang='lat' dir='ltr'><strong>praemium</strong></span> <span class='ocrx_word' id='word_1_441' title='bbox 1509 4018 1695 4071; x_wconf 87' lang='lat' dir='ltr'><strong>mortis</strong></span> <span class='ocrx_word' id='word_1_442' title='bbox 1740 4018 1924 4071; x_wconf 72' lang='lat' dir='ltr'><strong>formae</strong></span> <span class='ocrx_word' id='word_1_443' title='bbox 1952 4032 2067 4073; x_wconf 83' lang='lat' dir='ltr'><strong>ser-</strong></span> 
     </span>
    </p>
   </div>
   <div class='ocr_carea' id='block_1_58' title="bbox 495 4100 2060 4175">
    <p class='ocr_par' dir='ltr' id='par_1_58' title="bbox 495 4100 2060 4175">
     <span class='ocr_line' id='line_1_58' title="bbox 495 4100 2060 4175; baseline 0.002 -19"><span class='ocrx_word' id='word_1_444' title='bbox 495 4100 615 4157; x_wconf 73' lang='lat' dir='ltr'><strong>vilis</strong></span> <span class='ocrx_word' id='word_1_445' title='bbox 638 4104 929 4170; x_wconf 86' lang='lat' dir='ltr'><strong>assumptio</strong></span> <span class='ocrx_word' id='word_1_446' title='bbox 963 4104 1295 4169; x_wconf 86' lang='lat' dir='ltr'><strong>honestatur,</strong></span> <span class='ocrx_word' id='word_1_447' title='bbox 1330 4105 1489 4173; x_wconf 84' lang='lat' dir='ltr'><strong>ﬁtque</strong></span> <span class='ocrx_word' id='word_1_448' title='bbox 1510 4106 1609 4160; x_wconf 87' lang='lat' dir='ltr'><strong>sub</strong></span> <span class='ocrx_word' id='word_1_449' title='bbox 1633 4118 1871 4175; x_wconf 89' lang='lat' dir='ltr'><strong>tempore</strong></span> <span class='ocrx_word' id='word_1_450' title='bbox 1901 4121 2060 4173; x_wconf 84' lang='lat' dir='ltr'><strong>nova,</strong></span> 
     </span>
    </p>
   </div>
   <div class='ocr_carea' id='block_1_59' title="bbox 498 4193 2064 4262">
    <p class='ocr_par' dir='ltr' id='par_1_59' title="bbox 498 4193 2064 4262">
     <span class='ocr_line' id='line_1_59' title="bbox 498 4193 2064 4262; baseline 0.002 -12"><span class='ocrx_word' id='word_1_451' title='bbox 498 4206 600 4250; x_wconf 74' lang='lat' dir='ltr'><strong>uec</strong></span> <span class='ocrx_word' id='word_1_452' title='bbox 629 4202 803 4248; x_wconf 88' lang='lat' dir='ltr'><strong>tamen</strong></span> <span class='ocrx_word' id='word_1_453' title='bbox 852 4193 1099 4248; x_wconf 78' lang='lat' dir='ltr'><strong>inusitata</strong></span> <span class='ocrx_word' id='word_1_454' title='bbox 1132 4196 1399 4262; x_wconf 85' lang='lat' dir='ltr'><strong>nativitas,</strong></span> <span class='ocrx_word' id='word_1_455' title='bbox 1452 4210 1571 4250; x_wconf 92' lang='lat' dir='ltr'><strong>cum</strong></span> <span class='ocrx_word' id='word_1_456' title='bbox 1600 4197 1664 4251; x_wconf 88' lang='lat' dir='ltr'><strong>ad</strong></span> <span class='ocrx_word' id='word_1_457' title='bbox 1695 4198 2064 4253; x_wconf 88' lang='lat' dir='ltr'><strong>resumendam</strong></span> 
     </span>
    </p>
   </div>
   <div class='ocr_carea' id='block_1_60' title="bbox 497 4282 2063 4354">
    <p class='ocr_par' dir='ltr' id='par_1_60' title="bbox 497 4282 2063 4354">
     <span class='ocr_line' id='line_1_60' title="bbox 497 4282 2063 4354; baseline 0.005 -17"><span class='ocrx_word' id='word_1_458' title='bbox 497 4282 718 4353; x_wconf 64' lang='lat' dir='ltr'><strong>gloriam</strong></span> <span class='ocrx_word' id='word_1_459' title='bbox 751 4282 841 4338; x_wconf 85' lang='lat' dir='ltr'><strong>Dei</strong></span> <span class='ocrx_word' id='word_1_460' title='bbox 875 4284 1064 4349; x_wconf 83' lang='lat' dir='ltr'><strong>Patris,</strong></span> <span class='ocrx_word' id='word_1_461' title='bbox 1089 4286 1175 4354; x_wconf 89' lang='lat' dir='ltr'><strong>qui</strong></span> <span class='ocrx_word' id='word_1_462' title='bbox 1202 4301 1265 4340; x_wconf 81' lang='lat' dir='ltr'><strong>es</strong></span> <span class='ocrx_word' id='word_1_463' title='bbox 1298 4286 1467 4341; x_wconf 82' lang='lat' dir='ltr'><strong>forma</strong></span> <span class='ocrx_word' id='word_1_464' title='bbox 1498 4286 1589 4342; x_wconf 89' lang='lat' dir='ltr'><strong>Dei</strong></span> <span class='ocrx_word' id='word_1_465' title='bbox 1622 4286 1674 4341; x_wconf 92' lang='lat' dir='ltr'><strong>in</strong></span> <span class='ocrx_word' id='word_1_466' title='bbox 1706 4287 1879 4343; x_wconf 81' lang='lat' dir='ltr'><strong>iorma</strong></span> <span class='ocrx_word' id='word_1_467' title='bbox 1919 4291 2063 4345; x_wconf 83' lang='lat' dir='ltr'><strong>servi</strong></span> 
     </span>
    </p>
   </div>
   <div class='ocr_carea' id='block_1_61' title="bbox 495 4373 2063 4445">
    <p class='ocr_par' dir='ltr' id='par_1_61' title="bbox 495 4373 2063 4445">
     <span class='ocr_line' id='line_1_61' title="bbox 495 4373 2063 4445; baseline 0.004 -16"><span class='ocrx_word' id='word_1_468' title='bbox 495 4380 612 4429; x_wconf 84' lang='lat' dir='ltr'><strong>erat</strong></span> <span class='ocrx_word' id='word_1_469' title='bbox 665 4383 928 4443; x_wconf 85' lang='lat' dir='ltr'><strong>repertus,</strong></span> <span class='ocrx_word' id='word_1_470' title='bbox 981 4373 1367 4445; x_wconf 71' lang='lat' dir='ltr'><strong>primogenitae</strong></span> <span class='ocrx_word' id='word_1_471' title='bbox 1413 4392 1478 4433; x_wconf 77' lang='lat' dir='ltr'><strong>ex</strong></span> <span class='ocrx_word' id='word_1_472' title='bbox 1530 4378 1751 4435; x_wconf 87' lang='lat' dir='ltr'><strong>mortuis</strong></span> <span class='ocrx_word' id='word_1_473' title='bbox 1805 4394 2063 4436; x_wconf 83' lang='lat' dir='ltr'><strong>nascere-</strong></span> 
     </span>
    </p>
   </div>
   <div class='ocr_carea' id='block_1_62' title="bbox 495 4472 659 4520">
    <p class='ocr_par' dir='ltr' id='par_1_62' title="bbox 495 4472 659 4520">
     <span class='ocr_line' id='line_1_62' title="bbox 495 4472 659 4520; baseline -0.012 -3"><span class='ocrx_word' id='word_1_474' title='bbox 495 4472 604 4520; x_wconf 90' lang='lat' dir='ltr'><strong>tur.</strong></span> <span class='ocrx_word' id='word_1_475' title='bbox 640 4482 659 4515; x_wconf 73' lang='grc' dir='ltr'><strong>ι</strong></span> 
     </span>
    </p>
   </div>
   <div class='ocr_carea' id='block_1_63' title="bbox 568 4577 2061 4652">
    <p class='ocr_par' dir='ltr' id='par_1_63' title="bbox 568 4577 2061 4652">
     <span class='ocr_line' id='line_1_63' title="bbox 568 4577 2061 4652; baseline 0.002 -19"><span class='ocrx_word' id='word_1_476' title='bbox 568 4577 767 4645; x_wconf 82' lang='lat' dir='ltr'><strong>Videte,</strong></span> <span class='ocrx_word' id='word_1_477' title='bbox 796 4588 1185 4650; x_wconf 86' lang='lat' dir='ltr'><strong>contemptores,</strong></span> <span class='ocrx_word' id='word_1_478' title='bbox 1216 4592 1265 4637; x_wconf 90' lang='lat' dir='ltr'><strong>et</strong></span> <span class='ocrx_word' id='word_1_479' title='bbox 1307 4584 1669 4649; x_wconf 85' lang='lat' dir='ltr'><strong>admiramini,</strong></span> <span class='ocrx_word' id='word_1_480' title='bbox 1714 4592 1761 4637; x_wconf 92' lang='lat' dir='ltr'><strong>et</strong></span> <span class='ocrx_word' id='word_1_481' title='bbox 1807 4583 2061 4652; x_wconf 85' lang='lat' dir='ltr'><strong>disperdi-</strong></span> 
     </span>
    </p>
   </div>
   <div class='ocr_carea' id='block_1_64' title="bbox 495 4672 2064 4745">
    <p class='ocr_par' dir='ltr' id='par_1_64' title="bbox 495 4672 2064 4745">
     <span class='ocr_line' id='line_1_64' title="bbox 495 4672 2064 4745; baseline 0.003 -20"><span class='ocrx_word' id='word_1_482' title='bbox 495 4674 643 4726; x_wconf 85' lang='lat' dir='ltr'><strong>mini.</strong></span> <span class='ocrx_word' id='word_1_483' title='bbox 674 4672 729 4727; x_wconf 86' lang='lat' dir='ltr'><strong>In</strong></span> <span class='ocrx_word' id='word_1_484' title='bbox 762 4672 947 4728; x_wconf 63' lang='lat' dir='ltr'><strong>Grzco</strong></span> <span class='ocrx_word' id='word_1_485' title='bbox 977 4674 1049 4729; x_wconf 82' lang='lat' dir='ltr'><strong>ita</strong></span> <span class='ocrx_word' id='word_1_486' title='bbox 1076 4676 1331 4744; x_wconf 87' lang='lat' dir='ltr'><strong>scriptum</strong></span> <span class='ocrx_word' id='word_1_487' title='bbox 1361 4684 1479 4733; x_wconf 86' lang='lat' dir='ltr'><strong>est:</strong></span> <span class='ocrx_word' id='word_1_488' title='bbox 1512 4676 1716 4741; x_wconf 81' lang='lat' dir='ltr'><strong>Audite,</strong></span> <span class='ocrx_word' id='word_1_489' title='bbox 1748 4686 2064 4745; x_wconf 56' lang='lat' dir='ltr'><strong>contempto.</strong></span> 
     </span>
    </p>
   </div>
   <div class='ocr_carea' id='block_1_65' title="bbox 494 4769 1809 4840">
    <p class='ocr_par' dir='ltr' id='par_1_65' title="bbox 494 4769 1809 4840">
     <span class='ocr_line' id='line_1_65' title="bbox 494 4769 1809 4840; baseline 0.006 -21"><span class='ocrx_word' id='word_1_490' title='bbox 494 4784 591 4831; x_wconf 85' lang='lat' dir='ltr'><strong>res,</strong></span> <span class='ocrx_word' id='word_1_491' title='bbox 627 4777 672 4820; x_wconf 92' lang='lat' dir='ltr'><strong>et</strong></span> <span class='ocrx_word' id='word_1_492' title='bbox 696 4769 1022 4821; x_wconf 83' lang='lat' dir='ltr'><strong>udmiramini</strong></span> <span class='ocrx_word' id='word_1_493' title='bbox 1038 4786 1057 4835; x_wconf 80' lang='lat'><strong>,°</strong></span> <span class='ocrx_word' id='word_1_494' title='bbox 1081 4772 1331 4839; x_wconf 84' lang='lat' dir='ltr'><strong>respicite,</strong></span> <span class='ocrx_word' id='word_1_495' title='bbox 1360 4781 1405 4823; x_wconf 87' lang='lat' dir='ltr'><strong>et</strong></span> <span class='ocrx_word' id='word_1_496' title='bbox 1432 4770 1809 4840; x_wconf 80' lang='lat' dir='ltr'><strong>disperdimirti.</strong></span> 
     </span>
    </p>
   </div>
   <div class='ocr_carea' id='block_1_66' title="bbox 568 4857 2061 4932">
    <p class='ocr_par' dir='ltr' id='par_1_66' title="bbox 568 4857 2061 4932">
     <span class='ocr_line' id='line_1_66' title="bbox 568 4857 2061 4932; baseline 0.003 -23"><span class='ocrx_word' id='word_1_497' title='bbox 568 4857 667 4922; x_wconf 91' lang='lat' dir='ltr'><strong>Qui</strong></span> <span class='ocrx_word' id='word_1_498' title='bbox 695 4857 952 4924; x_wconf 88' lang='lat' dir='ltr'><strong>loquentes</strong></span> <span class='ocrx_word' id='word_1_499' title='bbox 980 4860 1255 4913; x_wconf 84' lang='lat' dir='ltr'><strong>suadebant</strong></span> <span class='ocrx_word' id='word_1_500' title='bbox 1282 4861 1353 4913; x_wconf 89' lang='lat' dir='ltr'><strong>eis</strong></span> <span class='ocrx_word' id='word_1_501' title='bbox 1389 4870 1439 4913; x_wconf 86' lang='lat' dir='ltr'><strong>ut</strong></span> <span class='ocrx_word' id='word_1_502' title='bbox 1480 4872 1827 4930; x_wconf 88' lang='lat' dir='ltr'><strong>permanerent</strong></span> <span class='ocrx_word' id='word_1_503' title='bbox 1858 4862 1909 4916; x_wconf 87' lang='lat' dir='ltr'><strong>in</strong></span> <span class='ocrx_word' id='word_1_504' title='bbox 1939 4878 2061 4932; x_wconf 85' lang='lat' dir='ltr'><strong>gra-</strong></span> 
     </span>
    </p>
   </div>
   <div class='ocr_carea' id='block_1_67' title="bbox 494 4946 2058 5021">
    <p class='ocr_par' dir='ltr' id='par_1_67' title="bbox 494 4946 2058 5021">
     <span class='ocr_line' id='line_1_67' title="bbox 494 4946 2058 5021; baseline 0.006 -23"><span class='ocrx_word' id='word_1_505' title='bbox 494 4947 567 4999; x_wconf 87' lang='lat' dir='ltr'><strong>tia</strong></span> <span class='ocrx_word' id='word_1_506' title='bbox 600 4946 713 5002; x_wconf 88' lang='lat' dir='ltr'><strong>Dei.</strong></span> <span class='ocrx_word' id='word_1_507' title='bbox 743 4948 874 5003; x_wconf 87' lang='lat' dir='ltr'><strong>Hinc</strong></span> <span class='ocrx_word' id='word_1_508' title='bbox 904 4952 955 5004; x_wconf 90' lang='lat' dir='ltr'><strong>in</strong></span> <span class='ocrx_word' id='word_1_509' title='bbox 982 4950 1169 5005; x_wconf 69' lang='lat' dir='ltr'><strong>Graeco</strong></span> <span class='ocrx_word' id='word_1_510' title='bbox 1198 4951 1436 5021; x_wconf 87' lang='lat' dir='ltr'><strong>sequitur</strong></span> <span class='ocrx_word' id='word_1_511' title='bbox 1468 4967 1673 5018; x_wconf 85' lang='lat' dir='ltr'><strong>versus,</strong></span> <span class='ocrx_word' id='word_1_512' title='bbox 1700 4968 1857 5020; x_wconf 87' lang='lat' dir='ltr'><strong>quem</strong></span> <span class='ocrx_word' id='word_1_513' title='bbox 1892 4953 2058 5008; x_wconf 89' lang='lat' dir='ltr'><strong>nostri</strong></span> 
     </span>
    </p>
   </div>
   <div class='ocr_carea' id='block_1_68' title="bbox 494 5034 2059 5112">
    <p class='ocr_par' dir='ltr' id='par_1_68' title="bbox 494 5034 2059 5112">
     <span class='ocr_line' id='line_1_68' title="bbox 494 5034 2059 5112; baseline 0.006 -21"><span class='ocrx_word' id='word_1_514' title='bbox 494 5034 718 5093; x_wconf 87' lang='lat' dir='ltr'><strong>Codices</strong></span> <span class='ocrx_word' id='word_1_515' title='bbox 749 5055 851 5093; x_wconf 91' lang='lat' dir='ltr'><strong>non</strong></span> <span class='ocrx_word' id='word_1_516' title='bbox 882 5042 1108 5096; x_wconf 87' lang='lat' dir='ltr'><strong>habent:</strong></span> <span class='ocrx_word' id='word_1_517' title='bbox 1142 5041 1356 5095; x_wconf 80' lang='lat' dir='ltr'><strong>Factum</strong></span> <span class='ocrx_word' id='word_1_518' title='bbox 1399 5053 1469 5096; x_wconf 90' lang='lat' dir='ltr'><strong>est</strong></span> <span class='ocrx_word' id='word_1_519' title='bbox 1511 5054 1677 5097; x_wconf 87' lang='lat' dir='ltr'><strong>autem</strong></span> <span class='ocrx_word' id='word_1_520' title='bbox 1724 5062 1813 5112; x_wconf 89' lang='lat' dir='ltr'><strong>per</strong></span> <span class='ocrx_word' id='word_1_521' title='bbox 1856 5046 2059 5099; x_wconf 85' lang='lat' dir='ltr'><strong>univer-</strong></span> 
     </span>
    </p>
   </div>
   <div class='ocr_carea' id='block_1_69' title="bbox 494 5128 2059 5206">
    <p class='ocr_par' dir='ltr' id='par_1_69' title="bbox 494 5128 2059 5206">
     <span class='ocr_line' id='line_1_69' title="bbox 494 5128 2059 5206; baseline 0.008 -27"><span class='ocrx_word' id='word_1_522' title='bbox 494 5142 602 5179; x_wconf 77' lang='lat' dir='ltr'><strong>sam</strong></span> <span class='ocrx_word' id='word_1_523' title='bbox 645 5128 893 5181; x_wconf 77' lang='lat' dir='ltr'><strong>civitatem</strong></span> <span class='ocrx_word' id='word_1_524' title='bbox 936 5130 1195 5195; x_wconf 73' lang='lat' dir='ltr'><strong>di/Iamari</strong></span> <span class='ocrx_word' id='word_1_525' title='bbox 1260 5133 1455 5185; x_wconf 50' lang='lat' dir='ltr'><strong>verbum</strong></span> <span class='ocrx_word' id='word_1_526' title='bbox 1484 5173 1498 5197; x_wconf 89' lang='lat'><strong>,</strong></span> <span class='ocrx_word' id='word_1_527' title='bbox 1561 5147 1621 5186; x_wconf 82' lang='lat' dir='ltr'><strong>ac</strong></span> <span class='ocrx_word' id='word_1_528' title='bbox 1685 5134 1877 5188; x_wconf 85' lang='lat' dir='ltr'><strong>deinde</strong></span> <span class='ocrx_word' id='word_1_529' title='bbox 1918 5136 2059 5206; x_wconf 84' lang='lat' dir='ltr'><strong>quod</strong></span> 
     </span>
    </p>
   </div>
   <div class='ocr_carea' id='block_1_70' title="bbox 496 5218 2058 5296">
    <p class='ocr_par' dir='ltr' id='par_1_70' title="bbox 496 5218 2058 5296">
     <span class='ocr_line' id='line_1_70' title="bbox 496 5218 2058 5296; baseline 0.006 -26"><span class='ocrx_word' id='word_1_530' title='bbox 496 5230 549 5270; x_wconf 87' lang='lat' dir='ltr'><strong>et</strong></span> <span class='ocrx_word' id='word_1_531' title='bbox 580 5232 675 5273; x_wconf 88' lang='lat' dir='ltr'><strong>nos</strong></span> <span class='ocrx_word' id='word_1_532' title='bbox 705 5218 983 5285; x_wconf 86' lang='lat' dir='ltr'><strong>habemus,</strong></span> <span class='ocrx_word' id='word_1_533' title='bbox 1012 5222 1316 5292; x_wconf 77' lang='lat' dir='ltr'><strong>adjungitur</strong></span> <span class='ocrx_word' id='word_1_534' title='bbox 1350 5243 1363 5276; x_wconf 89' lang='lat'><strong>:</strong></span> <span class='ocrx_word' id='word_1_535' title='bbox 1398 5224 1651 5294; x_wconf 85' lang='lat' dir='ltr'><strong>Sequente</strong></span> <span class='ocrx_word' id='word_1_536' title='bbox 1681 5225 1899 5281; x_wconf 88' lang='lat' dir='ltr'><strong>Sabbato</strong></span> <span class='ocrx_word' id='word_1_537' title='bbox 1932 5243 2058 5296; x_wconf 88' lang='lat' dir='ltr'><strong>pene</strong></span> 
     </span>
    </p>
   </div>
   <div class='ocr_carea' id='block_1_71' title="bbox 502 5308 1789 5369">
    <p class='ocr_par' dir='ltr' id='par_1_71' title="bbox 502 5308 1789 5369">
     <span class='ocr_line' id='line_1_71' title="bbox 502 5308 1789 5369; baseline 0.006 -9"><span class='ocrx_word' id='word_1_538' title='bbox 502 5310 730 5363; x_wconf 78' lang='lat' dir='ltr'><strong>universa</strong></span> <span class='ocrx_word' id='word_1_539' title='bbox 756 5308 931 5365; x_wconf 81' lang='lat' dir='ltr'><strong>civitas</strong></span> <span class='ocrx_word' id='word_1_540' title='bbox 960 5313 1188 5366; x_wconf 82' lang='lat' dir='ltr'><strong>convenit</strong></span> <span class='ocrx_word' id='word_1_541' title='bbox 1220 5315 1397 5367; x_wconf 85' lang='lat' dir='ltr'><strong>audire</strong></span> <span class='ocrx_word' id='word_1_542' title='bbox 1441 5314 1642 5368; x_wconf 82' lang='lat' dir='ltr'><strong>verbum</strong></span> <span class='ocrx_word' id='word_1_543' title='bbox 1675 5316 1789 5369; x_wconf 87' lang='lat' dir='ltr'><strong>Dei.</strong></span> 
     </span>
    </p>
   </div>
   <div class='ocr_carea' id='block_1_72' title="bbox 1084 5448 1484 5508">
    <p class='ocr_par' dir='ltr' id='par_1_72' title="bbox 1084 5448 1484 5508">
     <span class='ocr_line' id='line_1_72' title="bbox 1084 5448 1484 5508; baseline 0.01 -4"><span class='ocrx_word' id='word_1_544' title='bbox 1084 5448 1305 5507; x_wconf 77' lang='lat' dir='ltr'><strong>CAPUT</strong></span> <span class='ocrx_word' id='word_1_545' title='bbox 1346 5452 1484 5508; x_wconf 78' lang='lat' dir='ltr'><strong>XIV.</strong></span> 
     </span>
    </p>
   </div>
   <div class='ocr_carea' id='block_1_73' title="bbox 569 5564 2064 5636">
    <p class='ocr_par' dir='ltr' id='par_1_73' title="bbox 569 5564 2064 5636">
     <span class='ocr_line' id='line_1_73' title="bbox 569 5564 2064 5636; baseline 0.005 -16"><span class='ocrx_word' id='word_1_546' title='bbox 569 5564 821 5620; x_wconf 82' lang='lat' dir='ltr'><strong>Sacerdos</strong></span> <span class='ocrx_word' id='word_1_547' title='bbox 847 5581 1045 5635; x_wconf 79' lang='lat' dir='ltr'><strong>quoque</strong></span> <span class='ocrx_word' id='word_1_548' title='bbox 1068 5564 1235 5630; x_wconf 77' lang='lat' dir='ltr'><strong>lueis,</strong></span> <span class='ocrx_word' id='word_1_549' title='bbox 1262 5569 1347 5636; x_wconf 75' lang='lat' dir='ltr'><strong>qui</strong></span> <span class='ocrx_word' id='word_1_550' title='bbox 1374 5576 1480 5621; x_wconf 90' lang='lat' dir='ltr'><strong>erat</strong></span> <span class='ocrx_word' id='word_1_551' title='bbox 1507 5577 1626 5625; x_wconf 82' lang='lat' dir='ltr'><strong>ante</strong></span> <span class='ocrx_word' id='word_1_552' title='bbox 1650 5569 1745 5625; x_wconf 80' lang='lat' dir='ltr'><strong>cie.‘</strong></span> <span class='ocrx_word' id='word_1_553' title='bbox 1750 5579 1919 5635; x_wconf 82' lang='lat' dir='ltr'><strong>tatem,</strong></span> <span class='ocrx_word' id='word_1_554' title='bbox 1948 5580 2064 5627; x_wconf 78' lang='lat' dir='ltr'><strong>tuu-</strong></span> 
     </span>
    </p>
   </div>
   <div class='ocr_carea' id='block_1_74' title="bbox 496 5658 2062 5734">
    <p class='ocr_par' dir='ltr' id='par_1_74' title="bbox 496 5658 2062 5734">
     <span class='ocr_line' id='line_1_74' title="bbox 496 5658 2062 5734; baseline 0.004 -24"><span class='ocrx_word' id='word_1_555' title='bbox 496 5674 581 5710; x_wconf 80' lang='lat' dir='ltr'><strong>rus</strong></span> <span class='ocrx_word' id='word_1_556' title='bbox 605 5668 653 5711; x_wconf 92' lang='lat' dir='ltr'><strong>et</strong></span> <span class='ocrx_word' id='word_1_557' title='bbox 692 5672 907 5711; x_wconf 85' lang='lat' dir='ltr'><strong>coronas</strong></span> <span class='ocrx_word' id='word_1_558' title='bbox 934 5667 1051 5711; x_wconf 83' lang='lat' dir='ltr'><strong>ante</strong></span> <span class='ocrx_word' id='word_1_559' title='bbox 1093 5659 1288 5729; x_wconf 86' lang='lat' dir='ltr'><strong>januas</strong></span> <span class='ocrx_word' id='word_1_560' title='bbox 1328 5658 1571 5727; x_wconf 71' lang='lat' dir='ltr'><strong>aﬂ&#39;ereus,</strong></span> <span class='ocrx_word' id='word_1_561' title='bbox 1603 5670 1705 5715; x_wconf 83' lang='lat' dir='ltr'><strong>etc.</strong></span> <span class='ocrx_word' id='word_1_562' title='bbox 1757 5660 1920 5734; x_wconf 75' lang='lat' dir='ltr'><strong>Moris</strong></span> <span class='ocrx_word' id='word_1_563' title='bbox 1947 5672 2062 5716; x_wconf 86' lang='lat' dir='ltr'><strong>erat</strong></span> 
     </span>
    </p>
   </div>
   <div class='ocr_carea' id='block_1_75' title="bbox 498 5750 2061 5820">
    <p class='ocr_par' dir='ltr' id='par_1_75' title="bbox 498 5750 2061 5820">
     <span class='ocr_line' id='line_1_75' title="bbox 498 5750 2061 5820; baseline 0.003 -16"><span class='ocrx_word' id='word_1_564' title='bbox 498 5750 794 5820; x_wconf 67' lang='lat' dir='ltr'><strong>gentilium,</strong></span> <span class='ocrx_word' id='word_1_565' title='bbox 829 5758 964 5807; x_wconf 82' lang='lat' dir='ltr'><strong>teste</strong></span> <span class='ocrx_word' id='word_1_566' title='bbox 1015 5750 1213 5818; x_wconf 87' lang='lat' dir='ltr'><strong>Plinio,</strong></span> <span class='ocrx_word' id='word_1_567' title='bbox 1247 5761 1302 5807; x_wconf 91' lang='lat' dir='ltr'><strong>ut</strong></span> <span class='ocrx_word' id='word_1_568' title='bbox 1349 5752 1569 5809; x_wconf 83' lang='lat' dir='ltr'><strong>deorum</strong></span> <span class='ocrx_word' id='word_1_569' title='bbox 1614 5766 1828 5810; x_wconf 78' lang='lat' dir='ltr'><strong>suorum</strong></span> <span class='ocrx_word' id='word_1_570' title='bbox 1876 5751 2061 5809; x_wconf 87' lang='lat' dir='ltr'><strong>honori</strong></span> 
     </span>
    </p>
   </div>
   <div class='ocr_carea' id='block_1_76' title="bbox 2174 1909 3738 1985">
    <p class='ocr_par' dir='ltr' id='par_1_76' title="bbox 2174 1909 3738 1985">
     <span class='ocr_line' id='line_1_76' title="bbox 2174 1909 3738 1985; baseline 0.004 -20"><span class='ocrx_word' id='word_1_571' title='bbox 2174 1909 2500 1980; x_wconf 88' lang='lat' dir='ltr'><strong>scipulorum</strong></span> <span class='ocrx_word' id='word_1_572' title='bbox 2552 1913 2762 1979; x_wconf 90' lang='lat' dir='ltr'><strong>tollere,</strong></span> <span class='ocrx_word' id='word_1_573' title='bbox 2795 1924 2851 1967; x_wconf 91' lang='lat' dir='ltr'><strong>ut</strong></span> <span class='ocrx_word' id='word_1_574' title='bbox 2875 1914 2955 1969; x_wconf 88' lang='lat' dir='ltr'><strong>eis</strong></span> <span class='ocrx_word' id='word_1_575' title='bbox 2996 1928 3164 1969; x_wconf 87' lang='lat' dir='ltr'><strong>suave</strong></span> <span class='ocrx_word' id='word_1_576' title='bbox 3196 1914 3380 1984; x_wconf 75' lang='lat' dir='ltr'><strong>iugum</strong></span> <span class='ocrx_word' id='word_1_577' title='bbox 3423 1915 3738 1985; x_wconf 61' lang='lat' dir='ltr'><strong>evangelica</strong></span> 
     </span>
    </p>
   </div>
   <div class='ocr_carea' id='block_1_77' title="bbox 2176 2004 3739 2079">
    <p class='ocr_par' dir='ltr' id='par_1_77' title="bbox 2176 2004 3739 2079">
     <span class='ocr_line' id='line_1_77' title="bbox 2176 2004 3739 2079; baseline 0.001 -20"><span class='ocrx_word' id='word_1_578' title='bbox 2176 2004 2437 2061; x_wconf 87' lang='lat' dir='ltr'><strong>libertatis</strong></span> <span class='ocrx_word' id='word_1_579' title='bbox 2463 2008 2721 2077; x_wconf 86' lang='lat' dir='ltr'><strong>imponat.</strong></span> <span class='ocrx_word' id='word_1_580' title='bbox 2748 2008 2821 2063; x_wconf 89' lang='lat' dir='ltr'><strong>De</strong></span> <span class='ocrx_word' id='word_1_581' title='bbox 2846 2025 2951 2079; x_wconf 89' lang='lat' dir='ltr'><strong>qtto</strong></span> <span class='ocrx_word' id='word_1_582' title='bbox 2975 2018 3028 2065; x_wconf 89' lang='lat' dir='ltr'><strong>et</strong></span> <span class='ocrx_word' id='word_1_583' title='bbox 3059 2009 3253 2065; x_wconf 87' lang='lat' dir='ltr'><strong>Paulus</strong></span> <span class='ocrx_word' id='word_1_584' title='bbox 3282 2007 3525 2079; x_wconf 86' lang='lat' dir='ltr'><strong>ejusdem</strong></span> <span class='ocrx_word' id='word_1_585' title='bbox 3555 2008 3739 2076; x_wconf 66' lang='lat' dir='ltr'><strong>gratia</strong></span> 
     </span>
    </p>
   </div>
   <div class='ocr_carea' id='block_1_78' title="bbox 2174 2096 3736 2169">
    <p class='ocr_par' dir='ltr' id='par_1_78' title="bbox 2174 2096 3736 2169">
     <span class='ocr_line' id='line_1_78' title="bbox 2174 2096 3736 2169; baseline 0.002 -20"><span class='ocrx_word' id='word_1_586' title='bbox 2174 2096 2510 2151; x_wconf 83' lang='lat' dir='ltr'><strong>consortibus</strong></span> <span class='ocrx_word' id='word_1_587' title='bbox 2538 2098 2649 2151; x_wconf 85' lang='lat' dir='ltr'><strong>ait:</strong></span> <span class='ocrx_word' id='word_1_588' title='bbox 2682 2097 2803 2151; x_wconf 84' lang='lat' dir='ltr'><strong>Non</strong></span> <span class='ocrx_word' id='word_1_589' title='bbox 2841 2100 2974 2153; x_wconf 87' lang='lat' dir='ltr'><strong>enim</strong></span> <span class='ocrx_word' id='word_1_590' title='bbox 3006 2100 3268 2169; x_wconf 88' lang='lat' dir='ltr'><strong>accepistis</strong></span> <span class='ocrx_word' id='word_1_591' title='bbox 3310 2099 3547 2166; x_wconf 84' lang='lat' dir='ltr'><strong>spiritum</strong></span> <span class='ocrx_word' id='word_1_592' title='bbox 3586 2098 3736 2152; x_wconf 80' lang='lat' dir='ltr'><strong>seni-</strong></span> 
     </span>
    </p>
   </div>
   <div class='ocr_carea' id='block_1_79' title="bbox 2175 2186 3740 2259">
    <p class='ocr_par' dir='ltr' id='par_1_79' title="bbox 2175 2186 3740 2259">
     <span class='ocr_line' id='line_1_79' title="bbox 2175 2186 3740 2259; baseline 0 -20"><span class='ocrx_word' id='word_1_593' title='bbox 2175 2186 2294 2239; x_wconf 84' lang='lat' dir='ltr'><strong>tutis</strong></span> <span class='ocrx_word' id='word_1_594' title='bbox 2320 2186 2505 2240; x_wconf 85' lang='lat' dir='ltr'><strong>iterum</strong></span> <span class='ocrx_word' id='word_1_595' title='bbox 2530 2189 2581 2242; x_wconf 91' lang='lat' dir='ltr'><strong>in</strong></span> <span class='ocrx_word' id='word_1_596' title='bbox 2607 2190 2806 2253; x_wconf 85' lang='lat' dir='ltr'><strong>timore,</strong></span> <span class='ocrx_word' id='word_1_597' title='bbox 2832 2189 2920 2242; x_wconf 86' lang='lat' dir='ltr'><strong>sed</strong></span> <span class='ocrx_word' id='word_1_598' title='bbox 2943 2189 3209 2259; x_wconf 83' lang='lat' dir='ltr'><strong>accepistis</strong></span> <span class='ocrx_word' id='word_1_599' title='bbox 3229 2188 3485 2257; x_wconf 87' lang='lat' dir='ltr'><strong>Spiritum</strong></span> <span class='ocrx_word' id='word_1_600' title='bbox 3512 2189 3740 2258; x_wconf 82' lang='lat' dir='ltr'><strong>adoptio-</strong></span> 
     </span>
    </p>
   </div>
   <div class='ocr_carea' id='block_1_80' title="bbox 2172 2277 3735 2351">
    <p class='ocr_par' dir='ltr' id='par_1_80' title="bbox 2172 2277 3735 2351">
     <span class='ocr_line' id='line_1_80' title="bbox 2172 2277 3735 2351; baseline 0.003 -22"><span class='ocrx_word' id='word_1_601' title='bbox 2172 2278 2251 2330; x_wconf 82' lang='lat' dir='ltr'><strong>nis</strong></span> <span class='ocrx_word' id='word_1_602' title='bbox 2290 2277 2546 2351; x_wconf 78' lang='lat' dir='ltr'><strong>ﬁliorum,</strong></span> <span class='ocrx_word' id='word_1_603' title='bbox 2586 2278 2641 2334; x_wconf 88' lang='lat' dir='ltr'><strong>in</strong></span> <span class='ocrx_word' id='word_1_604' title='bbox 2684 2295 2784 2350; x_wconf 86' lang='lat' dir='ltr'><strong>quo</strong></span> <span class='ocrx_word' id='word_1_605' title='bbox 2829 2280 3109 2336; x_wconf 81' lang='lat' dir='ltr'><strong>clamamus</strong></span> <span class='ocrx_word' id='word_1_606' title='bbox 3158 2281 3299 2339; x_wconf 86' lang='lat' dir='ltr'><strong>Abba</strong></span> <span class='ocrx_word' id='word_1_607' title='bbox 3350 2279 3508 2337; x_wconf 85' lang='lat' dir='ltr'><strong>Pater</strong></span> <span class='ocrx_word' id='word_1_608' title='bbox 3555 2278 3735 2350; x_wconf 77' lang='lat' dir='ltr'><strong>(Ross.</strong></span> 
     </span>
    </p>
   </div>
   <div class='ocr_carea' id='block_1_81' title="bbox 2177 2370 2324 2436">
    <p class='ocr_par' dir='ltr' id='par_1_81' title="bbox 2177 2370 2324 2436">
     <span class='ocr_line' id='line_1_81' title="bbox 2177 2370 2324 2436; baseline 0.007 -15"><span class='ocrx_word' id='word_1_609' title='bbox 2177 2384 2265 2423; x_wconf 86' lang='lat' dir='ltr'><strong>vnt</strong></span> <span class='ocrx_word' id='word_1_610' title='bbox 2285 2370 2324 2436; x_wconf 90' lang='lat'><strong>).</strong></span> 
     </span>
    </p>
   </div>
   <div class='ocr_carea' id='block_1_82' title="bbox 2246 2458 3727 2522">
    <p class='ocr_par' dir='ltr' id='par_1_82' title="bbox 2246 2458 3727 2522">
     <span class='ocr_line' id='line_1_82' title="bbox 2246 2458 3727 2522; baseline -0.003 -8"><span class='ocrx_word' id='word_1_611' title='bbox 2246 2458 2313 2514; x_wconf 88' lang='lat' dir='ltr'><strong>Ut</strong></span> <span class='ocrx_word' id='word_1_612' title='bbox 2340 2459 2619 2514; x_wconf 84' lang='lat' dir='ltr'><strong>abstineant</strong></span> <span class='ocrx_word' id='word_1_613' title='bbox 2646 2477 2698 2514; x_wconf 83' lang='lat' dir='ltr'><strong>se</strong></span> <span class='ocrx_word' id='word_1_614' title='bbox 2724 2476 2756 2513; x_wconf 92' lang='lat' dir='ltr'><strong>a</strong></span> <span class='ocrx_word' id='word_1_615' title='bbox 2778 2461 3287 2515; x_wconf 85' lang='lat' dir='ltr'><strong>contaminatinnibus</strong></span> <span class='ocrx_word' id='word_1_616' title='bbox 3313 2460 3727 2522; x_wconf 78' lang='lat' dir='ltr'><strong>simulacrorum,</strong></span> 
     </span>
    </p>
   </div>
   <div class='ocr_carea' id='block_1_83' title="bbox 2170 2550 3732 2623">
    <p class='ocr_par' dir='ltr' id='par_1_83' title="bbox 2170 2550 3732 2623">
     <span class='ocr_line' id='line_1_83' title="bbox 2170 2550 3732 2623; baseline 0 -22"><span class='ocrx_word' id='word_1_617' title='bbox 2170 2556 2218 2602; x_wconf 91' lang='lat' dir='ltr'><strong>et</strong></span> <span class='ocrx_word' id='word_1_618' title='bbox 2262 2550 2614 2618; x_wconf 71' lang='lat' dir='ltr'><strong>fornicatione,</strong></span> <span class='ocrx_word' id='word_1_619' title='bbox 2644 2559 2691 2603; x_wconf 86' lang='lat' dir='ltr'><strong>et</strong></span> <span class='ocrx_word' id='word_1_620' title='bbox 2728 2551 2992 2619; x_wconf 57' lang='lat' dir='ltr'><strong>suiocatis</strong></span> <span class='ocrx_word' id='word_1_621' title='bbox 3033 2562 3081 2605; x_wconf 91' lang='lat' dir='ltr'><strong>et</strong></span> <span class='ocrx_word' id='word_1_622' title='bbox 3114 2552 3377 2623; x_wconf 85' lang='lat' dir='ltr'><strong>sanguine.</strong></span> <span class='ocrx_word' id='word_1_623' title='bbox 3412 2550 3732 2605; x_wconf 80' lang='lat' dir='ltr'><strong>Sull&#39;ocatutn</strong></span> 
     </span>
    </p>
   </div>
   <div class='ocr_carea' id='block_1_84' title="bbox 2171 2636 3734 2709">
    <p class='ocr_par' dir='ltr' id='par_1_84' title="bbox 2171 2636 3734 2709">
     <span class='ocr_line' id='line_1_84' title="bbox 2171 2636 3734 2709; baseline -0.001 -18"><span class='ocrx_word' id='word_1_624' title='bbox 2171 2636 2503 2692; x_wconf 86' lang='lat' dir='ltr'><strong>morticinum</strong></span> <span class='ocrx_word' id='word_1_625' title='bbox 2549 2639 2707 2707; x_wconf 88' lang='lat' dir='ltr'><strong>dicit,</strong></span> <span class='ocrx_word' id='word_1_626' title='bbox 2752 2639 2820 2694; x_wconf 90' lang='lat' dir='ltr'><strong>de</strong></span> <span class='ocrx_word' id='word_1_627' title='bbox 2858 2655 2965 2709; x_wconf 90' lang='lat' dir='ltr'><strong>quo</strong></span> <span class='ocrx_word' id='word_1_628' title='bbox 3019 2639 3263 2695; x_wconf 81' lang='lat' dir='ltr'><strong>Ezechiel</strong></span> <span class='ocrx_word' id='word_1_629' title='bbox 3313 2641 3541 2693; x_wconf 84' lang='lat' dir='ltr'><strong>scribit:</strong></span> <span class='ocrx_word' id='word_1_630' title='bbox 3578 2639 3734 2691; x_wconf 79' lang='lat' dir='ltr'><strong>Omne</strong></span> 
     </span>
    </p>
   </div>
   <div class='ocr_carea' id='block_1_85' title="bbox 2168 2732 3729 2802">
    <p class='ocr_par' dir='ltr' id='par_1_85' title="bbox 2168 2732 3729 2802">
     <span class='ocr_line' id='line_1_85' title="bbox 2168 2732 3729 2802; baseline -0.004 -15"><span class='ocrx_word' id='word_1_631' title='bbox 2168 2734 2489 2799; x_wconf 75' lang='lat' dir='ltr'><strong>utorticinuttt</strong></span> <span class='ocrx_word' id='word_1_632' title='bbox 2515 2743 2562 2787; x_wconf 92' lang='lat' dir='ltr'><strong>et</strong></span> <span class='ocrx_word' id='word_1_633' title='bbox 2591 2744 2795 2802; x_wconf 77' lang='lat' dir='ltr'><strong>captum</strong></span> <span class='ocrx_word' id='word_1_634' title='bbox 2824 2750 2854 2785; x_wconf 88' lang='lat' dir='ltr'><strong>a</strong></span> <span class='ocrx_word' id='word_1_635' title='bbox 2880 2734 3057 2797; x_wconf 84' lang='lat' dir='ltr'><strong>bestia,</strong></span> <span class='ocrx_word' id='word_1_636' title='bbox 3085 2745 3132 2786; x_wconf 89' lang='lat' dir='ltr'><strong>et</strong></span> <span class='ocrx_word' id='word_1_637' title='bbox 3160 2734 3222 2785; x_wconf 89' lang='lat' dir='ltr'><strong>de</strong></span> <span class='ocrx_word' id='word_1_638' title='bbox 3261 2732 3435 2785; x_wconf 84' lang='lat' dir='ltr'><strong>avibus</strong></span> <span class='ocrx_word' id='word_1_639' title='bbox 3461 2740 3508 2784; x_wconf 85' lang='lat' dir='ltr'><strong>et</strong></span> <span class='ocrx_word' id='word_1_640' title='bbox 3535 2734 3729 2799; x_wconf 72' lang='lat' dir='ltr'><strong>pecori-</strong></span> 
     </span>
    </p>
   </div>
   <div class='ocr_carea' id='block_1_86' title="bbox 2168 2820 3728 2891">
    <p class='ocr_par' dir='ltr' id='par_1_86' title="bbox 2168 2820 3728 2891">
     <span class='ocr_line' id='line_1_86' title="bbox 2168 2820 3728 2891; baseline -0.004 -14"><span class='ocrx_word' id='word_1_641' title='bbox 2168 2824 2257 2877; x_wconf 78' lang='lat' dir='ltr'><strong>bus</strong></span> <span class='ocrx_word' id='word_1_642' title='bbox 2288 2841 2387 2877; x_wconf 88' lang='lat' dir='ltr'><strong>non</strong></span> <span class='ocrx_word' id='word_1_643' title='bbox 2414 2829 2670 2879; x_wconf 86' lang='lat' dir='ltr'><strong>comedent</strong></span> <span class='ocrx_word' id='word_1_644' title='bbox 2705 2823 2988 2877; x_wconf 84' lang='lat' dir='ltr'><strong>sacerdotes</strong></span> <span class='ocrx_word' id='word_1_645' title='bbox 3032 2822 3241 2891; x_wconf 75' lang='lat' dir='ltr'><strong>(Ezech.</strong></span> <span class='ocrx_word' id='word_1_646' title='bbox 3266 2820 3427 2891; x_wconf 67' lang='grc' dir='ltr'>χιιι).</span> <span class='ocrx_word' id='word_1_647' title='bbox 3454 2820 3605 2886; x_wconf 84' lang='lat' dir='ltr'><strong>Quod</strong></span> <span class='ocrx_word' id='word_1_648' title='bbox 3635 2832 3728 2871; x_wconf 85' lang='lat' dir='ltr'><strong>ex-</strong></span> 
     </span>
    </p>
   </div>
   <div class='ocr_carea' id='block_1_87' title="bbox 2167 2907 3724 2988">
    <p class='ocr_par' dir='ltr' id='par_1_87' title="bbox 2167 2907 3724 2988">
     <span class='ocr_line' id='line_1_87' title="bbox 2167 2907 3724 2988; baseline -0.008 -16"><span class='ocrx_word' id='word_1_649' title='bbox 2167 2932 2374 2988; x_wconf 86' lang='lat' dir='ltr'><strong>ponens</strong></span> <span class='ocrx_word' id='word_1_650' title='bbox 2399 2917 2751 2988; x_wconf 81' lang='lat' dir='ltr'><strong>Hieronymus</strong></span> <span class='ocrx_word' id='word_1_651' title='bbox 2776 2933 2791 2971; x_wconf 90' lang='lat'><strong>:</strong></span> <span class='ocrx_word' id='word_1_652' title='bbox 2816 2935 2833 2967; x_wconf 87' lang='grc' dir='ltr'><strong>ι</strong></span> <span class='ocrx_word' id='word_1_653' title='bbox 2861 2916 2923 2970; x_wconf 84' lang='grc' dir='ltr'>Ει</span> <span class='ocrx_word' id='word_1_654' title='bbox 2936 2915 3084 2984; x_wconf 78' lang='lat' dir='ltr'><strong>juxta</strong></span> <span class='ocrx_word' id='word_1_655' title='bbox 3108 2914 3353 2977; x_wconf 88' lang='lat' dir='ltr'><strong>litteram,</strong></span> <span class='ocrx_word' id='word_1_656' title='bbox 3375 2911 3561 2979; x_wconf 89' lang='lat' dir='ltr'><strong>inquit,</strong></span> <span class='ocrx_word' id='word_1_657' title='bbox 3586 2907 3724 2965; x_wconf 85' lang='lat' dir='ltr'><strong>omni</strong></span> 
     </span>
    </p>
   </div>
   <div class='ocr_carea' id='block_1_88' title="bbox 2166 2997 3727 3078">
    <p class='ocr_par' dir='ltr' id='par_1_88' title="bbox 2166 2997 3727 3078">
     <span class='ocr_line' id='line_1_88' title="bbox 2166 2997 3727 3078; baseline -0.009 -13"><span class='ocrx_word' id='word_1_658' title='bbox 2166 3008 2345 3078; x_wconf 71' lang='lat' dir='ltr'><strong>genteri</strong></span> <span class='ocrx_word' id='word_1_659' title='bbox 2374 3008 2544 3063; x_wconf 87' lang='lat' dir='ltr'><strong>electo</strong></span> <span class='ocrx_word' id='word_1_660' title='bbox 2574 2997 2745 3073; x_wconf 76' lang='lat' dir='ltr'><strong>regali</strong></span> <span class='ocrx_word' id='word_1_661' title='bbox 2768 3016 2823 3061; x_wconf 93' lang='lat' dir='ltr'><strong>et</strong></span> <span class='ocrx_word' id='word_1_662' title='bbox 2861 3004 3202 3067; x_wconf 84' lang='lat' dir='ltr'><strong>sacerdotali,</strong></span> <span class='ocrx_word' id='word_1_663' title='bbox 3235 3003 3374 3071; x_wconf 90' lang='lat' dir='ltr'><strong>quod</strong></span> <span class='ocrx_word' id='word_1_664' title='bbox 3409 3002 3625 3071; x_wconf 87' lang='lat' dir='ltr'><strong>proprie</strong></span> <span class='ocrx_word' id='word_1_665' title='bbox 3668 2998 3727 3051; x_wconf 88' lang='lat' dir='ltr'><strong>ad</strong></span> 
     </span>
    </p>
   </div>
   <div class='ocr_carea' id='block_1_89' title="bbox 2165 3087 3729 3165">
    <p class='ocr_par' dir='ltr' id='par_1_89' title="bbox 2165 3087 3729 3165">
     <span class='ocr_line' id='line_1_89' title="bbox 2165 3087 3729 3165; baseline -0.01 -10"><span class='ocrx_word' id='word_1_666' title='bbox 2165 3101 2500 3156; x_wconf 84' lang='lat' dir='ltr'><strong>Christianos</strong></span> <span class='ocrx_word' id='word_1_667' title='bbox 2528 3098 2777 3162; x_wconf 78' lang='lat' dir='ltr'><strong>refertur,</strong></span> <span class='ocrx_word' id='word_1_668' title='bbox 2803 3097 2893 3165; x_wconf 88' lang='lat' dir='ltr'><strong>qui</strong></span> <span class='ocrx_word' id='word_1_669' title='bbox 2926 3096 3069 3149; x_wconf 92' lang='lat' dir='ltr'><strong>uncti</strong></span> <span class='ocrx_word' id='word_1_670' title='bbox 3098 3103 3222 3147; x_wconf 89' lang='lat' dir='ltr'><strong>sunt</strong></span> <span class='ocrx_word' id='word_1_671' title='bbox 3246 3093 3367 3146; x_wconf 90' lang='lat' dir='ltr'><strong>oleo</strong></span> <span class='ocrx_word' id='word_1_672' title='bbox 3390 3089 3637 3159; x_wconf 85' lang='lat' dir='ltr'><strong>spiritali,</strong></span> <span class='ocrx_word' id='word_1_673' title='bbox 3666 3087 3729 3141; x_wconf 88' lang='lat' dir='ltr'><strong>de</strong></span> 
     </span>
    </p>
   </div>
   <div class='ocr_carea' id='block_1_90' title="bbox 2163 3178 3730 3262">
    <p class='ocr_par' dir='ltr' id='par_1_90' title="bbox 2163 3178 3730 3262">
     <span class='ocr_line' id='line_1_90' title="bbox 2163 3178 3730 3262; baseline -0.01 -16"><span class='ocrx_word' id='word_1_674' title='bbox 2163 3206 2270 3262; x_wconf 92' lang='lat' dir='ltr'><strong>quo</strong></span> <span class='ocrx_word' id='word_1_675' title='bbox 2300 3192 2555 3260; x_wconf 89' lang='lat' dir='ltr'><strong>scriptum</strong></span> <span class='ocrx_word' id='word_1_676' title='bbox 2588 3197 2705 3245; x_wconf 87' lang='lat' dir='ltr'><strong>est:</strong></span> <span class='ocrx_word' id='word_1_677' title='bbox 2743 3186 2903 3242; x_wconf 78' lang='lat' dir='ltr'><strong>Unxit</strong></span> <span class='ocrx_word' id='word_1_678' title='bbox 2926 3195 2975 3239; x_wconf 90' lang='lat' dir='ltr'><strong>te</strong></span> <span class='ocrx_word' id='word_1_679' title='bbox 3002 3184 3164 3251; x_wconf 84' lang='lat' dir='ltr'><strong>Deus,</strong></span> <span class='ocrx_word' id='word_1_680' title='bbox 3196 3181 3335 3236; x_wconf 87' lang='lat' dir='ltr'><strong>Deus</strong></span> <span class='ocrx_word' id='word_1_681' title='bbox 3362 3192 3475 3235; x_wconf 86' lang='lat' dir='ltr'><strong>tuus</strong></span> <span class='ocrx_word' id='word_1_682' title='bbox 3509 3181 3620 3233; x_wconf 82' lang='lat' dir='ltr'><strong>oleo</strong></span> <span class='ocrx_word' id='word_1_683' title='bbox 3645 3178 3730 3231; x_wconf 74' lang='lat' dir='ltr'><strong>la—</strong></span> 
     </span>
    </p>
   </div>
   <div class='ocr_carea' id='block_1_91' title="bbox 2165 3267 3725 3347">
    <p class='ocr_par' dir='ltr' id='par_1_91' title="bbox 2165 3267 3725 3347">
     <span class='ocr_line' id='line_1_91' title="bbox 2165 3267 3725 3347; baseline -0.01 -14"><span class='ocrx_word' id='word_1_684' title='bbox 2165 3280 2290 3333; x_wconf 68' lang='lat' dir='ltr'><strong>titia:</strong></span> <span class='ocrx_word' id='word_1_685' title='bbox 2318 3295 2424 3347; x_wconf 74' lang='lat' dir='ltr'><strong>pra:</strong></span> <span class='ocrx_word' id='word_1_686' title='bbox 2450 3278 2764 3333; x_wconf 61' lang='lat' dir='ltr'><strong>consortibus</strong></span> <span class='ocrx_word' id='word_1_687' title='bbox 2795 3276 2918 3337; x_wconf 87' lang='lat' dir='ltr'><strong>tuis,</strong></span> <span class='ocrx_word' id='word_1_688' title='bbox 2946 3274 3058 3327; x_wconf 77' lang='lat' dir='ltr'><strong>ltzec</strong></span> <span class='ocrx_word' id='word_1_689' title='bbox 3090 3280 3353 3341; x_wconf 68' lang='lat' dir='ltr'><strong>praecepta</strong></span> <span class='ocrx_word' id='word_1_690' title='bbox 3386 3267 3725 3329; x_wconf 82' lang='lat' dir='ltr'><strong>conveniunt,</strong></span> 
     </span>
    </p>
   </div>
   <div class='ocr_carea' id='block_1_92' title="bbox 2167 3362 3728 3429">
    <p class='ocr_par' dir='ltr' id='par_1_92' title="bbox 2167 3362 3728 3429">
     <span class='ocr_line' id='line_1_92' title="bbox 2167 3362 3728 3429; baseline -0.007 -6"><span class='ocrx_word' id='word_1_691' title='bbox 2167 3381 2227 3424; x_wconf 92' lang='lat' dir='ltr'><strong>ut</strong></span> <span class='ocrx_word' id='word_1_692' title='bbox 2259 3369 2596 3425; x_wconf 84' lang='lat' dir='ltr'><strong>morticinqu</strong></span> <span class='ocrx_word' id='word_1_693' title='bbox 2627 3382 2732 3422; x_wconf 89' lang='lat' dir='ltr'><strong>non</strong></span> <span class='ocrx_word' id='word_1_694' title='bbox 2774 3365 3058 3421; x_wconf 88' lang='lat' dir='ltr'><strong>comedant</strong></span> <span class='ocrx_word' id='word_1_695' title='bbox 3101 3372 3207 3418; x_wconf 89' lang='lat' dir='ltr'><strong>tam</strong></span> <span class='ocrx_word' id='word_1_696' title='bbox 3236 3363 3304 3417; x_wconf 89' lang='lat' dir='ltr'><strong>de</strong></span> <span class='ocrx_word' id='word_1_697' title='bbox 3347 3362 3530 3415; x_wconf 85' lang='lat' dir='ltr'><strong>avibus</strong></span> <span class='ocrx_word' id='word_1_698' title='bbox 3573 3373 3728 3429; x_wconf 87' lang='lat' dir='ltr'><strong>quam</strong></span> 
     </span>
    </p>
   </div>
   <div class='ocr_carea' id='block_1_93' title="bbox 2166 3452 3728 3529">
    <p class='ocr_par' dir='ltr' id='par_1_93' title="bbox 2166 3452 3728 3529">
     <span class='ocr_line' id='line_1_93' title="bbox 2166 3452 3728 3529; baseline -0.01 -12"><span class='ocrx_word' id='word_1_699' title='bbox 2166 3460 2234 3517; x_wconf 90' lang='lat' dir='ltr'><strong>de</strong></span> <span class='ocrx_word' id='word_1_700' title='bbox 2265 3462 2565 3529; x_wconf 90' lang='lat' dir='ltr'><strong>pecoribus,</strong></span> <span class='ocrx_word' id='word_1_701' title='bbox 2590 3460 2742 3529; x_wconf 88' lang='lat' dir='ltr'><strong>cujus</strong></span> <span class='ocrx_word' id='word_1_702' title='bbox 2772 3471 3104 3525; x_wconf 87' lang='lat' dir='ltr'><strong>nequaquam</strong></span> <span class='ocrx_word' id='word_1_703' title='bbox 3130 3453 3345 3524; x_wconf 76' lang='lat' dir='ltr'><strong>sanguis</strong></span> <span class='ocrx_word' id='word_1_704' title='bbox 3389 3452 3585 3507; x_wconf 75' lang='lat' dir='ltr'><strong>eﬂusus</strong></span> <span class='ocrx_word' id='word_1_705' title='bbox 3628 3460 3728 3512; x_wconf 84' lang='lat' dir='ltr'><strong>est,</strong></span> 
     </span>
    </p>
   </div>
   <div class='ocr_carea' id='block_1_94' title="bbox 2164 3542 3726 3623">
    <p class='ocr_par' dir='ltr' id='par_1_94' title="bbox 2164 3542 3726 3623">
     <span class='ocr_line' id='line_1_94' title="bbox 2164 3542 3726 3623; baseline -0.008 -17"><span class='ocrx_word' id='word_1_706' title='bbox 2164 3551 2305 3623; x_wconf 82' lang='lat' dir='ltr'><strong>quod</strong></span> <span class='ocrx_word' id='word_1_707' title='bbox 2345 3553 2397 3606; x_wconf 92' lang='lat' dir='ltr'><strong>in</strong></span> <span class='ocrx_word' id='word_1_708' title='bbox 2429 3551 2646 3607; x_wconf 78' lang='lat' dir='ltr'><strong>Actibus</strong></span> <span class='ocrx_word' id='word_1_709' title='bbox 2670 3549 3035 3616; x_wconf 85' lang='lat' dir='ltr'><strong>apostolorum</strong></span> <span class='ocrx_word' id='word_1_710' title='bbox 3066 3545 3259 3601; x_wconf 88' lang='lat' dir='ltr'><strong>dicitur</strong></span> <span class='ocrx_word' id='word_1_711' title='bbox 3303 3542 3643 3607; x_wconf 82' lang='lat' dir='ltr'><strong>sulIocatum;</strong></span> <span class='ocrx_word' id='word_1_712' title='bbox 3675 3550 3726 3594; x_wconf 86' lang='lat' dir='ltr'><strong>et</strong></span> 
     </span>
    </p>
   </div>
   <div class='ocr_carea' id='block_1_95' title="bbox 2164 3630 3731 3710">
    <p class='ocr_par' dir='ltr' id='par_1_95' title="bbox 2164 3630 3731 3710">
     <span class='ocr_line' id='line_1_95' title="bbox 2164 3630 3731 3710; baseline -0.006 -18"><span class='ocrx_word' id='word_1_713' title='bbox 2164 3656 2282 3710; x_wconf 67' lang='lat' dir='ltr'><strong>qua</strong></span> <span class='ocrx_word' id='word_1_714' title='bbox 2322 3642 2626 3697; x_wconf 83' lang='lat' dir='ltr'><strong>necessario</strong></span> <span class='ocrx_word' id='word_1_715' title='bbox 2654 3637 2985 3692; x_wconf 84' lang='lat' dir='ltr'><strong>observanda</strong></span> <span class='ocrx_word' id='word_1_716' title='bbox 3028 3635 3384 3707; x_wconf 86' lang='lat' dir='ltr'><strong>apostolorum</strong></span> <span class='ocrx_word' id='word_1_717' title='bbox 3413 3630 3479 3685; x_wconf 90' lang='lat' dir='ltr'><strong>de</strong></span> <span class='ocrx_word' id='word_1_718' title='bbox 3518 3630 3731 3685; x_wconf 79' lang='lat' dir='ltr'><strong>Jerusa-</strong></span> 
     </span>
    </p>
   </div>
   <div class='ocr_carea' id='block_1_96' title="bbox 2168 3722 3729 3804">
    <p class='ocr_par' dir='ltr' id='par_1_96' title="bbox 2168 3722 3729 3804">
     <span class='ocr_line' id='line_1_96' title="bbox 2168 3722 3729 3804; baseline -0.008 -17"><span class='ocrx_word' id='word_1_719' title='bbox 2168 3735 2271 3789; x_wconf 90' lang='lat' dir='ltr'><strong>lem</strong></span> <span class='ocrx_word' id='word_1_720' title='bbox 2312 3733 2547 3804; x_wconf 85' lang='lat' dir='ltr'><strong>Epistola</strong></span> <span class='ocrx_word' id='word_1_721' title='bbox 2578 3741 2784 3795; x_wconf 89' lang='lat' dir='ltr'><strong>monet;</strong></span> <span class='ocrx_word' id='word_1_722' title='bbox 2808 3739 2861 3785; x_wconf 90' lang='lat' dir='ltr'><strong>et</strong></span> <span class='ocrx_word' id='word_1_723' title='bbox 2890 3738 3102 3796; x_wconf 88' lang='lat' dir='ltr'><strong>captum</strong></span> <span class='ocrx_word' id='word_1_724' title='bbox 3130 3741 3161 3782; x_wconf 88' lang='lat' dir='ltr'><strong>a</strong></span> <span class='ocrx_word' id='word_1_725' title='bbox 3191 3726 3382 3787; x_wconf 86' lang='lat' dir='ltr'><strong>bestia.</strong></span> <span class='ocrx_word' id='word_1_726' title='bbox 3413 3723 3530 3795; x_wconf 84' lang='lat' dir='ltr'><strong>quia</strong></span> <span class='ocrx_word' id='word_1_727' title='bbox 3560 3732 3613 3777; x_wconf 90' lang='lat' dir='ltr'><strong>et</strong></span> <span class='ocrx_word' id='word_1_728' title='bbox 3655 3722 3729 3790; x_wconf 80' lang='lat' dir='ltr'><strong>ip-</strong></span> 
     </span>
    </p>
   </div>
   <div class='ocr_carea' id='block_1_97' title="bbox 2164 3815 3728 3883">
    <p class='ocr_par' dir='ltr' id='par_1_97' title="bbox 2164 3815 3728 3883">
     <span class='ocr_line' id='line_1_97' title="bbox 2164 3815 3728 3883; baseline -0.006 -6"><span class='ocrx_word' id='word_1_729' title='bbox 2164 3837 2280 3877; x_wconf 91' lang='lat' dir='ltr'><strong>sum</strong></span> <span class='ocrx_word' id='word_1_730' title='bbox 2326 3821 2572 3877; x_wconf 87' lang='lat' dir='ltr'><strong>similiter</strong></span> <span class='ocrx_word' id='word_1_731' title='bbox 2614 3818 2931 3875; x_wconf 71' lang='lat' dir='ltr'><strong>sudocatum</strong></span> <span class='ocrx_word' id='word_1_732' title='bbox 2972 3828 3081 3883; x_wconf 83' lang='lat' dir='ltr'><strong>est;</strong></span> <span class='ocrx_word' id='word_1_733' title='bbox 3110 3825 3165 3872; x_wconf 89' lang='lat' dir='ltr'><strong>et</strong></span> <span class='ocrx_word' id='word_1_734' title='bbox 3204 3815 3521 3869; x_wconf 87' lang='lat' dir='ltr'><strong>condemnat</strong></span> <span class='ocrx_word' id='word_1_735' title='bbox 3558 3827 3728 3867; x_wconf 52' lang='lat' dir='ltr'><strong>sacer.</strong></span> 
     </span>
    </p>
   </div>
   <div class='ocr_carea' id='block_1_98' title="bbox 2167 3906 3726 3982">
    <p class='ocr_par' dir='ltr' id='par_1_98' title="bbox 2167 3906 3726 3982">
     <span class='ocr_line' id='line_1_98' title="bbox 2167 3906 3726 3982; baseline -0.007 -13"><span class='ocrx_word' id='word_1_736' title='bbox 2167 3915 2342 3979; x_wconf 87' lang='lat' dir='ltr'><strong>dotes,</strong></span> <span class='ocrx_word' id='word_1_737' title='bbox 2367 3915 2455 3982; x_wconf 89' lang='lat' dir='ltr'><strong>qui</strong></span> <span class='ocrx_word' id='word_1_738' title='bbox 2485 3915 2536 3967; x_wconf 93' lang='lat' dir='ltr'><strong>in</strong></span> <span class='ocrx_word' id='word_1_739' title='bbox 2560 3912 2749 3975; x_wconf 83' lang='lat' dir='ltr'><strong>turdis,</strong></span> <span class='ocrx_word' id='word_1_740' title='bbox 2778 3909 3039 3972; x_wconf 80' lang='lat' dir='ltr'><strong>ﬁcedulis,</strong></span> <span class='ocrx_word' id='word_1_741' title='bbox 3067 3909 3307 3978; x_wconf 72' lang='lat' dir='ltr'><strong>gliribus,</strong></span> <span class='ocrx_word' id='word_1_742' title='bbox 3331 3917 3381 3963; x_wconf 89' lang='lat' dir='ltr'><strong>et</strong></span> <span class='ocrx_word' id='word_1_743' title='bbox 3405 3906 3613 3962; x_wconf 63' lang='lat' dir='ltr'><strong>ueteris</strong></span> <span class='ocrx_word' id='word_1_744' title='bbox 3635 3911 3726 3959; x_wconf 79' lang='lat' dir='ltr'><strong>liu-</strong></span> 
     </span>
    </p>
   </div>
   <div class='ocr_carea' id='block_1_99' title="bbox 2161 4000 3359 4075">
    <p class='ocr_par' dir='ltr' id='par_1_99' title="bbox 2161 4000 3359 4075">
     <span class='ocr_line' id='line_1_99' title="bbox 2161 4000 3359 4075; baseline -0.006 -18"><span class='ocrx_word' id='word_1_745' title='bbox 2161 4004 2394 4075; x_wconf 87' lang='lat' dir='ltr'><strong>jusmodi</strong></span> <span class='ocrx_word' id='word_1_746' title='bbox 2425 4004 2541 4058; x_wconf 69' lang='lat' dir='ltr'><strong>haec</strong></span> <span class='ocrx_word' id='word_1_747' title='bbox 2566 4003 2817 4057; x_wconf 82' lang='lat' dir='ltr'><strong>aviditate</strong></span> <span class='ocrx_word' id='word_1_748' title='bbox 2845 4002 2981 4070; x_wconf 70' lang='lat' dir='ltr'><strong>gula:</strong></span> <span class='ocrx_word' id='word_1_749' title='bbox 3003 4000 3359 4055; x_wconf 66' lang='lat' dir='ltr'><strong>custodiunt.»</strong></span> 
     </span>
    </p>
   </div>
   <div class='ocr_carea' id='block_1_100' title="bbox 2236 4088 3724 4156">
    <p class='ocr_par' dir='ltr' id='par_1_100' title="bbox 2236 4088 3724 4156">
     <span class='ocr_line' id='line_1_100' title="bbox 2236 4088 3724 4156; baseline -0.007 -6"><span class='ocrx_word' id='word_1_750' title='bbox 2236 4094 2590 4150; x_wconf 77' lang='lat' dir='ltr'><strong>Turbaeerunt</strong></span> <span class='ocrx_word' id='word_1_751' title='bbox 2627 4110 2712 4147; x_wconf 83' lang='lat' dir='ltr'><strong>vos</strong></span> <span class='ocrx_word' id='word_1_752' title='bbox 2750 4102 3023 4146; x_wconf 81' lang='lat' dir='ltr'><strong>evertentes</strong></span> <span class='ocrx_word' id='word_1_753' title='bbox 3062 4092 3257 4144; x_wconf 87' lang='lat' dir='ltr'><strong>animas</strong></span> <span class='ocrx_word' id='word_1_754' title='bbox 3296 4099 3516 4150; x_wconf 80' lang='lat' dir='ltr'><strong>vestras.</strong></span> <span class='ocrx_word' id='word_1_755' title='bbox 3552 4088 3724 4156; x_wconf 80' lang='lat' dir='ltr'><strong>quibus</strong></span> 
     </span>
    </p>
   </div>
   <div class='ocr_carea' id='block_1_101' title="bbox 2164 4178 3721 4251">
    <p class='ocr_par' dir='ltr' id='par_1_101' title="bbox 2164 4178 3721 4251">
     <span class='ocr_line' id='line_1_101' title="bbox 2164 4178 3721 4251; baseline -0.008 -8"><span class='ocrx_word' id='word_1_756' title='bbox 2164 4206 2265 4243; x_wconf 90' lang='lat' dir='ltr'><strong>non</strong></span> <span class='ocrx_word' id='word_1_757' title='bbox 2291 4188 2662 4242; x_wconf 85' lang='lat' dir='ltr'><strong>mandavimus.</strong></span> <span class='ocrx_word' id='word_1_758' title='bbox 2693 4186 2746 4239; x_wconf 89' lang='lat' dir='ltr'><strong>lu</strong></span> <span class='ocrx_word' id='word_1_759' title='bbox 2788 4184 2974 4239; x_wconf 71' lang='lat' dir='ltr'><strong>Gratth</strong></span> <span class='ocrx_word' id='word_1_760' title='bbox 3007 4183 3119 4251; x_wconf 87' lang='lat' dir='ltr'><strong>plus</strong></span> <span class='ocrx_word' id='word_1_761' title='bbox 3144 4183 3405 4237; x_wconf 82' lang='lat' dir='ltr'><strong>habetur:</strong></span> <span class='ocrx_word' id='word_1_762' title='bbox 3442 4178 3721 4235; x_wconf 76' lang='lat' dir='ltr'><strong>Evertentrs</strong></span> 
     </span>
    </p>
   </div>
   <div class='ocr_carea' id='block_1_102' title="bbox 2164 4270 3721 4341">
    <p class='ocr_par' dir='ltr' id='par_1_102' title="bbox 2164 4270 3721 4341">
     <span class='ocr_line' id='line_1_102' title="bbox 2164 4270 3721 4341; baseline -0.006 -8"><span class='ocrx_word' id='word_1_763' title='bbox 2164 4281 2363 4333; x_wconf 88' lang='lat' dir='ltr'><strong>animas</strong></span> <span class='ocrx_word' id='word_1_764' title='bbox 2412 4289 2601 4332; x_wconf 78' lang='lat' dir='ltr'><strong>vestras</strong></span> <span class='ocrx_word' id='word_1_765' title='bbox 2650 4277 2910 4329; x_wconf 82' lang='lat' dir='ltr'><strong>dicentes:</strong></span> <span class='ocrx_word' id='word_1_766' title='bbox 2944 4273 3248 4328; x_wconf 81' lang='lat' dir='ltr'><strong>Circumcidi</strong></span> <span class='ocrx_word' id='word_1_767' title='bbox 3292 4282 3512 4341; x_wconf 81' lang='lat' dir='ltr'><strong>Oportet,</strong></span> <span class='ocrx_word' id='word_1_768' title='bbox 3552 4282 3598 4324; x_wconf 89' lang='lat' dir='ltr'><strong>et</strong></span> <span class='ocrx_word' id='word_1_769' title='bbox 3641 4270 3721 4324; x_wconf 84' lang='lat' dir='ltr'><strong>ob-</strong></span> 
     </span>
    </p>
   </div>
   <div class='ocr_carea' id='block_1_103' title="bbox 2166 4364 3305 4440">
    <p class='ocr_par' dir='ltr' id='par_1_103' title="bbox 2166 4364 3305 4440">
     <span class='ocr_line' id='line_1_103' title="bbox 2166 4364 3305 4440; baseline -0.004 -18"><span class='ocrx_word' id='word_1_770' title='bbox 2166 4384 2363 4422; x_wconf 80' lang='lat' dir='ltr'><strong>servare</strong></span> <span class='ocrx_word' id='word_1_771' title='bbox 2393 4368 2577 4440; x_wconf 79' lang='lat' dir='ltr'><strong>legem,</strong></span> <span class='ocrx_word' id='word_1_772' title='bbox 2605 4366 2784 4435; x_wconf 81' lang='lat' dir='ltr'><strong>quibus</strong></span> <span class='ocrx_word' id='word_1_773' title='bbox 2810 4381 2909 4418; x_wconf 90' lang='lat' dir='ltr'><strong>non</strong></span> <span class='ocrx_word' id='word_1_774' title='bbox 2938 4364 3305 4417; x_wconf 84' lang='lat' dir='ltr'><strong>mandavimus.</strong></span> 
     </span>
    </p>
   </div>
   <div class='ocr_carea' id='block_1_104' title="bbox 2085 4449 3722 4549">
    <p class='ocr_par' dir='ltr' id='par_1_104' title="bbox 2085 4449 3722 4549">
     <span class='ocr_line' id='line_1_104' title="bbox 2085 4449 3722 4549; baseline -0.008 -37"><span class='ocrx_word' id='word_1_775' title='bbox 2085 4486 2141 4549; x_wconf 71' lang='grc' dir='ltr'>ι)</span> <span class='ocrx_word' id='word_1_776' title='bbox 2242 4458 2345 4522; x_wconf 81' lang='lat' dir='ltr'><strong>Qui</strong></span> <span class='ocrx_word' id='word_1_777' title='bbox 2388 4457 2708 4510; x_wconf 82' lang='lat' dir='ltr'><strong>tradiderunt</strong></span> <span class='ocrx_word' id='word_1_778' title='bbox 2749 4456 2947 4508; x_wconf 85' lang='lat' dir='ltr'><strong>animos</strong></span> <span class='ocrx_word' id='word_1_779' title='bbox 2976 4469 3095 4507; x_wconf 89' lang='lat' dir='ltr'><strong>suas</strong></span> <span class='ocrx_word' id='word_1_780' title='bbox 3142 4468 3233 4523; x_wconf 84' lang='lat' dir='ltr'><strong>pro</strong></span> <span class='ocrx_word' id='word_1_781' title='bbox 3283 4454 3486 4506; x_wconf 86' lang='lat' dir='ltr'><strong>nomine</strong></span> <span class='ocrx_word' id='word_1_782' title='bbox 3528 4449 3722 4503; x_wconf 79' lang='lat' dir='ltr'><strong>Domini</strong></span> 
     </span>
    </p>
   </div>
   <div class='ocr_carea' id='block_1_105' title="bbox 2164 4541 3715 4603">
    <p class='ocr_par' dir='ltr' id='par_1_105' title="bbox 2164 4541 3715 4603">
     <span class='ocr_line' id='line_1_105' title="bbox 2164 4541 3715 4603; baseline -0.007 0"><span class='ocrx_word' id='word_1_783' title='bbox 2164 4549 2323 4603; x_wconf 85' lang='lat' dir='ltr'><strong>nostri</strong></span> <span class='ocrx_word' id='word_1_784' title='bbox 2345 4546 2469 4601; x_wconf 80' lang='lat' dir='ltr'><strong>Jesu</strong></span> <span class='ocrx_word' id='word_1_785' title='bbox 2496 4545 2704 4601; x_wconf 87' lang='lat' dir='ltr'><strong>Christi.</strong></span> <span class='ocrx_word' id='word_1_786' title='bbox 2738 4545 2792 4600; x_wconf 90' lang='lat' dir='ltr'><strong>In</strong></span> <span class='ocrx_word' id='word_1_787' title='bbox 2822 4544 3009 4600; x_wconf 62' lang='lat' dir='ltr'><strong>Caeco</strong></span> <span class='ocrx_word' id='word_1_788' title='bbox 3032 4543 3265 4599; x_wconf 83' lang='lat' dir='ltr'><strong>additum</strong></span> <span class='ocrx_word' id='word_1_789' title='bbox 3300 4541 3366 4597; x_wconf 83' lang='lat' dir='ltr'><strong>In</strong></span> <span class='ocrx_word' id='word_1_790' title='bbox 3398 4559 3598 4597; x_wconf 86' lang='lat' dir='ltr'><strong>omnem</strong></span> <span class='ocrx_word' id='word_1_791' title='bbox 3618 4554 3715 4597; x_wconf 86' lang='lat' dir='ltr'><strong>teu-</strong></span> 
     </span>
    </p>
   </div>
   <div class='ocr_carea' id='block_1_106' title="bbox 2161 4642 2416 4695">
    <p class='ocr_par' dir='ltr' id='par_1_106' title="bbox 2161 4642 2416 4695">
     <span class='ocr_line' id='line_1_106' title="bbox 2161 4642 2416 4695; baseline -0.016 0"><span class='ocrx_word' id='word_1_792' title='bbox 2161 4642 2416 4695; x_wconf 63' lang='lat' dir='ltr'><strong>tationem.</strong></span> 
     </span>
    </p>
   </div>
   <div class='ocr_carea' id='block_1_107' title="bbox 2236 4726 3719 4796">
    <p class='ocr_par' dir='ltr' id='par_1_107' title="bbox 2236 4726 3719 4796">
     <span class='ocr_line' id='line_1_107' title="bbox 2236 4726 3719 4796; baseline -0.005 -9"><span class='ocrx_word' id='word_1_793' title='bbox 2236 4732 2414 4787; x_wconf 83' lang='lat' dir='ltr'><strong>Visum</strong></span> <span class='ocrx_word' id='word_1_794' title='bbox 2444 4739 2516 4785; x_wconf 90' lang='lat' dir='ltr'><strong>est</strong></span> <span class='ocrx_word' id='word_1_795' title='bbox 2556 4730 2687 4784; x_wconf 86' lang='lat' dir='ltr'><strong>enim</strong></span> <span class='ocrx_word' id='word_1_796' title='bbox 2717 4727 2940 4796; x_wconf 85' lang='lat' dir='ltr'><strong>Spiritui</strong></span> <span class='ocrx_word' id='word_1_797' title='bbox 2970 4738 3169 4795; x_wconf 86' lang='lat' dir='ltr'><strong>sancto,</strong></span> <span class='ocrx_word' id='word_1_798' title='bbox 3198 4736 3243 4782; x_wconf 88' lang='lat' dir='ltr'><strong>et</strong></span> <span class='ocrx_word' id='word_1_799' title='bbox 3275 4728 3437 4781; x_wconf 80' lang='lat' dir='ltr'><strong>nobis.</strong></span> <span class='ocrx_word' id='word_1_800' title='bbox 3463 4726 3517 4781; x_wconf 88' lang='lat' dir='ltr'><strong>In</strong></span> <span class='ocrx_word' id='word_1_801' title='bbox 3547 4726 3719 4782; x_wconf 65' lang='lat' dir='ltr'><strong>Graeco</strong></span> 
     </span>
    </p>
   </div>
   <div class='ocr_carea' id='block_1_108' title="bbox 2161 4820 3718 4894">
    <p class='ocr_par' dir='ltr' id='par_1_108' title="bbox 2161 4820 3718 4894">
     <span class='ocr_line' id='line_1_108' title="bbox 2161 4820 3718 4894; baseline -0.004 -16"><span class='ocrx_word' id='word_1_802' title='bbox 2161 4826 2415 4894; x_wconf 86' lang='lat' dir='ltr'><strong>scriptum</strong></span> <span class='ocrx_word' id='word_1_803' title='bbox 2470 4832 2607 4879; x_wconf 87' lang='lat' dir='ltr'><strong>est:</strong></span> <span class='ocrx_word' id='word_1_804' title='bbox 2658 4820 2867 4875; x_wconf 81' lang='lat' dir='ltr'><strong>Placuit</strong></span> <span class='ocrx_word' id='word_1_805' title='bbox 2933 4821 3068 4874; x_wconf 87' lang='lat' dir='ltr'><strong>enim</strong></span> <span class='ocrx_word' id='word_1_806' title='bbox 3140 4820 3360 4889; x_wconf 82' lang='lat' dir='ltr'><strong>Spiritui</strong></span> <span class='ocrx_word' id='word_1_807' title='bbox 3426 4831 3631 4884; x_wconf 82' lang='lat' dir='ltr'><strong>sancta,</strong></span> <span class='ocrx_word' id='word_1_808' title='bbox 3676 4826 3718 4872; x_wconf 84' lang='lat' dir='ltr'><strong>et</strong></span> 
     </span>
    </p>
   </div>
   <div class='ocr_carea' id='block_1_109' title="bbox 2162 4916 2323 4971">
    <p class='ocr_par' dir='ltr' id='par_1_109' title="bbox 2162 4916 2323 4971">
     <span class='ocr_line' id='line_1_109' title="bbox 2162 4916 2323 4971; baseline 0.012 -2"><span class='ocrx_word' id='word_1_809' title='bbox 2162 4916 2323 4971; x_wconf 81' lang='lat' dir='ltr'><strong>nobis.</strong></span> 
     </span>
    </p>
   </div>
   <div class='ocr_carea' id='block_1_110' title="bbox 2234 5002 3720 5072">
    <p class='ocr_par' dir='ltr' id='par_1_110' title="bbox 2234 5002 3720 5072">
     <span class='ocr_line' id='line_1_110' title="bbox 2234 5002 3720 5072; baseline -0.001 -13"><span class='ocrx_word' id='word_1_810' title='bbox 2234 5006 2444 5059; x_wconf 86' lang='lat' dir='ltr'><strong>Dimissi</strong></span> <span class='ocrx_word' id='word_1_811' title='bbox 2469 5013 2587 5059; x_wconf 87' lang='lat' dir='ltr'><strong>sunt</strong></span> <span class='ocrx_word' id='word_1_812' title='bbox 2608 5019 2723 5059; x_wconf 88' lang='lat' dir='ltr'><strong>cum</strong></span> <span class='ocrx_word' id='word_1_813' title='bbox 2763 5018 2887 5072; x_wconf 86' lang='lat' dir='ltr'><strong>pace</strong></span> <span class='ocrx_word' id='word_1_814' title='bbox 2908 5020 2939 5055; x_wconf 81' lang='grc' dir='ltr'><em>α</em></span> <span class='ocrx_word' id='word_1_815' title='bbox 2967 5002 3211 5071; x_wconf 78' lang='lat' dir='ltr'><strong>fratribus</strong></span> <span class='ocrx_word' id='word_1_816' title='bbox 3240 5002 3307 5055; x_wconf 86' lang='lat' dir='ltr'><strong>ad</strong></span> <span class='ocrx_word' id='word_1_817' title='bbox 3334 5016 3441 5065; x_wconf 85' lang='lat' dir='ltr'><strong>eos,</strong></span> <span class='ocrx_word' id='word_1_818' title='bbox 3468 5003 3554 5072; x_wconf 85' lang='lat' dir='ltr'><strong>qui</strong></span> <span class='ocrx_word' id='word_1_819' title='bbox 3581 5002 3720 5057; x_wconf 75' lang='lat' dir='ltr'><strong>mise-</strong></span> 
     </span>
    </p>
   </div>
   <div class='ocr_carea' id='block_1_111' title="bbox 2161 5098 3709 5168">
    <p class='ocr_par' dir='ltr' id='par_1_111' title="bbox 2161 5098 3709 5168">
     <span class='ocr_line' id='line_1_111' title="bbox 2161 5098 3709 5168; baseline -0.003 -13"><span class='ocrx_word' id='word_1_820' title='bbox 2161 5110 2280 5155; x_wconf 86' lang='lat' dir='ltr'><strong>runt</strong></span> <span class='ocrx_word' id='word_1_821' title='bbox 2306 5101 2437 5154; x_wconf 86' lang='lat' dir='ltr'><strong>illos.</strong></span> <span class='ocrx_word' id='word_1_822' title='bbox 2483 5099 2584 5153; x_wconf 89' lang='lat' dir='ltr'><strong>Pro</strong></span> <span class='ocrx_word' id='word_1_823' title='bbox 2610 5114 2674 5152; x_wconf 91' lang='lat' dir='ltr'><strong>eo</strong></span> <span class='ocrx_word' id='word_1_824' title='bbox 2702 5098 2840 5168; x_wconf 89' lang='lat' dir='ltr'><strong>quod</strong></span> <span class='ocrx_word' id='word_1_825' title='bbox 2870 5108 2950 5151; x_wconf 82' lang='lat' dir='ltr'><strong>est</strong></span> <span class='ocrx_word' id='word_1_826' title='bbox 2976 5098 3054 5150; x_wconf 84' lang='lat' dir='ltr'><strong>Ad</strong></span> <span class='ocrx_word' id='word_1_827' title='bbox 3080 5113 3161 5151; x_wconf 84' lang='lat' dir='ltr'><strong>eos</strong></span> <span class='ocrx_word' id='word_1_828' title='bbox 3192 5098 3278 5165; x_wconf 82' lang='lat' dir='ltr'><strong>qui</strong></span> <span class='ocrx_word' id='word_1_829' title='bbox 3308 5098 3551 5152; x_wconf 75' lang='lat' dir='ltr'><strong>miserunt</strong></span> <span class='ocrx_word' id='word_1_830' title='bbox 3580 5100 3709 5165; x_wconf 81' lang='lat' dir='ltr'><strong>illos,</strong></span> 
     </span>
    </p>
   </div>
   <div class='ocr_carea' id='block_1_112' title="bbox 2164 5187 3088 5255">
    <p class='ocr_par' dir='ltr' id='par_1_112' title="bbox 2164 5187 3088 5255">
     <span class='ocr_line' id='line_1_112' title="bbox 2164 5187 3088 5255; baseline -0.008 -9"><span class='ocrx_word' id='word_1_831' title='bbox 2164 5194 2214 5247; x_wconf 88' lang='lat' dir='ltr'><strong>in</strong></span> <span class='ocrx_word' id='word_1_832' title='bbox 2238 5192 2422 5248; x_wconf 58' lang='lat' dir='ltr'><strong>Graeco</strong></span> <span class='ocrx_word' id='word_1_833' title='bbox 2452 5190 2674 5246; x_wconf 80' lang='lat' dir='ltr'><strong>habetur</strong></span> <span class='ocrx_word' id='word_1_834' title='bbox 2698 5188 2778 5242; x_wconf 84' lang='lat' dir='ltr'><strong>Ad</strong></span> <span class='ocrx_word' id='word_1_835' title='bbox 2802 5187 3088 5255; x_wconf 83' lang='lat' dir='ltr'><strong>Apestolos.</strong></span> 
     </span>
    </p>
   </div>
   <div class='ocr_carea' id='block_1_113' title="bbox 2740 5275 3121 5334">
    <p class='ocr_par' dir='ltr' id='par_1_113' title="bbox 2740 5275 3121 5334">
     <span class='ocr_line' id='line_1_113' title="bbox 2740 5275 3121 5334; baseline -0.01 0"><span class='ocrx_word' id='word_1_836' title='bbox 2740 5275 2963 5334; x_wconf 75' lang='lat' dir='ltr'><strong>CAPUT</strong></span> <span class='ocrx_word' id='word_1_837' title='bbox 3004 5276 3121 5331; x_wconf 77' lang='lat' dir='ltr'><strong>XVI</strong></span> 
     </span>
    </p>
   </div>
   <div class='ocr_carea' id='block_1_114' title="bbox 2236 5368 3716 5436">
    <p class='ocr_par' dir='ltr' id='par_1_114' title="bbox 2236 5368 3716 5436">
     <span class='ocr_line' id='line_1_114' title="bbox 2236 5368 3716 5436; baseline -0.003 -9"><span class='ocrx_word' id='word_1_838' title='bbox 2236 5373 2301 5428; x_wconf 80' lang='lat' dir='ltr'><strong>Et</strong></span> <span class='ocrx_word' id='word_1_839' title='bbox 2328 5390 2586 5429; x_wconf 85' lang='lat' dir='ltr'><strong>assumens</strong></span> <span class='ocrx_word' id='word_1_840' title='bbox 2608 5369 2921 5425; x_wconf 85' lang='lat' dir='ltr'><strong>circumcidit</strong></span> <span class='ocrx_word' id='word_1_841' title='bbox 2962 5382 3076 5421; x_wconf 67' lang='lat' dir='ltr'><strong>eum</strong></span> <span class='ocrx_word' id='word_1_842' title='bbox 3114 5377 3323 5436; x_wconf 59' lang='lat' dir='ltr'><strong>&quot;apter</strong></span> <span class='ocrx_word' id='word_1_843' title='bbox 3348 5368 3586 5427; x_wconf 68' lang='lat' dir='ltr'><strong>Iudaea.</strong></span> <span class='ocrx_word' id='word_1_844' title='bbox 3618 5369 3716 5423; x_wconf 68' lang='lat' dir='ltr'><strong>ile-</strong></span> 
     </span>
    </p>
   </div>
   <div class='ocr_carea' id='block_1_115' title="bbox 2163 5458 3718 5534">
    <p class='ocr_par' dir='ltr' id='par_1_115' title="bbox 2163 5458 3718 5534">
     <span class='ocr_line' id='line_1_115' title="bbox 2163 5458 3718 5534; baseline -0.008 -11"><span class='ocrx_word' id='word_1_845' title='bbox 2163 5467 2268 5523; x_wconf 92' lang='lat' dir='ltr'><strong>rito</strong></span> <span class='ocrx_word' id='word_1_846' title='bbox 2293 5464 2568 5534; x_wconf 65' lang='lat' dir='ltr'><strong>queritur,</strong></span> <span class='ocrx_word' id='word_1_847' title='bbox 2592 5476 2757 5532; x_wconf 87' lang='lat' dir='ltr'><strong>quare</strong></span> <span class='ocrx_word' id='word_1_848' title='bbox 2784 5460 3096 5528; x_wconf 79' lang='lat' dir='ltr'><strong>Apostolus,</strong></span> <span class='ocrx_word' id='word_1_849' title='bbox 3127 5460 3216 5527; x_wconf 88' lang='lat' dir='ltr'><strong>qui</strong></span> <span class='ocrx_word' id='word_1_850' title='bbox 3246 5458 3590 5515; x_wconf 82' lang='lat' dir='ltr'><strong>Timotheum</strong></span> <span class='ocrx_word' id='word_1_851' title='bbox 3620 5460 3718 5512; x_wconf 87' lang='lat' dir='ltr'><strong>cir-</strong></span> 
     </span>
    </p>
   </div>
   <div class='ocr_carea' id='block_1_116' title="bbox 2162 5547 3718 5623">
    <p class='ocr_par' dir='ltr' id='par_1_116' title="bbox 2162 5547 3718 5623">
     <span class='ocr_line' id='line_1_116' title="bbox 2162 5547 3718 5623; baseline -0.01 -9"><span class='ocrx_word' id='word_1_852' title='bbox 2162 5555 2435 5623; x_wconf 77' lang='lat' dir='ltr'><strong>cumcidit,</strong></span> <span class='ocrx_word' id='word_1_853' title='bbox 2463 5555 2638 5610; x_wconf 84' lang='lat' dir='ltr'><strong>Titum</strong></span> <span class='ocrx_word' id='word_1_854' title='bbox 2667 5550 3051 5607; x_wconf 87' lang='lat' dir='ltr'><strong>circumcidere</strong></span> <span class='ocrx_word' id='word_1_855' title='bbox 3082 5548 3332 5615; x_wconf 87' lang='lat' dir='ltr'><strong>noluerit,</strong></span> <span class='ocrx_word' id='word_1_856' title='bbox 3367 5560 3420 5603; x_wconf 93' lang='lat' dir='ltr'><strong>ut</strong></span> <span class='ocrx_word' id='word_1_857' title='bbox 3454 5550 3568 5618; x_wconf 82' lang='lat' dir='ltr'><strong>ipse</strong></span> <span class='ocrx_word' id='word_1_858' title='bbox 3596 5547 3718 5603; x_wconf 86' lang='lat' dir='ltr'><strong>sori-</strong></span> 
     </span>
    </p>
   </div>
   <div class='ocr_carea' id='block_1_117' title="bbox 2166 5639 3716 5717">
    <p class='ocr_par' dir='ltr' id='par_1_117' title="bbox 2166 5639 3716 5717">
     <span class='ocr_line' id='line_1_117' title="bbox 2166 5639 3716 5717; baseline -0.008 -13"><span class='ocrx_word' id='word_1_859' title='bbox 2166 5652 2242 5704; x_wconf 90' lang='lat' dir='ltr'><strong>bit</strong></span> <span class='ocrx_word' id='word_1_860' title='bbox 2270 5647 2335 5702; x_wconf 89' lang='lat' dir='ltr'><strong>ad</strong></span> <span class='ocrx_word' id='word_1_861' title='bbox 2382 5645 2613 5701; x_wconf 78' lang='lat' dir='ltr'><strong>Galatas.</strong></span> <span class='ocrx_word' id='word_1_862' title='bbox 2642 5645 2745 5700; x_wconf 86' lang='lat' dir='ltr'><strong>Sed</strong></span> <span class='ocrx_word' id='word_1_863' title='bbox 2794 5640 3192 5717; x_wconf 79' lang='lat' dir='ltr'><strong>intelligendum</strong></span> <span class='ocrx_word' id='word_1_864' title='bbox 3225 5641 3345 5708; x_wconf 86' lang='lat' dir='ltr'><strong>quia</strong></span> <span class='ocrx_word' id='word_1_865' title='bbox 3391 5639 3716 5695; x_wconf 77' lang='lat' dir='ltr'><strong>Timotheum</strong></span> 
     </span>
    </p>
   </div>
   <div class='ocr_carea' id='block_1_118' title="bbox 2166 5733 3719 5811">
    <p class='ocr_par' dir='ltr' id='par_1_118' title="bbox 2166 5733 3719 5811">
     <span class='ocr_line' id='line_1_118' title="bbox 2166 5733 3719 5811; baseline -0.011 -10"><span class='ocrx_word' id='word_1_866' title='bbox 2166 5742 2493 5801; x_wconf 74' lang='lat' dir='ltr'><strong>circumcidit</strong></span> <span class='ocrx_word' id='word_1_867' title='bbox 2542 5749 2759 5811; x_wconf 79' lang='lat' dir='ltr'><strong>propter</strong></span> <span class='ocrx_word' id='word_1_868' title='bbox 2809 5734 3115 5793; x_wconf 80' lang='lat' dir='ltr'><strong>scandalum</strong></span> <span class='ocrx_word' id='word_1_869' title='bbox 3161 5733 3465 5791; x_wconf 76' lang='lat' dir='ltr'><strong>Judzeorum</strong></span> <span class='ocrx_word' id='word_1_870' title='bbox 3538 5741 3593 5788; x_wconf 91' lang='lat' dir='ltr'><strong>ut</strong></span> <span class='ocrx_word' id='word_1_871' title='bbox 3636 5743 3719 5803; x_wconf 86' lang='lat' dir='ltr'><strong>per</strong></span> 
     </span>
    </p>
   </div>
  </div>
