3860 6230
141 381 280 441 Ωθξῧ

865 367 1064 426 LIBER
1105 355 1699 422 RETRACTATIONIS
1739 353 1802 409 ΙΝ
1847 350 2067 408 ACTUS
2108 344 2640 406 APOS’I’OIDRL’M.

3242 338 3377 396 1626

139 497 314 563 Ipsum
361 485 662 543 ostenderet
696 497 798 536 non
829 495 888 537 se
927 479 1172 546 Mosaicze
1205 476 1334 545 legis
1375 447 1706 528 sacramenta
1738 470 1781 524 Α
1821 462 2007 526 Alma,
2056 459 2341 527 εωιετὶίιυθ
2391 453 2571 509 ﬁdem
2626 449 2714 520 (Ιυί
2761 457 2912 505 em“
2972 448 3078 516 ibi.
3115 457 3176 504 εί
3217 450 3373 506 “hic”

1848 553 1859 563 ο
2018 549 2030 563 ι
2089 550 2097 558 ι
2226 545 2261 563 -9
2303 545 2483 563 Λιλυηι-
2524 543 2674 563 --.μιη
2717 549 2758 563 ,ιο
2814 539 3060 563 λιι--..ηερ
3098 551 3348 563 η----....-.ι

139 585 418 645 damnare,
452 578 545 632 sed
594 591 654 629 ea
686 573 932 643 gentibus
965 579 1212 638 tanquam
1261 565 1418 620 saluii
1458 575 1708 617 necessa-

140 679 221 732 ria
283 689 386 728 non
457 673 750 739 imponere.
812 664 916 719 Sed
982 671 1322 732 posteaquam
1378 651 1711 710 circumcidit

139 766 506 827 Timotheum,
543 761 759 832 quidam
785 773 849 814 ex
882 756 1099 819 ludatis,
1126 753 1213 821 qui
1248 758 1524 819 propterea
1556 745 1711 798 volc—

143 861 273 912 bant
305 855 611 910 circumcidi
666 860 875 921 gentes,
904 848 1044 918 quod
1076 846 1315 900 dicerent
1345 841 1459 894 sine
1489 837 1590 891 illis
1626 849 1711 889 sa.

142 948 439 1003 oramentis
462 946 685 1000 salutem
716 943 794 995 eis
816 955 935 995 esse
961 955 1062 993 non
1089 950 1267 1003 posse,
1294 932 1496 1003 jactare
1517 939 1583 984 se‘
1604 941 1734 982 οωοί

141 1050 361 1108 perunt,
389 1046 445 1090 ct
473 1036 650 1089 dicere
675 1050 687 1085 :
719 1033 852 1099 Quia
886 1040 931 1084 et
958 1028 1157 1083 Paulus
1185 1027 1279 1079 hoc
1310 1033 1462 1088 tenet,
1491 1020 1624 1090 quod
1670 1029 1714 1071 et

142 1146 242 1182 nos
271 1130 512 1191 dicimus,
537 1124 670 1193 quod
699 1126 808 1178 sine
835 1121 914 1174 Itis
949 1117 1276 1174 sacramentis
1307 1113 1447 1168 salus
1474 1125 1580 1164 esse
1619 1123 1716 1161 non

143 1230 332 1291 potest.
370 1217 507 1271 Nam
547 1217 592 1270 si
621 1217 715 1269 hoc
747 1231 848 1269 non
875 1212 1053 1273 credit,
1080 1225 1238 1279 quare
1265 1204 1587 1260 Timotheum
1618 1202 1717 1253 eir-

142 1309 431 1365 camtcidit?
476 1309 584 1364 Hoc
616 1323 736 1362 cum
767 1307 959 1361 Paulus
988 1302 1241 1363 audisset,
1269 1299 1354 1367 qui
1386 1296 1490 1351 hoc
1521 1293 1719 1348 fecerat

144 1402 420 1463 libertate,
464 1415 567 1452 non
622 1397 966 1457 necessitate,
1003 1401 1219 1460 propter
1266 1387 1575 1444 scandalum
1626 1383 1718 1438 Ju-

143 1495 414 1555 dzeorum,
447 1507 553 1544 non
588 1499 804 1557 propter
847 1487 1072 1541 salutem
1123 1481 1410 1546 Timothei,
1441 1479 1570 1533 vidit
1603 1477 1720 1531 illos

145 1582 421 1650 accepisse
448 1580 781 1632 occasionem
831 1575 1049 1630 alterius
1081 1570 1490 1640 praedicationis,
1524 1577 1578 1622 et
1609 1583 1721 1620 mo-

147 1674 336 1725 venda:
378 1672 428 1724 in
481 1670 699 1723 Paulum
735 1667 890 1720 maias
938 1664 1275 1732 suspicionis,
1307 1669 1361 1716 et
1407 1659 1576 1713 noluit
1619 1660 1722 1712 cir-

142 1766 454 1818 cumcidere
479 1764 680 1815 Titum.
702 1765 932 1828 Apparet
955 1771 1082 1826 ergo
1103 1771 1268 1822 (tuere
1296 1753 1446 1807 illum
1472 1751 1716 1812 voluerit,

143 1872 317 1924 quare
346 1856 507 1908 istum
538 1852 801 1908 noluerit:
834 1851 978 1905 illum
1028 1857 1244 1917 propter
1286 1843 1594 1900 scandalum
1625 1841 1719 1895 ,ιιι-

144 1952 388 2002 dairum
422 1947 609 2010 voluit,
640 1946 796 1999 istum
829 1951 1045 2012 propter
1071 1938 1407 1995 occasionem
1438 1934 1579 1991 male
1602 1948 1720 1989 cre-

142 2040 388 2093 dentium
424 2037 613 2090 noluit.

223 2130 288 2183 Et
312 2130 555 2198 qua-dam
581 2126 783 2190 mulier,
817 2123 1021 2178 nomine
1048 2119 1212 2190 Lydia
1241 2117 1570 2189 purpuraria,
1600 2115 1716 2169 civi-

145 2224 270 2277 tatis
289 2221 742 2290 Thyatirenorum,
761 2215 930 2270 colens
952 2213 1132 2280 Deum,
1152 2211 1364 2276 audivit,
1384 2219 1487 2264 etc.
1521 2207 1724 2274 Purpu-

145 2317 287 2368 raria
319 2313 450 2367 dicit
481 2325 730 2380 purpura:
777 2307 1140 2366 venditricem,
1167 2302 1303 2359 sicut
1331 2303 1491 2358 etiam
1524 2299 1578 2353 in
1618 2297 1720 2352 alia

148 2403 504 2457 translatione
537 2401 765 2470 positum
797 2395 1115 2458 invenimus,
1143 2392 1286 2463 quod
1312 2390 1501 2445 Graece
1526 2387 1723 2443 dicitur

147 2493 564 2569 πορφυρόπωλις.
601 2491 739 2545 Bene
769 2498 942 2541 autem
976 2485 1187 2545 mulier.
1212 2497 1329 2551 qua:
1370 2478 1561 2550 prima,
1591 2491 1724 2545 pra-

148 2565 373 2642 dicante
422 2581 701 2650 Apostolo.
745 2577 798 2633 in
847 2577 1056 2648 lllyrico
1102 2572 1365 2636 credidit,
1412 2565 1724 2638 purpuraria

149 2695 277 2734 esse
331 2677 550 2731 dicitur.
602 2671 881 2744 Signiﬁcat
935 2682 1162 2737 namque
1229 2664 1556 2728 Ecclesiam,
1605 2674 1728 2730 qua:

151 2772 305 2842 quasi
339 2781 627 2838 purpuram
654 2763 884 2818 vendere
911 2760 1062 2823 Solet,
1091 2759 1209 2828 quia
1230 2755 1542 2821 sanguinem
1571 2766 1725 2807 suum

153 2881 251 2932 pro
276 2862 494 2917 Christo
518 2859 644 2912 dare
674 2873 778 2911 non
806 2855 1032 2922 dubitat,
1060 2862 1115 2907 ut
1144 2863 1235 2920 per
1266 2851 1365 2904 hoc
1397 2850 1554 2903 vitam
1589 2863 1730 2902 mer-

146 2955 260 3008 cari
296 2952 469 3023 p-issit
500 2960 776 3003 aeternam.
815 2947 868 3003 Si
895 2946 1109 3015 quidem
1143 2957 1371 3011 purpura
1423 2953 1568 2995 recte
1598 2955 1728 2994 san-

152 3046 331 3114 guinis
359 3042 623 3096 l‘usionem
652 3047 706 3093 et
730 3038 991 3102 colorem,
1017 3043 1071 3089 et
1099 3035 1211 3101 ipsa
1243 3043 1444 3086 natura:
1467 3045 1575 3083 sua:
1607 3043 1730 3099 pro-

155 3135 415 3204 prietate,
447 3146 551 3202 qua
580 3130 649 3184 de
691 3128 948 3198 sanguine
979 3123 1380 3193 conchyliorum
1422 3120 1725 3186 coniicitur,

153 3226 434 3287 designat.
486 3221 649 3290 Lydia
693 3227 869 3272 autem
916 3215 1227 3284 Apostolum
1280 3227 1398 3268 cum
1446 3212 1730 3267 comitibus

154 3318 268 3370 eois
315 3314 537 3368 domum
592 3324 740 3363 suam
789 3309 1006 3372 intrare,
1050 3305 1228 3374 ibique
1272 3319 1488 3357 manere
1536 3302 1730 3370 coegit,

154 3410 284 3477 quia
309 3404 582 3474 repulsam
607 3419 634 3456 a
657 3401 855 3457 Juilaeis
884 3400 1155 3470 Evangelii
1180 3397 1611 3469 prredicationem
1635 3394 1735 3448 Ec-

154 3497 320 3553 clesia
349 3497 557 3550 interna
587 3493 869 3547 devotione
896 3489 1075 3545 cordis
1099 3488 1353 3555 suscepit.

233 3585 454 3640 Factum
479 3592 552 3638 est
572 3593 737 3636 autem
760 3580 991 3635 euntibus
1011 3579 1154 3633 nobis
1175 3579 1242 3631 ad
1262 3578 1562 3638 orationem,
1594 3574 1738 3642 puel-

156 3680 267 3732 lam
308 3677 584 3747 quuiudam
634 3674 894 3728 habentem
939 3673 1171 3741 spiritum
1217 3668 1490 3738 Pythonis,
1533 3668 1737 3720 obviare

159 3769 339 3832 nobis,
393 3777 493 3820 etc.
539 3764 635 3830 Qui
687 3763 1052 3832 purpurariam
1107 3760 1414 3814 credentem
1485 3757 1740 3812 Ecclesiae

160 3868 365 3912 sanctas
398 3854 654 3910 membris
697 3851 1110 3906 misericorditer
1144 3849 1418 3913 adunavit,
1453 3847 1567 3913 ipse
1617 3859 1738 3898 mox

165 3947 537 4017 pytlionissam
569 3942 842 3996 immundo
884 3956 980 3993 ore
1024 3940 1114 3992 Dei
1147 3937 1406 4006 magnalia
1444 3934 1740 4002 pradican-

164 4051 300 4105 tem,
327 4037 570 4090 districte
597 4033 844 4102 judicans
873 4041 984 4084 arte
1012 4028 1204 4084 nefaria
1235 4027 1483 4096 privavit.
1513 4025 1636 4079 litae
1661 4034 1744 4077 est

163 4141 405 4194 namque
451 4133 687 4195 potestas
732 4122 843 4183 illa,
869 4135 1024 4188 quam
1055 4133 1084 4170 a
1119 4119 1342 4172 Domino
1387 4115 1553 4169 sancti
1589 4127 1744 4166 acce-

168 4229 366 4290 perunt
414 4215 669 4284 apostoli,
716 4228 835 4266 cum
885 4212 959 4265 ait
997 4229 1008 4263 :
1047 4213 1370 4278 Quarcunque
1410 4207 1742 4278 alligai'ei-itis

168 4325 325 4379 supr
355 4316 565 4368 terram,
594 4313 739 4357 erunt
770 4303 928 4372 ligata
970 4312 1016 4355 et
1057 4303 1108 4353 in
1146 4303 1315 4363 caelis;
1353 4309 1396 4353 et
1431 4313 1745 4366 quacunque

169 4398 430 4453 solveritis
454 4411 605 4462 super
631 4404 838 4456 terram,
863 4403 1005 4444 erunt
1030 4392 1196 4444 soluta
1217 4404 1263 4442 et
1287 4391 1338 4442 in
1364 4390 1502 4442 caelis
1528 4387 1741 4456 (Matth.

179 4492 361 4556 xviii).
394 4485 546 4552 Quod
589 4495 766 4538 autem
800 4483 992 4551 scripsi
1024 4485 1072 4534 in
1108 4482 1242 4535 libro
1273 4482 1471 4549 priore,
1501 4481 1620 4550 quia
1654 4495 1745 4549 py-
1775 4505 1826 4566 Β

174 4586 340 4635 ttiona
391 4576 648 4631 llebraice
677 4592 731 4628 os
769 4574 939 4644 abyssi
972 4581 1148 4641 posset
1188 4568 1516 4640 signiﬁcare,
1548 4567 1742 4635 scripsi

177 4674 326 4741 quod
374 4671 428 4723 iu
475 4671 610 4725 libro
643 4667 979 4721 Hebraeorum
1012 4662 1281 4717 nominum
1323 4661 1521 4714 inveni.
1553 4659 1745 4713 Verum

176 4766 316 4820 sciat
347 4765 514 4816 lector
543 4758 681 4827 quod
712 4757 952 4812 Graacum
980 4765 1061 4808 est
1100 4755 1198 4806 hoc
1224 4765 1438 4816 nomen,
1466 4757 1518 4802 et
1549 4750 1750 4801 violen-

181 4871 262 4910 ter
282 4857 432 4923 juxta
457 4853 688 4918 linguam
713 4849 984 4903 Hebr-.eain
1008 4846 1404 4914 intepretatum,
1428 4839 1566 4910 quod
1592 4843 1750 4894 etiam

179 4949 295 5015 ipse
348 4943 619 4996 nominum
682 4937 1026 4991 Hebraeorum
1082 4933 1343 5002 interpres
1393 4930 1750 4999 Hieronymus

182 5053 290 5090 non
327 5033 510 5096 tacuit,
538 5028 684 5095 quasi
716 5025 954 5096 Fythona
984 5025 1254 5079 diceretur
1287 5040 1300 5076 :
1330 5040 1362 5093 ρ
1399 5036 1630 5088 namque
1661 5020 1750 5072 lit-

184 5139 354 5182 tcram
401 5120 608 5176 llebrei
644 5134 745 5172 non
789 5117 1004 5178 habent,
1041 5114 1130 5168 sed
1183 5117 1232 5168 in
1282 5113 1458 5167 verbis
1505 5111 1752 5165 barbaris

184 5223 210 5288 ί
239 5229 338 5285 pro
387 5213 474 5266 illa
523 5219 757 5264 utuntur.
805 5208 943 5260 Sane
975 5205 1262 5258 notandum
1291 5207 1412 5273 quia
1445 5204 1496 5256 in
1548 5201 1646 5256 hac
1679 5205 1753 5256 le-

184 5313 384 5367 ctione,
423 5302 510 5354 ubi
553 5303 804 5368 scriptum
837 5308 915 5352 est
955 5296 1180 5364 puellam
1219 5296 1422 5347 obviare
1464 5293 1624 5355 nobis,
1659 5308 1754 5360 pro

185 5416 252 5452 eo
280 5395 420 5465 quod
454 5403 534 5447 est
566 5389 748 5445 Latine
791 5390 1011 5452 obviare,
1053 5389 1105 5439 in
1137 5386 1323 5440 Graeco
1365 5385 1621 5451 scriptum
1651 5394 1752 5446 est,

183 5491 507 5547 ὑπαντῆσαι.
537 5483 676 5550 quod
721 5481 840 5535 ideo
887 5477 1411 5532 commemorandum
1461 5476 1658 5540 putavi,
1702 5481 1759 5524 ut

184 5582 582 5634 animadvertat
629 5578 794 5629 lector
826 5572 1146 5625 dominicam
1191 5567 1607 5625 solemnitatem,
1641 5579 1759 5631 qua:

192 5677 412 5724 vocatur
440 5671 657 5724 Ὕπαντή
688 5662 918 5728 Drmini,
946 5662 1066 5714 inde
1096 5673 1284 5713 nomen
1317 5655 1587 5722 accepisse
1615 5651 1763 5706 Grai-

193 5775 295 5828 ce,
335 5756 477 5828 quod
535 5755 695 5810 allato
744 5752 796 5807 in
851 5750 1105 5819 templum
1161 5745 1386 5802 Domino
1442 5745 1659 5800 Simeon
1705 5749 1768 5794 et

1813 553 1945 614 ejus,
1980 549 2187 603 obviam
2217 545 2264 601 ei
2296 545 2488 599 devoto
2517 543 2678 596 corde
2711 549 2766 594 et
2809 539 3064 608 obsequio
3098 551 3374 594 venerant.

1882 640 1949 694 Et
1996 654 2108 691 cum
2153 638 2260 691 dies
2290 641 2456 704 (actus
2487 642 2634 697 esset,
2670 631 2913 684 miserunt
2956 631 3279 701 magistratus
3319 629 3385 683 li-

1814 740 1996 785 ctores.
2046 728 2284 783 Lictores
2313 724 2646 788 dicebantur,
2676 720 2766 789 qui
2795 723 2902 775 reis
2930 722 3211 789 puniendis
3241 736 3383 789 prae-

1814 829 1982 875 erant.
2019 819 2168 875 Unde
2207 827 2260 873 et
2307 817 2491 870 Crzece
2519 830 2546 867 a
2578 813 2720 881 virga
2772 810 3056 886 ῥαϐδοῦχοι
3111 809 3381 865 dicuntur.

1817 908 1988 964 Graeci
2029 910 2169 963 enim
2215 904 2402 986 ρἀδδν
2449 904 2646 973 virgam
2676 901 2977 970 appellant,
3026 899 3178 971 cujus
3221 899 3380 955 oﬂiii

1818 1000 2058 1056 meminit
2087 1001 2317 1054 llilarius
2361 997 2415 1051 in
2445 995 2779 1065 expositione
2810 995 3090 1048 sententiae
3119 992 3381 1062 Apostoli,

1818 1106 1918 1159 qua
1947 1093 2118 1146 dicit:
2151 1092 2289 1158 Quid
2331 1087 2522 1143 vultis?
2547 1087 2598 1139 in
2642 1086 2782 1156 virga
2831 1084 3029 1137 veniam
3070 1082 3138 1134 ad
3179 1099 3284 1145 vos,
3314 1097 3382 1135 ait

1818 1186 1871 1238 in
1906 1183 2100 1250 spiritu
2153 1180 2550 1237 mansuetudinis
2594 1174 2656 1249 (1
2686 1176 2802 1230 Cor.
2848 1175 2965 1246 tv)?
2993 1173 3262 1242 Nunquid.
3307 1176 3388 1226 in.

1820 1276 2028 1344 quiens,
2064 1274 2224 1328 Paulo
2258 1272 2345 1343 jus
2376 1270 2679 1340 praetorium
2729 1278 2868 1332 erat,
2898 1275 2952 1319 ut
2980 1266 3123 1333 virga
3156 1263 3383 1318 commi-

1822 1378 2055 1432 naretur,
2087 1375 2140 1420 et
2182 1379 2303 1420 cum
2334 1364 2512 1418 ol‘ticio
2545 1360 2743 1416 lictoris
2797 1359 2860 1412 ad
2896 1357 3152 1413 Ecclsiam
3180 1354 3380 1411 Chi-isti

1820 1459 2068 1515 adesset?

2424 1543 2605 1602 CAPU
2625 1545 2651 1597 i'
2684 1543 2844 1598 XVII.

1895 1640 1962 1696 Et
2002 1657 2116 1695 cum
2158 1656 2259 1694 non
2303 1639 2568 1692 invenisset
2610 1652 2712 1700 eos,
2756 1631 3018 1686 tollebant
3052 1629 3313 1696 Iasonem,
3343 1641 3391 1684 et

1823 1734 2063 1805 quaedam
2094 1737 2278 1800 fratres
2307 1732 2371 1782 ad
2401 1728 2655 1800 principes
2686 1727 2923 1799 civitatis.
2950 1725 3001 1778 In
3045 1722 3232 1777 (ΕΙ-ωηο
3262 1724 3393 1777 scri-

1755 1818 1797 1875 Β
1826 1834 1969 1891 ptum
1997 1830 2114 1875 est:
2149 1820 2210 1873 Et
2239 1821 2484 1890 quosdam
2513 1817 2643 1870 alios
2676 1817 2892 1883 fratres;
2927 1813 3066 1868 unde
3101 1813 3392 1881 intelligen.

1822 1915 1945 1969 dum
1974 1925 2056 1967 est
2095 1912 2340 1966 .Iasonetn
2387 1924 2599 1980 quoque
2635 1908 2875 1971 fratrem,
2909 1907 3010 1959 ltoc
3048 1915 3149 1971 est,
3184 1905 3392 1958 lidelem

1829 2007 2040 2063 Christo
2069 2007 2093 2060 Γ
2093 2009 2254 2062 uisse.

1895 2097 2052 2152 Multi
2088 2100 2294 2168 quidem
2334 2095 2658 2152 crediderunt
2688 2111 2753 2150 ea:
2781 2096 2853 2148 eis
2880 2103 2924 2148 et
2957 2094 3179 2165 gentium
3217 2092 3396 2146 mulie-

1825 2205 1940 2243 rum
1967 2189 2317 2265 honestarum,
2342 2196 2390 2241 et
2419 2188 2515 2242 viri
2557 2203 2660 2239 non
2695 2186 2863 2255 pauci.
2900 2183 3083 2238 Melius
3112 2193 3164 2237 et
3203 2195 3391 2236 conse-

1829 2281 2078 2348 quentius
2127 2279 2324 2334 habent
2369 2277 2586 2348 quidam
2634 2275 2857 2331 Codices
2904 2275 3057 2344 juxta
3104 2272 3380 2342 exemplar

1826 2370 2068 2425 Gracutn
2094 2387 2107 2422 :
2136 2367 2203 2422 Et
2231 2369 2453 2422 virorum
2483 2384 2583 2421 non
2614 2368 2784 2434 pauci.

1901 2459 1967 2512 Et
2007 2460 2212 2535 quidam
2256 2458 2529 2512 dicebant:
2561 2458 2697 2522 Quid
2739 2455 2845 2510 vult
2887 2453 3264 2509 eeminiverbius
3309 2454 3392 2508 hic

1830 2551 2019 2605 dicere.
2048 2550 2123 2604 De
2166 2549 2266 2604 hoc
2297 2550 2512 2604 nomine
2539 2559 2755 2602 sanctus
2798 2550 3157 2614 Augustinus:
3192 2562 3214 2598 ι
3245 2543 3398 2614 Legi-

1831 2656 1972 2708 mus,
2008 2641 2192 2712 inquit,
2221 2640 2520 2707 apostolum
2566 2637 2786 2692 Paulum
2819 2637 2849 2690 d
2872 2647 3013 2691 ctum
3063 2636 3226 2689 fuisse
3251 2633 3394 2688 "ver-

1830 2731 2018 2786 borum
2053 2731 2453 2785 seminatorem.
2485 2728 2690 2783 Dictum
2720 2737 2798 2781 est
2829 2728 3037 2796 quidem
3071 2726 3136 2780 ab
3167 2725 3391 2779 irr;den‘o

1831 2822 1995 2885 tibus,
2022 2823 2117 2876 sed
2151 2836 2258 2875 non
2302 2821 2662 2889 respuendum
2703 2826 2787 2873 est
2822 2834 2848 2868 a
2881 2817 3238 2871 credentibus.
3273 2813 3398 2867 Erat

1828 2911 1970 2966 enim
2019 2911 2106 2966 ille
2152 2924 2337 2965 revera
2379 2908 2671 2963 seminator
2721 2910 3022 2968 verborum,
3053 2905 3143 2969 sed
3198 2917 3400 2963 matr

1834 3019 2063 3059 niornm.
2112 3003 2178 3058 Et
2218 3019 2314 3058 nos
2364 3003 2483 3056 licet
2536 3001 2754 3067 tantilli,
2795 3007 2848 3050 et
2893 3011 3221 3066 nequaquam
3259 2994 3404 3048 illius

1779 3137 1789 3148 .
1836 3095 2162 3150 excellentia:
2205 3093 2581 3161 comparandi,
2616 3093 2666 3143 in
2714 3103 2841 3159 agro
2871 3087 2982 3150 Dei,
3017 3089 3154 3154 quod
3185 3096 3266 3141 est
3309 3100 3406 3141 cor

1845 3197 2103 3270 vestrum,
2123 3188 2340 3241 verbum
2369 3185 2460 3240 Dei
2487 3182 2830 3246 seniinatnus,
2858 3193 2910 3234 et
2934 3179 3147 3233 uberem
3175 3191 3403 3232 messem

1841 3279 1909 3334 de
1939 3279 2128 3333 vesti-is
2153 3277 2386 3332 moribus
2410 3285 2800 3343 exspectamus.
2816 3291 2834 3323 ι

1907 3367 2150 3440 Fecitque
2178 3383 2240 3422 ea:
2268 3385 2369 3422 uno
2398 3383 2544 3420 omne
2584 3359 2738 3437 genus
2781 3362 3066 3415 hominum.
3097 3359 3247 3426 Quod
3281 3359 3408 3413 dicit

1837 3473 1902 3514 ea:
1943 3474 2065 3524 uno,
2099 3465 2263 3527 patet,
2303 3456 2424 3525 quia
2468 3469 2531 3508 ex
2581 3468 2684 3506 uno
2734 3452 2946 3504 homine
2988 3449 3271 3516 s'gnitlcat.
3301 3446 3409 3501 Sed

1839 3548 2042 3619 plenius
2086 3548 2311 3600 habetur
2350 3545 2404 3598 in
2449 3543 2672 3597 Graeco:
2711 3537 2854 3592 Fecit
2883 3553 2944 3590 ex
2982 3551 3082 3588 uno
3128 3538 3403 3605 unguine,

1837 3639 1977 3709 quod
2028 3637 2169 3692 idem
2211 3632 2514 3705 signiticare
2561 3631 2692 3685 nulli
2761 3628 2979 3682 dubium
3027 3637 3129 3680 est.
3182 3627 3407 3681 Nomine

1840 3731 1985 3786 enim
2027 3726 2299 3797 sanguinis
2345 3723 2686 3793 propaginem
2729 3719 2905 3774 carnis
2935 3719 3204 3786 designat;
3233 3727 3287 3772 et
3315 3733 3411 3786 per

1843 3834 2086 3883 carnem,
2116 3831 2267 3871 more
2308 3814 2466 3868 solito
2513 3814 2947 3880 Scripturarum,
2988 3809 3108 3861 hom
3135 3824 3254 3862 nem
3299 3809 3412 3860 vult

1843 3909 2066 3977 intelligi
2115 3909 2262 3976 juxta
2308 3905 2436 3958 illud
2491 3903 2830 3958 Psalmistte:
2862 3899 2940 3952 Ad
2983 3906 3034 3952 te
3083 3898 3244 3952 omnis
3288 3912 3408 3952 caro

1844 4001 2003 4055 veniet
2037 3998 2207 4064 (Paul.
2233 3998 2403 4064 thv).

2407 4081 2628 4152 carm
2670 4080 2854 4136 xvui.

1921 4181 1984 4236 Et
2016 4181 2241 4250 migrans
2282 4177 2400 4229 inde
2446 4175 2649 4226 intravit
2698 4175 2750 4226 in
2799 4174 3001 4224 domum
3031 4170 3299 4241 cujusdam
3327 4187 3419 4225 no-

1855 4274 1989 4327 mine
2014 4269 2112 4324 Titi
2136 4266 2170 4321 J
2179 4268 2299 4321 usti.
2321 4264 2457 4320 iusti
2486 4279 2675 4316 nomen
2696 4264 2856 4316 etiam
2886 4261 2934 4313 in
2959 4257 3143 4314 Grati-0
3163 4260 3418 4330 scriptum

1860 4375 1962 4426 est,
1981 4362 2101 4430 quia
2130 4368 2220 4412 aut
2239 4357 2515 4426 proprium
2550 4358 2647 4407 hoc
2680 4368 2870 4407 nomen
2905 4356 3017 4404 viro
3045 4350 3162 4414 fuit,
3189 4359 3279 4404 aut
3307 4367 3418 4406 tne-

1854 4459 1959 4510 rito
1982 4451 2201 4522 iustitiae
2239 4464 2268 4502 a
2301 4450 2572 4508 Itonianis,
2605 4447 2692 4512 qui
2735 4460 2855 4498 eum
2908 4454 3181 4508 noverant,
3225 4445 3292 4496 ita
3322 4457 3418 4496 co-

1858 4544 2291 4617 gnominabatur.
2321 4540 2432 4595 Non
2476 4547 2652 4592 autem
2696 4537 2982 4604 putandum
3013 4545 3094 4590 est
3135 4535 3276 4588 hunc
3298 4548 3416 4588 esse

1856 4639 2032 4694 Titum
2077 4635 2389 4699 disci,u|tnn
2435 4630 2654 4699 apostoli
2709 4628 2879 4691 Pauli,
2922 4628 3006 4680 cui
3057 4628 3169 4694 ipse
3206 4627 3418 4695 scripsit

1865 4729 2180 4799 Epistolam,
2208 4736 2259 4778 et
2289 4740 2409 4778 eunt
2433 4722 2762 4777 Cretensium
2792 4719 3057 4771 ordinavit
3081 4718 3412 4785 episeopum.

1862 4821 1953 4874 Ille
1981 4819 2175 4874 etenim
2218 4815 2370 4869 Titus
2410 4813 2574 4867 multo
2614 4823 2737 4863 ante
2768 4812 2868 4862 hoc
2902 4818 3138 4875 tempore
3167 4821 3287 4862 cum
3329 4808 3421 4860 illo

1859 4912 1980 4977 fuit,
2010 4924 2129 4964 eum
2175 4909 2240 4961 de
2272 4904 2550 4960 Antiochia
2582 4900 2969 4969 Jerosolyniam
3003 4911 3100 4965 pro
3129 4897 3421 4964 quastione

1853 4999 2292 5062 Cll’ClliilCiainﬂiS,
2326 4997 2558 5051 Barnaba
2588 4997 2762 5046 adnue
2789 5005 2966 5044 secum
2992 4987 3298 5051 comitante,
3327 5003 3421 5040 ve-

1858 5095 2015 5149 niret.
2049 5093 2133 5145 Ait
2177 5103 2403 5152 namque
2434 5089 2572 5138 idem
2620 5087 2809 5134 l'aoius
2837 5081 2900 5131 ad
2945 5076 3194 5132 Galatas:
3232 5077 3424 5131 Deinde

1858 5196 1966 5257 post
1997 5199 2155 5236 annos
2179 5164 2554 5247 quatuordecim
2583 5179 2759 5228 iterum
2804 5172 3006 5223 ascendi
3046 5168 3424 5237 Jerosolymant

1859 5295 1973 5332 cum
2004 5274 2261 5335 Raruaba,
2290 5281 2334 5334 et
2367 5283 2617 5334 assumpto
2665 5275 2806 5326 tito,
2836 5277 2878 5316 et
2929 5264 3121 5316 contuli
3169 5277 3281 5313 cum
3325 5262 3426 5315 illis

1863 5367 2215 5437 Evangelinm,
2244 5365 2378 5431 quod
2407 5361 2630 5429 pra'citco
2666 5376 2713 5408 in
2751 5357 2999 5424 gentibus.
3024 5352 3258 5405 Ceutulit
3286 5352 3427 5402 enim

1861 5478 1978 5515 cum
2012 5461 2113 5512 illis
2161 5457 2496 5521 EVangeliom
2529 5453 2668 5519 quod
2718 5447 3058 5514 priedicnliat,
3108 5443 3332 5494 solerter
3376 5442 3425 5494 in

1862 5554 2080 5609 comitio
2128 5550 2487 5618 apostolorum
2562 5545 2873 5609 disquircns
2917 5552 2982 5589 an
3032 5545 3177 5588 recte
3230 5534 3426 5586 iaceret

1869 5643 2223 5713 praedicando,
2272 5638 2410 5708 qttod
2457 5642 2642 5706 gentes
2688 5648 2770 5699 per
2821 5631 3082 5697 baptisma
3140 5626 3259 5678 lldei
3307 5625 3423 5678 sine

1868 5732 2277 5791 cirCumt-isione
2322 5738 2539 5799 possunt
2586 5724 2646 5777 ad
2697 5725 2916 5779 saiutem
2969 5715 3275 5787 pervenire;
3323 5730 3426 5769 non
