3860 6230
472 302 606 359 1027

863 300 1070 358 ΒευΑς
1115 299 1569 362 VENEMABILIS
1606 304 1753 362 OPP.
1799 305 1975 364 PARS
2014 304 2079 362 li.
2124 302 2317 361 SECT.
2365 306 2400 361 I.
2436 337 2503 348 —
2535 307 2929 368 EXEGETICA
2968 313 3292 372 GENUINA.

3600 322 3751 379 {0‘28

468 416 610 484 quod
639 416 753 486 ipse
778 417 844 471 de
868 416 968 471 hac
1000 434 1057 471 re
1081 418 1277 487 a'iqnid
1305 418 1589 482 dubitaret,
1624 419 1716 473 sed
1751 429 1807 472 ut
1834 429 2041 474 mentes
2072 425 2117 482 Α
2148 429 2291 472 esset
2319 418 2491 473 adhuc
2519 423 2948 488 archidiaconus,
2981 428 3272 483 sciscitanti
3307 432 3481 485 amico
3511 434 3587 488 de
3630 433 3756 487 Dri-

469 506 827 563 dubitantium
852 509 1156 571 apostolica:
1188 511 1377 581 synodi
1406 512 1725 565 auctoritate
1759 503 2045 564 conﬁrma-

468 613 565 655 ηπ
572 606 675 653 tur.

538 688 751 759 Crispus
771 700 940 744 autem
969 692 1401 765 archisyuogogus
1432 694 1646 747 credidit
1678 694 1895 748 Domino
1924 712 2042 748 cum

470 782 612 834 omni
638 782 790 835 domo
818 798 934 845 sua,
959 789 1063 835 etc.
1100 783 1195 837 llic
1227 799 1343 836 esse
1367 784 1583 853 Crispus
1606 787 1863 851 creditur,
1889 802 2044 856 quem

472 890 504 929 a
533 890 590 929 se
620 874 940 944 baptizatum
974 876 1164 930 Paulus
1193 877 1255 929 ad
1283 877 1586 933 Corinthios
1627 880 1869 934 scribens
1918 878 2048 932 insi-

471 978 637 1023 nuat:
669 966 896 1031 Gratias,
925 969 1190 1037 inquiens,
1230 986 1326 1039 age
1369 971 1491 1035 Deo,
1519 972 1655 1039 quod
1685 974 1933 1026 neminem
1964 989 2047 1027 tte-

471 1070 634 1113 atrttm
662 1058 935 1125 baptizari,
969 1061 1066 1114 nisi
1093 1058 1328 1129 Cripum
1352 1070 1399 1114 et
1428 1060 1635 1115 Gaium.

550 1149 984 1219 Apprehendentes
1022 1161 1189 1205 autem
1229 1169 1396 1205 omnes
1439 1152 1722 1207 Sosthcuen
1770 1157 2047 1225 principem

476 1239 785 1311 Synagoga,
828 1242 1168 1307 percutiebant
1200 1259 1313 1295 eum
1344 1258 1460 1296 ante
1491 1244 1729 1297 tribunal.
1766 1247 1818 1299 lu
1862 1247 2049 1303 Graeco

474 1332 666 1387 melius
705 1333 960 1398 scriptum
1008 1343 1131 1388 est:
1176 1334 1621 1400 Apprehendeutes
1662 1347 1831 1391 autent
1876 1356 2047 1393 omnes

476 1422 639 1477 Cruci
685 1423 989 1478 Soslhenen.
1030 1424 1226 1479 Judzris
1275 1428 1414 1479 enim
1463 1443 1581 1479 cum
1614 1427 1666 1495 ig
1690 1430 1898 1482 iomiuia
1950 1445 2049 1484 ex-

476 1516 695 1584 pulsisa
726 1517 996 1581 tribunali,
1043 1519 1268 1589 gentiles
1312 1520 1471 1572 etiam
1522 1522 1813 1588 principem
1862 1536 2046 1577 eorum

478 1608 683 1674 majore
708 1612 1031 1664 contumelia
1056 1612 1401 1666 verberantes
1428 1613 1751 1668 alliciehaut.

547 1697 819 1753 Fratribus
846 1702 1145 1771 ralefacieus
1174 1706 1407 1773 migrauit
1452 1706 1501 1757 in
1556 1706 1787 1775 Syriam,
1839 1720 1885 1761 et
1933 1726 2047 1762 cum

2150 509 2350 569 tannia.
2374 518 2428 562 et
2451 511 2549 565 hoc
2568 511 2709 565 inter
2728 514 2828 566 alia
2853 517 3146 586 rescripsit,
3170 534 3337 589 genus
3356 535 3480 578 esse
3497 522 3755 589 sudarii,

2148 617 2254 671 quo
2280 600 2484 656 llebrni
2509 614 2727 658 utuntur
2751 606 2800 659 in
2821 608 3023 676 capite.

2739 697 2963 754 CAPUT
3005 700 3123 756 XX.

2218 784 2495 838 Comitatus
2519 798 2591 840 est
2614 798 2780 842 autem
2803 806 2917 843 cunt
2936 808 2993 843 eo
3018 792 3285 863 Sosipater
3306 794 3470 867 Pyrri
3489 797 3755 854 Beroen-

2147 875 2235 927 sis.
2267 874 2363 929 lltc
2399 878 2685 942 ltermnsis,
2725 895 2827 932 non
2860 896 3017 937 ausus
3048 883 3369 941 Beimensis.
3405 886 3532 942 Plus
3551 898 3756 942 autem

2150 964 2372 1020 habetur
2397 967 2447 1020 in
2472 966 2696 1022 Graeci»:
2731 969 3014 1026 Comitatus
3042 988 3112 1028 est
3133 985 3305 1030 autem
3336 996 3455 1032 cum
3488 996 3544 1030 eo
3580 997 3757 1049 usque

2150 1057 2345 1112 Asiam.

2222 1144 2450 1200 Eductns
2472 1165 2649 1203 somno
2676 1153 2856 1205 cecidit
2884 1154 2946 1208 de
2966 1156 3112 1208 tertio
3133 1158 3414 1214 clunacula.
3443 1160 3547 1214 Pro
3572 1162 3754 1216 tertio

2154 1238 2433 1291 cmuaculo
2470 1240 2518 1292 iu
2552 1239 2739 1294 Graeco
2769 1244 3023 1312 scriptum
3071 1256 3150 1299 est
3174 1287 3189 1309 ,
3227 1252 3526 1324 τριστέγου,
3589 1252 3753 1317 quod

2150 1343 2215 1381 eo
2242 1343 2667 1384 commemorare
2692 1333 2853 1396 volui,
2904 1344 2960 1386 ut
2986 1334 3126 1389 scire
3157 1340 3326 1404 possit
3366 1339 3540 1393 lector
3584 1341 3749 1406 quod

2151 1420 2220 1471 sit
2248 1420 2298 1471 in
2330 1418 2547 1485 Genesi,
2594 1423 2733 1489 quod
2766 1425 2831 1476 de
2875 1440 2998 1478 arca
3047 1426 3284 1480 iacienda
3311 1429 3528 1496 jubetur
3564 1448 3576 1481 :
3616 1431 3754 1483 Cc:-

2153 1512 2341 1563 nacula
2374 1522 2425 1565 et
2449 1512 2668 1581 tristega
2703 1513 2862 1567 facies
2894 1518 3030 1569 inea
3064 1514 3218 1586 (Ceu.
3245 1521 3323 1586 vt)
3350 1535 3366 1584 ;
3395 1520 3555 1591 στέγη
3586 1521 3747 1571 enim

2152 1600 2336 1655 Graece
2366 1609 2577 1667 tectum,
2612 1611 2667 1657 et
2696 1607 2940 1677 τρίστιγα
2974 1606 3199 1671 triplicia
3226 1616 3357 1660 tecta
3388 1608 3672 1662 dicuntur.

2224 1692 2497 1763 Assumpto
2550 1709 2610 1746 eo
2665 1696 2889 1749 venimus
2949 1698 3247 1767 Mytilenen.
3301 1701 3633 1767 Scripsintns
3696 1703 3747 1754 in

473 1803 532 1841 eo
566 1785 807 1842 Priscilla
828 1801 874 1844 et
903 1790 1109 1859 Aquila,
1131 1793 1217 1860 qui
1240 1794 1336 1845 sibi
1362 1798 1645 1851 totonderat
1666 1810 1816 1865 caput
1839 1800 1890 1852 in
1919 1799 2035 1853 Cen

2161 1782 2293 1835 libro
2317 1784 2488 1851 primo
2515 1798 2802 1853 sequentes
2834 1788 3058 1841 Plinium
3088 1790 3411 1856 Secundum,
3441 1792 3747 1860 Mytilenen

472 1879 629 1943 chris,
662 1888 767 1935 etc.
801 1881 1062 1949 Antbiguc
1093 1882 1298 1935 videtur
1350 1883 1544 1938 dictum
1577 1897 1748 1937 ultum
1781 1888 1880 1941 sibi
1918 1888 2047 1942 Pau-

474 1969 555 2022 lus
586 1987 650 2022 an
683 1970 869 2040 Aquila
901 1969 1159 2026 Cenchris
1191 1984 1347 2041 caput
1381 1976 1707 2038 totonderit;
1737 1978 1829 2030 sed
1864 1978 2046 2032 l-liero-

473 2075 666 2128 nymus
698 2062 976 2134 presbyter
1002 2064 1302 2129 manifeste,
1353 2076 1408 2120 ttt
1457 2066 1510 2121 in
1565 2071 1880 2135 pratcedenti
1916 2073 2048 2126 libro

478 2151 685 2217 [delrius
717 2151 1021 2218 docuimus,
1071 2154 1170 2209 hoc
1209 2156 1277 2209 de
1322 2156 1482 2210 Paulo
1529 2158 1729 2213 dictum
1784 2162 2045 2230 intelligit.

472 2239 646 2294 Pusita
679 2255 908 2309 namque
952 2245 1214 2298 sententia
1248 2247 1343 2299 hac
1372 2248 1426 2301 in
1456 2250 1676 2315 epistola
1704 2252 1768 2303 ad
1800 2250 2049 2321 Augusti-

473 2336 620 2396 num,
649 2334 904 2388 continuo
936 2336 1161 2404 subjecit
1200 2352 1247 2391 et
1280 2341 1354 2391 ait
1384 2358 1395 2390 :
1427 2359 1445 2390 r
1485 2340 1613 2394 Esto
1639 2352 1697 2394 ut
1724 2342 1793 2396 ibi
1820 2344 1957 2398 idem
1996 2346 2045 2399 in

470 2423 874 2479 circumcisione
913 2425 1191 2480 Tituothtei
1238 2426 1539 2483 Judaeorum
1590 2432 1780 2486 timore
1809 2438 2046 2502 compul-

470 2525 563 2565 sus
592 2512 661 2569 sit
690 2511 863 2566 lacere
892 2516 1034 2583 quod
1063 2516 1275 2579 licebat,
1304 2534 1469 2587 quare
1490 2536 1694 2576 comam
1728 2524 1945 2579 nutrivit
1974 2542 2041 2582 es

470 2612 629 2667 voto,
654 2613 707 2656 et
734 2616 913 2673 postea
944 2622 1062 2662 eam
1092 2607 1143 2661 in
1175 2609 1433 2664 Cenchris
1464 2614 1688 2668 totondit
1732 2630 1796 2670 ea
1827 2618 1985 2689 lege?
2020 2638 2040 2672 s

469 2694 635 2763 Cujus
666 2698 711 2751 si
740 2698 841 2754 hoc
866 2698 918 2753 in
942 2700 1059 2755 loco
1079 2717 1292 2757 sensum
1320 2706 1561 2762 volumus
1589 2711 1761 2780 sequi,
1787 2727 2043 2781 nusquam

471 2790 688 2842 omnino
748 2791 969 2859 legimus
1018 2794 1259 2862 Aquilam
1312 2796 1474 2851 luisse
1541 2809 1829 2857 attonsum.
1882 2804 1938 2860 Si
1995 2808 2044 2862 itt

473 2879 573 2933 hoc
620 2880 736 2934 loco
766 2880 1011 2949 Aquilam
1060 2898 1182 2938 esse
1231 2894 1499 2943 attonsum
1531 2889 1843 2957 dixerimus,
1879 2907 2045 2952 restat

469 2970 525 3025 in
562 2972 665 3025 line
710 2970 867 3040 hujus
899 2974 1057 3028 libelli
1091 2978 1236 3031 locus
1281 2978 1367 3032 tibi
1394 2982 1555 3035 etiam
1607 2982 1823 3039 Paulum
1869 2997 2044 3042 atton-

468 3075 609 3123 sum.
640 3065 751 3118 sive
778 3080 976 3135 rasum,
1001 3066 1243 3136 legimus.
1272 3069 1546 3126 Falluntur
1567 3082 1742 3128 autem
1776 3079 2043 3132 mendosi-

467 3163 577 3208 tate
603 3156 823 3223 eodicis,
854 3157 943 3226 qui
974 3158 1157 3212 dicunt
1202 3160 1451 3230 Aquilam
1494 3179 1613 3218 cum
1647 3166 1884 3221 Priscilla
1917 3185 2045 3223 cort-

462 3244 591 3315 juge
618 3261 711 3302 sua
744 3262 862 3302 esse
892 3261 1183 3305 attonsum.
1214 3252 1267 3305 lu
1297 3251 1485 3307 Graeco
1525 3258 1670 3311 enim
1710 3268 1789 3311 est
1820 3259 2037 3314 eviden-

467 3346 548 3391 ter
584 3342 907 3411 κειράμενος,
957 3341 1007 3394 id
1054 3353 1169 3409 est,
1226 3353 1488 3413 attonsus,
1523 3362 1743 3403 numero
1789 3350 2045 3419 singulari

466 3429 707 3496 trahetur,
758 3440 814 3485 et
862 3433 1071 3488 habebat
1116 3446 1305 3499 votum,
1355 3453 1458 3491 non
1508 3442 1773 3507 habebant,
1827 3442 1939 3497 sive
1977 3444 2043 3499 de

466 3519 653 3585 Paulo,
683 3523 795 3577 sive
821 3522 890 3577 de
921 3526 1134 3593 Aquila,
1169 3528 1533 3596 accipiendum
1561 3544 1683 3585 esse
1714 3542 1948 3599 putetur.

545 3610 875 3667 Vehementer
896 3615 1030 3667 enim
1066 3613 1279 3670 Judatos
1309 3620 1609 3686 revineebat,
1640 3624 1839 3690 publice
1876 3633 2042 3677 osten-

461 3706 585 3762 dens
610 3721 698 3779 per
726 3705 1021 3776 Scriptura:
1070 3725 1178 3762 esse
1214 3709 1472 3763 Christum
1510 3710 1704 3766 Iesum.
1752 3715 1807 3767 In
1854 3713 2040 3771 Graeco

462 3799 531 3853 ita
580 3800 833 3867 scriptum
869 3810 989 3853 est:
1050 3798 1256 3854 Publice
1284 3812 1331 3855 et
1380 3821 1467 3869 per
1516 3806 1691 3858 domos
1737 3807 2039 3871 ostendens;

459 3890 598 3956 quod
628 3898 711 3945 est
755 3890 939 3959 optimi
968 3889 1219 3958 doctoris,
1256 3894 1326 3946 ita
1359 3895 1552 3949 docere
1583 3900 1776 3951 multos
1804 3890 2030 3967 genera-

462 3980 601 4047 liter,
634 3989 692 4036 ut
718 3980 954 4052 singulos
977 3983 1202 4038 viriliter
1229 3986 1507 4040 exhortari
1554 4003 1657 4041 non
1696 3988 1939 4043 desistat.

1055 4075 1279 4131 CAPUT
1328 4078 1467 4133 XIX.

532 4163 827 4234 Segregasit
876 4165 1152 4236 discipulos
1191 4170 1414 4237 quotidie
1461 4170 1727 4242 disputans
1762 4174 1814 4226 in
1860 4176 2038 4229 schola

458 4254 725 4324 cujusdam
755 4258 978 4324 tyranni,
1002 4259 1095 4310 hoc
1116 4266 1283 4311 autem
1308 4263 1497 4327 factum
1529 4275 1597 4315 est
1620 4281 1708 4331 per
1734 4266 2034 4333 triennium,

457 4356 561 4398 etc.
606 4343 717 4402 Hoc
765 4354 1025 4412 tempore,
1058 4358 1423 4405 commoraute
1473 4351 1636 4405 Paulo
1688 4354 1738 4407 in
1796 4354 2033 4424 Epheso,

456 4437 651 4491 dicitur
682 4439 904 4505 primam
952 4440 1021 4491 ad
1065 4440 1367 4495 Corinthios
1401 4442 1688 4511 Epistulam
1731 4448 2031 4514 scripsisse,

458 4526 511 4580 in
544 4541 645 4595 qua
676 4528 835 4582 etiam
870 4527 1126 4584 Prin-illae
1158 4542 1211 4585 et
1245 4531 1445 4601 Aquila
1492 4535 1757 4599 meminit,
1802 4537 2030 4593 dicens:

457 4623 698 4678 Salutant
724 4640 809 4677 vos
832 4625 883 4676 in
916 4624 1135 4679 Domino
1161 4628 1375 4679 multum
1393 4630 1575 4697 Aquila
1596 4643 1640 4683 et
1659 4630 1901 4687 Priscilla
1924 4650 2034 4686 cum

457 4716 736 4771 domestica
761 4734 855 4769 sua
882 4716 1110 4771 Ecclesia
1143 4718 1194 4787 (1
1222 4718 1341 4773 Cor.
1376 4722 1508 4791 art).
1542 4723 1656 4789 Quo
1679 4725 1848 4779 verbo
1874 4727 2033 4781 etiam

459 4805 560 4860 hoc
610 4809 935 4870 ostenditur.
991 4812 1113 4879 quia
1160 4828 1263 4865 non
1298 4812 1372 4866 illi
1417 4814 1753 4870 solummodo
1808 4817 2035 4872 lideliter

458 4897 669 4951 Christo
692 4901 993 4965 servierint,
1026 4902 1119 4956 sed
1152 4912 1206 4957 et
1238 4904 1470 4959 ﬁdelium
1499 4908 1549 4959 in
1582 4909 1741 4962 domo
1771 4925 1865 4962 sua
1900 4924 2030 4963 con-

458 4989 1138 5056 gregationemhabuerint.
1162 4995 1460 5049 Secundam
1487 5011 1635 5062 vero,
1665 5013 1785 5052 cum
1810 5012 1952 5056 esset
1978 5002 2027 5055 itt

458 5080 698 5143 Troade,
751 5081 1033 5149 scripsisse
1072 5084 1237 5138 fertur
1275 5088 1563 5155 Epistulam
1595 5106 1605 5140 :
1640 5088 1807 5143 Porro
1840 5091 2031 5144 Roma-

456 5188 643 5225 norum
678 5171 971 5239 Epistulam
1003 5188 1184 5242 postea
1215 5180 1467 5245 scriptam
1517 5181 1653 5234 ratio
1698 5181 2025 5237 manifestat.

457 5260 693 5331 Namque
744 5262 878 5318 hanc
924 5280 982 5319 sc
1030 5266 1141 5337 ipse
1168 5270 1594 5337 proﬁciscentem
1638 5270 2027 5344 Jerosolymam

454 5353 705 5419 si-ripisse
737 5361 980 5411 testatur.

528 5442 613 5494 lla
652 5452 705 5496 ut
753 5446 903 5497 etiam
957 5438 1109 5515 super
1138 5448 1407 5519 languidos
1451 5450 1773 5520 deferrentur
1827 5468 1858 5504 α
1908 5468 2025 5506 cor-

456 5548 579 5601 pore
617 5538 729 5601 ejus
784 5536 995 5589 sudaria
1052 5538 1128 5590 vel
1180 5540 1510 5594 semicinctio.
1582 5541 1726 5595 ldulti
1785 5550 2028 5595 nostrum

457 5624 583 5690 quid
625 5626 951 5681 semicinctia
998 5630 1314 5698 significent,
1350 5632 1633 5702 ignorant;
1688 5650 1870 5688 verum
1903 5633 2032 5688 Cre—

456 5718 657 5786 gorius,
688 5721 773 5788 qui
820 5736 957 5777 nunc
988 5730 1069 5778 est
1120 5726 1423 5793 apostolica:
1464 5723 1607 5782 sedis
1638 5726 1879 5794 antistes,
1910 5740 2032 5784 cum

2160 1874 2387 1927 insulam
2415 1891 2535 1930 esse
2565 1889 2752 1932 contra
2786 1877 3004 1945 Asiam;
3035 1881 3128 1934 sed
3153 1893 3205 1935 et
3229 1868 3367 1936 idem
3397 1884 3601 1939 Plinius
3630 1887 3747 1938 alio

2153 1965 2269 2017 loco
2298 1966 2483 2019 scribit
2515 1968 2805 2036 Mytilenen
2844 1984 2965 2025 es~e
3019 1974 3287 2026 civitatem
3339 1974 3390 2027 in
3440 1976 3621 2045 Cypro
3661 1980 3747 2029 in-

2152 2057 2290 2112 ευ1.ι.
2338 2056 2489 2123 Quod
2544 2069 2829 2129 utrumque
2858 2077 3042 2116 verum
3093 2078 3210 2118 esse
3262 2067 3590 2122 credendum
3624 2079 3743 2133 est.

2153 2162 2256 2199 non
2315 2160 2489 2201 tamen
2540 2165 2683 2203 nunc
2725 2152 2942 2206 Paulum
2988 2171 3109 2208 cutn
3159 2156 3317 2210 sociis
3365 2160 3413 2211 in
3453 2159 3739 2213 civitatem

2150 2236 2330 2305 Cypri,
2392 2238 2485 2291 sed
2537 2240 2589 2290 in
2637 2240 2865 2296 insulam
2916 2245 3055 2296 Asiae
3105 2247 3334 2300 venisse.
3382 2248 3510 2303 Nam
3566 2250 3742 2318 longo

2152 2340 2266 2395 post
2299 2328 2411 2383 haec
2440 2340 2494 2383 et
2526 2332 2705 2385 multis
2732 2336 3025 2402 peragratis
3054 2339 3379 2407 regionibus,
3410 2340 3590 2411 Cypro
3622 2357 3739 2412 ap-

2154 2419 2413 2484 paruisse,
2440 2420 2533 2473 sed
2565 2436 2669 2475 non
2703 2423 2839 2477 hanc
2868 2426 3116 2490 intrasse,
3159 2430 3495 2495 perhibetur.

2222 2507 2514 2563 Festinabat
2544 2515 2676 2565 enim
2698 2515 2742 2565 si
2762 2516 2997 2583 possibile
3023 2518 3117 2571 sibi
3143 2530 3271 2571 esset
3294 2530 3349 2571 ut
3378 2522 3511 2573 diem
3538 2521 3737 2577 Pente-

2150 2612 2321 2665 costen
2345 2603 2528 2668 faceret
2547 2602 2902 2675 Jerosolymfs.
2927 2608 2979 2662 In
2999 2606 3183 2663 Graeco
3200 2610 3451 2679 scripturn
3475 2625 3556 2668 est
3580 2616 3735 2669 Diem

2152 2690 2498 2757 Peutecostes,
2540 2698 2590 2749 id
2638 2707 2741 2762 est,
2788 2701 3262 2771 quinquagesimae.
3316 2703 3446 2759 Nota
3489 2720 3623 2776 ergo
3680 2718 3735 2760 et

2152 2786 2368 2839 Pascha:
2384 2797 2593 2856 tempus
2609 2805 2658 2843 et
2675 2792 3016 2845 2'etttecostes
3036 2796 3160 2861 ipsis
3181 2795 3339 2848 etiam
3360 2800 3734 2864 apostolorum

2155 2880 2486 2945 temporibus
2516 2896 2634 2934 esse
2661 2884 3007 2936 celebramur.
3025 2886 3131 2939 Sed
3153 2897 3327 2939 utrum
3354 2897 3487 2940 inter
3508 2887 3736 2942 Judaeos

2148 2974 2486 3025 {ettiulatores
2516 2972 2648 3041 legis
2675 2974 2739 3026 ad
2765 2974 2904 3028 diem
2938 2989 3042 3043 quo
3085 2978 3391 3031 immolatus
3420 2989 3503 3033 est
3549 2994 3731 3047 agnus

2152 3067 2201 3114 in
2237 3062 2491 3132 A‘Zgypto,
2523 3077 2571 3117 et
2606 3080 2709 3132 quo
2760 3066 2838 3119 lex
2874 3064 2992 3119 data
3023 3077 3105 3121 est
3134 3068 3186 3121 in
3220 3080 3402 3123 monte
3433 3070 3595 3134 bimi,
3659 3088 3731 3125 an

2153 3168 2276 3205 vero
2302 3154 2368 3204 ad
2397 3157 2535 3206 diem
2569 3154 2858 3209 Dominira:
2914 3161 3344 3223 resurrectionis,
3378 3171 3430 3213 et
3459 3164 3731 3215 adventus

2147 3246 2374 3311 Spiritus
2402 3248 2571 3300 sancti
2608 3247 2874 3301 celebrata
2925 3258 3067 3314 sunt,
3107 3250 3286 3305 dicant
3317 3253 3405 3321 qui
3452 3254 3729 3308 noverint.

2148 3335 2377 3388 Constat
2409 3346 2583 3390 tanien
2636 3338 2932 3407 apostolum
2967 3340 3176 3395 Petrum
3209 3341 3393 3395 Romae
3422 3343 3503 3397 die
3547 3346 3731 3397 Domi.

2151 3427 2270 3480 nico
2300 3430 2710 3484 resurrectionis
2735 3429 2929 3486 Christi
2964 3432 3165 3487 Pascha
3195 3436 3497 3491 celebrasse
3523 3454 3537 3501 ;
3580 3454 3731 3491 con-

2144 3530 2248 3573 stat
2306 3519 2408 3575 hoc
2462 3523 2844 3590 etaiigelistain
2892 3526 3121 3580 Marcum
3173 3528 3241 3581 ab
3291 3543 3359 3583 eo
3407 3530 3621 3583 tuissqu
3672 3532 3728 3583 in

2144 3611 2375 3681 A’gypto
2403 3611 2673 3667 docuisse.

2727 3704 2948 3758 CAPUT
2997 3704 3136 3760 XXI.

2214 3793 2278 3846 Et
2310 3798 2553 3847 intrantes
2578 3794 2631 3847 in
2653 3794 2859 3847 domum
2885 3794 3113 3867 Philippi
3128 3799 3469 3867 evangelista.
3494 3798 3581 3866 qui
3607 3810 3722 3853 rrat

2142 3886 2206 3938 de
2258 3894 2468 3954 septem,
2520 3886 2796 3939 mansimus
2852 3891 2991 3951 apud
3038 3903 3175 3954 eunt,
3222 3900 3326 3943 etc.
3376 3891 3457 3944 οι»
3487 3892 3720 3957 primum

2145 3976 2537 4043 prtedicatiouis
2563 3975 2795 4030 ol'llcium
2826 3978 3162 4046 evangelista
3205 3981 3402 4033 meruit
3430 3982 3716 4050 appellari,

2142 4072 2381 4139 quamvis
2409 4087 2599 4125 omnes
2627 4071 2726 4126 hoc
2756 4083 2997 4143 agerent.
3045 4074 3211 4143 Hujus
3238 4074 3430 4130 domus
3479 4086 3533 4132 et
3578 4077 3719 4131 lilia-

2142 4177 2260 4216 rum
2293 4161 2409 4230 ejus
2439 4162 2595 4231 longo
2618 4178 2679 4216 es
2715 4163 2836 4217 hinc
2883 4172 3125 4234 tempore
3168 4166 3221 4219 in
3263 4167 3448 4220 eadem
3498 4168 3719 4223 civitate

2143 4256 2407 4309 manebat.
2458 4256 2695 4325 Denique
2723 4255 2880 4326 hujus
2909 4271 2961 4311 et
2999 4259 3351 4329 Hieronymus
3383 4262 3636 4316 meminit
3664 4263 3716 4316 iu

2142 4348 2374 4403 llistoiia
2405 4359 2605 4404 sancite
2641 4350 2834 4419 Paulae,
2863 4366 2983 4404 cum
3016 4366 3131 4406 eam
3160 4353 3459 4408 Cznsaream
3505 4358 3718 4410 venisse

2141 4440 2463 4497 describeret
2512 4457 2527 4497 :
2588 4460 2606 4493 ι
2642 4441 2698 4496 In
2764 4455 2865 4509 qua
2921 4441 3142 4512 (inquit)
3192 4441 3429 4497 Cornelii
3488 4446 3713 4498 domum

2136 4530 2329 4584 Christi
2362 4532 2492 4586 vidit
2524 4531 2840 4595 Ecclesiam,
2893 4542 2948 4586 et
2978 4533 3203 4603 Philippi
3253 4536 3509 4588 aediculas
3539 4544 3591 4589 et
3618 4550 3713 4591 cu~

2138 4622 2366 4675 bii-ulmo
2394 4635 2623 4690 quatuor
2651 4622 2919 4689 virginum
2951 4626 3357 4692 prophetarum.
3400 4643 3419 4675 ι

2208 4712 2285 4764 De
2310 4714 2387 4766 his
2410 4723 2601 4782 autem,
2634 4716 2717 4785 qui
2747 4716 3071 4770 crediderunt
3102 4731 3164 4769 ea:
3190 4717 3421 4787 gentibus
3450 4732 3543 4769 nos
3574 4718 3707 4769 scri-

2136 4807 2347 4871 psimus,
2395 4809 2690 4878 judicantes
2722 4817 2773 4860 ut
2815 4811 3100 4863 abstineant
3138 4827 3190 4863 se
3214 4811 3277 4862 ab
3304 4811 3477 4873 idolis,
3524 4811 3709 4865 immo-

2132 4900 2358 4961 latione,
2405 4910 2506 4953 etc.
2547 4900 2600 4953 In
2650 4900 2833 4955 Graco
2862 4903 3083 4956 habetur
3123 4903 3461 4958 distinctius:
3514 4903 3584 4957 De
3630 4906 3709 4957 his

2137 5004 2334 5054 autaut,
2388 4991 2472 5059 qui
2522 4993 2847 5047 crediderunt
2896 4996 3204 5060 horninibus,
3258 5012 3349 5050 nos
3388 4996 3707 5064 scripsimus,

2128 5081 2416 5149 judicontes
2438 5080 2567 5134 nihil
2592 5082 2692 5135 tale
2721 5085 2974 5137 custodire
3002 5100 3105 5153 eos,
3152 5086 3250 5137 nisi
3275 5095 3331 5138 ut
3365 5086 3623 5139 observent
3650 5103 3706 5139 se

2139 5178 2203 5228 ab
2227 5176 2544 5245 idolothytis,
2575 5188 2681 5231 etc.
2730 5175 2845 5231 Non
2873 5192 3001 5246 ergo
3031 5175 3281 5244 prohibiti
3312 5185 3435 5229 sunt
3462 5190 3527 5229 eo
3566 5188 3674 5229 tem

2140 5279 2269 5335 pate
2300 5266 2583 5322 credentes
2628 5267 2680 5320 iu
2711 5268 2980 5322 Christum
3010 5266 3201 5329 Judzi.
3256 5267 3548 5320 secundum
3580 5280 3679 5317 con

2140 5361 2473 5415 suetudinem
2523 5359 2654 5429 legis
2681 5359 2883 5428 ingredi
2910 5404 2922 5425 ,
2974 5367 3149 5413 stante
3194 5359 3371 5413 adhuc
3402 5358 3599 5423 templo
3642 5370 3708 5409 ae

2138 5451 2393 5521 religione
2446 5466 2564 5516 sua,
2617 5451 2911 5520 quamlibet
2960 5452 3011 5505 in
3043 5451 3173 5505 solis
3221 5452 3343 5505 novi
3400 5447 3707 5504 testamenti

2138 5543 2485 5598 sacramentis
2516 5542 2740 5598 salutem
2770 5543 3000 5597 habituri
3027 5561 3041 5607 ;
3068 5544 3162 5599 sed
3196 5542 3447 5613 prohibiti
3498 5551 3624 5596 sunt
3650 5541 3706 5597 hi

2138 5638 2225 5703 qui
2256 5650 2319 5692 es
2349 5636 2593 5707 gentibus
2623 5636 2990 5702 crediderunt,
3023 5648 3077 5691 et
3101 5634 3371 5705 Evangelii
3394 5646 3705 5688 sacranae».

2142 5726 2210 5784 tis
2258 5738 2410 5784 erant
2446 5727 2655 5798 imbuti,
2708 5728 2773 5784 ad
2822 5727 3152 5798 suscipienda
3207 5726 3335 5795 legis
3367 5736 3702 5780 sacruueuts
