3860 6230
62 310 219 371 1018
825 340 831 346 ·
865 326 1065 383 LIBER
1106 326 1695 384 RETRACTATIONIS
1733 328 1799 384 IN
1839 326 2057 384 ACTUS
2097 331 2614 391 Αροδτοιοηωί.
3210 343 3348 399 1050

61 441 372 537 coniverti,
414 445 517 515 qui
550 454 724 501 tamen
756 446 841 499 illa
873 449 1001 516 legis
1047 449 1316 513 mandata,
1356 464 1471 517 qua:
1517 449 1582 501 ad
1610 448 1691 502 in-
1718 451 1763 507 Α
1793 446 1910 499 dus.
1942 444 2146 501 Cecidit
2190 464 2414 517 namque
2460 467 2620 521 super
2658 467 2779 507 eum
2831 455 3081 521 esstasis,
3111 466 3167 513 et
3221 460 3351 515 vidit

58 529 463 590 stitutionem
494 552 703 590 morum
753 545 808 590 et
837 538 1269 592 einundatiunem
1322 540 1497 593 cordis
1528 540 1701 607 perti-
1798 539 1988 591 cauum
2020 548 2283 604 apertum.
2320 540 2556 594 Alienats
2589 552 2669 596 est
2696 553 2870 597 autem
2899 559 3049 602 mens
3076 552 3342 606 orantium

58 626 227 721 αξηῑ.
262 630 338 673 ιιι
368 636 511 680 est:
554 626 674 680 Non
706 629 1031 694 concupisces
1054 628 1230 697 (Rom.
1264 628 1383 699 vn),
1416 629 1700 721 diligenter
1796 627 2179 693 apostolorum,
2209 629 2302 681 sed
2333 631 2400 682 ab
2428 630 2619 684 inlimis
2643 634 2709 685 ad
2734 646 2996 702 superna,
3040 650 3143 690 non
3172 648 3228 691 ut
3256 638 3351 694 de-

56 704 412 765 ohservare
447 714 719 781 jubentur.
760 715 955 782 Quarta
981 718 1093 770 haec
1135 717 1372 787 synodus
1404 704 1697 785 apoztolica
1801 718 2026 783 viarent,
2054 720 2147 772 sed
2179 728 2234 773 ut
2268 720 2523 775 viderent.

58 790 485 866 Jermlymis
528 803 704 857 habita
729 814 834 860 est.
880 805 1054 859 Prima
1086 821 1315 874 namque
1343 806 1410 861 de
1438 808 1701 861 electione
1870 806 1982 877 Ego
2006 810 2166 862 multa
2194 811 2407 879 pecunia
2447 812 2698 865 civitatem
2728 813 2863 867 Itane
2904 826 3198 871 consecutus
3219 832 3353 877 sum.

58 882 432 944 duodecimi
467 896 691 961 apostoli
742 911 836 963 pro
861 896 1017 959 Juda,
1068 898 1302 951 secunda
1333 897 1399 952 de
1429 899 1694 953 electione

1816 897 1902 950 Pro
1931 899 2141 951 civitate
2172 900 2223 951 in
2252 899 2437 953 Gnaeo
2474 903 2729 958 πολιτείαν
2757 903 2916 959 hab“
2952 921 2968 959 :
3016 906 3153 973 QUOd
3184 895 3355 975 ωὶείι

59 984 306 1041 septem
344 982 735 1049 diaconorum,
769 988 924 1041 tertia
950 988 1017 1042 de
1043 988 1471 1054 circumcisione,
1505 1004 1571 1042 ne
1590 1004 1701 1044 cre-
1799 990 2127 1058 civilitatem,
2161 991 2211 1044 id
2244 1001 2344 1055 est,
2369 994 2615 1047 socialem
2642 996 2778 1047 inter
2806 996 2949 1049 cives
2993 1001 3353 1053 conversatio-

61 1062 370 1123 dentibos
410 1090 480 1127 ex
526 1076 771 1143 gentibus
818 1077 1183 1143 imponeretur
1204 1116 1221 1141 ,
1271 1087 1456 1145 quarta
1488 1078 1603 1131 huc
1630 1077 1699 1132 de
1800 1093 1943 1143 nem,
1974 1080 2055 1131 vel
2084 1079 2589 1135 administrationem
2620 1084 2944 1150 reipublicae,
2979 1092 3136 1153 quam
3166 1088 3355 1141 civita-

61 1157 476 1219 credentibus
528 1164 665 1219 facta
696 1173 780 1221 est
822 1181 888 1220 ex
934 1165 1133 1220 Judmis
1180 1166 1273 1221 illo
1320 1177 1582 1235 tempore,
1632 1181 1700 1221 ne
1802 1175 1905 1221 tem
1935 1168 2215 1235 signiticet.
2264 1169 2376 1222 Non
2397 1174 2541 1232 enim
2571 1171 2813 1226 tribunus
2855 1175 3121 1229 civitatem
3155 1177 3353 1230 Romae

67 1248 569 1319 Probiberentur,
601 1255 689 1307 ubi
711 1255 1001 1310 necessitas
1044 1255 1281 1323 exigeret
1315 1256 1477 1309 etiam
1511 1257 1693 1323 legali-

71 1334 187 1390 bus
246 1342 621 1396 caeremoniis
672 1343 897 1407 initiari,
949 1343 1017 1396 ob
1067 1342 1407 1397 devitandum
1453 1341 1699 1396 videlicet

74 1441 300 1483 eorum
343 1432 695 1495 scandalum,
726 1433 814 1501 qui
847 1432 1094 1500 putabant
1125 1446 1218 1485 eos
1247 1432 1315 1483 ita
1348 1431 1572 1485 losaiea
1603 1433 1697 1483 de-

69 1530 243 1572 creta
290 1532 563 1592 tanquam
595 1523 905 1577 idololatriae
935 1522 1181 1593 dogmata
1225 1523 1525 1581 damnasse,
1556 1520 1696 1587 quud

64 1624 177 1665 eos
209 1614 413 1667 etiam
445 1622 569 1669 ante
592 1614 767 1669 facere
793 1612 1151 1677 commovisse,
1178 1611 1442 1667 Timothei
1464 1611 1699 1665 maxime
1871 1610 2129 1666 Tribunus
2154 1630 2350 1681 quoque
2375 1618 2559 1683 timuit,
2595 1629 2857 1685 postquam
2900 1620 3093 1674 rescivit
3118 1622 3235 1690 quia
3278 1622 3354 1674 ci-

68 1702 543 1762 circumcigione
576 1706 850 1774 probatum
881 1714 984 1759 est,
1801 1697 1873 1751 uis
1902 1696 2165 1752 Romanus
2194 1710 2340 1754 esset.
2375 1702 2476 1757 Pro
2503 1706 2617 1758 cive
2646 1706 2783 1759 idem
2829 1705 3045 1759 verbum
3074 1707 3125 1760 in
3171 1706 3357 1759 Graeco

153 1794 368 1851 Iussit
398 1799 519 1851 duci
545 1814 657 1852 ειυη
688 1798 739 1851 in
767 1805 956 1850 castra.
999 1795 1065 1849 Et
1093 1795 1145 1850 in
1194 1794 1294 1851 hoc
1342 1794 1495 1859 loco,
1543 1802 1597 1849 et
1644 1792 1694 1847 in
1728 1790 1774 1849 B
1806 1786 2030 1853 positum
2084 1795 2206 1853 est.
2261 1789 2402 1857 quod
2451 1804 2607 1860 supra
2656 1807 2750 1861 pro
2798 1794 3100 1863 municipe.
3151 1794 3203 1850 id
3249 1802 3353 1861 est.

77 1886 194 1939 hac
230 1895 373 1940 tota
401 1890 723 1952 narratione,
758 1888 1054 1956 ubicunque
1075 1895 1368 1942 castrorum
1393 1898 1584 1938 nomen
1606 1898 1697 1950 po-
1796 1875 2022 1934 πολίτης.

77 1976 271 2029 situas
305 1985 429 2041 est,
481 1975 534 2031 in
567 1975 753 2030 Graeco
782 1977 881 2032 hoc
929 1976 1273 2046 singulariter
1313 1973 1541 2042 positum
1579 1986 1699 2025 esse

78 2066 433 2121 docendum
459 2076 581 2120 est:
629 2065 767 2135 quod
815 2065 935 2120 ideo
967 2063 1184 2118 Latinus
1226 2063 1489 2131 interpres
1520 2061 1698 2131 plura-

85 2158 227 2212 liter
256 2172 480 2226 ponere
513 2157 719 2223 maluit,
749 2172 817 2211 ne
843 2159 887 2209 si
917 2154 1255 2224 singulariter
1302 2159 1545 2222 poneret,
1575 2165 1699 2205 sen-

85 2262 222 2301 sum
261 2248 507 2318 legentis
536 2248 688 2318 longe
738 2248 790 2300 in
834 2246 974 2299 aliud
1026 2246 1292 2309 mitteret,
1344 2251 1400 2298 et
1430 2256 1526 2311 pro
1568 2256 1697 2295 con-

90 2344 278 2391 ventu
314 2336 589 2391 exercitus
614 2349 677 2389 ac
706 2334 952 2400 militum,
986 2334 1160 2389 locum
1190 2333 1452 2386 munitum
1495 2328 1697 2385 faceret

92 2429 379 2497 intelligi.
405 2428 492 2483 Sic
521 2436 575 2483 et
605 2426 658 2481 in
690 2427 894 2495 psalmo
923 2426 1009 2480 ubi
1038 2425 1231 2480 dicitur
1256 2442 1269 2477 :
1316 2423 1380 2477 Et
1408 2423 1697 2477 ceciderunt

94 2523 151 2573 in
182 2521 381 2575 medio
401 2529 681 2575 castrorum
706 2534 916 2580 eorum;
963 2520 1013 2572 in
1045 2518 1231 2573 Graeco
1267 2517 1533 2589 παραϐολῆ
1564 2516 1697 2570 scri-

100 2626 272 2683 ptum
306 2625 397 2671 est
428 2630 648 2669 numero
677 2615 953 2683 singulari.

1800 1271 1942 1321 nam,
1974 1256 2123 1325 cujus
2154 1270 2291 1312 esset
2311 1274 2617 1326 possessor,
2646 1261 2738 1314 sed
2768 1264 3095 1316 consortium
3123 1266 3353 1319 civitatis

1801 1346 2073 1411 ltomana,
2105 1348 2255 1416 cujus
2281 1358 2423 1402 esset
2455 1351 2743 1420 particeps,
2776 1364 2997 1407 emerat.
3024 1355 3127 1410 Sed
3158 1355 3353 1411 Paulus

1800 1448 1864 1488 eo
1890 1434 2054 1503 magis
2080 1448 2194 1490 erat
2224 1438 2352 1491 civis
2379 1438 2670 1505 Romanus,
2714 1444 2838 1511 quia
2866 1458 2973 1497 non
3010 1445 3110 1498 hoc
3136 1458 3352 1516 compa-

1802 1524 1987 1587 rando,
2016 1525 2108 1579 sed
2150 1528 2415 1581 nascendo
2438 1528 2687 1585 habebat.

2356 1968 2576 2023 CAPUT
2607 1969 2791 2025 XXIII.

1873 2054 1940 2108 Et
1965 2056 2269 2112 dnouerunt
2304 2076 2357 2112 se
2384 2062 2605 2114 dicentes
2644 2078 2801 2129 neque
2844 2064 3237 2118 manducath
3265 2080 3361 2119 tte-

1795 2164 1893 2217 que
1916 2149 2181 2215 bibituros,
2221 2149 2379 2203 donec
2429 2152 2719 2205 occiderent
2753 2152 2992 2207 Paulum.
3024 2156 3364 2222 Devooerunt,

1797 2237 2191 2293 malediserunt
2219 2241 2499 2309 signiﬁcat.
2543 2242 2815 2310 Siquidem
2849 2259 2944 2312 pro
2978 2246 3078 2299 hoc
3110 2248 3269 2301 terbo
3302 2248 3357 2303 in

1796 2333 1983 2385 (ἔτεα)
2009 2334 2265 2401 scriptum
2292 2344 2391 2398 est,
2424 2336 2793 2405 ἀνεθεμάτισαν
2837 2352 2851 2388 :
2885 2338 2976 2389 sed
3010 2337 3062 2390 in
3090 2340 3359 2405 sequenti-

1799 2420 1933 2485 bus,
1980 2420 2068 2474 ubi
2097 2420 2347 2476 dicebant
2386 2439 2397 2474 :
2452 2421 2731 2476 Devotione
2773 2424 3063 2478 deposimus
3107 2442 3197 2479 nos
3226 2427 3358 2481 nihil

1799 2518 2111 2580 gustaturos,
2158 2509 2213 2564 in
2241 2511 2430 2567 Graeco
2461 2514 2713 2580 scriptum
2748 2523 2849 2579 est,
2898 2517 3167 2586 ἀναθέματι
3195 2520 3360 2572 ἀνεθε-

1790 2602 2105 2673 νματίσαμιν.
2154 2602 2302 2667 Quod
2350 2612 2561 2670 quaan
2620 2605 2948 2658 austeritatis
2991 2608 3063 2658 sit
3119 2610 3358 2669 verbum,

1800 2699 1994 2743 norunt
2022 2690 2110 2759 qui
2133 2692 2467 2746 anathemate
2498 2693 2813 2748 sacerdotali
2843 2708 2871 2746 a
2898 2708 2973 2748 so.
2995 2693 3157 2749 ietate
3201 2693 3358 2750 Chri-

1802 2780 1869 2833 sti
1899 2790 1952 2834 et
1984 2779 2232 2836 Ecclesia:
2259 2784 2582 2836 alienantur.

2362 2873 2585 2928 CAPUT
2618 2872 2801 2928 XXIV.

1874 2958 1999 3014 Post
2020 2977 2179 3015 annos
2202 2971 2366 3016 autem
2394 2963 2640 3033 plurimos
2669 2966 3012 3035 eleemosynas
3054 2966 3278 3036 {acturus
3306 2969 3359 3022 in

1801 3065 1995 3127 gentem
2046 3073 2206 3111 meum
2255 3060 2383 3122 t'eni,
2431 3069 2477 3112 et
2521 3060 2795 3111 oblationes
2847 3070 2895 3113 et
2944 3070 3057 3113 uota
3107 3062 3357 3128 facturus.

191 3156 318 3226 Ego
343 3157 489 3210 homo
510 3173 620 3212 sum
644 3157 840 3224 quidem
868 3155 1084 3209 luamus
1112 3172 1140 3206 a
1166 3154 1328 3208 Tarsa
1351 3154 1561 3218 Citii-im,
1594 3170 1696 3208 non
1724 3140 1770 3201 ϐ
1803 3144 2169 3216 Elcemosyute
2198 3148 2462 3215 pertineant
2492 3146 2558 3200 ad
2587 3161 2650 3201 ea
2679 3162 2796 3215 qua:
2824 3147 3008 3202 usibus
3052 3157 3357 3204 sanctorum

113 3247 321 3315 ignota
367 3247 582 3300 civitatis
622 3247 902 3316 municrps.
946 3246 1046 3299 Pro
1074 3246 1327 3314 m-inicipe
1354 3245 1564 3313 quidam
1597 3243 1694 3298 Co-

1816 3237 2075 3299 attulerat,
2126 3253 2348 3306 quorum
2383 3238 2432 3290 in
2494 3237 2743 3304 Epistolis
2789 3238 2899 3291 suis
2945 3239 3185 3292 crebram
3239 3240 3361 3293 iacit

119 3339 278 3392 dices
323 3340 480 3391 civem
535 3338 763 3399 habent,
813 3337 954 3406 quod
1001 3354 1065 3391 ex
1096 3352 1199 3390 uno
1246 3336 1431 3390 Greco
1480 3337 1693 3395 πολίτης
1804 3326 2168 3389 ηιθηιίοηθηὶὶ
2220 3324 2512 3379 οωδιίουθσ
2555 3339 2679 3378 τετυ
2705 3333 2758 3378 εί
2788 3334 2903 3379 νοω
2931 3327 2997 3379 δά
3026 3343 3085 3379 θ’
3124 3342 3245 3394 quin
3289 3327 3357 3381 ιιι

118 3429 476 3490 transfertur,
527 3429 769 3482 derivato
793 3427 1007 3481 nomine
1038 3443 1065 3479 a
1095 3430 1329 3491 civitate,
1368 3442 1484 3494 qua:
1511 3427 1694 3481 Grzece

1816 3418 2107 3472 tuasioiuem
2134 3417 2317 3471 Jacobi
2348 3426 2400 3470 et
2447 3417 2711 3471 seniorum
2756 3417 2865 3471 Deo
2896 3420 2945 3471 in
2986 3419 3182 3485 templo
3207 3422 3359 3474 obtu-

122 3520 277 3579 mih:
308 3528 543 3572 vocatur.
579 3516 729 3571 Unde
757 3518 856 3570 hoc
880 3516 1019 3584 quod
1045 3517 1323 3583 Apostolus
1352 3516 1426 3567 ait
1457 3534 1468 3566 :
1504 3511 1694 3567 Nostra

1816 3506 1958 3558 lerat.
1990 3505 2243 3569 Quamvis
2274 3505 2325 3557 in
2354 3504 2541 3561 Graco
2568 3520 2671 3559 non
2727 3507 2834 3559 sint
2864 3516 2981 3560 vota
3010 3509 3205 3562 addita.
3241 3511 3355 3569 Etsi

123 3617 306 3659 autem
333 3608 645 3659 conversatio
686 3606 738 3657 in
781 3605 917 3657 caelis
943 3612 1013 3658 est
1045 3603 1302 3674 (Philipp.
1336 3605 1439 3671 ιιι),
1488 3602 1694 3668 quidam

1816 3606 1929 3659 ergo
1963 3591 2133 3645 Lucas
2162 3591 2214 3645 in
2264 3592 2497 3646 historias
2540 3593 2724 3646 ordine
2753 3609 2857 3647 non
2884 3597 3023 3648 dixit
3058 3598 3197 3665 quod
3228 3598 3361 3652 Pau-

185 2706 310 2772 Qui
341 2724 456 2761 cum
483 2708 689 2761 venisset
723 2705 791 2758 ad
816 2706 1030 2776 gradus,
1078 2705 1283 2773 contigit
1309 2712 1359 2755 ut
1390 2711 1696 2771 portaretur,

105 2809 165 2851 et
198 2809 412 2852 caetera
468 2795 674 2850 Gradus
703 2810 807 2848 non
835 2794 1198 2849 descensionis
1226 2793 1292 2846 de
1332 2795 1550 2861 templo,
1603 2793 1697 2845 sed

105 2890 465 2943 rcensionis
496 2889 548 2943 in
578 2898 753 2941 castra
786 2885 1064 2956 signiﬁcat.
1096 2885 1243 2953 Quod
1278 2900 1345 2938 es
1377 2885 1562 2949 Gru'cp
1591 2898 1699 2937 ma-

108 2978 386 3031 nifestum
415 2986 515 3040 est,
545 2976 631 3031 ubi
658 2978 964 3047 ἁναϐαθμός,
990 2991 1092 3031 11οη
1124 2976 1441 3046 καταϐαθμὸς
1468 2993 1480 3028 :
1515 2974 1564 3028 id
1593 2984 1698 3041 est,

110 3084 380 3121 ascensus
407 3068 585 3132 habet,
618 3083 721 3121 non
752 3067 1039 3119 descensus.

123 3696 467 3763 interpretati
492 3706 611 3748 sunt
640 3710 655 3748 :
709 3694 895 3746 Noster
925 3705 1093 3746 autem
1119 3694 1457 3760 municipatus
1486 3694 1538 3745 in
1563 3692 1700 3745 caelis

128 3796 228 3841 est.
265 3785 334 3837 Et
370 3783 727 3853 Hieronymus
755 3784 819 3835 ad
852 3781 1194 3835 Heliodorum
1226 3782 1465 3835 scribens
1506 3780 1575 3833 ita
1608 3795 1701 3847 po-

126 3879 277 3930 suit:
330 3894 348 3927 s
384 3875 521 3942 Quia
546 3889 649 3929 non
681 3873 823 3928 aliud
854 3873 1260 3941 municipatum,
1305 3887 1459 3939 quam
1493 3870 1700 3926 civilem

128 3966 623 4029 conversationem,
652 3963 791 4034 quod
822 3963 1007 4018 Grzeoe
1034 3962 1226 4017 dicitur
1253 3961 1563 4032 πολίτευμα,
1612 3960 1699 4014 in—

130 4055 305 4125 telligi
335 4054 583 4110 voluerit.
612 4072 632 4107 s
897 4126 904 4132 δ

705 4144 927 4201 CAPUT
973 4143 1137 4199 XXII.

208 4235 456 4291 Eruditus
495 4239 647 4306 juxta
674 4235 929 4288 ueritatem
950 4274 963 4296 ,
1018 4242 1246 4301 paterna:
1275 4231 1400 4301 legis
1429 4230 1698 4284 amulator

132 4330 377 4382 existens.
402 4327 458 4381 ln
490 4326 673 4380 Greco
706 4324 928 4378 habetur
958 4324 1110 4391 plus:
1142 4320 1441 4375 £mulator
1482 4324 1703 4373 existens

134 4417 263 4483 Dei,
285 4418 436 4486 juxta
462 4415 590 4469 illud
615 4415 680 4467 ad
711 4413 978 4468 Romanos
1004 4431 1015 4465 :
1043 4412 1413 4465 Testimonium
1437 4411 1569 4465 enim
1595 4410 1701 4463 illis

1805 3682 1884 3732 Illi
1911 3696 2030 3733 cum
2074 3682 2426 3751 eleemosynis
2474 3696 2759 3750 pauperum
2802 3684 2998 3737 Christi
3042 3686 3111 3740 de
3155 3687 3358 3746 Gracia

1803 3772 2188 3841 Jerosolymam
2216 3773 2457 3837 venerit,
2504 3788 2567 3827 es
2598 3774 2771 3829 verbis
2799 3785 2997 3840 tamen,
3043 3792 3159 3846 quae
3188 3779 3357 3849 ipsum

1804 3862 2004 3916 dixisse
2033 3862 2217 3929 refert,
2247 3862 2366 3931 quia
2400 3862 2499 3917 hoc
2530 3863 2717 3917 fecerit
2742 3866 2991 3919 ostendit.

2360 3952 2581 4006 CAPUT
2622 3952 2787 4007 XXV.

1876 4040 2059 4095 Festus
2080 4053 2249 4095 autem
2278 4044 2535 4108 respondit
2559 4043 2747 4095 servari
2780 4041 2996 4097 Paulum
3022 4045 3073 4098 in
3103 4043 3356 4109 Ccsarea,

1803 4149 1854 4186 se
1879 4142 2049 4186 autem
2074 4133 2320 4185 maturius
2346 4132 2711 4201 profecturum.
2744 4131 2999 4187 Maturius
3029 4135 3207 4203 utique
3233 4136 3359 4189 dicit

1804 4224 2049 4286 celerius,
2100 4222 2341 4290 quamvis
2390 4221 2671 4289 aliquando
2697 4222 2953 4274 maturius
2999 4224 3113 4277 ﬁeri
3157 4224 3360 4277 dicatur

1804 4301 1943 4379 quod
1993 4312 2189 4365 tardius
2219 4320 2420 4365 etcum
2464 4313 2761 4363 maturitate
2809 4311 3015 4366 consilii
3056 4312 3250 4381 agitur.
3302 4314 3356 4367 lu

1805 4401 1991 4456 (ἕτερα
2021 4402 2161 4456 enim
2192 4401 2448 4467 scriptum
2479 4410 2559 4455 est
2589 4402 2640 4453 tu
2667 4403 2847 4472 τάχει,
2889 4402 2940 4455 id
2989 4412 3090 4466 est,
3124 4402 3178 4456 in
3221 4404 3359 4459 eale-

136 4483 399 4573 perltiliee,
428 4506 561 4575 quod
586 4503 958 4557 mulationem
991 4501 1083 4556 Dei
1111 4500 1312 4567 habent,
1356 4501 1446 4555 sed
1477 4516 1579 4553 non
1619 4514 1694 4553 se-
1726 4483 1774 4544 Ι)
1801 4492 1973 4546 ritate-

135 4597 367 4649 eundam
394 4592 673 4648 scientiam.
1596 4634 1599 4637 γ

208 4682 393 4747 Senis,
424 4682 602 4741 Saule,
642 4681 767 4748 quid
794 4695 876 4733 me
901 4679 1241 4748 persequeris?
1270 4678 1325 4732 ln
1357 4677 1541 4732 Greco
1570 4684 1623 4731 et
1652 4676 1701 4730 in

136 4773 236 4827 hoc
264 4772 385 4826 loco
407 4769 645 4823 additum
672 4777 786 4822 est:
822 4768 1019 4822 Durum
1034 4778 1107 4822 est
1130 4768 1219 4820 tibi
1247 4775 1423 4821 contra
1444 4767 1702 4819 stimulum

134 4862 422 4915 calcitrarc.
1681 4876 1683 4878 ·

204 4948 275 5002 Et
298 4950 387 5016 qui
425 4962 617 5000 mecum
642 4947 868 5015 fuerunt,
900 4948 1069 4998 lumen
1099 4946 1303 5014 quidem
1328 4946 1583 5001 viderunt.
1636 4943 1701 4997 Et

140 5042 188 5093 in
221 5041 411 5094 Graeco
442 5039 663 5091 habetur
695 5037 810 5105 plus
839 5052 852 5088 :
886 5035 954 5087 Et
983 5037 1034 5089 in
1064 5038 1241 5090 timore
1271 5036 1392 5105 farti
1420 5044 1555 5089 sunt.

204 5128 427 5182 Factum
456 5139 529 5181 est
558 5137 724 5180 autem
752 5127 1015 5178 reuertenti
1046 5126 1170 5177 mihi
1197 5126 1248 5176 in
1288 5124 1598 5187 Jerusalem,
1651 5133 1697 5175 et

139 5222 303 5273 oranti
324 5221 377 5271 iu
404 5218 592 5287 templo
633 5218 743 5285 ﬁeri
768 5231 847 5267 me
873 5216 924 5266 in
965 5226 1170 5283 stupore
1196 5214 1393 5275 mentis,
1424 5224 1473 5267 et
1528 5215 1697 5266 uidere

140 5311 302 5364 illum.
360 5308 467 5361 Pro
512 5317 717 5372 stupore
746 5306 923 5358 mentis
971 5304 1183 5372 quidam
1236 5304 1456 5357 Codices
1504 5302 1699 5355 habent

143 5398 316 5453 mentis
348 5413 625 5462 excessum,
662 5396 750 5449 alii
778 5411 1033 5465 pavorem,
1074 5394 1163 5447 alii
1194 5384 1565 5447 alienationem.
1610 5393 1697 5444 Di-

146 5502 293 5542 verse
323 5487 464 5539 enim
491 5486 869 5552 interpretatur
897 5483 1102 5545 Latine,
1131 5482 1271 5551 quod
1299 5481 1480 5535 Graece
1505 5479 1699 5534 dicitur

144 5576 389 5628 exstasis.
436 5572 587 5638 Quod
616 5572 836 5633 uerbum
860 5581 913 5623 et
944 5572 996 5624 in
1028 5570 1229 5623 visione
1257 5569 1396 5623 Petri
1424 5582 1581 5634 supra
1608 5584 1700 5635 po.

143 5668 295 5727 situm
323 5672 429 5733 est,
462 5663 549 5718 ubi
577 5663 642 5716 ad
666 5662 964 5717 docendum
996 5658 1297 5716 Cornelium
1328 5668 1440 5715 erat
1465 5673 1698 5714 evocan-

1874 4579 2001 4634 Cum
2028 4579 2237 4634 uenisset
2262 4580 2487 4650 Agrippa
2511 4588 2555 4629 et
2596 4576 2824 4643 Bernits
2851 4594 2965 4632 cum
3006 4580 3163 4633 multa
3197 4580 3359 4634 ambi-

1806 4670 1971 4734 tion,
2019 4677 2123 4724 etc.
2179 4667 2282 4722 Pro
2311 4667 2596 4719 ambitione
2643 4667 2694 4719 in
2723 4667 2909 4721 Graeco
2947 4671 3200 4739 φαντασία
3227 4669 3359 4723 scri-

1807 4768 1953 4826 ptum
1978 4767 2082 4825 est,
2116 4772 2220 4825 quo
2260 4756 2474 4809 nomine
2500 4755 2808 4823 designatur
2838 4757 3108 4823 multiplex
3136 4770 3359 4825 appara-

1806 4857 1911 4913 tus,
1944 4858 1997 4901 et
2027 4862 2215 4913 pompa
2256 4846 2447 4913 regalis
2477 4844 2659 4910 ollicii,
2693 4861 2796 4913 quo
2829 4846 2916 4899 ille
2953 4847 3253 4913 ambiente,
3303 4848 3354 4902 id

1806 4946 1887 4991 est
1914 4935 2276 4991 circumdante
2303 4949 2361 4988 se
2392 4935 2642 5001 undique,
2668 4935 2915 4997 stipatur.

2357 5021 2580 5076 CAPUT
2613 5021 2795 5075 XXVI.

1879 5114 2133 5179 Quoniam
2163 5113 2438 5165 secundum
2467 5112 2793 5164 certissimam
2820 5120 3003 5165 sectam
3028 5120 3210 5166 nostra
3238 5114 3355 5167 reli-

1802 5206 1964 5272 gionis
2000 5205 2101 5257 sisi
2131 5202 2443 5255 Phariaene.
2504 5200 2606 5254 Pro
2632 5209 2775 5255 secta
2824 5201 2875 5254 in
2906 5203 3090 5255 Graeco
3117 5202 3351 5256 heresim

1806 5299 1979 5348 habet.
2029 5292 2179 5347 Unde
2208 5294 2478 5360 probatur,
2509 5294 2645 5360 quod
2674 5307 2737 5345 eo
2768 5302 3001 5360 tempore
3020 5294 3177 5348 etiam
3211 5294 3348 5348 bena

1802 5393 1944 5437 secta
1975 5384 2073 5436 hoc
2105 5382 2242 5449 apud
2289 5380 2503 5435 Graecos
2534 5381 2845 5433 vocabulum
2893 5382 3155 5444 habebat,
3211 5382 3354 5450 quod

1794 5488 1940 5527 nunc
1968 5471 2107 5541 apud
2139 5486 2236 5525 nos
2263 5470 2397 5523 mala
2430 5478 2629 5522 tantum
2664 5470 2863 5526 habere
2889 5470 3184 5524 consuevit.

2338 5556 2559 5613 CAPUT
2603 5558 2807 5612 XXV".

1877 5648 1943 5704 Ut
1972 5656 2137 5703 autem
2151 5649 2437 5721 judicatus:
2464 5658 2533 5701 est
2561 5662 2673 5701 eum
2706 5649 2939 5720 navig'tre
2966 5650 3016 5703 in
3048 5648 3278 5717 Italiam,
3307 5661 3356 5701 st
