3860 6230
533 332 668 390 103!

953 330 1153 386 [ιεωε
1194 330 1640 386 νεαειιηιωε
1675 330 1825 385 OPP.
1868 329 2043 387 PARS
2080 330 2143 386 II.
2185 331 2376 387 SECT.
2411 331 2449 385 I.
2484 359 2550 373 -
2581 328 2961 386 ELEGETICA
3002 328 3326 387 GENUINA.

3626 329 3770 386 Ιοῖἒ

533 450 668 503 tradi
701 445 921 501 Paulum
944 462 1060 499 cunt
1088 447 1295 517 reliquis
1319 447 1563 500 custodiis
1602 445 1903 499 centurioni.
1953 441 2093 495 Con—
2123 442 2173 500 Α
2199 450 2250 494 et
2282 454 2377 495 nos
2405 443 2724 497 arbitramur
2770 443 2939 509 primo
2977 442 3055 497 sic
3078 516 3081 519 _
3104 445 3508 510 lntcrpretatum
3548 456 3689 497 esse
3721 445 3771 495 in

537 534 847 604 sequentius
878 534 1075 602 legitur
1124 535 1175 589 in
1210 533 1434 590 Grmco:
1489 535 1558 589 Ut
1598 546 1764 589 autem
1803 535 2094 604 judicatuttt
2195 530 2460 591 Latinum.
2494 532 2588 585 ιρὰ
2620 533 2951 586 librariorum
2985 532 3299 601 negligentia
3334 544 3621 586 mutatum.

536 632 612 677 est
638 625 875 692 nauigare
912 640 1003 677 nos
1047 624 1101 676 in
1148 623 1382 687 Italiam,
1428 625 1747 678 tradiderunt
1789 624 2009 678 Paulum
2050 634 2097 678 et

533 713 779 781 quaedam
807 712 938 764 alios
952 712 1141 765 vinctos
1163 713 1469 767 centurioni.

605 800 674 856 Et
704 794 939 873 Pelagus
960 801 1149 857 Ciliciae
1182 814 1229 858 et
1266 803 1573 871 Pamphilius
1612 805 1931 875 navigantes,
1961 805 2097 857 ceni-

536 910 647 949 utus
678 893 933 965 Lustrum.
972 911 1087 963 quc
1120 904 1195 949 est
1236 896 1425 965 Lycias.
1476 896 1576 951 Pro
1615 896 1799 965 Lystra
1832 896 1883 949 in
1910 893 2098 949 Great-0

539 988 765 1053 Smyrna
804 982 1161 1053 positnmest.
1206 1002 1303 1055 pro
1343 1002 1450 1055 quo
1481 988 1834 1057 Hieronymus
1875 988 1929 1040 in
1960 986 2098 1040 libro

543 1077 889 1133 Hebraeorum
918 1078 1189 1131 nominum
1220 1078 1420 1148 lyram
1472 1079 1660 1145 ponit':
1709 1080 1847 1147 quod
1898 1078 2097 1132 idcirco

543 1182 667 1224 reor
695 1167 747 1221 in
770 1166 1085 1236 quibusdam
1106 1167 1391 1222 Codicibus
1416 1170 1501 1229 ita,
1515 1169 1759 1237 reperiri,
1782 1170 1905 1238 quia
1923 1169 2099 1241 μύρῤα

546 1256 729 1310 (ἓν-αθ
757 1255 987 1326 Smyrna
1026 1256 1338 1324 appellatur.
1393 1256 1621 1324 Denique
1660 1256 1711 1309 in
1748 1257 1970 1321 psalmo,
2011 1258 2097 1311 ubi

539 1347 820 1399 canimus:
871 1344 1109 1414 Myrrha,
1162 1354 1208 1398 et
1237 1353 1414 1414 gutta,
1462 1356 1508 1399 et
1554 1347 1689 1398 casia
1730 1346 1902 1416 (Prol.
1935 1348 2097 1413 ιιιν),

543 1435 595 1487 in
642 1434 828 1488 Graeco
876 1435 948 1487 Ita
993 1434 1249 1501 scriptum
1292 1443 1410 1488 est:
1448 1434 1696 1505 Smyrna,
1744 1449 1789 1487 et
1832 1445 2011 1499 stac‘e,
2053 1445 2102 1489 et

539 1539 699 1575 casta.

622 1614 865 1669 Venimus
894 1615 946 1669 in
971 1615 1137 1669 locum
1164 1617 1448 1684 quemdam,
1478 1615 1563 1683 qui
1591 1625 1796 1667 vocatur
1830 1613 1955 1667 Boni
1984 1630 2101 1683 por-

543 1712 648 1757 tus.
686 1705 747 1760 llt
778 1706 901 1760 boni
929 1715 1132 1773 portus,
1164 1721 1267 1758 non
1297 1718 1453 1757 notus
1483 1704 1601 1770 boni
1632 1716 1831 1772 portus.

2265 617 2485 687 Contigit
2510 633 2673 673 autem
2698 632 2891 691 patrem
2933 621 3106 675 Publii
3140 623 3362 691 febribus
3391 632 3439 676 et
3467 622 3778 693 dgsasteria

2195 719 2423 764 aetatum
2438 713 2631 778 jacere.
2684 712 2992 782 Dysenterla
3022 724 3100 769 est
3136 714 3311 781 passio
3361 714 3779 772 intestinorum.

2194 803 2430 856 causatio
2474 818 2595 857 cum
2645 804 2997 866 nlceratione,
3037 808 3161 871 quia
3199 803 3504 859 excluditur
3548 802 3781 872 egestio

2197 894 2619 962 sangttinolenta,
2651 905 2741 948 aut
2767 894 2953 959 fellita,
2982 905 3073 949 aut
3096 895 3197 950 alia
3242 895 3537 949 immutatio
3570 896 3779 948 humo-

2198 988 2308 1051 ris;
2357 987 2448 1043 sed
2494 988 2649 1042 noxia
2682 1004 2710 1041 a
2740 986 3005 1043 veteribus
3024 989 3331 1058 indicatur,
3357 1004 3496 1057 ,τιατ
3542 990 3773 1057 nigram

2184 1078 2526 1144 egestionem
2553 1076 2619 1130 ab
2646 1077 2797 1131 initio
2823 1078 3137 1132 ostenderit.
3173 1078 3303 1133 Nam
3329 1080 3693 1147 Hippocrates
3728 1080 3780 1127 in

2200 1164 2537 1233 Apborismis
2562 1166 2640 1218 sic
2681 1164 2791 1218 ait:
2824 1184 2843 1217 r
2885 1165 3197 1235 Bysenteria
3222 1166 3253 1221 'a
3287 1166 3413 1222 felle
3454 1169 3600 1234 nigra
3640 1166 3783 1221 inci.

2202 1254 2371 1321 piens,
2401 1254 2671 1309 mortifera
2701 1263 2803 1309 est.
2835 1272 2855 1307 ι
2889 1256 3141 1324 Sequitur
3170 1267 3347 1311 autem
3384 1259 3655 1323 patientes
3696 1258 3784 1324 ju-

2194 1344 2280 1421 gis
2310 1344 2574 1399 assellatio
2621 1346 2888 1401 inferioris
2935 1350 3136 1401 ventris
3162 1386 3177 1409 .
3229 1349 3513 1414 aliquando
3556 1351 3779 1409 viridis.

2202 1430 2483 1499 aliquando
2509 1432 2883 1501 mucilaginosa
2935 1451 2947 1487 :
2994 1435 3154 1487 etiam
3184 1444 3232 1489 et
3261 1450 3474 1491 raturas
3500 1451 3624 1490 crnn
3659 1448 3783 1504 gut-

2203 1521 2270 1575 tis
2296 1522 2566 1588 sanguinis
2586 1524 2858 1586 emittunt,
2889 1538 3011 1578 cum
3044 1539 3223 1579 morsu
3253 1525 3489 1580 intestini
3509 1536 3565 1580 et
3589 1528 3786 1580 umbi-

2205 1609 2309 1673 lici,
2341 1612 2762 1666 insoinnietatem
2809 1614 3098 1681 patiuntur,
3130 1623 3186 1666 et
3209 1614 3491 1680 fastidium,
3523 1616 3784 1685 [ταμιευ-

2206 1710 2284 1753 ter
2309 1712 2361 1755 et
2390 1700 2714 1767 febriculam,
2746 1718 2899 1771 qnam
2933 1714 3082 1771 pater
3112 1704 3196 1759 bic
3228 1705 3399 1759 Publii
3434 1720 3622 1771 passus
3655 1720 3783 1759 esse

612 1790 679 1846 Et
709 1793 944 1846 naudero
974 1795 1139 1862 magis
1164 1794 1418 1847 credebat.
1461 1793 1748 1847 Naucleros
1782 1791 1964 1846 Grzcee
2006 1791 2101 1846 do-
2135 1780 2177 1838 Β
2206 1802 2490 1855 narratur;
2528 1792 2812 1859 aliquando
2837 1796 2995 1846 etiam
3038 1796 3230 1847 extalis
3278 1797 3515 1849 esclusio
3567 1796 3789 1849 contin-

543 1883 717 1937 mlnus
748 1884 895 1937 navis
927 1894 1168 1937 vocatur.

612 1972 673 2025 Si
695 1974 946 2039 quomodo
967 1982 1166 2041 possent
1194 1973 1505 2026 decenientes
1551 1971 1835 2025 Phoenicem
1859 1971 2099 2039 hiemare,

545 2069 747 2127 portum
770 2060 933 2115 Creta:
958 2062 1305 2133 respicientem
1344 2063 1411 2115 ad
1450 2061 1681 2130 Africum
1706 2070 1754 2114 et
1800 2062 1869 2115 ad
1894 2061 2100 2116 Corum.

541 2150 741 2205 Ventus
780 2152 1009 2215 Africus,
1060 2155 1147 2218 qui
1199 2151 1382 2207 Graece
1428 2162 1641 2206 vocatur
1666 2153 1787 2223 λίψ,
1836 2152 1925 2205 flat
1965 2153 2103 2207 inter

544 2238 887 2293 Meridianam
912 2240 1133 2308 plagam,
1162 2248 1217 2295 et
1259 2242 1651 2295 Occidentalem
1683 2255 1949 2311 vergens;
1999 2243 2101 2295 Co-

544 2336 636 2375 rus
667 2336 792 2375 veto
816 2321 880 2375 ad
911 2320 1338 2391 Septentrionem
1369 2336 1420 2377 et
1448 2324 1817 2389 Occidentem,
1866 2324 1959 2378 sed
1988 2323 2103 2393 plus

540 2412 605 2465 ad
636 2412 976 2466 Occidentem
1005 2414 1265 2467 deﬂexus.
1316 2413 1504 2482 Liquet
1554 2429 1704 2485 ergo,
1735 2418 1857 2484 quia
1888 2418 2101 2483 provino

541 2504 624 2555 cia
656 2499 951 2569 Phoenicis,
973 2503 1189 2557 Cretam
1220 2505 1284 2558 ad
1313 2504 1652 2559 Occidentem
1676 2506 1923 2570 habebat,
1960 2507 2105 2560 ideo.

541 2607 647 2661 que
674 2604 882 2661 partum
914 2592 1149 2662 ejusdem
1188 2594 1357 2649 Cretae
1384 2595 1451 2649 de
1474 2597 1787 2660 quibusdam
1810 2598 1920 2651 suis
1971 2596 2102 2650 locis

539 2678 725 2735 contra
759 2683 1041 2753 Africum;
1068 2684 1135 2737 de
1160 2684 1477 2754 quibusdam
1515 2676 1642 2739 vero
1687 2698 1869 2739 contra
1902 2687 2099 2741 Corum

541 2771 871 2836 aspiciebat,
926 2780 977 2825 et
1026 2782 1303 2840 propterea
1359 2774 1470 2826 sive
1522 2774 1728 2829 Africus
1784 2789 1877 2829 seu
1934 2775 2101 2830 Corus

541 2860 823 2927 aspiraret,
855 2876 883 2913 a
910 2860 1066 2916 Creta
1098 2861 1275 2916 funem
1307 2864 1595 2931 solventes,
1631 2864 1915 2919 Phoenicen
1946 2877 2099 2933 pote-

540 2960 658 3003 rant
686 2951 986 3018 pervenire.
1032 2952 1134 3007 Sed
1162 2953 1262 3007 etsi
1308 2965 1487 3008 auster
1529 2956 1674 3021 ipse,
1722 2958 1771 3009 id
1802 2968 1902 3019 est,
1936 2959 2099 3011 meri-

540 3043 731 3099 dianus
748 3046 952 3102 afﬂaret
971 3058 1180 3115 ventus,
1208 3048 1552 3106 nihilominus
1570 3053 1785 3122 ancipiti
1808 3054 2099 3108 directione

537 3132 1015 3201 gubernaculorum
1072 3148 1129 3193 et
1172 3139 1469 3195 sinuamine
1521 3144 1760 3197 velorum
1810 3144 2096 3200 Pbmnicen
2128 3112 2172 3171 Ο

538 3222 878 3293 adnavigare,
923 3229 967 3282 sl
995 3242 1098 3282 non
1126 3229 1301 3283 divina
1331 3231 1655 3287 obsisterent
1698 3233 1920 3302 judicia,
1954 3235 2097 3289 vale-

540 3315 686 3368 bant.
723 3317 870 3371 Unde
894 3320 1280 3387 subsequentcr
1300 3324 1634 3392 adiungitur:

610 3405 876 3472 Aspirante
921 3416 1087 3460 autem
1119 3410 1301 3462 Austro
1330 3414 1665 3464 existimantes
1706 3416 2022 3482 propositum
2050 3432 2102 3468 se

538 3504 724 3559 tenere,
750 3506 879 3559 εις..
925 3500 1177 3562 potuimus
1202 3503 1285 3552 via:
1316 3504 1537 3555 obtinere
1558 3504 1824 3568 scapham.
1864 3505 2101 3572 Scripsi-

540 3599 657 3637 tnus
689 3586 741 3639 in
774 3588 907 3641 libro
938 3590 1130 3655 primo,
1181 3590 1440 3644 lsidorunt
1488 3606 1797 3661 sequentes.
1848 3597 2097 3663 scapham

538 3687 659 3727 esse
682 3675 973 3728 naviculam
1002 3677 1190 3741 levem,
1224 3694 1290 3733 ex
1320 3681 1513 3735 vimine
1541 3691 1872 3747 contextam,
1906 3687 2100 3738 crudo-

538 3778 642 3833 que
678 3764 825 3818 corio
854 3773 1047 3819 tectam
1076 3783 1089 3823 :
1123 3782 1303 3821 verum
1334 3770 1585 3838 deinceps
1628 3771 1854 3825 aliorum
1900 3776 2097 3841 scripta

540 3861 933 3919 percurri-otes,
987 3854 1285 3909 invenimus
1331 3858 1553 3926 scaphas
1604 3861 1779 3913 vocari
1833 3864 2101 3917 naviculas

538 3940 698 3991 etiam
729 3954 831 3993 una
862 3941 927 3995 de
969 3942 1158 3998 arbore
1179 3956 1416 4011 cavatas,
1450 3961 1577 4013 quas
1621 3948 1894 4019 μςνοξῦλας
1922 3951 2099 4007 Graeci

538 4032 829 4098 appellant.

1066 4103 1290 4159 CAPUT
1331 4106 1560 4161 XXVIII.

610 4188 827 4242 Accensa
873 4191 1005 4243 enim
1060 4209 1224 4260 pruna
1286 4198 1578 4265 reﬁciebant
1640 4217 1732 4253 nos
1788 4218 1977 4256 omnes.
2045 4204 2098 4256 ln

537 4274 725 4331 Graec
756 4280 1012 4347 scriptum
1043 4293 1161 4335 est:
1215 4282 1539 4355 Recipiebant
1584 4306 1673 4342 nos
1703 4307 1893 4345 omnes.
1946 4293 2095 4357 Quod

2206 1881 2299 1950 git,
2328 1880 2563 1935 maxime
2610 1883 2660 1935 in
2715 1881 3044 1936 infantibus:
3095 1884 3325 1937 efﬁcitur
3377 1886 3667 1953 aliquando
3719 1901 3785 1940 es

2209 1971 2550 2037 perfrictione
2571 1982 2661 2025 aut
2690 1988 2750 2024 es
2783 1974 3121 2038 corruptione
3142 1976 3415 2030 acriurum
3460 1979 3779 2031 humorem.

2208 2061 2443 2115 Meminit
2472 2062 2626 2130 lmjus
2655 2063 2830 2117 morbi
2864 2073 2917 2118 et
2946 2062 3229 2131 Gregorius
3258 2065 3309 2118 in
3342 2065 3477 2119 libro
3506 2066 3786 2119 Historia-

2206 2168 2323 2207 rum
2351 2167 2564 2221 suarum
2597 2154 2797 2223 quinto.
2853 2157 2922 2209 ita
2968 2157 3155 2210 dicens
3185 2174 3199 2211 :
3253 2174 3273 2208 ι
3308 2157 3667 2227 Temporibus
3700 2161 3787 2209 Ti-

2210 2241 2339 2295 berii
2389 2244 2724 2310 imperatoris
2772 2243 3139 2314 dysentericus
3183 2246 3407 2301 morbus
3453 2263 3589 2315 pene
3636 2257 3788 2301 ιυιυ

2207 2330 2403 2385 Gallias
2431 2336 2838 2401 praeoccupavit.
2893 2335 3017 2388 Erat
3065 2335 3205 2389 enim
3257 2337 3309 2388 in
3359 2337 3441 2388 Itis
3484 2340 3577 2403 qni
3608 2339 3785 2406 patie-

2208 2420 2396 2475 bantur"
2426 2421 2594 2475 valida
2645 2436 2768 2475 cum
2814 2424 3015 2476 vomitu
3048 2422 3208 2476 febris
3240 2436 3535 2493 renumque
3570 2426 3785 2478 nimius

2207 2509 2379 2573 dolor,
2420 2511 2610 2577 capitis
2650 2511 2899 2579 gravedo.
2931 2514 3011 2565 vel
3036 2511 3261 2566 cervicis
3285 2528 3299 2576 ;
3328 2527 3393 2567 ea
3417 2528 3542 2568 vero
3563 2529 3691 2582 qua
3718 2530 3785 2569 ex

2203 2590 2737 2665 ore‘projiciebantur
2782 2601 2961 2654 colore
2998 2616 3211 2661 croceo.
3259 2611 3350 2656 aut
3393 2615 3538 2657 certe
3584 2603 3783 2657 viridia

2203 2696 2376 2741 erant.
2422 2686 2467 2742 Δ
2510 2688 2689 2742 multis
2718 2701 2893 2744 autem
2932 2692 3268 2747 atterebatur
3296 2708 3556 2747 venenum
3594 2695 3787 2748 oet-ul.

2205 2782 2313 2827 tum
2342 2788 2501 2841 esse;
2540 2777 2631 2830 sed
2663 2776 2843 2832 herba:
2874 2792 2991 2847 qua
3040 2782 3260 2834 venenis
3289 2782 3595 2846 medentur,
3650 2794 3781 2852 potu

2202 2874 2453 2932 sumpta,
2477 2864 2743 2933 plerisque
2775 2868 3018 2934 praesidia
3050 2868 3408 2923 contulerunt.
3447 2888 3467 2922 ι

2274 2950 2465 3005 Mansit
2494 2962 2658 3007 autem
2689 2955 2888 3008 biennio
2919 2964 3021 3009 toto
3049 2956 3101 3009 in
3120 2972 3213 3009 suo
3234 2959 3505 3025 conducta,
3539 2970 3590 3012 et
3609 2962 3780 3012 suci-

2205 3042 2369 3107 piebat
2395 3058 2569 3097 omnes
2611 3046 2696 3112 qui
2742 3044 3157 3113 ingrediebantur
3194 3048 3263 3099 ad
3295 3062 3433 3112 eum,
3486 3050 3784 3116 pra-dicas:

2204 3148 2418 3201 regnum
2450 3131 2562 3188 Dei.
2616 3134 2967 3205 Hieronymus
2998 3135 3151 3203 hujus
3190 3137 3288 3189 loci
3322 3136 3392 3189 ita
3421 3137 3675 3191 meminlt
3728 3140 3783 3191 in

2203 3222 2430 3289 epiStola
2475 3223 2539 3277 ad
2574 3223 2849 3277 Lucinium
2878 3242 2894 3277 :
2933 3241 2951 3275 t
2991 3224 3181 3277 Paulus
3211 3224 3428 3279 Romam
3458 3228 3674 3280 vinctus
3702 3227 3782 3277 in-

2202 3310 2466 3375 greditur,
2519 3321 2575 3365 ut
2606 3314 2810 3366 vinctus
2853 3314 3242 3382 superstitionis
3269 3316 3534 3369 erroribus
3563 3316 3777 3370 liberos

2203 3398 2396 3463 faciat;
2428 3410 2607 3454 tnanet
2659 3404 2708 3455 in
2758 3402 2991 3469 hospitio
3039 3404 3303 3458 conducto
3352 3419 3445 3471 per
3470 3404 3774 3469 biennium,

2202 3500 2260 3541 ut
2291 3491 2441 3541 nobis
2469 3491 2740 3560 utriusque
2768 3492 3111 3547 instrumenti
3159 3502 3415 3547 mternum
3446 3494 3641 3547 reddat
3681 3497 3777 3547 do-

2203 3594 2325 3631 num
2363 3598 2381 3630 ι
2416 3580 2526 3643 Qua
2552 3583 2883 3647 expositione
2911 3584 3089 3636 docuit
3110 3592 3303 3636 cetera
3333 3596 3542 3650 quoque
3569 3598 3698 3651 qua
3729 3586 3778 3637 in

2204 3666 2301 3719 boc
2332 3670 2596 3723 volumine
2626 3671 2707 3723 vel
2736 3671 2803 3725 de
2834 3672 2948 3739 ipso
2973 3672 3137 3725 Paulo
3157 3673 3417 3738 apostolo,
3448 3676 3528 3727 vel
3551 3675 3622 3727 de
3652 3676 3779 3729 aliis

2200 3762 2494 3827 quibusque
2522 3765 2721 3833 scripta
2751 3774 2897 3831 sunt,
2925 3780 3028 3819 non
3060 3767 3112 3819 in
3135 3766 3414 3835 superficie
3440 3776 3654 3820 tantum
3692 3766 3777 3817 lit-

2204 3866 2333 3907 tera:
2378 3856 2601 3907 fructum
2634 3858 2785 3909 nobis
2831 3857 3201 3911 ecclesiastica
3243 3868 3652 3925 pramoostrare
3677 3858 3775 3909 do-

2201 3948 2386 3998 ctrinae
2434 3964 2446 3999 :
2493 3962 2673 4001 verum
2723 3947 2885 4001 etiam
2932 3949 2977 4002 si
3006 3950 3123 4017 quis
3148 3947 3383 4017 perfecte
3418 3950 3772 4009 intellexerit,

2201 4040 2482 4092 medullam
2542 4054 2731 4093 sen~us
2788 4041 3044 4110 spiritalis
3092 4043 3286 4099 virtute
3343 4042 3542 4095 habete
3597 4041 3775 4108 gravi-

2201 4129 2341 4179 dum.

2571 4232 3018 4273 ιετιιλετιτιοιιικ
3060 4234 3197 4274 LIIII
3232 4233 3383 4274 l’lNIS.

562 4442 3760 4501 ..__________________________________

1378 4581 1511 4685 IN
1583 4580 1740 4688 AC
1758 4583 1925 4688 TA
2000 4584 2955 4702 APOSTOLORUM

1542 4799 2203 4889 QUJ’ESTIONES
2257 4808 2748 4903 QUINQUE.

2002 4954 2301 4970 ἣ

1033 5018 1346 5082 ΟυΑΕδΤΙΟ
1382 5022 1607 5079 ιιηιιομ.

613 5102 1025 5158 Iannnocnto.
1070 5108 1203 5171 Quid
1247 5110 1436 5162 indicat
1478 5113 1599 5164 illud
1650 5116 1786 5180 quod
1833 5117 2049 5183 legimus
2088 5141 2095 5148 ·

537 5191 680 5245 Tunc
728 5196 909 5245 reuersi
956 5206 1069 5273 sunt
1113 5198 1480 5268 Jcrosolymam
1530 5219 1560 5255 α
1590 5217 1753 5258 mante
1781 5210 1865 5273 qui
1892 5220 2099 5262 vocatur

536 5286 605 5337 οι
625 5288 741 5349 ceti,
768 5289 852 5351 qui
872 5298 941 5340 es!
954 5272 1109 5357 juxia
1138 5289 1442 5361 Jerusalem,
1472 5296 1678 5350 Sabbati
1700 5272 1885 5354 habens
1906 5304 2019 5358 iter.
2050 5305 2099 5357 id

533 5385 640 5438 est,
674 5375 815 5429 mille
842 5380 1062 5443 passus?
2008 5362 2016 5369 ’

610 5462 924 5519 Βεευοκμιο.
956 5468 1183 5520 Sabbato
1212 5472 1354 5524 enim
1388 5488 1551 5540 usque
1596 5477 1659 5527 ad
1712 5489 1943 5533 montem
1986 5480 2100 5535 Oli-

535 5552 641 5603 Vcti
670 5551 746 5605 ire
774 5551 969 5606 Iudicis
1002 5555 1197 5610 licitum
1222 5571 1354 5619 erat.
1382 5564 1460 5613 vel
1493 5573 1637 5616 certe
1660 5566 1825 5620 sicubi
1852 5565 2088 5638 fuissent,

535 5649 683 5695 tanto
710 5645 879 5711 spatio
911 5644 1279 5704 dcatnbulandi
1314 5652 1574 5709 licentiam
1608 5657 2017 5723 praesumebant.

2132 5040 2184 5097 D

2772 5040 3083 5106 QUIESTIO
3122 5042 3185 5096 ll.

2273 5126 2684 5193 INTLIROGA'IIO.
2716 5131 2942 5197 Spiritus
2970 5141 3185 5185 sanctus
3213 5135 3480 5200 quomodo
3507 5147 3628 5189 ante
3661 5141 3766 5190 As-

2200 5218 2507 5269 censionem
2542 5233 2571 5269 a
2593 5219 2861 5273 Salvatore
2888 5221 3177 5275 secundum
3202 5225 3571 5291 evangelistam
3598 5226 3766 5279 Joan-

2208 5319 2327 5356 nem
2361 5307 2613 5373 apostolis
2645 5308 2962 5371 insufflatur,
2986 5325 3104 5363 cum
3133 5312 3421 5364 secundum
3450 5318 3609 5367 Actus
3631 5328 3765 5383 apo-

2204 5394 2463 5446 stolorum
2500 5405 2616 5461 post
2645 5396 2905 5450 decimum
2938 5400 3263 5452 ascensionis
3293 5400 3432 5454 diem
3464 5403 3513 5455 in
3543 5415 3765 5469 aposto-

2204 5486 2281 5538 los
2311 5487 2505 5539 missus
2534 5488 2639 5540 sit?

2272 5574 2584 5629 ﬂesrossw.
2618 5576 2789 5629 Multae
2819 5576 2987 5629 sancti
3015 5578 3241 5643 Spiritus
3272 5578 3556 5647 granarium
3581 5578 3761 5631 docn-

2203 5663 2373 5720 tiones
2418 5672 2560 5731 sunt,
2596 5666 2889 5721 secundum
2940 5664 3067 5720 illud
3099 5667 3239 5734 quod
3270 5665 3553 5735 Apostolus
3581 5666 3708 5719 dicit
3751 5688 3761 5722 ;
