3860 6230
165 374 309 427 1053

760 372 838 421 DE
877 366 1232 421 nuncusos
1274 361 1584 416 uicorum
1625 360 1710 426 ου

1833 353 2195 411 LEGUNTUR
2238 351 2297 404 IN
2341 349 2489 403 ACT.
2537 348 2765 400 APOST.

3218 343 3350 397 1038

165 484 271 533 Atii
314 484 524 550 quidem
555 482 697 531 datur
724 496 807 548 per
855 478 1099 541 Spiritum
1127 491 1283 526 sermo
1312 472 1529 536 sapieu'i
1549 486 1591 527 τ’,
1627 468 1716 518 alii
1746 469 1792 526 Α
1822 478 1961 517 mum
1993 466 2192 529 legatur
2225 477 2235 511 :
2278 458 2383 510 Viri
2423 468 2582 550 autem
2613 456 2703 550 qui
2742 452 3102 504 comitabuntur
3129 466 3243 550 cui:
3270 468 3349 509 eo.

161 589 335 623 sermo
376 574 598 623 scientia
635 570 900 621 secundum
927 571 1150 617 eumdem
1181 564 1450 629 Spiritum,
1480 562 1567 611 alii
1599 575 1716 626 gra-

161 664 239 710 tm
287 663 561 712 sanitatum
602 662 648 709 in
679 674 773 709 uno
805 657 1016 720 Spiritu.
1045 665 1144 707 etc.
1180 651 1231 719 (1
1259 651 1372 704 Cor.
1406 650 1526 715 xu).
1556 648 1715 716 Igitur

163 758 299 798 ante
345 751 718 801 ASt‘eusiOtmttt
768 744 984 811 gratiam
1034 744 1194 794 sancti
1245 742 1467 805 Spirtus
1504 752 1718 803 acupe-

163 844 323 895 iuut,
355 851 458 902 qua
493 843 704 901 poSscnt
732 844 937 899 peccata
969 832 1233 882 dimittere
1264 838 1316 880 et
1347 830 1629 893 baptizare,
1663 836 1716 875 et

162 924 517 977 credentibus
540 924 773 987 spiritum
798 921 1090 985 adoptionis
1114 918 1406 978 infundere,
1431 916 1715 968 secundum

167 1014 319 1075 quod
351 1025 407 1064 et
435 1024 577 1069 tunc.
608 1028 721 1063 cum
762 1012 836 1065 eis
865 1027 890 1059 a
925 1012 1191 1063 Salvatore
1219 1007 1448 1074 Spiritus
1480 1006 1717 1057 insufﬂa-

168 1111 347 1162 retur,
373 1103 567 1154 dictum
598 1102 763 1153 fuerat
793 1117 806 1153 :
838 1101 1062 1164 Quarum
1087 1098 1370 1149 remiserilis
1398 1105 1623 1161 peccata,
1643 1110 1718 1145 re-

162 1191 439 1242 mittemur
466 1192 565 1245 eis:
596 1201 637 1241 et
662 1206 872 1257 quorum
893 1188 1210 1248 relinueritis,
1244 1194 1434 1237 retenta
1461 1196 1623 1238 erunt.
1654 1184 1718 1234 At

163 1294 305 1333 vero
335 1291 453 1344 post
480 1283 849 1333 Ascensionem
880 1281 1040 1332 multo
1070 1277 1319 1345 majorem
1346 1276 1508 1329 sancti
1554 1273 1719 1341 Spiri-

166 1382 261 1423 tus
292 1373 513 1436 gratiam
560 1378 902 1437 perceperunt
934 1370 982 1420 in
1013 1368 1319 1433 operatione
1350 1365 1638 1423 virtutum,
1668 1372 1718 1413 et

162 1459 340 1521 gratia
372 1459 675 1517 sanitatum.
708 1468 761 1511 et
788 1458 1109 1509 diversarum
1157 1453 1493 1521 perceptione
1522 1454 1718 1518 lingua-

163 1567 311 1611 rum.
341 1552 494 1617 juxta
524 1552 648 1603 illud
680 1550 817 1617 quod
851 1549 1048 1601 eisdem
1078 1548 1259 1600 eodem
1292 1546 1375 1597 die
1405 1546 1718 1607 promissum

164 1642 371 1703 fuerat,
410 1653 461 1691 ut
496 1641 882 1703 haptizarentur
911 1637 1106 1703 Spiritu
1137 1645 1335 1699 sancto,
1365 1646 1411 1687 et
1442 1634 1720 1686 indueren-

165 1739 256 1780 tur
281 1730 500 1792 virtute,
526 1745 622 1795 qua
656 1728 988 1793 Evangelium
1016 1726 1205 1778 Christi
1238 1725 1495 1777 universis
1521 1724 1718 1790 possint

165 1819 421 1876 geritibus
453 1817 755 1883 pra'dicare.
782 1816 836 1867 ln
870 1815 968 1867 hac
1010 1830 1134 1879 ergo
1181 1814 1509 1877 perceptione
1552 1809 1719 1864 sancti

160 1903 406 1970 Spiritus
436 1904 716 1955 secundum
755 1903 1037 1955 Dominica:
1079 1904 1255 1968 gratiae
1301 1901 1720 1952 distributionem

164 1992 539 2054 apostolorum
590 1990 972 2042 demonstratur
1022 1988 1306 2055 profectus,
1362 2003 1460 2037 non
1511 2001 1722 2050 compu-

162 2079 443 2142 gnantium
500 2078 779 2130 diversitas
822 2078 1242 2143 Scripturarum;
1276 2086 1327 2127 et
1356 2078 1530 2134 aliter,
1562 2090 1722 2138 quare

171 2166 253 2218 bis
278 2168 433 2219 datus
463 2168 525 2218 sit
558 2166 780 2233 Spiritus
809 2177 1040 2227 sanctus,
1066 2168 1274 2233 egregie
1302 2166 1512 2232 qu‘dam
1542 2164 1721 2215 doctor

168 2256 439 2320 exposuit,
464 2258 639 2307 dit-ens
667 2273 679 2308 :
708 2274 728 2306 ι
750 2256 823 2308 De
838 2272 920 2318 eo,
947 2271 1098 2323 quem
1130 2257 1350 2322 primum
1382 2256 1460 2307 hic
1486 2256 1721 2307 Salvator

172 2360 269 2404 per
293 2346 526 2408 seipsum
552 2344 710 2408 dedit,
733 2354 783 2398 et
810 2346 875 2398 de
904 2346 1055 2397 cmlis
1086 2354 1263 2412 po<tea
1294 2346 1453 2407 misit,
1482 2356 1536 2397 ut
1560 2346 1721 2411 signi-

170 2430 423 2484 ﬁcaretur
462 2433 672 2486 dilectio
707 2434 952 2500 proximi,
997 2445 1051 2486 et
1096 2434 1307 2487 dilectio
1362 2434 1471 2496 Dei,
1524 2449 1637 2484 tua:
1668 2434 1717 2484 in

173 2520 433 2571 cordibus
460 2533 757 2573 sanctorum
787 2538 877 2587 per
902 2523 1152 2589 Spiritum
1198 2532 1434 2574 sanctum
1480 2522 1719 2573 diffundi-

170 2618 285 2671 tur,
328 2609 415 2675 qui
456 2609 605 2663 datus
646 2620 726 2663 est
764 2612 841 2665 eis
884 2612 949 2663 ad
993 2612 1448 2680 evangelizandum
1480 2612 1573 2664 Dei
1604 2625 1719 2664 vero

172 2697 316 2747 bum.
357 2715 378 2747 ι
411 2696 513 2749 Per
536 2701 672 2765 quod
700 2700 917 2766 apostoli
948 2716 1064 2754 sese
1096 2702 1145 2752 in
1172 2701 1316 2753 orbis
1349 2713 1523 2768 partes
1569 2704 1712 2755 intu-

172 2783 382 2845 li-ruot,
412 2796 659 2849 quantum
706 2800 877 2839 narrat
932 2788 1169 2851 historia,
1216 2790 1634 2845 Bartholomaaus
1664 2792 1713 2845 in

172 2868 356 2935 ludos,
377 2870 600 2923 Thomas
628 2874 846 2927 tetendit
875 2875 924 2927 in
954 2876 1193 2937 Parthos;
1218 2877 1489 2931 Mattheus
1512 2878 1715 2932 Ethio-

169 2973 290 3025 pes,
326 2961 559 3013 Andreas
591 2963 811 3030 Scythas
843 2966 1207 3027 pradicitione
1255 2969 1474 3020 mollivit
1508 2985 1518 3018 :
1551 2968 1713 3021 Joan-

173 3060 274 3097 nes
306 3047 480 3099 Asiam
510 3050 686 3101 divino
714 3066 955 3104 sermone
1008 3056 1253 3115 correxit,
1286 3054 1470 3107 Petrus
1510 3054 1709 3122 Cappa-

175 3134 382 3184 dociam
409 3146 561 3200 atque
576 3135 860 3211 ‘Galatiam,
886 3139 1173 3208 Bithyniam
1200 3142 1711 3206 lmiteretPontum,

176 3222 844 3288 provinciasqueconlines,
866 3226 984 3278 dum
1006 3228 1198 3281 Judads
1214 3231 1481 3295 prazdicat,
1508 3232 1711 3298 circuit,

176 3318 447 3373 postremo
499 3312 713 3363 Bonnam
762 3315 1112 3367 illustralttrtts
1162 3320 1401 3369 accessit.
1456 3318 1642 3370 Paulus
1686 3336 1711 3367 κ

175 3395 469 3448 Jerusalem
498 3415 661 3465 usque
685 3402 940 3469 lllyricum
968 3420 1081 3455 cum
1110 3404 1383 3473 Evangelio
1412 3406 1715 3471 replevisset

175 3491 282 3531 tam
308 3483 609 3536 immmeras
638 3501 698 3539 ac
746 3489 981 3559 dispares
1024 3496 1257 3545 nationes
1291 3508 1376 3559 pra
1393 3494 1558 3559 ceptis
1605 3478 1716 3544 tab-

172 3584 329 3635 (με.)
356 3577 518 3625 armis
541 3577 709 3627 victor
734 3580 986 3631 edomuit.

726 3664 1041 3727 QUA‘ISTIO
1082 3668 1169 3721 Ill.

244 3759 651 3800 inrsnnocnto.
696 3750 826 3802 Cum
870 3752 920 3802 in
970 3753 1180 3805 Actibus
1226 3757 1579 3820 apostolorum
1616 3758 1689 3821 pri

1820 556 1916 606 hoc
1943 562 2044 611 est,
2077 566 2193 603 rum
2228 548 2495 611 Apostolo,
2524 548 2722 597 stabant
2774 552 3045 606 stupentes,
3091 542 3344 593 audientes

1816 646 2011 709 quidem
2040 656 2225 704 vocem,
2252 640 2491 691 nemiuem
2514 646 2674 686 autem
2706 634 2939 692 videntes,
2969 632 3227 696 quomodo
3267 644 3353 693 po-

1820 741 1926 782 stea
1954 729 2231 795 Apostolus
2255 726 2383 776 dicit
2415 741 2427 775 :
2459 722 2520 773 Et
2549 723 2630 787 qui
2653 736 2837 769 mecum
2863 728 3027 779 erant,
3057 718 3223 769 lumen
3244 718 3356 783 qui-

1819 822 1925 871 dem
1975 820 2220 878 viderunt,
2269 829 2431 867 vocem
2473 823 2630 863 autem
2673 826 2768 861 non
2807 810 3075 859 audierunt
3114 807 3241 872 eius,
3271 807 3354 865 qui

1821 907 2111 974 loquebatur
2131 919 2319 956 mecum
2343 904 2365 955 ?

1893 996 2197 1047 Rssrosrto.
2229 990 2480 1057 Superius
2496 986 2579 1039 ubi
2598 987 2805 1039 audisse
2831 999 3006 1035 vorem
3033 983 3349 1039 reb-runtur,

1820 1100 1845 1135 a
1883 1085 1987 1135 Deo
2018 1097 2117 1133 non
2150 1093 2354 1141 vocem,
2390 1080 2480 1130 sed
2513 1075 2829 1127 inconditum
2864 1086 3046 1123 sonum
3086 1068 3225 1119 vocis
3270 1082 3354 1117 ac-

1820 1178 2095 1237 ceperunt,
2129 1178 2184 1219 ut
2209 1181 2300 1218 eos
2329 1176 2503 1231 postea
2532 1164 2673 1215 dicat
2704 1175 2884 1212 vocem
2919 1174 3019 1210 non
3048 1156 3279 1217 audisse,
3306 1156 3353 1204 id

1821 1269 1923 1321 est,
1949 1271 2253 1323 expressam
2279 1254 2560 1307 verborum
2586 1248 3010 1316 signiﬁcantiam,
3035 1260 3134 1311 qua
3156 1242 3355 1310 possint

1823 1345 2110 1413 intelligere
2138 1344 2276 1411 quod
2305 1342 2544 1397 sonabat.
2575 1355 2637 1391 ac
2682 1336 2897 1403 perinde
2927 1334 3118 1387 idcirco
3145 1331 3354 1384 diversa

1826 1440 1937 1488 vice
1984 1445 2036 1487 et
2084 1433 2291 1485 audisse
2334 1443 2388 1483 et
2436 1445 2536 1481 non
2588 1427 2796 1479 audisse
2846 1421 3174 1483 referantur,
3216 1420 3357 1488 quia.

1827 1534 2075 1589 quantum
2102 1526 2162 1574 ad
2189 1537 2373 1573 sonqu
2408 1520 2647 1587 pertinet,
2676 1518 2951 1569 audierunt
2975 1531 2989 1578 ;
3018 1521 3266 1581 quantum
3292 1510 3356 1562 ad

1824 1616 2000 1673 \erbzt,
2032 1629 2134 1664 nou
2167 1613 2460 1663 audierunt.

2374 1740 2685 1808 QUALSTIO
2728 1740 2787 1792 IV

1896 1877 2296 1929 larsaaoento.
2325 1872 2500 1938 Quare
2530 1870 2671 1939 prius
2703 1872 2993 1923 communis
3020 1868 3166 1921 cibus
3201 1880 3325 1917 voca
3344 1893 3356 1900 -

1827 1969 1997 2027 batur,
2026 1966 2112 2033 qui
2145 1974 2413 2030 putaretur
2440 1960 2772 2015 immundus?

1895 2055 2201 2107 Reseossto.
2234 2052 2382 2117 Quod
2415 2062 2594 2103 contra
2637 2048 2966 2101 interdictum
3015 2054 3135 2096 tunc
3179 2043 3266 2095 Dei
3309 2048 3356 2095 in

1823 2157 2101 2198 commune
2130 2141 2335 2194 caeteris
2366 2149 2565 2207 pateret
2596 2138 2907 2198 hominibus,
2934 2136 3021 2203 qui
3050 2137 3098 2185 in
3123 2136 3357 2186 ciborum

1821 2230 2137 2283 discretione
2186 2229 2313 2295 legis
2358 2227 2740 2281 observantiam
2790 2239 2891 2277 non
2942 2222 3215 2283 lCDCDtIIl,
3264 2236 3356 2286 per

1821 2337 1973 2388 quam
1998 2321 2163 2374 .ludzei
2191 2331 2387 2384 partem
2412 2318 2499 2373 Dei
2528 2333 2582 2371 se
2607 2332 2724 2369 esse
2742 2316 3023 2382 jactabant.
3054 2313 3359 2365 Ponticatos

1820 2419 1899 2461 est
1944 2420 2117 2462 autem
2149 2410 2305 2461 etiam
2342 2408 2570 2465 Domino
2598 2406 2804 2457 dicente
2842 2402 2905 2455 ad
2953 2404 3158 2455 Petrum
3188 2416 3201 2451 :
3238 2399 3357 2464 Quas

1822 2498 1955 2551 Deus
1979 2498 2260 2567 puriﬁcavit
2281 2510 2379 2556 ctu
2402 2513 2462 2548 ne
2482 2510 2741 2549 commune
2768 2494 2954 2547 dixeris
2980 2493 3113 2559 (Act.
3146 2503 3200 2553 xi

2387 2653 2700 2720 ουίεδῖιυ
2742 2654 2798 2704 ν.

1889 2785 2288 2837 ἰκτειιιιοαλτινυ.
2341 2784 2473 2849 Quid
2539 2795 2623 2837 est
2676 2785 2797 2836 illud
2854 2785 2989 2848 quod
3046 2785 3094 2858 in
3142 2783 3355 2835 Actibus

1814 2875 2166 2941 apostolorum
2195 2875 2469 2929 duodecim
2512 2875 2586 2927 illi
2608 2876 2701 2949 qui
2732 2877 2951 2930 Joaimis
2976 2875 3238 2943 baptismo
3265 2874 3353 2926 ba-

1818 2962 1991 3028 ptizati
2024 2962 2231 3016 luerunt
2256 2964 2585 3031 baptizantur
2613 2980 2640 3015 a
2672 2965 2863 3015 Paulo?

1890 3051 2199 3105 Raseousm.
2233 3053 2340 3104 lloc
2382 3052 2597 3114 idcirco,
2629 3052 2747 3119 quia
2778 3067 2880 3103 nou
2909 3052 2959 3104 in
3005 3051 3214 3103 nomine
3244 3048 3357 3102 Tri-

1827 3139 2003 3194 nitatis
2029 3140 2273 3207 baptizati
2304 3150 2476 3194 erant.
2502 3141 2792 3207 Baptismus
2813 3141 2950 3194 enim
2973 3140 3207 3198 Joannis,
3237 3137 3356 3191 licet

1815 3231 1863 3283 in
1893 3246 2013 3284 eum
2043 3232 2129 3298 qui
2164 3242 2415 3285 venturus
2464 3241 2544 3285 est
2586 3232 2896 3301 baptizaret,
2938 3242 3110 3283 tamen
3142 3230 3353 3295 proprie

1812 3319 2027 3372 Joannis
2076 3320 2362 3387 baptismus
2405 3318 2693 3373 dicebatur.
2733 3319 2877 3372 Unde
2905 3328 2958 3370 et
2999 3319 3064 3368 ah
3094 3316 3355 3367 haereticis

1815 3409 2083 3460 venientes
2121 3424 2219 3459 non
2266 3408 2656 3473 rebaptizantur
2695 3424 2720 3458 a
2766 3406 2945 3469 nobis,
2976 3407 3017 3458 si
3067 3405 3355 3470 baptizatos

1815 3505 2019 3546 constat
2051 3495 2101 3546 in
2135 3496 2343 3547 nomine
2388 3495 2676 3553 Trinitatis,
2720 3496 2817 3547 nisi
2863 3494 3123 3559 impositio
3171 3508 3353 3545 manus

2030 3584 2092 3636 ad
2131 3584 2285 3636 ﬁdem
2316 3596 2509 3637 rectam
2540 3586 2805 3637 convenis
2844 3584 3139 3644 adhibetur,

2165 3681 2220 3723 nt
2260 3687 2351 3738 per
2400 3674 2531 3725 hanc
2574 3672 2738 3723 sancti
2780 3671 3006 3734 Spiritus

2313 3760 2624 3825 suscipiatur
2660 3761 2867 3814 inlusio.

182 3914 2229 3941 “mm.me

1414 4066 2085 4165 EXPOSITIO

642 4269 768 4343 DE
824 4270 1385 4345 NOMINIBUS
1446 4273 1955 4362 LOCORUM,
2013 4277 2204 4349 VEL
2262 4274 2875 4366 CIVITATUM,

969 4438 1111 4497 QUIE
1148 4440 1473 4490 LEGUNTUR
1510 4442 1570 4489 IN
1608 4444 1787 4493 LIBRO
1821 4445 2071 4494 ACTUUM
2118 4446 2581 4498 APOSTOLORUI.

928 4676 970 4727 Δ

244 4764 650 4825 Acheldemach,
672 4764 771 4815 hoc
792 4771 873 4815 est
889 4778 1009 4830 ager
1035 4765 1317 4829 sanguinis,
1344 4766 1428 4830 qui
1454 4764 1711 4831 hodieque

177 4854 574 4906 demonstratur
606 4854 655 4903 in
702 4852 844 4903 Helia
875 4852 937 4903 ad
969 4853 1261 4904 AuSIralem
1288 4854 1487 4918 plagam
1520 4856 1709 4905 montis

175 4944 391 5004 Sion,et
418 4942 668 4992 hactenus
687 4940 831 5007 juxta
860 4939 1154 4992 Judaao'rum
1177 4941 1450 4993 consilium
1481 4951 1709 4993 mortuos

176 5031 433 5099 ignobiles
460 5031 590 5083 alios
631 5040 765 5083 terra
798 5030 949 5098 tegit,
990 5032 1117 5083 alios
1166 5032 1261 5084 sub
1304 5032 1389 5083 dio
1412 5033 1709 5097 putrefacit.

247 5120 507 5189 ngptus
532 5135 559 5171 a
595 5121 957 5186 Septentrione
984 5134 1127 5173 mare
1168 5123 1404 5187 Magnum
1436 5124 1712 5191 sinumque

176 5210 478 5271 Arabicmn,
536 5207 600 5259 ab
652 5209 866 5260 Oriente
918 5223 1060 5261 mare
1113 5209 1369 5269 Rubrum.
1417 5227 1444 5262 a
1500 5212 1710 5265 Meridie

174 5296 457 5356 Oceanum,
488 5298 553 5349 ab
592 5298 789 5350 Occasu
842 5296 1059 5367 Libyam
1101 5300 1274 5351 habet.
1308 5299 1461 5365 Cujus
1496 5300 1709 5353 inferio-

178 5401 284 5439 retn
326 5398 526 5450 partem
557 5386 703 5438 Nilus
736 5387 950 5439 dextera
984 5388 1215 5455 laevaque
1242 5387 1441 5440 divisus
1469 5390 1709 5455 amplexu

175 5493 267 5528 suo
284 5476 637 5536 disterminat,
654 5476 922 5541 Conopico
942 5479 1074 5529 ostio
1101 5478 1168 5528 ah
1192 5477 1380 5539 Africa,
1398 5477 1462 5527 ab
1480 5479 1597 5530 Asia
1624 5479 1713 5530 Pe-

178 5565 369 5617 lusiaco
408 5573 617 5617 centum
650 5565 917 5625 sexaginta
948 5564 1107 5616 millia
1142 5578 1382 5631 passuum
1415 5565 1705 5617 intervallo.

174 5655 333 5717 Quam
375 5654 443 5707 ob
471 5668 707 5713 causam,
732 5654 868 5706 inter
924 5655 1119 5707 insulas
1166 5654 1376 5722 quidem
1419 5653 1701 5721 Egyptum

564 5743 828 5801 Ρηιιοι.
880 5743 1063 5803 XCII.

1745 4677 2067 4737 Dretulere,
2110 4676 2174 4727 ita
2218 4690 2275 4728 se
2315 4676 2543 4729 iludente
2588 4676 2722 4739 Nilo,
2755 4684 2809 4729 ut
2836 4689 2869 4729 Α
2900 4678 3084 4731 littera:
3132 4679 3349 4747 ﬁguram

1816 4762 2028 4814 efﬁciat.
2063 4762 2289 4825 ldeonie
2321 4763 2466 4813 multi
2501 4760 2695 4814 Graecaa
2728 4762 2911 4815 littera:
2940 4765 3194 4817 vocabulo
3227 4766 3344 4819 Del-

1818 4860 1919 4899 tam
1950 4849 2282 4915 appellavere
2306 4848 2610 4916 Egyptum.
2638 4849 2875 4903 Mensura
2900 4852 2963 4905 ab
2993 4852 3189 4907 unitate
3216 4854 3350 4907 alvei

1816 4937 1951 4989 unde
2008 4951 2065 4990 se
2120 4936 2270 4989 findit
2322 4938 2543 5004 primunt
2598 4938 2647 4990 in
2712 4939 2870 4991 latera
2918 4940 2981 4991 ad
3032 4940 3351 5007 Canopicum

1814 5029 2002 5080 ostium
2030 5036 2239 5079 centum
2268 5029 2537 5095 sexaginta
2569 5030 2730 5081 millia
2776 5044 3043 5096 passuum,
3080 5031 3143 5082 ad
3195 5032 3348 5085 Pelu-

1818 5120 2012 5171 siacum
2046 5120 2253 5171 ducenti
2292 5120 2665 5187 quinquaginta
2689 5136 2801 5173 sex.

1884 5208 2189 5272 Ethiopum
2220 5210 2364 5275 regio
2388 5210 2453 5261 ab
2476 5208 2601 5261 lndo
2622 5210 2841 5263 ﬂumine
2865 5224 3188 5277 consurgens
3205 5212 3348 5278 juxta

1820 5298 2125 5366 Egyptmn,
2158 5296 2294 5348 inter
2322 5297 2489 5349 Nilum
2517 5304 2569 5349 et
2594 5298 2882 5359 Oceanum,
2914 5297 2962 5349 in
2993 5296 3227 5359 Meridie,
3255 5297 3352 5348 sub

1817 5388 1925 5451 ipSa
1956 5385 2079 5437 solis
2101 5385 2543 5450 vicinitatejacet.
2576 5384 2806 5449 Quorum
2847 5394 2967 5437 sunt
3005 5396 3109 5438 tres
3154 5385 3351 5452 populi.

1819 5474 2053 5540 llespcrii
2118 5471 2456 5537 Occidentis,
2522 5473 2866 5528 Garamantes
2920 5476 3179 5539 Tripolis,
3243 5476 3350 5528 Indi

1815 5562 2061 5617 Orientis.

1884 5646 2218 5709 Alexandria,
2252 5646 2435 5702 civitas
2492 5646 2702 5717 [Eg-you
2733 5688 2747 5713 ,
2809 5665 2921 5717 qua:
2966 5651 3223 5716 quondam
3275 5649 3351 5705 No

2895 5738 2969 5796 33
