3860 6230
506 383 640 438 1055

500 503 795 561 dicebatur,
854 500 988 552 inter
1020 499 1328 568 Aigyptnm,
1363 500 1589 552 Africam
1632 512 1682 552 et
1724 517 1867 553 mare
1900 501 2048 566 quasi
2084 504 2125 558 Α

498 596 783 647 claustrum
814 591 1000 659 posita,
1034 590 1084 641 in
1111 606 1212 658 qua
1254 590 1390 643 beati
1411 591 1747 658 evangelistze
1772 590 1929 643 Marci
1967 601 2053 642 tti-

502 687 672 736 nndns
716 683 977 749 hodieque
1007 682 1054 732 in
1094 681 1327 732 Ecclesia
1363 690 1664 732 veneratur.

574 772 927 842 Amphipolis,
954 772 1142 822 civitas
1169 770 1505 822 Macedonius.
1537 772 1693 822 listet
1722 771 1881 822 altera
1912 771 2053 837 ejus-

498 864 615 916 dem
650 863 874 914 nominis
908 863 958 912 in
1000 861 1173 929 Syria.

568 953 860 1015 Antiochia,
887 952 1073 1005 civitas
1107 952 1276 1019 Syrite
1305 949 1501 1015 lees,
1532 950 1581 1001 iit
1628 965 1727 1018 qua
1784 948 2052 1001 Barnabas

496 1054 546 1094 ct
582 1043 770 1096 Paulos
804 1042 1026 1107 apostoli
1068 1052 1188 1094 sunt
1216 1042 1463 1092 ordinati.
1502 1041 1590 1093 Est
1616 1050 1668 1092 et
1696 1039 1797 1091 alia
1833 1042 1885 1091 in
1915 1038 2051 1092 Pisi-

505 1133 575 1185 lia
606 1133 873 1198 provincia
907 1134 1065 1198 Asiai,
1118 1132 1169 1184 in
1214 1146 1312 1200 qua
1345 1132 1505 1184 iidem
1556 1131 1905 1197 praedicantes
1958 1130 2052 1181 Ju-

493 1226 618 1275 dceis
647 1224 893 1275 dixerunt
922 1239 935 1277 :
973 1221 1121 1274 Vobis
1147 1222 1401 1287 oportebat
1426 1223 1644 1288 primum
1678 1222 1813 1287 loqui
1848 1220 2049 1271 verbum

496 1314 606 1380 Dei,
636 1315 722 1367 sed
751 1315 988 1382 quoniam
1028 1314 1281 1380 repulistis
1311 1312 1459 1375 illud,
1494 1322 1599 1365 etc.
1634 1314 1771 1380 (Act.
1801 1312 1935 1375 xm).

568 1408 879 1474 Antipatris,
906 1405 1094 1459 civitas
1127 1405 1422 1466 Palestina,
1451 1418 1587 1455 nunc
1624 1404 1852 1467 dirupta,
1886 1416 2041 1467 quam

494 1496 727 1549 llerodes
747 1512 833 1548 rex
867 1494 1059 1547 Iudaea:
1087 1510 1149 1547 ex
1179 1495 1340 1561 patris
1370 1495 1447 1545 sui
1490 1494 1704 1546 nomine
1738 1508 2040 1546 vocavere...

559 1587 706 1653 Appii
742 1587 931 1650 forum,
965 1601 1157 1638 nomen
1192 1586 1289 1637 l‘ori
1332 1587 1512 1636 Itonia:
1550 1585 1613 1634 ah
1646 1585 1818 1651 Appio
1874 1600 2048 1651 quon-

487 1678 605 1728 dam
637 1677 856 1729 consulc
901 1685 1144 1738 tractum,
1176 1692 1200 1726 a
1232 1690 1333 1743 quo
1361 1686 1411 1726 et
1442 1676 1519 1725 via
1554 1676 1718 1742 Appia
1773 1674 2046 1742 cognomi-

488 1776 605 1817 ttala
640 1777 737 1817 est.

906 386 1105 439 μιλλε
1150 387 1595 441 VENERABILIS
1635 388 1782 442 OPl’.
1828 388 1999 441 PARS
2039 384 2100 437 ll.
2144 384 2337 439 SECT.
2380 389 2418 442 l.
2446 418 2513 426 -—-
2552 387 2942 442 EXEGETICA
2984 390 3307 445 CENUINL

3598 394 3747 445 $036

2231 498 2496 567 Bithynia,
2527 501 2793 567 provincia
2819 501 2955 554 Asia:
2984 503 3221 563 minoris,
3240 519 3356 569 qnzc
3383 518 3433 557 et
3453 508 3743 571 quondam

2164 588 2435 653 Bebrycia,
2488 602 2540 642 et
2584 591 2771 642 deinde
2816 594 3086 661 Mygdonia
3133 597 3270 646 dicta
3323 607 3423 648 est.
3484 598 3612 661 Ipsa
3662 608 3749 648 est

2161 688 2213 729 et
2238 679 2403 745 major
2429 680 2647 745 Phrvgia
2668 722 2680 738 .
2727 681 2878 734 Hiera
2914 684 3132 736 flumine
3162 700 3188 735 a
3224 687 3425 738 Galatia
3456 686 3746 739 distermi-

2162 778 2300 820 nata.
2334 770 2497 820 llnht-t
2529 774 2787 823 civitatem
2834 775 3069 838 ejusdem
3118 778 3364 830 nominis.

2911 866 2950 913 υ

2222 947 2362 997 Cassa
2375 962 2473 998 rea:
2495 950 2735 1001 civitates
2754 950 2783 1001 (Ι
2793 968 2820 1002 ιι
2831 967 2873 1002 ξιξ
2888 961 3009 1003 sunt
3028 954 3079 1004 in
3100 964 3236 1007 terra
3265 956 3740 1017 repromissionis.

2160 1036 2268 1090 Una
2301 1035 2538 1089 Caesarea
2573 1040 2887 1101 Palaestinae,
2924 1044 2973 1093 in
3004 1043 3180 1095 littore
3212 1048 3373 1098 maris
3402 1047 3571 1113 Magni
3604 1049 3740 1102 sita.

2157 1142 2271 1187 quae
2292 1128 2553 1194 quondam
2582 1130 2802 1197 Pyrgos,
2840 1131 2887 1183 id
2934 1140 3015 1182 est
3065 1134 3245 1195 turris,
3281 1136 3549 1186 Stratonis
3581 1135 3737 1187 dicta

2154 1235 2183 1270 e
2217 1229 2253 1277 t,
2280 1220 2368 1270 sed
2400 1220 2465 1270 ab
2491 1220 2697 1272 llerode
2731 1238 2856 1289 rege
2883 1223 3063 1276 Jndere
3097 1226 3323 1277 nobilius
3353 1238 3405 1279 et
3437 1227 3735 1294 pulchrius

2153 1320 2208 1362 et
2236 1321 2416 1361 contra
2448 1313 2549 1361 vim
2595 1314 2756 1365 maris
2782 1316 2947 1367 multo
2975 1316 3156 1367 utilius
3202 1318 3460 1371 instructa
3487 1338 3496 1369 :
3527 1322 3578 1369 in
3637 1319 3742 1370 ho-

2155 1414 2335 1450 norem
2368 1400 2586 1452 ClPSClI‘l“
2638 1406 2877 1469 Augusti,
2921 1406 3163 1458 Czesarea
3195 1408 3569 1471 cognominata
3625 1416 3733 1456 est.

2154 1491 2247 1542 Cui
2279 1493 2436 1543 etiam
2477 1494 2726 1558 templum
2774 1494 2820 1543 itt
2864 1508 2926 1545 ea
2958 1510 3222 1547 marmore
3248 1494 3366 1545 albo
3396 1496 3731 1547 cousirtixil.

2153 1580 2206 1631 In
2250 1596 2351 1646 qua
2408 1596 2569 1647 nepos
2620 1580 2734 1647 ejus
2768 1582 3003 1635 llerndes
3055 1584 3118 1633 ah
3160 1584 3352 1649 angelo
3404 1598 3731 1650 percussus,

2150 1669 2424 1721 Cornelius
2457 1673 2696 1723 Centurio
2746 1670 3072 1738 baptizatus,
3120 1682 3167 1723 et
3201 1675 3412 1738 Agabus
3460 1675 3732 1739 prOpheta

2152 1778 2278 1813 zona
2335 1763 2696 1827 Pauliligatns
2746 1776 2844 1817 est.
2906 1770 3083 1819 Altera
3143 1783 3264 1821 vero
3319 1769 3560 1821 Cresarea
3602 1770 3731 1820 l'hi-

563 1857 856 1921 Apollonia,
889 1857 1074 1908 civitas
1105 1865 1183 1906 est
1208 1856 1546 1907 Macedoniae.
1583 1854 1675 1905 Est
1715 1865 1764 1905 et
1795 1855 1953 1904 altera
1988 1855 2037 1904 in
2076 1861 2117 1916 Β
2152 1856 2293 1923 lippi,
2330 1858 2477 1922 cujus
2506 1859 2771 1919 Evangelii
2803 1859 3070 1920 Scriptura
3094 1862 3358 1921 meminit,
3392 1861 3454 1911 ad
3481 1862 3727 1912 rad;cem

485 1947 744 2010 provincia
775 1948 986 2009 Africa,
1015 1963 1130 2013 quae
1153 1948 1345 1998 dicitur
1379 1945 1700 2012 l’cntapolis.

556 2038 869 2103 Arioliagus,
917 2038 1243 2089 Athenarum
1297 2052 1465 2099 curta,
1500 2052 1618 2104 qua:
1660 2039 2041 2102 interpretatur

491 2128 610 2177 villa
669 2127 867 2188 Martis,
922 2128 1058 2193 quod
1114 2128 1228 2193 ipse
1288 2127 1355 2177 ihi
1413 2125 2037 2193 qnondamaduodecim

483 2216 582 2267 diis
608 2217 874 2281 judicatus
897 2220 982 2268 sit.

555 2312 766 2373 Atahia,
822 2313 965 2379 regio
1007 2311 1143 2362 inter
1188 2313 1359 2361 sinum
1389 2313 1544 2362 maris
1578 2312 1761 2373 lltthri,
1793 2313 1879 2379 qui
1912 2312 2037 2364 Per-

479 2400 638 2459 sicus,
683 2408 735 2451 et
778 2415 896 2451 eum
928 2400 1015 2468 qui
1063 2401 1319 2452 Arahicus
1350 2410 1583 2453 vocatur.
1641 2401 1808 2453 llaht:t
1850 2414 2037 2469 gentes

478 2488 691 2550 multas,
746 2490 1022 2554 Moabitts,
1055 2492 1409 2553 Atntnonitas,
1458 2491 1737 2556 Idumaeos,
1772 2492 2033 2545 Sarrace-

476 2593 592 2643 nos,
631 2580 862 2644 aliasque
914 2582 1345 2645 qn:unplnrimas.
1404 2581 1594 2632 Arabia
1645 2591 1824 2633 autem
1879 2596 2032 2634 sacra

475 2670 810 2736 interpretari
852 2672 1081 2735 dicitur,
1144 2690 1206 2725 eo
1264 2672 1399 2738 quod
1432 2676 1499 2723 sit
1553 2676 1697 2739 regio
1753 2674 2029 2735 thuril‘era,

477 2762 668 2815 odores
721 2778 925 2815 creatis.
961 2764 1089 2815 Hinc
1120 2780 1234 2817 eam
1284 2764 1449 2817 Graeci
1493 2766 1834 2831 Eudmtnoua,
1866 2769 2030 2819 nostri

482 2856 689 2904 llcatam
722 2866 1057 2907 vocaverunt.

548 2946 665 2993 .-\si:t
725 2947 905 3011 regio,
960 2961 1074 3011 quae
1127 2962 1300 2998 tmnor
1346 2957 1767 3013 c0gnomtnatur,
1828 2949 2031 3019 absque

474 3034 713 3084 orientali
748 3044 895 3101 parte
925 3050 1021 3102 qni
1066 3037 1128 3088 ad
1154 3036 1538 3103 Cappadociam
1565 3040 1878 3108 Syriamque
1904 3057 2026 3109 pro-

473 3123 729 3187 greditur,
763 3124 993 3190 undique
1035 3128 1356 3180 circumdata
1390 3140 1471 3181 est
1498 3132 1653 3184 mari.
1700 3131 1862 3197 Cujus
1908 3146 2023 3197 pro-

2145 1950 2335 2001 ttiontis
2369 1949 2569 2011 Libani,
2604 1950 2690 2002 uhi
2744 1950 2989 2003 Jordanis
3024 1952 3193 2005 fontes
3220 1964 3363 2013 sunt,
3398 1969 3423 2002 a
3471 1954 3727 2015 Philippo

2146 2040 2406 2091 tetrarcha
2432 2041 2672 2105 ejusdem
2707 2042 2939 2107 regionis
2972 2042 3128 2100 facta.
3156 2053 3207 2094 et
3236 2045 3285 2094 in
3319 2048 3573 2094 honorem
3627 2044 3725 2093 Ti-

2145 2130 2268 2181 lserii
2293 2131 2517 2182 Caesaris
2541 2132 2909 2197 cognominata
2939 2143 3039 2183 est.
3069 2134 3172 2185 Sed
3200 2144 3253 2186 et
3292 2134 3441 2183 tertia
3467 2133 3725 2184 (Lemn-2

2140 2220 2490 2287 Cappadociae
2513 2221 2821 2287 metropolis
2849 2231 2949 2281 est,
2977 2222 3123 2289 cujus
3146 2222 3313 2274 Lucas
3343 2226 3409 2273 ita
3435 2223 3720 2273 meminit:

2144 2310 2413 2360 l'rofectns
2476 2312 2542 2361 ah
2601 2311 2807 2374 Epheso
2867 2320 2921 2363 et
2973 2312 3307 2364 descendens
3365 2312 3717 2375 C'i-surezmt,

2140 2401 2393 2462 a~cendtt,
2417 2411 2467 2452 et
2495 2402 2737 2452 salutavit
2772 2401 3079 2452 Ecclesiatn.

2207 2487 2556 2555 Cappadocia,
2582 2492 2725 2557 regio
2745 2490 2792 2541 itt
2808 2491 2976 2555 capite
2995 2490 3183 2558 Syria',
3206 2491 3253 2539 id
3271 2502 3371 2552 est,
3394 2491 3457 2541 ad
3479 2497 3718 2555 Septen-

2140 2578 2383 2631 nionem.

2206 2668 2439 2733 Carrha,
2483 2668 2667 2720 civitas
2726 2668 3139 2735 Mesopotatnim,
3202 2671 3339 2733 apud
3410 2671 3711 2722 Romanos.

2134 2759 2311 2812 Crassi
2358 2759 2545 2824 clade,
2594 2760 2730 2826 apud
2791 2773 2887 2812 nos
2922 2770 3093 2813 autem
3128 2761 3382 2827 ιΙιυειοιιίυ
3431 2761 3708 2813 Abraham

2135 2851 2462 2917 patriarchae,
2495 2860 2547 2903 el
2602 2852 2837 2917 parentis
2867 2853 3011 2917 ejus,
3046 2861 3216 2903 morte
3252 2852 3463 2902 nobilis.

2204 2939 2463 3001 Centhre,
2501 2950 2683 3006 portus
2736 2941 3131 2993 Corinthiorum
3176 2940 3408 2991 civitatis
3454 2938 3704 2992 famosis-

2132 3032 2298 3083 sim-.e.

2201 3122 2571 3175 Chaldatorum
2609 3125 2755 3190 regio
2804 3128 2942 3177 inter
2974 3124 3145 3192 llahyl.
3172 3125 3312 3173 niam
3344 3135 3396 3175 et
3428 3123 3701 3183 Arabian,

473 3215 651 3264 \'lllCl.L‘
680 3224 821 3275 sunt,
877 3216 1119 3283 Phrygia,
1156 3216 1485 3287 Pamphylia,
1528 3219 1734 3283 Cilicia,
1770 3195 2024 3285 Chaonia,
2057 3195 2103 3255 ο
2135 3213 2310 3280 Tigrin
2342 3225 2395 3266 ει
2425 3214 2767 3280 Euphratem-

468 3305 692 3372 Calatia,
717 3322 769 3362 et
811 3312 926 3361 alia:
971 3313 1166 3364 multm.
1204 3314 1308 3367 Sed
1338 3315 1639 3380 specialiter
1668 3314 1753 3367 ubi
1788 3314 2030 3383 Ephesus

468 3398 655 3453 civitas
688 3410 793 3465 est,
825 3404 944 3455 Asia
976 3416 1214 3460 vocatur.

541 3494 707 3552 Asos,
762 3492 944 3545 civitas
996 3498 1134 3548 Asiae
1200 3501 1331 3548 mari
1363 3514 1483 3559 ima,
1527 3500 1711 3553 eadem
1748 3502 2024 3568 Apollonia

464 3580 620 3632 dicta.

536 3674 772 3739 Atheuae,
834 3677 1018 3731 civitas
1076 3680 1126 3731 in
1189 3681 1408 3745 At-haia,
1454 3683 1798 3752 phil050phia:
1853 3684 2021 3737 dicata

464 3764 667 3817 studiis.
702 3766 830 3831 Qua:
867 3782 983 3819 cum
1031 3784 1130 3820 una
1178 3770 1266 3832 sit,
1318 3772 1502 3839 plurali
1558 3787 1783 3826 numero
1812 3788 2026 3841 semper

461 3857 714 3923 appellari
738 3859 1060 3926 solet,cujns
1088 3861 1270 3915 l‘ireus
1290 3873 1471 3929 portus
1500 3865 1829 3931 septemplici
1856 3880 2019 3933 quon-

462 3945 578 3998 dam
624 3962 775 3999 muro
804 3951 1154 4002 communitus
1203 3953 1363 4005 luisse
1393 3952 1731 4005 describitur.

530 4034 744 4097 Attalia,
792 4036 978 4089 civitas
1020 4039 1340 4106 Pamphylia:
1384 4042 1669 4094 maritima.

529 4125 745 4187 Azoms,
771 4127 1017 4193 oppidum
1047 4129 1248 4195 insigne
1275 4130 1571 4199 Palestinaz,
1599 4133 1736 4199 quod
1767 4133 2021 4187 llebraicc

459 4222 677 4267 Vocatur
713 4214 908 4277 Esdod,
932 4226 983 4268 et
1008 4228 1089 4270 est
1115 4234 1213 4270 una
1238 4220 1303 4271 de
1344 4222 1575 4287 quinque
1619 4223 1741 4273 olim
1789 4224 2017 4277 civitati-

460 4306 554 4354 hus
581 4304 1005 4373 All0phylorum.

1225 4401 1264 4451 Β

526 4484 781 4551 Babylon,
804 4489 1111 4553 metmpolis
1129 4490 1272 4555 regni
1297 4488 1687 4553 Chaldaeorum,
1712 4492 1797 4543 ubi
1821 4508 2007 4545 eorum

453 4575 825 4639 quizcdit‘tcate
867 4586 1065 4631 turrem
1110 4578 1296 4647 lingua}
1345 4579 1526 4633 divisae
1574 4591 1717 4646 sunt,
1748 4598 1775 4633 a
1821 4598 1924 4650 qua
1953 4594 2005 4635 et

455 4666 597 4733 regio
622 4666 1016 4733 circumposita,
1059 4667 1342 4737 Babylonia
1369 4680 1605 4724 vocatur.
1647 4671 1790 4723 llanc
1840 4672 2001 4724 fuisse

454 4758 893 4821 potentissimatn,
922 4765 975 4810 et
1012 4760 1393 4823 campestribus
1417 4775 1507 4826 per
1536 4759 1789 4827 quadrum
1816 4760 1993 4825 sitam,

450 4846 514 4898 ab
543 4850 730 4913 angulo
768 4862 931 4913 usque
958 4847 1022 4900 ad
1052 4850 1297 4914 angulum
1342 4851 1494 4912 tnttri,
1527 4850 1806 4901 duodecim
1836 4851 1993 4902 millia

450 4940 683 4991 tenuisse
726 4954 993 5004 passuum,
1027 4940 1074 4991 id
1108 4950 1209 5002 est,
1242 4941 1394 4992 simul
1426 4956 1515 5008 per
1538 4944 1809 4994 circuitum
1836 4959 1991 4995 sexa-

448 5031 587 5095 ginta
615 5043 839 5098 quatuor
867 5032 1051 5093 millia,
1084 5032 1243 5085 refert
1293 5032 1614 5097 Herodotus,
1644 5043 1698 5085 et
1730 5036 1875 5085 multi
1906 5035 1996 5085 alii

448 5120 533 5185 qui
564 5120 773 5171 Graecus
807 5122 1049 5172 historias
1079 5122 1527 5185 conscripserunt.
1577 5124 1681 5175 Arx
1724 5134 1919 5183 autem,
1946 5123 1995 5175 id

448 5221 544 5270 est,
565 5210 875 5275 Capitolium
901 5210 1040 5262 illius
1064 5212 1227 5274 urbis,
1258 5222 1338 5263 est
1358 5213 1687 5276 tttrris,qtt:e,
1715 5223 1830 5278 post
1854 5212 2003 5263 dilu-

446 5317 584 5353 vium
616 5302 867 5353 a'dilicata
888 5342 903 5364 ,
928 5312 1151 5367 quatuor
1183 5301 1338 5353 millia
1376 5317 1620 5367 passuum
1653 5312 1834 5355 tenere
1862 5302 1996 5354 dici-

448 5409 546 5449 l‘:|'.
577 5397 735 5463 Cujus
766 5408 880 5463 post
907 5397 1109 5449 ruinam
1144 5398 1274 5449 muri
1310 5405 1505 5447 tantum
1555 5396 1739 5448 lictiles
1787 5412 1992 5448 reman-

443 5492 594 5550 sisse,
624 5499 675 5542 et
727 5490 793 5540 oh
843 5490 1036 5541 bestias
1078 5503 1194 5556 qua:
1223 5488 1328 5540 illic
1375 5487 1641 5539 abundant
1693 5489 1980 5553 captandas

442 5581 735 5642 l't‘Jllllcrall
769 5593 887 5630 esse
920 5581 1218 5629 lratltlttlttt‘.

514 5667 715 5724 limata.
747 5669 931 5721 civitas
956 5670 1004 5719 in
1038 5670 1358 5729 Macedonia,
1394 5682 1509 5733 qua:
1539 5666 1751 5717 verbum
1779 5666 1984 5721 Domini

444 5756 685 5809 .zu'nlitcr
738 5759 961 5820 accepit.

2204 3305 2452 3357 Chanaan
2507 3308 2643 3358 lilius
2696 3307 2860 3358 Chatn
2903 3306 3132 3358 obtumtt
3190 3316 3385 3359 terram
3419 3321 3446 3357 τι
3496 3306 3701 3361 Sidone

2135 3411 2297 3463 usque
2326 3398 2387 3447 ad
2420 3397 2641 3459 Gazam,
2674 3414 2828 3464 quam
2870 3397 3037 3449 Judaei
3066 3398 3318 3466 deinceps
3344 3400 3699 3466 possederunt

2131 3488 2316 3553 eiectis
2339 3489 2671 3541 Chananmis.

2200 3578 2383 3645 Chius,
2419 3581 2579 3629 insula
2628 3592 2750 3631 ante
2794 3580 3113 3647 Bithyniam,
3142 3581 3290 3650 cujus
3336 3598 3527 3634 nomen
3560 3583 3695 3650 Syra

2130 3670 2302 3735 lingua
2350 3670 2663 3721 maslicltem
2717 3670 2998 3737 designat,
3050 3686 3113 3723 eo
3171 3671 3307 3736 quod
3376 3673 3443 3723 ihi
3496 3672 3696 3722 mastiv

2128 3758 2376 3824 gignitur.
2428 3757 2573 3809 Hanc
2610 3758 2675 3809 ali
2700 3759 2767 3822 tui
2801 3760 2984 3811 Chiam
3028 3762 3386 3826 appellavere,
3426 3777 3454 3813 a
3485 3762 3697 3815 Chione

2129 3844 2353 3911 nympha
2368 3885 2379 3897 .

2196 3932 2395 4000 Cilicia,
2416 3936 2679 4001 provincia
2710 3938 2868 4000 Asiae,
2893 3953 3050 4000 quam
3078 3937 3289 4007 Cygnus
3318 3943 3487 3994 amnis
3518 3941 3692 3995 inter-

2125 4033 2287 4084 svcat,
2322 4032 2371 4075 et
2402 4039 2550 4076 mons
2583 4028 2835 4089 Amanus,
2877 4024 3029 4093 Cujus
3060 4030 3299 4080 meminit
3341 4031 3621 4094 Salomon,
3663 4047 3691 4083 a

2124 4116 2273 4182 Syria
2306 4115 2449 4168 Cwle
2477 4126 2705 4181 separat.

2202 4205 2429 4272 Cyprus,
2488 4207 2652 4259 insula
2698 4206 2749 4259 in
2808 4208 2938 4259 tnari
2994 4210 3342 4277 Pamphylio,
3386 4211 3689 4277 quindecim

2122 4296 2383 4361 quondam
2441 4297 2652 4363 oppidis
2716 4298 2981 4364 insignis,
3036 4300 3341 4367 famosaque
3386 4303 3602 4367 divitiis,
3639 4316 3688 4355 et

2123 4386 2351 4437 maxime
2377 4390 2516 4439 :cris.
2546 4389 2614 4440 lbi
2644 4389 2780 4440 enim
2818 4392 2983 4455 prima
3015 4391 3167 4458 hujus
3200 4395 3396 4446 metalli
3444 4396 3683 4447 inventio

2119 4485 2170 4526 et
2198 4476 2391 4529 utilitas
2421 4478 2533 4529 luit.
2566 4478 2658 4529 Cui
2685 4480 2733 4529 in
2777 4482 3070 4543 proximum
3117 4492 3196 4534 est
3238 4482 3287 4533 in
3333 4485 3525 4537 linibus
3552 4486 3683 4538 Cili-

2066 4547 2087 4596 )
2113 4566 2206 4620 cite
2235 4569 2670 4634 promontorium,
2701 4580 2753 4623 et
2796 4574 3044 4639 oppidutn
3080 4574 3315 4626 Veneris.

2183 4660 2404 4726 Cyrene,
2438 4661 2623 4713 civitas
2656 4663 2704 4713 in
2732 4661 2917 4729 Libya,
2943 4664 3092 4730 enjus
3122 4668 3264 4733 regio
3298 4669 3455 4719 etiam
3492 4668 3680 4721 Penta-

2115 4748 2339 4811 politana
2388 4759 2620 4809 vocatur,
2651 4765 2715 4801 eo
2743 4754 2879 4816 quod
2924 4755 3153 4820 quinque
3186 4755 3409 4807 urhihus
3439 4762 3674 4810 maxime

2113 4838 2323 4905 fulgeat,
2361 4841 2645 4908 Beronice,
2698 4844 2937 4906 Arsinoe,
2987 4845 3329 4913 Ptolemaide,
3362 4850 3672 4917 Apollona,

2114 4928 2329 4995 ipsaque
2363 4930 2588 4999 Cyrene.

2182 5021 2398 5086 Cnidus,
2426 5027 2593 5078 insula
2621 5036 2802 5078 contra
2836 5028 3033 5080 Asiam.

2182 5113 2338 5176 Coos,
2392 5115 2716 5166 nohilissima
2748 5128 2934 5166 contra
2960 5120 3140 5169 Asiam
3172 5118 3363 5179 insula,
3414 5119 3669 5183 adjacens

2114 5206 2391 5269 provincia:
2434 5207 2638 5268 Atticm,
2669 5215 2827 5258 etest
2869 5207 3103 5275 ejusdem
3138 5211 3362 5262 nominis
3407 5210 3662 5276 oppidum

2114 5296 2164 5346 ιιι
2198 5295 2361 5345 insula
2392 5296 2663 5349 Calamna.

2180 5385 2480 5449 Corinthus,
2510 5389 2695 5441 civitas
2717 5390 2930 5444 Achaiae
2966 5394 3251 5445 maritima.

2177 5473 2347 5537 Creta,
2398 5476 2613 5530 Graecia:
2656 5482 2823 5533 insula
2872 5495 3084 5535 centum
3115 5484 3383 5551 quondam
3445 5493 3670 5545 urbibus

2108 5568 2315 5631 nobilis,
2348 5572 2485 5621 unde
2510 5570 2842 5638 llecatopolis
2865 5574 3005 5626 dicra
3042 5584 3146 5627 est.

2866 5661 2907 5713 D

2192 5749 2490 5811 Damascus,
2530 5754 2717 5807 nobilis
2763 5756 2887 5807 ttt'hs
2937 5757 3221 5826 l'limpiu's,
3255 5782 3369 5831 qua:
3405 5774 3458 5817 ιιι
3505 5782 3675 5831 quon.
