3860 6230
105 322 129 368 ἴ
153 317 274 375 337

811 335 894 388 DE
937 334 1304 389 NUMINIBUS
1348 334 1667 389 LOCUliUM
1709 332 1873 400 QUAE
1917 334 2289 390 LEGUNTUR
2331 337 2391 390 ΙΝ
2425 337 2577 390 ACT.
2619 337 2858 392 APOST.

3320 338 3460 392 £038

103 434 247 484 viam
317 437 383 489 in
448 448 629 498 omni
685 447 833 514 Syria
891 447 1058 498 tenuit
1103 449 1445 512 principatum
1471 489 1484 509 ,
1546 456 1599 499 et
1649 462 1786 499 nunc
1817 447 1860 502 A
1895 447 2203 498 vocabulum
2239 448 2471 513 trahens,
2503 464 2622 514 qua!
2654 449 2718 501 ab
2753 449 2924 502 Africo
2953 460 3003 501 et
3044 465 3071 502 a
3107 451 3273 504 Borea
3323 453 3455 506 mari

100 520 631 586 Sarracenorum
673 538 978 601 mctrtipolis
1027 552 1144 588 esse
1175 538 1499 603 perhibetur.
1552 534 1698 588 Unde
1730 546 1780 586 ct

103 627 214 667 rex
257 633 500 672 CDTUIII
539 627 784 680 Manilius
819 630 1077 680 famosam
1096 631 1192 682 sibi
1220 632 1269 681 iu
1302 648 1359 682 ea
1405 646 1615 697 sna-que
1639 631 1781 696 genti

104 709 445 763 basilicam
510 718 772 782 dicavit,
829 722 1143 775 Christianis
1197 723 1245 773 iii
1304 726 1528 775 circuitu
1578 723 1783 775 civibus

103 797 267 848 beati
322 801 636 867 Baptista:
679 812 898 863 Joannis
953 813 1238 864 Ecclesiain
1291 813 1780 881 frequentaiitihus.

187 890 431 958 Derlie,
471 900 682 954 civitas
727 903 1002 970 Lycaonia:
1039 905 1344 970 provinciae.

979 994 1017 1044 Ε

191 1068 538 1140 Elaiiiitae,
590 1081 851 1147 principes
907 1083 1158 1145 Persidis,
1190 1083 1257 1135 ab
1307 1081 1454 1134 Elain
1490 1082 1598 1134 lilio
1647 1082 1770 1136 Scin

104 1165 457 1227 appellati.

192 1247 512 1316 Ephesus
543 1259 872 1312 Amazonum
903 1275 1055 1329 opus,
1091 1260 1275 1314 civitas
1309 1262 1358 1312 in
1406 1263 1545 1318 Asia.
1577 1263 1663 1315 ubi
1700 1278 1781 1315 re-

101 1340 387 1406 quiescit
431 1346 649 1402 beatus
679 1352 1002 1420 evangelista
1032 1352 1290 1406 Joannes.

987 1439 1025 1491 F

242 1522 338 1572 Ab
386 1521 448 1572 F
503 1528 803 1596 incipientia
830 1546 930 1582 non
970 1539 1120 1594 sunt,
1153 1533 1240 1583 sed
1279 1549 1309 1583 α
1339 1543 1373 1585 Φ
1402 1532 1509 1583 lucc
1549 1533 1672 1585 duo.

195 1607 316 1659 Phi
339 1615 529 1680 ygia,
557 1619 828 1683 provincia
852 1620 990 1672 Asiae
1005 1621 1195 1672 Troadi
1223 1620 1540 1688 supeijeCIa,
1569 1631 1782 1687 septen~

111 1701 376 1753 iriniiali
436 1721 551 1758 sua
589 1719 737 1774 parte
787 1709 1008 1763 Galatia:
1056 1712 1387 1763 contermina
1418 1752 1432 1775 ,
1485 1712 1777 1764 Meridiana

1889 536 2074 598 Magno
2097 538 2287 600 cincta,
2319 539 2519 606 reliqua
2547 539 2752 606 Alpium
2785 539 3024 593 obicibus
3055 543 3373 595 obstruitur.

1957 626 2168 689 Judaea,
2210 629 2493 691 aliquando
2545 638 2650 681 tota
2699 640 2834 680 terra
2891 630 3166 682 duodecim
3221 631 3452 683 tribuum

1885 729 1984 780 app
2024 715 2198 776 llatur,
2223 717 2508 782 aliquando
2534 718 2652 770 dua:
2688 727 2891 770 tantum
2927 719 3114 781 tribus,
3146 733 3262 786 qua:
3289 734 3456 784 quon-

1885 805 2002 856 dain
2035 804 2168 857 Juda
2216 809 2563 872 vocabantur,
2595 810 2656 860 ad
2692 807 3084 860 distinctionem
3125 808 3356 862 Galiliem
3404 819 3456 861 et

1883 896 2161 962 Sainariie,
2195 899 2523 964 aliarumque
2555 899 2605 950 in
2640 909 2775 952 terra
2810 899 3242 965 repromissionis
3280 901 3455 967 regio-

1889 1003 2037 1039 num.
2095 986 2159 1038 Et
2188 991 2473 1041 notandum
2514 989 2653 1057 apud
2688 989 2972 1042 historicos
3010 988 3148 1058 quod
3178 989 3355 1041 Judma
3387 992 3452 1043 ad

1886 1075 2243 1141 Palaestinam,
2269 1078 2487 1131 Caliitea
2522 1095 2646 1132 vero
2689 1089 2740 1132 et
2770 1080 3004 1133 Samaria
3047 1080 3111 1132 ad
3147 1079 3452 1133 Pliceiiiceiu

1889 1175 2206 1228 pertineant.

2654 1256 2692 1308 L

1957 1343 2142 1404 Lasea.
2166 1344 2353 1397 civitas
2379 1346 2633 1399 littoraria
2664 1346 2836 1399 Cretrc
2863 1348 3067 1409 insulae,
3099 1348 3246 1413 juxta
3281 1347 3451 1398 locum

1894 1437 1982 1502 qui
2016 1446 2232 1488 vocatur
2265 1437 2390 1488 Boni
2420 1446 2622 1504 portus,
2656 1447 2712 1490 ut
2751 1438 2863 1504 ipse
2898 1438 3062 1490 Lucas
3088 1437 3324 1504 exponit.
3351 1436 3455 1489 Pro

1884 1543 1985 1594 qua
2017 1527 2227 1594 quidam
2259 1541 2510 1594 corrupte
2539 1529 2793 1581 Tlialassa
2823 1528 3022 1596 legunt.

1955 1618 2133 1687 Libyae
2162 1619 2448 1684 provincia:
2475 1618 2593 1670 duae
2626 1629 2769 1670 sunt.
2797 1618 2909 1672 Una
2942 1619 3103 1686 Libya
3135 1616 3450 1685 Cyrenaica,

1882 1709 1949 1762 de
1966 1724 2066 1778 qua
2086 1709 2284 1762 dictum
2306 1718 2387 1762 est
2408 1725 2419 1760 :
2440 1709 2502 1759 Et
2528 1725 2645 1776 pars
2669 1707 2839 1776 Libya
2855 1724 2964 1775 qua!
2978 1717 3050 1760 est
3073 1708 3207 1759 circa
3227 1706 3455 1775 Cyrenen

112 1787 472 1854 Lycaoniae
541 1810 592 1848 et
643 1798 854 1851 Pisidia:
879 1841 891 1863 ,
952 1799 1348 1868 Mygdoniieque
1374 1840 1390 1863 ,
1449 1801 1515 1852 ab
1562 1801 1776 1854 Oriente
1806 1798 1852 1856 B
1884 1801 2016 1869 (Act.
2041 1802 2122 1868 ll).
2172 1797 2295 1854 Haec
2342 1809 2458 1868 post
2481 1799 2761 1869 Egyptuin
2796 1799 2846 1852 iii
2883 1812 3024 1864 parte
3057 1799 3250 1851 Africa:
3279 1813 3444 1865 prima

114 1880 246 1945 (λίψ
297 1887 589 1938 mlociain
642 1890 870 1957 attingit.
931 1892 1049 1942 Duzii
1092 1903 1214 1944 sunt
1263 1905 1434 1944 autem
1487 1893 1770 1962 Phrygiae,

115 1984 402 2035 qiiaium
458 1977 641 2042 major
687 1979 966 2044 Smyrnam
1002 1980 1177 2042 liabet,
1230 1982 1402 2033 minor
1445 1996 1569 2034 vero
1625 1983 1771 2035 Ilion.

209 2059 567 2127 Pliieiiicia,
602 2068 866 2133 provincia
900 2069 1067 2136 Syrim
1097 2071 1249 2138 cujus
1297 2081 1469 2138 partes
1518 2083 1640 2125 sunt
1677 2073 1774 2126 Sa—

127 2155 328 2206 maria
371 2157 640 2222 Caliliea,
673 2170 726 2211 et
750 2163 866 2214 alia:
897 2162 1138 2228 plurima:
1174 2164 1443 2232 regiones.

981 2251 1019 2304 G

212 2334 509 2386 Galilzpa-
551 2339 668 2390 dna:
713 2351 856 2395 sunt.
894 2340 1002 2394 Una
1049 2340 1264 2395 Galilzca
1317 2342 1571 2411 gentium,
1604 2344 1774 2397 vicina

131 2424 368 2476 finibus
402 2428 704 2495 Tyriorum
751 2432 801 2484 in
838 2434 976 2486 tribu
1023 2434 1381 2500 Neplithaliin.
1411 2437 1591 2490 Altera
1633 2437 1772 2488 circa

133 2515 538 2572 'l‘ilieiiadein
591 2532 644 2575 et
709 2532 951 2593 stagnum
1004 2524 1333 2580 Geiiczareth
1385 2528 1435 2580 in
1489 2528 1623 2580 tribu
1670 2527 1770 2579 Za-

138 2606 356 2658 litiloii.

220 2698 496 2760 Galatia,
535 2705 800 2768 provincia
835 2707 992 2767 Asiae,
1048 2722 1074 2758 a
1108 2705 1269 2759 Gallis
1299 2709 1611 2760 vocabulum
1666 2718 1773 2762 tra-

141 2786 325 2849 liciis,
367 2792 474 2855 qui
505 2792 754 2844 auxilium
786 2810 812 2842 a
846 2811 967 2863 rege
1000 2795 1259 2864 Bithynia:
1289 2798 1514 2857 evocati,
1548 2814 1764 2864 regnum

144 2893 280 2928 cum
340 2895 420 2932 eo
461 2893 669 2946 peracta
703 2885 925 2936 victoria
980 2888 1286 2939 diviserunt.
1339 2889 1536 2956 Sicque
1572 2891 1768 2945 deinde

140 2966 374 3022 (ἔπραξε
413 2973 653 3037 admisti,
682 2975 849 3043 primo
873 2976 1200 3047 Gallograeci,
1226 2989 1403 3046 postea
1426 2979 1619 3034 Galatas
1650 2991 1773 3034 sunt

147 3063 454 3124 appellati.

1878 1899 1979 1954 est,
2011 1899 2063 1943 et
2104 1891 2232 1942 mari
2256 1889 2452 1960 Libyco
2479 1904 2770 1960 cognomen
2818 1887 2990 1942 dedit.
3026 1887 3152 1941 Post
3180 1903 3336 1954 quam
3368 1887 3453 1939 Li-

1882 1981 1979 2047 bya
2013 1977 2323 2046 Etliiiipiim
2351 2019 2366 2040 ,
2424 1994 2590 2045 usque
2639 1979 2700 2030 ad
2748 1978 3097 2030 Meridiinuiu
3143 1977 3452 2043 pertingens

1877 2069 2168 2123 Oceanum.

1953 2160 2238 2229 Lycaonia,
2288 2161 2558 2226 provincia
2587 2160 2745 2212 Asiae.
2777 2160 2866 2212 Est
2894 2158 3049 2212 etiam
3090 2159 3326 2225 ejusdem
3360 2174 3453 2210 no-

1881 2251 2040 2304 minis
2067 2249 2251 2303 civitas
2284 2252 2333 2302 in
2365 2250 2588 2320 Phrygia
2624 2253 2827 2302 minore

1953 2341 2136 2409 Lycia,
2173 2341 2439 2407 provincia
2475 2339 2638 2392 Asiai.

1951 2433 2150 2502 Lydda,
2180 2433 2362 2487 civitas
2394 2432 2692 2486 Pabestinae
2741 2433 2796 2484 in
2852 2432 3028 2484 littore
3059 2431 3221 2484 maris
3272 2428 3449 2501 magni

1877 2528 2003 2590 sita,
2032 2545 2148 2596 qua:
2178 2543 2317 2580 nunc
2348 2529 2607 2592 DiOSpOIlS
2632 2526 2949 2594 appellatur.

1950 2620 2159 2689 Lystra,
2189 2619 2378 2671 civitas
2408 2619 2714 2688 Lycaoniae.

2648 2710 2696 2761 Μ

1953 2799 2277 2863 Macedonia,
2323 2798 2588 2865 provincia
2638 2797 2938 2850 Griecorum
2991 2798 3345 2862 nobilissima,
3388 2808 3444 2854 et

1880 2891 2071 2944 virtute
2102 2891 2389 2944 Alexandri
2420 2889 2588 2957 Magni
2619 2887 2846 2940 nobilior
2879 2889 3036 2940 facta.

1950 2981 2196 3045 Madian,
2248 2982 2437 3034 civitas
2486 2979 2632 3049 juxta
2682 2986 2966 3032 Annonem
3019 2990 3074 3032 et
3119 2980 3448 3046 Areopoliin,

1876 3074 2024 3143 ciijus
2060 3075 2225 3127 ruinae
2251 3073 2613 3127 tantummodo
2637 3073 3092 3139 demonstrantur,
3126 3072 3213 3126 ubi
3240 3073 3447 3142 Moyses

226 3151 422 3214 Gaza,
459 3154 644 3207 civitas
676 3156 892 3226 insignis
925 3159 1236 3224 Palll‘SllllZP,
1261 3178 1379 3230 qua:
1409 3165 1543 3228 apud
1569 3174 1774 3216 veteres
1805 3161 1849 3220 C
1881 3167 2014 3232 apud
2046 3164 2195 3218 Jetro
2223 3179 2464 3218 soci-rum
2498 3178 2648 3215 suum
2683 3162 2982 3215 enni-tim!-

153 3251 282 3292 erat
323 3247 607 3297 terminus
635 3246 934 3302 Chananzeo
967 3266 1053 3303 iiiu
1083 3253 1145 3303 ad
1182 3254 1474 3306 meridiem.
1517 3255 1623 3307 Sed
1667 3272 1767 3307 aii-

155 3333 335 3395 tiqiize
388 3334 554 3387 Gaza:
599 3337 767 3389 locum
801 3341 882 3391 vix
936 3341 1399 3396 fundamentorum
1431 3344 1650 3412 vestigia
1684 3345 1772 3396 de-

161 3431 524 3475 monstrant.
571 3426 690 3479 lla~c
733 3436 906 3481 autem
953 3447 1068 3494 qua:
1114 3447 1250 3484 nunc
1293 3435 1537 3486 cernitur’
1572 3438 1622 3487 in
1665 3437 1769 3487 alio

159 3509 311 3569 l--co,
359 3528 464 3576 pro
497 3515 579 3565 illa
611 3532 730 3583 quae
759 3519 957 3571 corruit
993 3521 1248 3575 a-diﬁcata
1281 3534 1382 3577 est.

236 3596 490 3665 Gi'wcia,
525 3606 794 3669 provincia
828 3609 1067 3673 quatdam
1096 3610 1328 3674 Achaigc,
1363 3627 1478 3679 qua!
1508 3627 1535 3663 a
1563 3613 1763 3666 Gratiis

161 3690 538 3756 scriptoribus
585 3695 760 3748 llellas
814 3708 998 3750 vocata
1051 3711 1152 3751 est.
1197 3700 1251 3753 In
1299 3717 1401 3768 qua
1434 3701 1759 3756 Athenarum

161 3778 366 3831 civitas
399 3792 486 3834 est
513 3787 777 3849 quondam
808 3789 978 3839 Attica
1005 3788 1168 3842 dicta.

245 3961 644 4031 lladi'iinietus,
675 3968 860 4021 civitas
914 3970 964 4021 iii
997 3969 1240 4024 Bizantio
1289 3973 1506 4040 regione
1549 3974 1758 4028 Africae.

245 4052 482 4119 Hadria,
522 4074 614 4111 seu
637 4061 817 4125 Adria,
849 4079 1041 4116 nomen
1070 4064 1232 4117 matis
1261 4077 1445 4119 eontra
1469 4068 1758 4132 Ravanam,

169 4151 315 4211 quod
349 4169 445 4213 per
473 4155 606 4206 ostia
638 4152 757 4207 Padi
806 4158 1040 4210 ﬂuminis
1085 4161 1335 4224 intratur,
1358 4175 1571 4230 sumpto
1601 4180 1758 4218 Voca-

175 4236 306 4290 bulo
357 4243 429 4294 ab
474 4243 660 4296 lladria
706 4251 940 4312 proxima
990 4251 1226 4311 civitate.
1276 4271 1391 4318 nunc
1419 4257 1593 4309 eidem
1627 4258 1758 4309 mari

175 4343 381 4382 nomen
426 4332 584 4384 etiam
613 4335 896 4390 Hadriatici
931 4340 1096 4392 dedit.
1127 4341 1418 4396 Jerusalem
1449 4348 1759 4412 metropolis

177 4417 453 4486 quendam
488 4429 648 4479 totius
670 4430 886 4495 Judwat,
919 4448 1035 4496 qua:
1067 4450 1205 4487 nunc
1231 4437 1296 4486 ah
1323 4436 1465 4488 .(Elio
1491 4439 1755 4492 Hadriano

1951 3255 2106 3319 Medi,
2146 3270 2173 3306 a
2204 3253 2372 3307 Mailai
2408 3254 2516 3306 lilio
2546 3253 2735 3320 Japhet
2777 3253 3040 3319 appellati.
3074 3255 3211 3308 Sunt
3261 3267 3441 3309 autem

1877 3347 2014 3399 inter
2047 3347 2240 3399 ﬂumen
2275 3347 2458 3399 Indum
2489 3357 2540 3398 et
2569 3348 2761 3398 [lumen
2796 3346 2992 3412 Tigrim
3026 3346 3268 3415 regiones
3324 3347 3438 3399 ist-ie

1870 3454 1897 3489 a
1932 3448 2110 3491 monte
2150 3437 2409 3500 CaucaSO,
2441 3453 2605 3506 usque
2655 3437 2719 3489 ad
2769 3453 2914 3488 mare
2963 3439 3193 3488 littlirttiii
3245 3439 3443 3502 pertiti-

1869 3538 2083 3594 gentes,
2109 3527 2357 3580 Aracnsia
2382 3569 2398 3590 ,
2433 3527 2642 3579 Parthia
2665 3567 2679 3588 ,
2714 3527 2949 3594 Assyria,
2985 3523 3225 3590 Persida,
3256 3539 3305 3577 et
3340 3527 3447 3579 Me.

1866 3616 1985 3680 dia,
2026 3632 2158 3686 quas
2207 3617 2481 3685 Scriptura
2541 3631 2688 3670 sacra
2742 3618 3016 3670 universas
3065 3632 3206 3684 sxpe
3259 3619 3440 3673 Medias

1871 3708 2084 3761 nomine
2119 3716 2294 3760 vacat.

1935 3795 2334 3864 Mesopotamia,
2387 3796 2529 3861 regio
2561 3794 2696 3848 inter
2746 3795 2958 3847 ﬂumina
2999 3795 3199 3864 Tigrim
3257 3809 3309 3847 et
3340 3798 3442 3850 Eii-

1864 3885 2084 3952 phrateii
2113 3924 2127 3945 ,
2158 3899 2278 3951 qua:
2309 3893 2363 3937 et
2390 3885 2508 3952 ipso
2536 3883 2794 3936 vocabulo
2827 3882 3012 3937 Cra-ce
3042 3883 3091 3936 in
3124 3885 3300 3936 medio
3331 3886 3432 3936 llu-

1864 3975 2062 4027 miniim
2094 3988 2212 4028 esse
2241 3976 2406 4042 posita
2465 3985 2806 4026 inonSiratur.
2858 3973 2987 4027 lliiic
3040 3974 3104 4027 ad
3163 3974 3438 4029 meridiem

1864 4065 2101 4117 succedit
2126 4064 2432 4132 Babylonia,
2467 4064 2656 4117 deinde
2683 4063 2949 4127 Chaldica,
2983 4064 3272 4119 novissime
3305 4066 3436 4117 Ara-

1865 4155 1944 4206 bia
1977 4153 2285 4206 Endazmoii.

1937 4243 2174 4305 Miletus,
2225 4244 2409 4297 civitas
2457 4243 2507 4295 in
2539 4243 2662 4297 Asia
2701 4242 2984 4307 maritima,
3025 4243 3209 4297 decem
3254 4245 3436 4300 stadzis

1863 4340 1930 4394 ab
1950 4341 2086 4394 ostio
2113 4337 2358 4392 Maeandri
2384 4336 2553 4387 anmis
2579 4345 2803 4396 secreta,
2835 4333 2920 4386 ubi
2951 4333 3144 4386 Paulus
3173 4332 3432 4400 Ephesio-

1866 4445 1980 4482 rum
2009 4429 2235 4495 majores
2263 4424 2560 4492 alloquitur.
2598 4422 2691 4476 Est
2716 4433 2770 4476 et
2796 4423 2960 4476 insula
2990 4423 3234 4492 ignobilis
3261 4427 3435 4479 nomi-

177 4505 424 4576 (ἔτρεπε,
477 4517 616 4580 quod
670 4532 784 4569 eam
827 4534 852 4568 a
887 4519 1006 4571 Tito
1052 4522 1374 4576 destructum
1430 4524 1612 4578 latiore
1651 4512 1754 4579 sitii
1789 4497 1834 4551 ο
1864 4521 1945 4572 nis
1973 4517 2233 4587 ejusdem,
2277 4517 2329 4569 in
2360 4515 2490 4568 mari
2522 4515 2690 4584 Egeo
2719 4517 2800 4568 vel
2842 4515 3005 4570 Ionio.

177 4606 589 4668 restauraverit,
623 4608 767 4661 (Elia
820 4613 1191 4679 cognominata
1245 4627 1341 4667 cei.
1389 4614 1549 4683 Cujus
1597 4633 1753 4683 opera

181 4687 382 4744 factum
406 4702 510 4757 est,
534 4705 584 4748 ut
611 4697 720 4749 loca
745 4711 948 4762 sancta,
970 4702 1018 4752 id
1043 4713 1140 4765 cst,
1169 4705 1447 4756 dominica:
1498 4706 1753 4772 passionis

179 4791 232 4832 et
264 4788 693 4849 resurrectionis.
733 4792 824 4843 sed
857 4802 909 4843 et
954 4793 1273 4847 inventionis
1302 4807 1500 4849 sancta!
1544 4797 1748 4860 Crucis,

182 4876 450 4937 quondam
483 4887 626 4930 extra
655 4880 835 4933 urbem
865 4885 1114 4948 jacentia,
1149 4901 1288 4938 nunc
1336 4886 1572 4954 ejusdem
1607 4889 1749 4942 urbis

184 4977 335 5018 inurn
367 4967 777 5036 Septeiitrionali
810 4974 1223 5031 circumdentur.

261 5149 493 5206 Iconium
522 5199 537 5222 ,
583 5161 768 5211 civitas
813 5162 1162 5215 celeberrima
1205 5163 1522 5231 Lycaoniae,
1571 5176 1624 5219 et
1669 5176 1752 5219 est

191 5242 349 5297 altera
384 5245 434 5298 in
461 5245 661 5302 Cilicia.

252 5335 438 5402 Joppe.
484 5341 730 5405 oppidum
765 5341 1057 5395 Palaestina:
1110 5345 1453 5408 inaiitiiniun,
1507 5348 1556 5399 in
1607 5347 1744 5400 tribu

194 5422 316 5492 Dan,
349 5429 434 5481 ubi
483 5430 740 5497 hodiejiie
781 5446 913 5483 saxa
963 5442 1328 5486 monstrantur
1379 5438 1426 5486 iii
1462 5437 1657 5495 littore,
1692 5437 1742 5489 in

189 5518 370 5582 quibus
402 5519 730 5573 AndrOineda
764 5521 1002 5588 religata,
1031 5523 1208 5576 Persei
1241 5524 1501 5587 quondam
1534 5526 1630 5578 viri
1664 5527 1742 5578 sui

191 5608 344 5660 ierinr
375 5609 590 5662 liberata
626 5611 784 5664 fuisse
814 5614 1086 5679 praesidio.

253 5703 416 5766 italia,
452 5704 595 5770 regio
646 5705 694 5755 iii
729 5702 890 5771 patria
927 5704 1308 5767 Romanorum,
1343 5706 1406 5757 ab
1458 5705 1584 5759 Italo
1617 5722 1738 5776 rcgc

1933 4608 2117 4676 Mysia,
2152 4608 2418 4675 provincia
2459 4609 2616 4668 Asim,
2652 4621 2790 4659 nunc
2828 4605 3000 4659 IEolis
3039 4605 3204 4658 dicta.
3262 4606 3352 4657 Est
3382 4615 3436 4659 et

1859 4698 2022 4751 altera
2072 4698 2311 4764 ejusdem
2378 4697 2607 4752 nominis
2664 4696 2810 4762 juxta
2869 4696 3065 4749 ﬂumen
3114 4695 3432 4748 Danubium.

1859 4791 2095 4856 Suntque
2141 4799 2385 4842 auctores
2448 4790 2700 4841 transisse
2748 4801 2812 4840 ex
2864 4789 3070 4854 Europa
3117 4787 3324 4847 Mosas.
3381 4797 3435 4840 et

1861 4881 2078 4947 llrygas,
2128 4889 2181 4933 et
2225 4880 2465 4948 Thynos,
2520 4894 2549 4931 a
2596 4879 2789 4946 quibus
2835 4879 3169 4946 appellantur
3215 4881 3266 4931 in
3307 4879 3430 4933 Asia

1868 4971 2018 5038 Mysi,
2053 4971 2284 5039 Phryges
2323 4980 2374 5022 et
2405 4969 2634 5037 Bithyni.

1935 5062 2202 5130 Mitylene,
2252 5060 2418 5114 insula
2467 5069 2651 5114 contra
2694 5061 2895 5124 Asiam,
2944 5077 3060 5127 quae
3109 5076 3137 5113 a
3187 5061 3432 5127 proximo

1860 5155 2164 5207 ceniineiite
2191 5154 2341 5206 abest
2369 5163 2571 5219 septem
2604 5151 2766 5206 millia
2797 5154 3118 5221 quingentos
3147 5169 3352 5219 passus.

2624 5245 2662 5297 N

1929 5338 2206 5399 Nazareth,
2253 5337 2452 5390 vicnlus
2498 5337 2546 5388 in
2592 5335 2804 5390 Galilazi
2840 5337 2986 5404 juxta
3019 5345 3249 5389 montem
3282 5337 3425 5390 ’Πιε-

1854 5433 1970 5495 bor,
2001 5431 2138 5484 unde
2165 5440 2219 5483 et
2251 5430 2503 5482 Dominus
2546 5437 2727 5482 noster
2755 5428 2913 5481 Jesus
2943 5427 3188 5481 Christus
3213 5437 3296 5482 est
3323 5429 3421 5482 Na-

1853 5537 2037 5574 χιιι-ρης
2088 5530 2323 5574 vocatus.
2381 5520 2653 5586 Ilabeiqne
2702 5521 2982 5573 ecclesiam
3045 5521 3094 5572 in
3152 5522 3268 5574 loco
3317 5537 3424 5588 quo

1851 5613 2070 5679 angelus
2100 5613 2161 5662 ad
2190 5615 2398 5663 beatam
2428 5610 2641 5664 Miriam
2673 5601 3132 5679 evangeliiaturus
3179 5621 3420 5674 intravit,

1853 5705 1943 5755 sed
1974 5713 2023 5756 et
2051 5700 2201 5756 aliam
2233 5701 2317 5754 ubi
2350 5702 2602 5756 Dominus
2631 5714 2711 5756 cst
2742 5713 2986 5756 uiitr'tus.
