3860 6230
243 342 621 356 ..Ἦ-
651 349 1460 362 M—-~._—_—_-_~
1515 358 1699 364 ’-δὴ-ἡ
1757 356 2008 364 -..κ-...η
2046 351 3378 364 ,Μ-ΜΜ-Ω-

1605 392 3371 406 _____._.___.__.___..-_..__._.______.__.___.._____...__...-._._

562 558 1055 685 SUPER
1147 563 1987 697 EPISTOLAS
2083 561 3060 690 CATHOLICAS

1453 854 2163 983 EXPOSITIO.

2037 1077 2089 1096 ῖια

518 1229 1050 1306 PROLOGUS
1107 1232 1424 1306 SUPER
1476 1229 1868 1305 SEPTEM
1930 1229 2479 1305 EPISTOLAS
2537 1234 3115 1312 CANONICAS.

1423 1477 1588 1537 (Cave,
1607 1475 1731 1524 Hist.
1755 1476 1847 1524 litt.
1871 1473 1928 1522 ad
1949 1486 2020 1523 an.
2043 1471 2182 1539 700.)

255 1695 529 1762 Jacobus,
558 1695 770 1760 Petrus,
798 1694 1044 1761 Joannes,
1073 1695 1254 1763 Judas,
1308 1706 1508 1766 septem
1556 1697 1764 1765 Episto—
1797 1699 1837 1756 A
1869 1694 1968 1748 lam
1999 1696 2244 1766 scriptam
2270 1697 2333 1751 ad
2365 1697 2586 1752 Parthos
2614 1715 2730 1754 esse
2760 1712 3032 1759 testantur.
3060 1707 3241 1762 Merito
3265 1709 3413 1766 Judte
3503 1712 3510 1720 ’

178 1785 268 1840 las
299 1787 618 1850 ediderunt,
647 1801 778 1855 quas
803 1786 1157 1840 ecclesiastica
1188 1787 1514 1841 consuetudo
1559 1786 1762 1840 Catho-

177 1876 349 1938 licas,
384 1875 491 1929 hoc
537 1886 620 1930 est
660 1877 1019 1940 universales,
1060 1876 1414 1944 cognominat.
1475 1877 1528 1930 In
1576 1875 1764 1944 quibus

181 1963 316 2018 ideo
351 1965 527 2030 prima
556 1963 780 2033 Epistola
807 1964 989 2018 Jacobi
1016 1966 1222 2032 ponitur
1242 2005 1257 2030 ,
1299 1967 1417 2033 quia
1463 1966 1575 2034 ipse
1618 1967 1765 2020 Jero-

179 2054 533 2122 selymorum
566 2058 844 2122 regendam
876 2057 1107 2123 suscepit
1147 2053 1457 2109 Ecclesiam.
1508 2056 1564 2109 In
1613 2056 1766 2110 Cata-

188 2145 324 2210 logo
353 2144 504 2196 enim
531 2142 882 2211 apostolorum
906 2144 1108 2210 priores
1136 2143 1305 2197 solent
1350 2144 1608 2197 nominari
1666 2142 1766 2196 Pe-

179 2235 304 2283 trus
339 2240 398 2285 et
434 2229 684 2285 Joannes.
741 2230 932 2283 Verum
983 2232 1097 2285 fons
1145 2239 1198 2285 et
1249 2231 1396 2300 origo
1447 2231 1764 2301 evangelica:

179 2319 590 2384 praedicationis
629 2319 882 2385 incipiens
925 2317 1095 2389 [Deest
1124 2320 1189 2372 ab
1224 2319 1614 2390 Hierosolyma]
1673 2336 1764 2388 per

185 2407 386 2461 orbem
423 2408 613 2460 ditiusa
651 2417 728 2461 est
757 2408 1076 2462 universum.
1107 2406 1269 2477 Cujus
1306 2410 1566 2462 cathedrae
1593 2410 1764 2478 digni-

180 2505 360 2548 tatem
385 2495 550 2549 etiam
573 2495 764 2549 Paulus
795 2496 1063 2562 apostolus
1091 2497 1144 2548 in
1175 2510 1238 2550 eo
1261 2496 1581 2550 nominando
1602 2511 1760 2550 vene-

185 2597 323 2637 rans
365 2584 467 2646 ait,
495 2583 744 2648 Jacobus,
776 2582 982 2652 Cepltas
1012 2594 1065 2638 et
1100 2585 1348 2653 Joannes,
1377 2588 1464 2655 qui
1507 2587 1759 2640 videban-

182 2683 273 2724 tur
303 2668 581 2726 colu'rnna:
610 2673 894 2738 Ecclesiae;
922 2675 1000 2728 vel
1032 2685 1171 2729 certe
1198 2676 1316 2744 quia
1345 2676 1458 2744 ipse
1485 2676 1761 2731 duodecim

181 2763 444 2815 tribubus
478 2761 698 2824 Israelis,
733 2778 847 2830 quae
875 2763 1056 2832 prima
1092 2766 1446 2830 crediderunt,
1469 2781 1615 2820 suam
1643 2766 1766 2834 Epi-

178 2851 388 2903 stolam
421 2851 582 2913 misit,
610 2851 794 2904 merito
815 2852 977 2918 prima
1012 2853 1132 2918 poni
1164 2854 1375 2918 debuit;
1430 2855 1614 2908 merito
1666 2855 1766 2910 Pe-
1866 2867 2108 2932 passione
2140 2865 2273 2919 hanc
2316 2867 2524 2936 scripsit
2575 2868 2881 2937 Epistolam,
2909 2888 3026 2927 cum
3077 2875 3242 2930 multo
3288 2890 3411 2935 ante

183 2939 252 2993 tri
286 2942 529 2994 secunda
560 2981 574 3004 ,
605 2941 722 3008 quia
772 2942 883 3008 ipse
938 2943 1120 2996 electis
1163 2944 1401 3010 advenis,
1434 2947 1521 3013 qui
1577 2946 1762 3002 Graece
1866 2951 2093 3008 Jacobus
2117 2954 2356 3022 migravit
2383 2957 2445 3009 ad
2470 2955 2756 3013 Christum.
2785 2959 2962 3029 Neque
2984 2977 3106 3016 vero
3132 2965 3412 3022 convettie-
3464 3010 3467 3011 ν

180 3027 450 3083 dicuntur
490 3031 760 3098 proselyti,
792 3032 888 3085 hoc
916 3039 1017 3096 est,
1043 3032 1119 3086 eis
1149 3033 1358 3100 scripsit
1385 3035 1472 3102 qui
1513 3036 1578 3089 de
1605 3036 1746 3090 Gen-
1786 3027 1830 3084 Β
1866 3042 1951 3095 bat
1979 3041 2092 3110 ejus
2117 3043 2371 3110 Epistolas
2396 3044 2460 3098 ab
2485 3047 2702 3099 invicem
2751 3027 3002 3114 separari,
3049 3067 3178 3119 quas
3225 3054 3412 3109 iisdem

190 3115 397 3170 lililale
431 3118 499 3169 ad
550 3117 896 3185 Judaismum,
937 3120 1002 3174 de
1056 3120 1324 3175 Judaismo
1371 3122 1434 3176 ad
1487 3123 1762 3180 clem-Ionis
1854 3127 2077 3200 scripsit
2107 3132 2374 3187 Ecclesiis.
2408 3133 2568 3187 Porro
2590 3135 2813 3190 Joannes
2837 3140 3000 3192 multo
3029 3115 3145 3208 post
3172 3152 3408 3212 tempore

189 3206 534 3273 evangelica:
555 3207 773 3273 gratiam
827 3211 1063 3297 conversi
1117 3220 1259 3264 sunt.
1307 3211 1490 3267 Merito
1538 3214 1762 3269 Joannis
1869 3238 1991 3275 suas
2023 3222 2281 3287 Epistolas
2305 3223 2457 3277 simul
2481 3233 2535 3278 et
2563 3225 2898 3294 Evangelium
2922 3206 3147 3298 scripsit,
3173 3233 3257 3299 qui
3281 3206 3404 3300 post

186 3293 458 3364 Epistolas
488 3297 641 3348 tertio
669 3295 783 3349 loco
812 3309 934 3350 sunt
983 3289 1164 3364 positae
1186 3341 1199 3362 ,
1254 3302 1372 3368 quia
1425 3303 1505 3356 his
1552 3306 1761 3372 scripsit
1869 3312 2182 3365 occisionem
2211 3313 2523 3366 dominicam
2565 3331 2806 3370 reversus
2829 3317 2894 3371 de
2917 3321 3102 3374 exsilio
3147 3324 3406 3378 turbatam

184 3382 307 3450 ipse
345 3385 438 3451 qui
461 3385 526 3436 de
543 3385 785 3452 gentibus
815 3387 1167 3451 crediderunt,
1192 3403 1309 3442 cum
1339 3406 1435 3444 nec
1458 3399 1639 3444 natura
1665 3408 1760 3447 nec
1869 3415 1925 3454 se
1973 3404 2189 3454 absente
2245 3415 2336 3467 per
2381 3403 2651 3459 tizereticos
2707 3408 2899 3473 reperit
2947 3408 3251 3477 Ecclesiam,
3281 3428 3412 3481 quos

183 3470 536 3537 professione
565 3473 906 3529 exstitissent.
956 3474 1188 3544 Denique
1243 3478 1390 3532 multi
1441 3480 1756 3548 scriptorutu
1871 3489 1922 3540 in
1972 3489 2081 3540 suis
2123 3487 2371 3555 Epistolis
2415 3491 2712 3558 percutiens
2732 3470 2871 3562 saepe
2903 3470 3409 3564 cognominata-nti-

181 3561 716 3623 ecclesiasticorum,
756 3564 805 3616 in
848 3565 1033 3630 quibus
1061 3575 1140 3618 est
1186 3575 1398 3621 sanctus
1447 3569 1759 3623 Athanasius
1868 3576 2114 3630 christos.
2813 3561 2817 3562 ί
2972 3561 2992 3564 —
3258 3583 3260 3585 ’

183 3649 578 3705 Alexandrina:
605 3654 791 3720 praesul
834 3654 1103 3720 Ecclesiae,
1136 3656 1352 3724 primam
1383 3659 1495 3726 ejus
1552 3659 1760 3727 Episto-

1870 1787 2035 1851 posita
2065 1794 2148 1868 est
2175 1787 2376 1848 ultima,
2409 1787 2525 1855 quia
2555 1790 2790 1854 quamvis
2819 1803 2870 1845 et
2922 1795 3032 1860 ipse
3074 1813 3290 1868 magnus
3313 1811 3415 1866 est,

1869 1872 2032 1926 tribus
2085 1885 2256 1928 tamen
2302 1879 2718 1944 prmeedentihus
2769 1885 3019 1949 apostolis
3077 1889 3246 1942 minor
3295 1903 3410 1956 est;

1866 1960 1947 2014 vel
1978 1961 2097 2030 quia
2128 1963 2288 2031 prima
2322 1963 2538 2034 [Suppte
2566 1966 2768 2037 Jacobi)
2823 1972 3013 2041 scripta
3050 1989 3128 2028 est
3155 1977 3411 2047 Epistula,

1867 2051 2056 2105 deinde
2083 2051 2246 2118 Petri,
2282 2063 2399 2122 post
2425 2071 2533 2120 eas,
2560 2055 2807 2122 Joannis;
2839 2060 2954 2116 ideo
2979 2079 3116 2117 nunc
3140 2082 3302 2134 usque
3328 2087 3413 2125 or-

1866 2141 2040 2194 dinem
2070 2157 2179 2209 quo
2225 2146 2431 2211 scriptae
2459 2155 2578 2198 sunt
2601 2149 2844 2202 retinent.
2882 2149 3253 2208 Constatenitn
3287 2162 3404 2224 quia

1865 2229 2049 2284 beatus
2099 2229 2323 2286 Jacobus
2377 2235 2640 2289 tricesimo
2689 2246 2804 2304 post
2859 2241 3151 2305 passionem
3209 2247 3412 2304 Domini

1866 2336 2007 2375 anno
2042 2337 2196 2377 suum
2227 2328 2604 2380 consummavit
2645 2330 2969 2398 martyrium.
3026 2335 3210 2390 Petrus
3254 2342 3409 2394 trice-

1865 2413 1998 2464 simo
2025 2422 2234 2476 octavo,
2261 2414 2358 2468 hoc
2403 2425 2483 2468 est
2528 2416 2712 2471 ultimo
2753 2433 2891 2473 anno
2940 2421 3177 2490 Neronis,
3228 2442 3414 2494 passus

1867 2514 1945 2558 est
1965 2543 1981 2568 ,
2006 2516 2057 2560 et
2084 2506 2196 2572 ipse
2225 2507 2274 2559 in
2305 2503 2532 2560 Secunda
2567 2523 2658 2562 sua
2690 2513 2904 2581 scripsit
2935 2513 3162 2580 Epi~t0la
3198 2535 3209 2569 :
3244 2517 3416 2575 Certus

1865 2609 1977 2645 sunt
2030 2596 2147 2662 quia
2175 2597 2318 2649 velox
2344 2598 2406 2649 sit
2435 2599 2715 2666 depositum
2739 2601 3045 2657 tabernaculi
3076 2607 3194 2668 mei,
3225 2624 3414 2662 secun-

1870 2684 1990 2736 dum
2018 2687 2151 2750 quod
2177 2698 2222 2739 et
2246 2685 2490 2742 Dominus
2518 2699 2686 2743 noster
2712 2690 2858 2746 Iesus
2907 2693 3130 2748 Christus
3155 2699 3413 2768 signiﬁca-

1865 2774 1932 2825 vit
1963 2775 2084 2826 mihi
2113 2791 2202 2842 per
2228 2777 2590 2831 reuelationem.
2619 2778 2763 2833 Unde
2791 2793 2928 2848 patet
2958 2786 3074 2850 quia
3103 2785 3409 2842 imminente

191 3790 2462 3817 Μ

2492 3807 3402 3834 —_._....._.__.__________

958 3899 1274 3974 SUPER
1335 3899 1554 3977 DIVI
1612 3900 1954 3976 JACOBI
2023 3903 2620 3979 EPISTOLAM.

707 4041 928 4098 CAPUT
976 4044 1251 4100 PRIMUM.

263 4198 499 4252 Jacobus
533 4195 621 4250 Dei
657 4209 700 4250 et
727 4198 926 4251 Domini
953 4198 1077 4253 Iesu
1104 4201 1287 4254 Christi
1331 4218 1520 4268 servus,
1564 4205 1756 4257 duode-

187 4290 287 4342 cim
322 4288 557 4340 tribubus
586 4303 696 4351 qua
724 4299 837 4341 sunt
867 4290 917 4340 in
948 4291 1254 4354 dispersione
1275 4333 1288 4355 ,
1332 4293 1560 4345 salutem.
1613 4295 1754 4347 Dixit

1867 4041 2045 4080 verum
2088 4029 2246 4081 etiam
2295 4030 2398 4083 illis
2451 4034 2559 4100 qui,
2610 4046 2853 4103 percepta
2904 4036 3005 4094 fide
3031 4042 3242 4111 Christi,
3280 4065 3405 4105 nee-

1863 4118 1986 4172 dum
2015 4119 2258 4186 operibus
2286 4120 2499 4186 perfecti
2529 4136 2643 4176 esse
2670 4126 2944 4196 curabant,
2973 4131 3108 4184 sicut
3136 4141 3403 4203 sequentia

1863 4208 2110 4277 Epistolze
2157 4217 2429 4273 testantur,
2479 4225 2575 4264 nec
2619 4228 2722 4266 non
2769 4223 2822 4268 et
2868 4217 2945 4271 eis
2971 4221 3058 4287 qui
3103 4223 3260 4277 etiam
3287 4227 3403 4282 lidci

1861 4306 2097 4350 exsortes
2143 4297 2424 4361 durabant,
2472 4301 2596 4368 quin
2643 4309 2696 4355 et
2745 4304 2909 4370 ipsam
2966 4307 3018 4359 in
3067 4311 3403 4370 credentibus

188 4380 254 4432 de
287 4379 394 4431 hoc
417 4376 616 4430 Jacobo
642 4378 909 4445 apostolus
938 4379 1126 4433 Paulus
1155 4400 1166 4432 :
1197 4380 1435 4446 Iacobus,
1467 4393 1510 4435 et
1537 4384 1754 4448 Cephas,
1786 4367 1830 4428 (ἶ
1862 4395 2115 4452 qttantum
2145 4388 2354 4441 valuere
2386 4367 2626 4457 persequi
2657 4407 2716 4445 ac
2748 4367 3053 4460 perturbare
3101 4367 3398 4460 studebaVn—t:

189 4476 235 4517 et
272 4467 534 4529 Joannes,
571 4467 658 4534 qui
696 4468 990 4519 videbantur
1015 4467 1260 4520 columna:
1289 4485 1413 4530 esse,
1446 4473 1647 4524 dextras
1672 4475 1756 4524 de-

190 4555 383 4608 derunt
424 4557 551 4608 mihi
584 4568 627 4608 et
650 4555 896 4609 Barnabas
933 4559 1201 4621 societatis,
1231 4568 1282 4611 ut
1306 4576 1396 4612 nos
1424 4562 1476 4613 in
1505 4562 1751 4629 gentibus,

191 4643 280 4696 illi
334 4655 504 4697 autem
543 4647 594 4698 in
634 4647 1007 4701 circumcisione
1059 4650 1400 4716 prmdicarcnt
1446 4650 1637 4719 (Calai.
1671 4656 1750 4719 ll).

191 4733 324 4796 Quia
353 4747 483 4798 ergo
512 4734 560 4785 in
585 4735 986 4788 circumcisione
1015 4737 1285 4790 ordinatus
1308 4749 1418 4790 erat
1446 4739 1748 4806 Apostolus,

194 4819 401 4872 curavit
429 4833 522 4870 eos
553 4819 638 4883 qui
673 4835 737 4871 ex
773 4821 1175 4877 circumcisione
1222 4834 1393 4889 erant,
1445 4828 1578 4881 sicut
1623 4843 1755 4894 prte-

193 4915 382 4958 seutes
411 4905 759 4973 colloquendo
787 4908 997 4972 docere,
1029 4912 1104 4963 sic
1152 4920 1204 4964 et
1233 4913 1474 4967 absentes
1503 4930 1596 4982 per
1628 4917 1753 4983 Epi—

194 4994 388 5046 stulam
442 4995 725 5058 consolari,
775 4996 1057 5061 instruere,
1107 5001 1418 5068 increpare,
1466 5005 1751 5073 corrigere.

198 5080 506 5143 Duodecim,
550 5081 736 5148 inquit,
775 5087 997 5140 tribubus
1038 5105 1147 5155 quae
1185 5101 1298 5143 sunt
1342 5092 1392 5142 in
1423 5093 1751 5160 dispersione,

199 5173 439 5224 salutem.
475 5170 716 5240 Legimus
766 5177 939 5228 occiso
985 5193 1014 5231 a
1041 5179 1238 5234 Judzeis
1285 5181 1438 5236 beato
1465 5184 1751 5250 Stephano,

201 5264 320 5329 quia
356 5262 492 5314 facta
525 5273 607 5316 est
649 5262 701 5316 in
746 5264 831 5316 illa
863 5266 948 5320 die
980 5274 1271 5335 persecutio
1318 5289 1501 5341 magna
1548 5275 1599 5328 in
1657 5277 1754 5330 Ec-

200 5351 363 5402 clesia
395 5364 514 5416 quze
558 5363 667 5404 erat
697 5351 1057 5421 Jerosolymis,
1087 5367 1350 5414 etomnes
1377 5362 1598 5429 dispersi
1632 5376 1753 5419 sunt

204 5453 299 5501 per
346 5440 590 5507 regiones
623 5441 814 5496 Judtezn
844 5455 897 5519 et
925 5444 1194 5512 Samarite,
1228 5462 1416 5517 praeter
1461 5457 1748 5520 apostolos.

203 5527 296 5580 llis
338 5543 467 5595 ergo
513 5531 766 5599 dispersis
836 5536 921 5602 qui
983 5543 1397 5602 persecutionem
1446 5546 1585 5611 passi
1635 5557 1756 5600 sunt

205 5625 421 5684 propter
463 5617 711 5683 justitiam
759 5625 916 5676 mittit
945 5626 1248 5690 Epistulam.
1300 5632 1403 5686 Nec
1446 5636 1616 5689 solum
1653 5637 1751 5702 his,

487 5707 747 5769 ΡΔτιιοι..
797 5715 1009 5775 XCIII.

1860 4473 1957 4536 Qui
1990 4483 2162 4526 tamen
2199 4489 2384 4528 omnes
2413 4477 2464 4527 in
2497 4477 2821 4545 dispersione
2850 4481 3057 4539 fuerunt
3086 4490 3238 4543 variis
3267 4495 3400 4547 casi-

1856 4559 1954 4612 bus
1985 4561 2151 4628 patria
2181 4562 2406 4631 profugi,
2431 4573 2485 4618 et
2515 4565 2804 4623 innumeris
2847 4572 3076 4628 cmdibus
3125 4582 3407 4635 mortibus-

1854 4663 1955 4715 que
2000 4659 2156 4718 atque
2201 4653 2484 4720 aerumnis,
2521 4656 2813 4726 ubicunque
2861 4672 3010 4717 erant
3056 4665 3120 4720 ab
3165 4669 3403 4723 hostibus

1865 4746 2053 4811 pressi,
2084 4748 2217 4801 sicut
2250 4748 2479 4802 Historia
2509 4753 2864 4808 ecclesiastica
2893 4758 3213 4813 sufficienter
3242 4777 3404 4831 expo-

1860 4835 1956 4887 nit.
1989 4837 2090 4889 Sed
2117 4838 2243 4890 etin
2273 4838 2487 4892 Actibus
2514 4843 2867 4907 apostolorum
2900 4845 3117 4912 legimus
3148 4864 3238 4904 eos
3266 4862 3398 4906 tem-

1858 4941 1984 4992 pore
2028 4927 2300 4982 dominica:
2345 4930 2605 4997 passionis
2654 4931 2804 5001 longe
2852 4935 3054 5004 lateque
3101 4939 3209 5005 jam
3243 4942 3404 4998 fuisse

1855 5014 2140 5081 dispersos,
2192 5019 2399 5072 dicente
2440 5021 2574 5074 Luca
2611 5039 2622 5070 :
2660 5021 2818 5074 Erant
2848 5037 3011 5078 autem
3050 5028 3099 5079 in
3124 5028 3406 5087 Jerusalem

1855 5102 2134 5157 habitantes
2156 5107 2345 5170 Judtzi,
2385 5109 2477 5162 viri
2520 5111 2755 5178 religiosi,
2802 5129 2863 5166 ea:
2891 5116 3027 5166 ontni
3068 5117 3269 5169 natione
3294 5135 3408 5185 quo:

1854 5195 1944 5248 sub
1972 5197 2091 5247 caelo
2121 5206 2191 5249 est
2221 5199 2357 5266 (Act.
2393 5201 2476 5269 ιι).
2526 5202 2754 5268 Quarum
2798 5206 2952 5259 etiam
2994 5208 3259 5261 nationum
3292 5211 3405 5277 plu-

1857 5285 2003 5338 rima:
2066 5288 2371 5343 nominatim
2439 5294 2828 5361 exprimuntur,
2878 5311 2993 5350 cum
3047 5299 3395 5355 subinfertur:

1861 5370 2056 5438 Parthi,
2104 5387 2150 5426 et
2175 5376 2330 5440 Medi,
2357 5387 2400 5432 et
2423 5379 2673 5445 Elantitar,
2698 5393 2741 5435 et
2763 5386 2847 5450 qui
2871 5385 3091 5442 habitant
3121 5387 3404 5457 Mesopota-

1857 5463 2029 5523 miam,
2061 5475 2163 5517 etc.
2199 5464 2407 5532 (lbid.).
2431 5468 2608 5535 Itaque
2632 5471 2802 5536 justos
2832 5476 3067 5531 hortatur
3097 5495 3161 5532 ne
3209 5482 3257 5532 in
3290 5491 3403 5537 ten-

1858 5550 2135 5605 tationibus
2181 5569 2209 5606 a
2240 5554 2340 5608 fide
2369 5556 2635 5624 deliciam,
2669 5575 2945 5630 peccantes
2975 5568 3193 5637 castigat
3226 5583 3277 5625 et
3306 5573 3399 5627 ad-

1861 5648 2039 5694 monet
2089 5653 2145 5695 ut
2191 5657 2217 5694 a
2270 5647 2499 5710 peccatis
2548 5663 2605 5704 se
2653 5652 2972 5712 contineant.
3020 5665 3072 5708 et
3121 5658 3402 5717 virtutibus

2942 5743 2966 5799 1
