3860 6230
484 380 539 435 ιι
874 370 1090 425 diluit-1".
1134 367 1569 425 VENERABILIS
1604 366 1751 421 OPP.
1806 363 1975 420 PARS
2018 365 2082 419 ll.
2124 352 2308 421 SECT.
2338 363 2378 417 l.
2404 392 2471 405 -—-
2500 361 2875 417 EXEGETICA
2914 361 3231 420 GENUINA.
3582 364 3642 419 ιι

487 494 774 563 proticiant,
823 497 888 539 ne
936 479 1260 543 infructuosi,
1316 479 1423 531 sive
1475 477 1629 530 etiam
1658 473 2002 539 damnabiies,
2037 479 2083 536 Α
2115 473 2244 527 teret
2271 472 2393 539 quia
2422 471 2742 526 desiderium
2771 486 3050 538 pauperum
3080 471 3348 526 exaudivit
3378 470 3643 527 Dominus.

482 561 549 637 ab
574 583 638 634 iis
662 578 749 644 qui
777 572 893 627 fidei
935 575 1258 624 sacramenta
1307 565 1659 634 percepissent
1707 561 2007 615 reddantur.

485 664 781 722 lneredulos
826 659 1090 720 admonet,
1122 665 1174 708 ut
1202 654 1557 723 pmttiteutiam
1585 652 1650 704 de
1678 664 1808 704 nece
1834 649 2011 704 Salva-

483 759 615 812 toris
660 752 962 818 caeterisque
1009 746 1196 816 quibus
1262 743 1662 813 implicabantur
1728 739 2011 794 sceleribus

482 850 683 912 gerant,
708 846 983 906 antequam
1014 848 1105 888 eos
1133 833 1260 886 ultio
1291 831 1520 886 cmlestis
1546 830 1627 884 vel
1658 828 2009 894 invisibiliter,

484 933 559 986 vel
588 930 743 982 etiam
769 920 1337 989 visibililer'pcrcellat.

554 1016 711 1069 Omtte
739 1012 976 1084 gaudium
1005 1010 1299 1072 existimate,
1328 1008 1505 1077 fratres
1539 1007 1654 1069 mei,
1681 1021 1790 1057 cum
1818 1005 1869 1057 in
1896 1012 2013 1058 ten-

488 1108 694 1158 tationes
742 1105 900 1154 varias
949 1096 1241 1151 incideritis.
1296 1096 1338 1148 A
1370 1093 1758 1163 periectioribus
1808 1092 2015 1147 inchoat

486 1196 720 1257 verbum,
754 1202 807 1246 ut
845 1205 937 1258 per
966 1186 1197 1241 ordinem
1238 1185 1503 1252 perveniat
1532 1184 1596 1237 ad
1644 1195 1736 1236 eos
1765 1196 1893 1250 quos
1927 1180 2013 1233 in-

490 1285 733 1337 terfectos
760 1278 969 1331 videbat
1017 1288 1131 1328 esse
1176 1272 1532 1341 corrigendos,
1561 1281 1716 1339 atque
1754 1270 1817 1324 ad
1853 1268 2017 1335 perle-

490 1371 673 1425 ctioois
718 1368 924 1420 culmen
972 1361 1261 1430 erigendae.
1313 1359 1374 1411 Et
1420 1358 1700 1410 notandum
1745 1355 1883 1426 quod
1914 1370 2015 1409 non

484 1459 555 1511 ait
580 1456 883 1523 simpliciter
909 1450 1137 1506 Gaudete
1155 1489 1168 1512 ,
1201 1448 1284 1501 vel
1311 1445 1566 1500 Gaudium
1596 1445 1892 1511 existimate,
1921 1442 2015 1498 sed

487 1547 643 1598 Omne
671 1541 885 1613 (inquit)
924 1538 1164 1608 gaudium
1190 1534 1485 1597 existimate,
1513 1548 1624 1598 cum
1649 1531 2018 1597 intentationcs

488 1634 650 1687 varias
690 1629 999 1691 incideritis;
1045 1626 1184 1678 omni
1231 1623 1417 1692 gaudio
1445 1622 1629 1691 dignos
1669 1621 2015 1686 arbitramini,

487 1723 533 1776 si
579 1734 671 1773 vos
722 1725 932 1784 propter
982 1714 1136 1768 fidem
1176 1712 1365 1790 Christi
1396 1711 1708 1766 tentationes
1756 1711 2020 1765 sustinere

2112 560 2177 615 Et
2215 562 2346 614 sicut
2375 559 2511 614 idem
2537 559 2661 614 alibi
2688 559 2813 616 dicit
2856 577 2868 612 :
2910 558 3175 614 Benedizit
3214 576 3383 615 omnes
3429 561 3645 616 timentes

2108 667 2161 703 se
2192 649 2455 713 Dominus,
2502 648 2711 719 pusillos
2757 664 2871 701 cum
2936 648 3214 719 majoribus
3257 649 3428 719 (Paul.
3478 653 3640 721 cam).

2111 738 2304 793 Verum
2333 740 2452 809 quia
2496 738 2643 792 multi
2674 739 2833 793 multa
2880 748 3065 807 petunt
3104 753 3132 790 a
3163 737 3407 803 Domino,
3437 740 3527 808 qui
3578 751 3647 793 ta-

2111 828 2232 882 men
2274 828 2515 893 accipere
2564 841 2668 880 non
2715 837 2999 891 merentur,
3029 827 3175 881 addit
3220 827 3444 897 qualter
3470 837 3643 898 petere

2071 953 2079 961 ι
2110 913 2334 970 debeant
2359 915 2405 969 si
2435 915 2714 983 impetrare
2739 915 3063 971 desiderant.

2185 1002 2417 1057 Postulat
2442 1014 2606 1058 autem
2636 1005 2686 1056 in
2716 1003 2815 1071 ﬁde
2838 1004 2963 1057 nihil
2990 1003 3248 1059 haesitans.
3281 1004 3336 1060 Id
3364 1014 3464 1070 est,
3496 1006 3643 1061 talem

2110 1107 2168 1149 se
2196 1093 2440 1148 exhibeat
2468 1094 2600 1148 bene
2625 1094 2869 1157 virendo,
2897 1102 2953 1147 ut
2970 1092 3152 1161 dignus
3177 1096 3245 1147 sit
3269 1093 3503 1149 exaudiri
3530 1094 3644 1150 dum

2114 1185 2355 1252 postulat.
2402 1183 2499 1249 Qui
2538 1184 2678 1238 enim
2711 1184 2947 1237 meminit
2992 1196 3060 1254 se,
3081 1170 3283 1239 Domini
3308 1199 3411 1239 non
3439 1184 3639 1240 obtem-

2116 1287 2331 1339 perasse
2380 1272 2674 1341 praeceptis,
2722 1272 3195 1341 merito'desperat
3225 1272 3499 1327 Dominum
3540 1274 3641 1328 suis

2126 1362 2399 1417 intendere
2425 1363 2685 1430 precibus.
2710 1361 2972 1430 Scriptum
3002 1372 3080 1415 est
3108 1361 3248 1416 ettim
3279 1378 3292 1414 :
3328 1362 3428 1427 Qui
3451 1363 3640 1416 obturet

2121 1468 2293 1504 aurem
2322 1467 2467 1504 suam
2493 1467 2554 1504 ne
2579 1451 2755 1503 audiat
2785 1450 2961 1520 legem,
2993 1454 3149 1503 oratis
3170 1452 3281 1522 ejus
3307 1452 3403 1505 erit
3427 1466 3639 1505 exsecra-

2114 1542 2226 1594 bilis
2258 1530 2435 1610 (Prov.
2472 1556 2499 1592 ι
2512 1538 2689 1608 xvttt).
3556 1598 3568 1611 ,

2187 1626 2286 1690 Qui
2325 1627 2453 1680 enim
2490 1627 2705 1689 Ita‘sitat,
2749 1625 2925 1680 similis
2965 1636 3035 1679 est
3073 1628 3255 1696 ﬂuctui
3298 1628 3451 1680 nmis
3494 1630 3579 1696 qui
3616 1643 3644 1680 a

2115 1724 2254 1769 vento
2282 1724 2504 1767 movetur
2531 1722 2576 1768 et
2604 1715 2976 1786 circumfertur.
3008 1715 3103 1781 Qui
3135 1715 3413 1771 mordente
3438 1730 3496 1772 se
3522 1730 3643 1772 cono

485 1806 762 1874 contingat.
796 1802 918 1856 ch
944 1811 1014 1855 est
1037 1801 1221 1871 gratia,
1251 1800 1293 1853 si
1322 1810 1524 1870 propter
1552 1798 1901 1852 conscientiam
1924 1796 2018 1851 Dei
2051 1815 2090 1872 Β
2118 1802 2333 1857 scientia
2376 1803 2573 1871 peccati
2612 1801 2819 1857 [imitat
2855 1802 2923 1856 de
2963 1804 3297 1872 perceptione
3326 1805 3641 1883 prmmiorum

486 1895 687 1948 sustinet
709 1894 817 1962 quis
838 1891 1027 1960 patiens
1054 1891 1257 1958 injuste,
1286 1896 1345 1942 ut
1373 1888 1554 1942 Petrus
1580 1888 1651 1942 ait
1678 1884 1732 1959 (Ι
1763 1886 1901 1941 Pctr.
1932 1888 2011 1959 ιι).

489 1984 553 2036 Et
579 1980 909 2049 (oapostolus
934 1980 1044 2047 ejus
1075 1978 1263 2032 Paulus
1292 1995 1305 2030 :
1338 1976 1457 2030 Non
1482 1986 1597 2029 sunt
1621 1975 1881 2047 condigna
1898 1991 2017 2046 pas-

485 2073 644 2125 siones
676 2069 825 2134 huius
855 2065 1086 2135 temporis
1130 2065 1195 2116 ad
1220 2072 1625 2131 superventuram
1650 2063 1883 2132 gloriam,
1910 2076 2019 2130 qua:

488 2160 783 2215 revelabitur
811 2158 862 2209 in
891 2154 1047 2208 nobis.
1070 2152 1135 2205 Et
1156 2152 1378 2222 Apostoli
1398 2167 1565 2205 omnes
1589 2152 1725 2204 ibant
1747 2150 2017 2219 gaudentes

494 2260 523 2303 tt
551 2255 815 2315 conspectu
856 2244 1074 2305 concilii,
1118 2242 1350 2311 quoniam
1397 2240 1533 2308 digni
1576 2239 1730 2292 habiti
1769 2247 1887 2291 sunt
1925 2254 2017 2308 pro

496 2336 690 2386 nomine
718 2333 841 2385 Jesu
888 2329 1236 2384 contumeliam
1259 2331 1383 2398 pati.
1426 2327 1537 2381 Non
1567 2341 1690 2397 ergo
1719 2326 2016 2383 contristari

488 2420 738 2474 debemus
781 2419 823 2472 si
874 2417 1080 2482 tentati,
1107 2417 1200 2471 sed
1228 2417 1271 2470 si
1314 2430 1345 2468 a
1374 2415 1740 2470 tentationibus
1783 2414 2014 2483 superati

488 2510 758 2563 fuerimus.

554 2618 775 2673 Srientes
805 2616 937 2679 quod
975 2613 1196 2681 probatio
1234 2611 1352 2675 ﬁdei
1378 2619 1547 2666 vestrae
1572 2612 1867 2677 patientiam
1896 2625 2012 2678 ope-

491 2715 651 2757 ratur.
681 2704 932 2758 Patientia
958 2712 1121 2756 autem
1149 2717 1272 2771 opus
1301 2700 1573 2770 perfectum
1604 2700 1799 2763 habeat,
1831 2709 1884 2753 ut
1910 2702 2017 2754 sitis

488 2793 686 2861 perfecti
725 2802 769 2844 et
806 2790 1002 2859 integri,
1036 2790 1089 2842 in
1119 2788 1257 2842 nullo
1291 2788 1593 2858 deﬁcientes.
1642 2789 1764 2844 Ideo
1802 2789 2013 2861 (inquit)

492 2881 721 2936 adversis
751 2879 1041 2948 teutamini,
1089 2887 1143 2933 ut
1185 2879 1445 2949 virtutem
1476 2879 1737 2948 patientiae
1781 2879 2015 2949 discatis,

495 2979 549 3023 et
576 2985 667 3038 per
699 2971 832 3024 hanc
866 2968 1138 3023 ostendere
1164 2969 1370 3037 possitis
1414 2983 1476 3021 ac
1505 2969 1723 3037 probare
1751 2968 1891 3039 quod
1932 2970 2019 3023 flr-

492 3072 626 3111 mam
676 3057 829 3109 iidem
881 3056 1064 3110 futuras
1111 3056 1462 3111 retributionis
1513 3057 1563 3111 in
1594 3059 1750 3113 corde
1781 3059 2014 3129 gestetis.

2119 1894 2436 1959 cmlestium,
2486 1892 2635 1947 facile
2662 1892 2728 1947 ad
2758 1893 3036 1961 impulsum
3069 1894 3415 1949 tentationum
3463 1903 3644 1950 statuat

2103 1981 2236 2049 ﬁdei
2267 1983 2483 2048 deserit,
2512 1996 2611 2052 qua
2658 1982 2708 2036 ia
2740 1982 3112 2051 tranquillitate
3141 1982 3250 2038 Deo
3285 1984 3485 2041 servire
3507 1984 3644 2039 vide-

2117 2072 2288 2138 batur,
2322 2082 2377 2126 et
2404 2071 2468 2124 ad
2515 2070 2721 2124 libitum
2751 2070 2918 2126 hostis
2965 2059 3261 2135 invisibilis,
3293 2072 3444 2142 quasi
3468 2072 3530 2129 ad
3557 2072 3646 2127 da-

2118 2170 2227 2215 tum
2262 2161 2427 2226 venti,
2458 2173 2551 2229 per
2575 2160 2818 2216 diversos
2845 2161 3088 2214 vitiorum
3146 2171 3385 2230 raptatur
3430 2176 3642 2216 errores.

2191 2249 2281 2303 Vir
2325 2251 2515 2317 duplici
2562 2251 2733 2306 animo
2781 2252 3071 2305 inconstans
3110 2261 3183 2306 est
3219 2253 3272 2305 in
3310 2252 3536 2306 omnibus
3562 2254 3646 2307 riis

2116 2342 2241 2396 suis.
2278 2341 2331 2395 ln
2366 2339 2604 2395 omnibus
2631 2342 2747 2405 viis,
2779 2341 2833 2395 in
2863 2340 3098 2396 adversis
3132 2352 3186 2396 et
3212 2345 3476 2411 prosperis
3512 2342 3643 2395 dicit.

2118 2428 2209 2482 Vir
2237 2440 2410 2484 autem
2450 2428 2640 2496 duplex
2679 2437 2757 2483 est
2801 2429 2996 2493 animo,
3025 2428 3111 2498 qui
3150 2440 3203 2485 et
3232 2431 3298 2484 ad
3329 2430 3634 2500 precandum

2116 2517 2395 2571 Dominum
2440 2517 2761 2589 genuﬂectit,
2799 2525 2852 2573 et
2898 2532 3053 2574 voces
3094 2521 3415 2587 precatorias
3448 2520 3644 2583 emittit,

2114 2615 2167 2661 et
2196 2616 2366 2661 tamen
2416 2614 2695 2661 accusante
2735 2620 2795 2661 se
2822 2606 2961 2662 intus
3008 2608 3331 2662 conscientia
3377 2608 3646 2677 impetrare

2117 2707 2269 2763 posse
2296 2693 2506 2747 difﬁdit.
2558 2693 2649 2748 Vir
2676 2704 2755 2748 est
2788 2693 2976 2763 duplex
3019 2696 3211 2760 animo,
3239 2697 3325 2765 qui
3358 2707 3407 2751 et
3438 2696 3519 2751 hic
3544 2698 3648 2752 vult

2115 2781 2344 2851 gaudere
2391 2796 2508 2836 cum
2559 2782 2755 2837 smculo
2785 2820 2801 2847 ,
2848 2791 2901 2836 ct
2945 2783 3052 2837 illic
3097 2798 3313 2851 regnare
3361 2800 3479 2839 cum
3527 2785 3641 2839 Deo.

2118 2870 2242 2926 ltcm
2286 2872 2363 2925 vir
2389 2872 2576 2940 duplex
2616 2883 2698 2927 est
2736 2873 2947 2939 animo,
2991 2874 3077 2943 qui
3120 2875 3173 2929 in
3204 2876 3354 2930 bonis
3382 2890 3498 2945 qua
3526 2876 3641 2929 facit

2118 2977 2220 3015 non
2269 2962 2662 3017 retributionem
2713 2962 2951 3029 interius,
2999 2965 3091 3019 sed
3141 2964 3375 3019 favorem
3422 2966 3643 3018 exterius

2115 3050 2325 3119 quierit.
2359 3051 2509 3107 Unde
2539 3052 2671 3108 bene
2702 3067 2797 3121 pe:
2821 3054 3094 3122 quemdam
3126 3056 3411 3121 sapientem
3440 3054 3637 3109 dicitur:

494 3145 669 3214 Neque
694 3145 812 3200 huic
838 3146 951 3200 loco
980 3147 1297 3201 contrarium
1314 3146 1478 3201 debet
1505 3149 1695 3216 putari,
1729 3148 1820 3203 sed
1847 3149 2018 3217 potius
2044 3130 2089 3192 (ἶ
2128 3140 2218 3194 Va?
2239 3143 2485 3209 Pecmlori
2507 3151 2685 3194 terram
2712 3141 3008 3211 ἱηθτεάὲεηιὶ
3033 3142 3224 3195 duabus
3252 3144 3341 3195 υἱὶι
3367 3142 3543 3214 (ετειί.
3570 3144 3643 3214 ιι).

491 3252 773 3291 consonum
837 3238 1075 3305 intelligi,
1137 3237 1273 3305 quod
1332 3237 1521 3291 Paulus
1585 3239 1851 3306 apostolus
1911 3241 2014 3293 ait:

493 3325 711 3380 Scientes
732 3326 864 3399 quod
890 3326 1146 3378 tribulatio
1175 3326 1462 3393 patientiam
1491 3337 1744 3395 aperatur,
1772 3328 2015 3395 patientia

488 3426 651 3469 autem
680 3414 1011 3483 probationem
1051 3415 1223 3482 (Rom.
1258 3415 1331 3485 v).
1376 3414 1633 3469 Patientia
1660 3417 1797 3469 enim
1826 3416 2015 3484 proba-

496 3507 692 3560 tionem
724 3502 985 3572 operatur,
1018 3505 1134 3573 quia
1164 3503 1313 3573 cujus
1342 3504 1588 3574 patientia
1614 3504 1746 3558 vinci
1792 3518 1892 3558 non
1924 3518 2017 3573 po-

496 3605 614 3662 test,
648 3598 730 3650 ille
763 3594 1017 3663 perlectus
1066 3608 1183 3649 esse
1212 3594 1476 3663 probatur.
1524 3593 1671 3659 Quod
1702 3593 1785 3646 bie
1813 3607 2017 3662 quoque

491 3686 864 3751 subsequenter
888 3685 1153 3748 edocetur,
1182 3698 1296 3737 cum
1326 3683 1512 3736 dicitur
1540 3700 1551 3734 :
1580 3682 1829 3734 Patientia
1856 3692 2017 3734 autem

500 3788 622 3838 opus
661 3776 928 3839 perfectum
965 3772 1127 3824 habet.
1158 3771 1222 3824 Et
1247 3785 1449 3823 rursum
1491 3788 1503 3822 :
1535 3768 1772 3821 Probatio
1799 3770 1916 3836 ﬁdei
1940 3785 2017 3823 re-

491 3868 608 3912 strtz
637 3859 922 3926 patientiam
954 3867 1200 3926 operatur.
1246 3858 1376 3922 Quia
1410 3857 1494 3910 illa
1527 3857 1658 3909 ratio
1688 3856 1811 3909 facit
1838 3857 2017 3909 fideles

497 3962 585 4012 per
634 3946 931 4013 patientiam
980 3944 1227 4008 exerceri,
1284 3954 1338 3995 ut
1387 3960 1478 4012 per
1508 3945 1640 3995 hanc
1680 3943 1807 3997 fides
1839 3958 2015 3997 eorum

495 4049 644 4101 quam
677 4037 745 4085 sit
771 4034 995 4098 perfecta
1026 4030 1288 4100 probetur.

566 4144 625 4195 Si
667 4146 774 4210 quis
820 4150 982 4193 autem
1025 4150 1232 4193 oestrum
1278 4140 1462 4208 indiget
1502 4141 1764 4209 sapientia,
1807 4134 2017 4208 postulet

503 4246 531 4278 tt
561 4229 684 4288 Deo,
709 4229 791 4295 qui
816 4228 899 4280 dat
925 4228 1147 4280 omnibus
1173 4228 1438 4298 afﬂuenter,
1480 4238 1526 4280 et
1564 4244 1663 4280 non
1692 4228 2011 4296 improperat,

497 4330 540 4369 et
580 4318 776 4370 tlal'itur
820 4318 885 4370 ei.
937 4317 1118 4369 Omnis
1162 4316 1367 4383 quidem
1414 4316 1664 4383 sapientia
1712 4318 1955 4369 salutaris
1986 4332 2013 4368 ιι

507 4406 720 4456 Domino
766 4403 1069 4472 postulanda
1115 4411 1217 4466 cst,
1246 4405 1361 4469 quia
1394 4402 1526 4455 sicut
1553 4402 1630 4455 vir
1671 4402 1877 4468 sapiens
1903 4404 2006 4455 ait:

505 4491 681 4544 Omnis
727 4492 967 4560 sapientia
1010 4509 1041 4544 α
1078 4491 1291 4543 Domino
1337 4489 1436 4543 Deo
1464 4501 1552 4557 est,
1588 4501 1632 4543 et
1676 4507 1787 4543 cum
1812 4493 1899 4545 illo
1929 4493 2019 4559 [uit

498 4598 689 4649 semper
732 4579 911 4649 (Eccli.
946 4582 1002 4648 t).
1053 4579 1225 4647 Neque
1272 4580 1455 4646 aliquis
1504 4594 1594 4648 per
1622 4580 1836 4634 liberum
1885 4580 2021 4632 arbi-

502 4670 656 4723 trium
700 4671 815 4723 sine
862 4668 1116 4735 adjutorio
1159 4669 1337 4735 gratia:
1384 4669 1590 4732 divinm,
1622 4670 1856 4734 quamvis
1885 4668 2024 4720 Pela-

502 4758 637 4825 giani
694 4756 905 4809 multum
960 4754 1309 4819 contendant,
1392 4756 1681 4823 intelligere
1733 4769 1795 4809 ac
1841 4770 2022 4822 sapere

504 4850 653 4900 valet.
705 4845 806 4901 Sed
854 4845 936 4898 hic
979 4844 1275 4913 specialiter
1299 4847 1363 4897 de
1404 4843 1486 4897 illa
1526 4844 1777 4912 sapientia
1807 4845 1904 4898 dici
1939 4845 2015 4897 vi-

507 4938 674 5000 detur,
726 4950 821 5002 qua
872 4949 964 4988 nos
1012 4936 1060 4987 in
1114 4934 1481 4987 tentationibus
1527 4936 1599 4986 uti
1663 4948 1876 4987 necesse
1921 4944 2021 4987 est.

503 5026 556 5079 Si
587 5025 699 5092 quis
726 5023 932 5093 (inquit)
963 5034 1183 5077 vestrum
1217 5037 1319 5075 non
1352 5032 1520 5089 potest
1568 5022 1853 5089 intelligere
1884 5024 2019 5075 utili-

507 5121 662 5165 tatem
692 5109 1025 5164 tentationum
1052 5123 1163 5176 qua:
1192 5106 1425 5160 ﬁdelibus
1452 5106 1700 5173 probandi
1724 5121 1875 5159 causa
1906 5121 2025 5161 eve-
2066 5172 2071 5176 .

507 5202 667 5264 nium,
700 5197 921 5265 postulet
947 5210 976 5247 a
1004 5194 1106 5247 Deo
1132 5194 1284 5260 tribui
1315 5194 1417 5245 sibi
1444 5207 1678 5257 sensum,
1712 5202 1814 5260 quo
1843 5194 2024 5262 digno-

505 5299 648 5337 scere
695 5286 855 5336 valeat
902 5290 1086 5350 quanta
1151 5280 1338 5345 pietate
1394 5281 1542 5333 Pater
1574 5283 1805 5346 (castigat
1853 5283 2019 5342 filios,

505 5385 634 5440 quos
682 5380 867 5421 :etcrua
915 5367 1216 5421 bmreditate
1262 5365 1445 5432 dignos
1498 5366 1705 5419 eflicerc
1751 5376 1917 5419 curat.
1962 5369 2026 5419 Et

506 5459 738 5513 (“OltSUilC
764 5458 834 5509 ait
863 5474 873 5506 :
909 5457 1005 5519 Qui
1032 5458 1117 5507 dat
1163 5454 1386 5506 omnibus
1432 5455 1681 5522 afﬂuenter
1703 5496 1717 5518 ,
1771 5470 1835 5509 ne
1888 5457 2023 5522 quis,

516 5550 789 5608 videlicet,
843 5559 949 5597 sua:
995 5545 1233 5595 conscius
1304 5543 1630 5609 fragilitatis,
1680 5544 1918 5610 accipere
1967 5561 2024 5597 se

514 5644 767 5704 petentem
800 5646 949 5700 posse
977 5628 1255 5695 diffideret,
1302 5629 1389 5681 sed
1423 5630 1588 5695 potius
1616 5629 1831 5697 quisque
1878 5644 2024 5683 reco-

2121 3231 2329 3286 Duabus
2393 3232 2585 3301 quippe
2649 3232 2743 3285 viis
2794 3244 3036 3299 peccator
3090 3241 3278 3288 terram
3348 3235 3641 3303 ingreditur,

2121 3321 2329 3389 quando
2371 3330 2425 3375 et
2472 3321 2563 3374 Dei
2607 3330 2688 3376 est
2733 3323 2868 3391 quod
2923 3338 3084 3390 opere
3126 3324 3369 3390 exhibet,
3398 3334 3449 3380 et
3476 3328 3644 3379 mundi

2122 3407 2261 3474 quod
2312 3422 2403 3478 per
2448 3410 2814 3480 cogitationem
2859 3414 3066 3480 quaerit.
3114 3414 3310 3468 Omnes
3349 3426 3515 3471 autem
3560 3417 3641 3469 isti

2125 3497 2475 3553 inconstantes
2504 3509 2623 3554 sunt
2649 3501 2699 3554 in
2729 3502 2968 3555 omnibus
2992 3502 3087 3555 viis
3113 3502 3238 3567 suis,
3266 3504 3385 3571 quia
3416 3504 3646 3559 facillime

2121 3597 2172 3640 et
2199 3586 2430 3642 adversis
2455 3590 2633 3643 surculi
2662 3589 3017 3654 deterrentur,
3042 3602 3095 3646 et
3117 3594 3382 3660 prosperis
3410 3596 3643 3663 irretiuo-

2122 3684 2225 3738 tur,
2252 3683 2308 3727 ut
2333 3689 2363 3727 a
2391 3676 2627 3731 veritatis
2655 3676 2737 3731 via
2768 3678 3053 3732 divertant.

2191 3764 2445 3817 Gloriatur
2481 3776 2646 3818 autem
2691 3768 2845 3835 frater
2878 3767 3079 3821 humilis
3131 3769 3183 3821 in
3221 3770 3517 3824 exultatione
3552 3776 3642 3824 sui.

2125 3854 2265 3920 ideo,
2312 3853 2497 3924 inquit,
2526 3870 2681 3909 omne
2728 3858 2969 3925 gaudium
2996 3872 3090 3910 vos
3117 3851 3414 3914 existimare
3455 3868 3647 3926 oportet

2121 3954 2235 3993 cunt
2267 3941 2317 3993 in
2342 3943 2650 3995 tentationes
2676 3942 2843 3997 varias
2890 3944 3195 4007 incideritis,
3224 3947 3344 4013 quia
3372 3950 3536 4000 omnis
3560 3948 3644 4014 qui

2119 4028 2335 4083 adversa
2387 4029 2650 4082 humiliter
2682 4045 2776 4097 pro
2807 4031 3029 4086 Domino
3076 4033 3277 4102 suﬂ‘ert,
3307 4036 3539 4089 sublimia
3586 4038 3646 4090 ab

2121 4122 2209 4175 illo
2236 4122 2377 4189 regni
2409 4123 2616 4190 prmmia
2646 4122 2913 4189 percipiet.

2190 4205 2336 4260 Dives
2367 4218 2529 4259 autem
2555 4210 2605 4259 in
2634 4208 2911 4260 humilitate
2950 4226 3063 4263 sua.
3096 4210 3416 4265 Subauditur
3442 4229 3469 4264 ει
3496 4229 3642 4281 sup-~-

2126 4293 2265 4346 riore
2314 4309 2471 4347 versu
2521 4295 2781 4364 glorietur.
2832 4295 2979 4360 Quod
3028 4288 3121 4365 per
3171 4299 3502 4364 irrisionem,
3538 4318 3645 4370 qua:

2128 4377 2309 4432 Graece
2360 4380 2525 4433 ironia
2553 4394 2785 4447 vocatur,
2816 4383 3008 4436 dictum
3038 4399 3154 4441 esse
3181 4399 3404 4443 constat.
3446 4390 3536 4454 Ita,
3566 4392 3644 4441 in-

2121 4471 2250 4537 quit,
2280 4469 2495 4535 gloriam
2527 4483 2675 4522 suam
2703 4484 2801 4538 qua
2831 4469 3025 4525 divitiis
3054 4474 3287 4539 superbit
3314 4483 3369 4529 et
3400 4492 3642 4543 pauperes

2123 4556 2363 4622 deSpicit,
2412 4566 2501 4608 aut
2529 4558 2682 4609 etiam
2713 4560 2994 4626 opprimit,
3026 4558 3302 4616 ﬁniendam
3331 4580 3447 4620 esse
3478 4568 3645 4619 meriti-

2125 4646 2281 4705 nerit,
2314 4651 2371 4694 ιιι
2400 4644 2716 4695 humilitatus
2768 4646 2817 4697 in
2866 4658 3115 4699 aeternum
3152 4661 3329 4715 pereat
3371 4666 3490 4705 cum
3529 4668 3644 4721 pur-

2125 4740 2305 4799 purato
2334 4731 2421 4783 illo
2449 4732 2610 4786 divite
2640 4732 2723 4801 qui
2754 4732 2997 4786 Lazarum
3025 4737 3264 4803 despexit
3290 4750 3545 4807 egentem.

2197 4838 2447 4902 Quoniam
2492 4840 2618 4892 sicut
2647 4843 2743 4907 ﬂos
2769 4843 2869 4906 feni
2900 4844 3145 4897 transibit.
3176 4846 3214 4899 F
3222 4846 3298 4900 los
3323 4848 3427 4902 feni
3449 4861 3498 4904 et
3524 4851 3645 4902 ode.

2129 4936 2296 4979 ratum
2341 4927 2584 4991 delectat,
2616 4939 2667 4982 et
2695 4932 2885 4992 visum,
2931 4932 3023 4985 sed
3052 4934 3381 4988 velocissime
3435 4940 3642 5005 gratiam

2129 5026 2237 5063 sua:
2285 5015 2572 5068 venustatis
2618 5021 2672 5068 et
2717 5019 2986 5087 suavitatis
3031 5019 3240 5074 amittit.
3289 5022 3508 5091 ldquue
3535 5027 3644 5079 huic

2129 5102 2417 5155 rectissime
2467 5118 2696 5169 praesens
2747 5104 3019 5171 impiorum
3070 5109 3289 5164 felicitas
3317 5114 3644 5177 assimilatur,

2129 5204 2245 5256 qua:
2272 5190 2508 5243 diuturna
2538 5206 2653 5246 esse
2682 5195 2979 5247 nullatenus
3008 5198 3163 5251 valet.
3294 5190 3297 5191 ν

2201 5277 2416 5331 Exortus
2460 5291 2527 5333 est
2561 5283 2687 5333 enim
2712 5285 2785 5349 sol
2809 5300 2920 5334 cum
2943 5287 3141 5351 ardore,
3168 5300 3212 5341 et
3235 5294 3434 5359 are/ecit
3460 5296 3643 5359 fenum.

2125 5377 2170 5419 et
2203 5369 2297 5434 ﬂos
2324 5370 2433 5435 eius
2472 5371 2674 5425 decidit.
2705 5372 2957 5428 Ardorem
3004 5377 3131 5430 solis
3176 5380 3484 5434 sententiam
3524 5383 3642 5433 dicit

2126 5455 2343 5508 districti
2385 5456 2606 5524 judicis,
2654 5474 2752 5527 qua
2799 5463 3138 5528 reproborum
3194 5468 3351 5520 decor
3388 5480 3637 5537 tempora-

2128 5542 2189 5595 lis
2242 5544 2291 5594 in
2340 5544 2438 5598 fine
2480 5548 2824 5600 consumitur.
2897 5548 3107 5603 Florent
3151 5563 3322 5605 autem
3374 5565 3425 5608 et
3476 5560 3639 5620 electi.

2128 5643 2227 5682 non
2261 5642 2429 5686 autem
2459 5645 2509 5686 ιιι
2542 5634 2733 5687 fenum.
2764 5635 2939 5689 Justus
2965 5639 3103 5692 enim
3149 5650 3200 5690 ut
3244 5643 3409 5707 palma
3455 5648 3641 5712 ﬁorcbit
