3860 6230
193 381 244 435 13
730 376 964 434 εχιιοδ.
1007 374 1154 434 ευρ.
1199 375 1567 434 ειτιδτοωδ
1627 372 1711 429 CA

1816 371 1913 428 DL.
1953 399 2019 412 —-
2057 371 2120 425 υ.
2161 367 2387 424 «ΙΑΟΟΒΙ
2429 365 2777 424 ειδιετοω.
3076 418 3085 426 .
3281 371 3348 425 Η

188 497 283 561 μ’..
319 494 451 562 sci).
489 494 704 549 Floreat
751 492 926 561 injuin
960 492 1331 561 temporaliter,
1355 507 1440 558 qui
1469 501 1710 562 tanquam
1742 495 1784 549 Α
1816 504 2072 555 errorem,
2102 504 2188 556 qm
2235 489 2372 542 sicut
2402 487 2563 540 bonas
2608 487 2949 554 cogitationes
2990 501 3019 539 a
3049 486 3153 541 Deo
3197 493 3345 543 nobis

187 585 347 640 fenum
388 582 633 636 velociter
680 591 923 636 arescent
947 621 965 646 ,
994 593 1048 635 et
1086 581 1521 649 quemadmodum
1568 581 1711 633 olera

186 673 446 729 herbarum
475 672 583 727 cito
610 673 821 726 cadent.
856 673 1072 728 Floreat
1112 673 1238 740 justi
1266 683 1512 742 tanquam
1558 674 1712 726 arbo-

187 779 275 828 res,
308 765 431 831 quia
461 764 559 816 llos
584 776 795 823 eorum,
824 760 979 826 idest
1023 775 1145 829 spes
1169 759 1458 814 certissima
1506 774 1710 824 eorum,

185 851 395 906 fructum
433 859 705 920 exspectat
734 864 1038 918 perennem.
1073 848 1238 902 Radix
1269 863 1494 918 quoque,
1526 847 1578 901 id
1608 857 1710 909 est,

186 943 421 1005 charitas,
453 957 634 996 eorum
675 941 774 993 lixa
818 949 875 993 et
917 937 1202 991 immobilis
1239 947 1530 1004 permanet.
1582 937 1712 990 lliuc

186 1033 364 1098 etenim
410 1033 491 1083 vir
528 1027 735 1098 sapiens
772 1029 887 1082 ait:
925 1027 1032 1098 ligo
1074 1028 1215 1096 quasi
1261 1028 1370 1080 citis
1415 1014 1715 1092 fructiﬁcari

183 1121 461 1173 suavitatem
490 1119 660 1172 odoris
689 1115 879 1190 (Eccli.
916 1116 1098 1184 μιν).
1148 1117 1378 1185 Denique
1405 1115 1607 1170 Naboth
1637 1117 1716 1170 vir

182 1210 341 1279 justus
371 1210 502 1262 n.ori
533 1208 735 1272 maluit,
768 1224 921 1275 quam
949 1209 1151 1261 vineam
1183 1217 1387 1274 patrum
1415 1221 1628 1261 suorum
1657 1204 1711 1257 in

185 1302 379 1353 hortum
443 1303 643 1355 olerum
673 1297 974 1354 transferre.
1028 1298 1242 1352 Vincam
1272 1298 1460 1365 quippe
1505 1289 1729 1364 patrum

182 1389 228 1446 in
258 1392 464 1444 hortum
511 1390 710 1444 olerum
763 1397 1116 1444 transmittare
1142 1396 1252 1451 est,
1285 1386 1434 1440 fortia
1468 1388 1713 1439 virtutum

181 1496 361 1547 opera,
420 1495 536 1548 qua;
599 1496 666 1535 es
757 1490 964 1546 patrum
1050 1481 1287 1535 doctrina
1355 1481 1711 1549 percepimus,

183 1567 336 1636 fragili
367 1568 612 1621 vitiorum
641 1557 1026 1623 delectamento
1055 1571 1349 1623 immutare.
1379 1568 1512 1643 Justi
1541 1579 1711 1623 autem

186 1658 404 1710 animam
454 1673 686 1725 ponere,
735 1673 892 1728 quam
945 1658 1212 1712 terrestria
1261 1672 1357 1728 pro
1407 1658 1713 1712 caelestibus

188 1749 314 1801 bona
358 1749 576 1819 eligere,
606 1750 827 1805 malunt.
874 1750 1024 1805 Unde
1071 1765 1205 1818 pene
1251 1750 1315 1804 de
1345 1750 1449 1805 illis
1479 1751 1712 1818 psallitur

1809 585 2015 632 constat
2068 577 2334 643 inspirari,
2386 577 2454 630 ita
2497 577 2656 630 etiam
2703 575 2868 631 malas
2913 578 3026 645 ipso
3075 578 3353 649 instigante

1813 676 1992 735 putant
2030 677 2207 721 nostra
2248 667 2298 720 iu
2339 675 2516 720 mente
2556 668 2813 735 generari.
2857 665 3020 723 Nemo
3046 683 3194 741 ergo,
3234 688 3352 727 cum

1813 765 2062 822 tentatur,
2102 757 2241 811 dicat
2282 756 2526 826 quoniam
2570 772 2600 810 a
2631 755 2739 811 Deo
2767 767 3018 823 ten‘atur,
3049 759 3136 812 illa
3167 760 3355 815 videli-

1811 854 1895 899 cet
1925 846 2210 900 tentatione
2255 861 2354 914 qua
2400 847 2534 898 diues
2586 844 2834 900 incedens
2862 847 2914 900 in
2957 848 3212 901 itincribus
3247 851 3357 904 suis

1813 936 2088 988 marcescit.
2142 935 2196 988 Id
2227 944 2325 999 est,
2355 949 2528 1000 nemo,
2561 949 2680 988 cum
2711 935 2968 1003 rapinam,
3014 921 3230 1001 furtum,
3262 938 3357 992 fal-

1812 1039 1927 1076 sum
1957 1024 2332 1082 testimonium.
2363 1024 2733 1092 homicidium,
2765 1035 3025 1095 stuprum,
3059 1028 3138 1082 vel
3166 1040 3353 1084 cetera

1816 1115 2105 1185 huiusmodi
2152 1115 2499 1181 commiserit,
2522 1116 2662 1170 dicat
2706 1118 2954 1183 quoniam
3003 1118 3109 1175 Dco
3137 1131 3354 1189 cogente
3382 1131 3386 1137 '

1815 1221 2032 1262 necesse
2083 1208 2322 1261 habuerit
2374 1207 2484 1262 huic
2535 1216 2760 1274 patrare,
2794 1209 3014 1279 ideoque
3062 1210 3353 1269 nullatenus

1815 1295 2002 1348 horum
2032 1296 2276 1367 effectum
2307 1295 2571 1351 declinare
2602 1298 2846 1365 potuerit.

1881 1382 2017 1437 Deus
2044 1385 2177 1437 enim
2203 1389 2474 1453 intentato_r
2504 1387 2747 1442 malorum
2775 1401 2866 1444 est.
2901 1392 3214 1448 Subauditur
3241 1405 3348 1449 ten-

1813 1482 2164 1532 iumentorum.
2213 1475 2332 1545 Ipse
2371 1477 2500 1531 enim
2524 1483 2782 1532 neminem
2810 1490 2984 1535 tentat.
3018 1483 3086 1537 Ea
3118 1484 3358 1541 videlicet

1817 1569 2104 1629 tentatioue
2132 1582 2248 1637 qum
2275 1567 2466 1637 decipit
2496 1570 2861 1624 misericordes
2886 1581 2945 1624 ut
2977 1585 3210 1639 peccent.
3253 1578 3352 1632 Duo

1814 1655 1931 1724 plex
1961 1665 2046 1711 est
2071 1658 2209 1712 enim
2231 1673 2397 1726 genus
2423 1659 2745 1714 tentationis.
2774 1660 2941 1716 Unum
2971 1664 3106 1732 quod
3133 1667 3346 1734 decipit,

1813 1744 1950 1799 aliud
1971 1747 2108 1815 quod
2136 1739 2341 1815 probat.
2363 1747 2662 1803 Secundum
2691 1751 2788 1804 hoc
2811 1754 2948 1819 quod
2973 1753 3189 1824 decipit,
3215 1755 3350 1811 Deus

181 1839 286 1906 quia
498 1849 738 1909 tanquam
775 1839 966 1909 lignum
993 1817 1128 1908 quod
1166 1842 1446 1910 plantarum
1475 1817 1544 1893 est
1568 1855 1709 1893 secus
1747 1817 1786 1874 Β
1814 1835 2056 1887 "militum
2094 1836 2320 1895 ,τεηιαοίιο
2358 1836 2657 1892 Secundum
2687 1837 2785 1893 hoc
2806 1817 2944 1908 quod
2971 1817 3184 1910 probat,
3213 1843 3347 1898 Deus

182 1927 404 1981 decursus
431 1943 698 1997 aquarum,
722 1931 858 1998 quod
888 1933 1120 1998 fructum.
1151 1945 1298 1983 suum
1325 1929 1462 1983 dabit
1509 1929 1559 1981 in
1587 1940 1710 1983 tem-

183 2033 292 2082 pore
317 2034 410 2071 suo
432 2017 695 2087 (PMLI),
723 2029 778 2072 et
803 2029 1013 2072 czctera.
1041 2023 1109 2072 At
1130 2019 1252 2087 quid
1288 2017 1499 2086 injusti?
1530 2017 1594 2070 Et
1621 2019 1710 2070 de-

183 2119 280 2170 eor,
313 2107 499 2172 inquit,
523 2108 686 2159 uultus
714 2107 823 2177 ejus
852 2107 1058 2176 deperit.
1089 2103 1173 2158 Ita
1199 2114 1245 2158 et
1274 2105 1407 2158 dives
1437 2105 1487 2156 in
1516 2104 1708 2157 itineri-

180 2193 259 2247 ειη
283 2195 385 2249 suis
415 2207 698 2250 marcescet.
754 2197 867 2250 Non
899 2211 1108 2251 onmem
1148 2195 1364 2250 divitem
1411 2196 1567 2259 dicit,
1616 2194 1709 2249 sed

179 2302 286 2339 eum
330 2287 416 2356 qui
462 2288 674 2341 conlidit
725 2288 776 2341 in
829 2291 1033 2342 incerto
1076 2289 1399 2342 divitiarum.
1439 2288 1538 2354 Qui
1570 2287 1709 2341 enim

180 2377 314 2429 fratri
342 2376 526 2431 humili
565 2369 778 2433 divitem
819 2394 851 2433 e
896 2377 1160 2432 contrario
1185 2380 1448 2446 opposuit,
1479 2370 1714 2431 attendit

177 2481 230 2519 se
257 2469 320 2522 de
348 2468 436 2522 illo
460 2469 623 2523 divite
661 2469 818 2542 loqui,
869 2469 956 2538 qui
985 2469 1195 2524 humilis
1226 2487 1329 2524 non
1355 2478 1455 2523 est.
1487 2468 1618 2523 Nam
1658 2476 1713 2523 et

181 2556 428 2609 Abraham
473 2572 590 2611 cum
627 2569 766 2612 esset
791 2558 942 2612 dives
984 2557 1037 2611 in
1068 2560 1283 2620 mundo,
1312 2561 1590 2627 pauperem
1631 2568 1711 2611 ta-

180 2657 291 2696 men
318 2656 429 2711 post
459 2653 680 2699 mortem
708 2659 805 2700 suo
831 2647 1059 2718 suscepit
1087 2649 1137 2702 in
1167 2647 1304 2714 sinu,
1328 2647 1548 2704 divitem
1581 2647 1711 2702 reli-

180 2732 284 2800 quit
329 2733 375 2785 in
405 2733 595 2801 pomis.
643 2734 745 2788 Sed
786 2752 892 2790 non
920 2739 1041 2793 ideo
1065 2739 1278 2793 divitem
1320 2739 1530 2807 reliquit
1565 2738 1687 2808 quia

180 2823 315 2876 dives
345 2831 479 2890 erat,
515 2822 653 2893 quod
681 2833 736 2879 et
779 2824 893 2893 ipse
920 2826 1107 2891 fuerat,
1141 2830 1234 2882 sed
1262 2829 1380 2897 quia
1417 2828 1715 2882 misericors

179 2919 227 2962 et
272 2912 496 2978 humilis,
525 2913 665 2980 quod
711 2913 824 2982 ipse
859 2914 1046 2980 fuerat,
1074 2930 1192 2970 esse
1232 2917 1566 2987 despexerat.
1595 2917 1661 2969 Et
1685 2929 1716 2970 c

181 3010 352 3054 contra
393 3004 689 3058 mendicum
731 3004 985 3058 Lazarum
1031 3006 1380 3072 recepit,.non
1408 3008 1530 3075 quia
1558 3005 1714 3061 rebus

182 3106 366 3160 pauper
387 3100 518 3158 erat,
545 3095 682 3163 quod
711 3096 825 3164 ipse
850 3096 1037 3164 fuerat,
1060 3097 1150 3151 sed
1172 3099 1294 3165 quia
1317 3097 1524 3152 humilis
1552 3106 1606 3152 et
1633 3097 1715 3152 in-

183 3197 384 3247 nocens,
426 3185 562 3252 quod
607 3185 718 3252 ipse
764 3187 950 3252 fuerat,
990 3203 1107 3243 esse
1146 3184 1382 3243 curabat.
1413 3189 1555 3244 Talis
1582 3203 1708 3260 ergo

181 3273 336 3334 dives,
378 3274 474 3328 hoc
499 3283 582 3330 est
609 3276 866 3343 superbus
909 3288 963 3330 et
1009 3279 1225 3344 impius,
1269 3287 1475 3332 terrena
1516 3281 1709 3348 gaudia

183 3364 473 3417 cmlestibus
515 3373 862 3431 anteponens,
896 3367 950 3419 in
997 3367 1254 3420 itineribus
1290 3369 1393 3421 suis
1422 3381 1704 3434 marcescet,

183 3451 274 3506 hoc
302 3464 377 3506 est
402 3455 453 3507 in
496 3455 696 3510 actibus
723 3455 831 3510 suis
857 3456 1045 3525 peribit
1074 3458 1292 3527 iniquis,
1324 3459 1446 3528 quia
1475 3461 1574 3515 iter
1605 3461 1703 3514 Do-

183 3545 300 3594 tuini
329 3553 520 3597 rectum
551 3546 750 3613 ingredi
778 3547 1024 3616 neglexit.
1056 3546 1158 3602 Sed
1180 3563 1300 3602 cum
1331 3549 1419 3604 ille
1445 3559 1502 3604 ut
1530 3549 1704 3605 fettum

181 3645 294 3686 ante
319 3635 554 3689 ardorem
583 3635 708 3689 solis
735 3635 947 3701 decidit,
976 3638 1145 3705 justus
1171 3653 1201 3692 e
1229 3651 1433 3706 contra,
1466 3650 1522 3694 ut
1550 3641 1707 3694 arbor

181 3721 456 3791 fructifera,
485 3735 538 3779 et
563 3725 793 3794 ejusdem
839 3726 964 3779 solis
989 3727 1251 3794 ardorem,
1289 3726 1338 3779 id
1379 3737 1482 3794 est,
1509 3727 1710 3781 severi-

183 3823 329 3867 tazem
368 3815 557 3883 judicis
608 3818 806 3884 integre
849 3803 1055 3883 suffert,
1101 3828 1155 3871 et
1196 3819 1410 3886 insuper
1440 3819 1702 3873 bonorum

181 3918 380 3970 operum
411 3895 507 3973 frui
528 3914 610 3959 tus
641 3921 734 3973 pro
761 3907 946 3974 quibus
976 3906 1028 3959 in
1056 3916 1363 3974 perpetuum
1397 3923 1701 3962 remunere-

185 4003 281 4057 tur,
309 3994 471 4048 aﬂert.
505 3996 649 4049 Unde
679 4007 818 4048 recte
845 3997 1173 4065 subjnugitur
1203 4013 1215 4049 :

247 4084 418 4139 Beatus
463 4088 537 4139 vir
581 4089 666 4156 qui
707 4087 881 4154 suﬂ'ert
926 4088 1264 4156 tentationem,
1309 4091 1549 4158 quoniam
1592 4104 1706 4141 cum

184 4174 400 4240 probatus
425 4175 598 4242 fuerit,
625 4177 831 4244 accipiet
867 4192 1102 4228 coronam
1132 4179 1263 4241 vita,
1293 4194 1442 4245 quam
1468 4180 1704 4246 repromi-

184 4261 245 4313 sit
266 4260 388 4314 Deus
412 4263 732 4333 diligentibus
760 4279 830 4316 se.
877 4265 1006 4316 lluic
1033 4266 1201 4318 simde
1229 4278 1308 4319 est
1335 4267 1460 4319 illud
1491 4268 1541 4319 in
1568 4269 1707 4334 Apo-

185 4354 365 4422 cafypsi
395 4372 408 4406 :
441 4352 563 4405 Esto
587 4354 753 4420 ﬁdelis
780 4370 931 4423 usque
971 4355 1037 4406 ad
1080 4364 1320 4420 mortem,
1365 4364 1409 4406 et
1453 4355 1582 4408 dabo
1619 4356 1706 4407 tibi

189 4443 406 4494 coronan‘t
434 4445 566 4506 vita,
596 4459 747 4512 quam
772 4445 1071 4512 repromisit,
1100 4445 1285 4512 inquit,
1316 4443 1448 4497 Deus
1493 4445 1706 4513 diligen-
1738 4480 1787 4539 ο

190 4533 304 4584 tibus
327 4549 374 4585 se
406 4532 585 4602 (Apoc.
615 4531 698 4600 tt).
748 4535 939 4599 Aperte
968 4535 1254 4587 admonens
1280 4535 1398 4603 quia
1431 4543 1574 4587 tanto
1597 4549 1703 4586 am-

192 4620 310 4684 plius
333 4622 559 4689 gaudere
589 4621 640 4675 in
669 4623 1045 4678 tentationibus
1093 4635 1316 4692 oportet,
1358 4635 1552 4694 quanto
1594 4639 1709 4678 cer-

195 4718 283 4762 llus
309 4713 467 4765 claret
495 4712 656 4767 Deum
687 4715 766 4769 his
807 4729 937 4783 quos
963 4717 1127 4784 diligit
1168 4717 1333 4785 majus
1376 4731 1515 4786 stupe
1544 4726 1711 4771 tenta-

196 4798 370 4852 tionum
402 4803 598 4869 pondus
625 4803 916 4871 imponere,
947 4816 1001 4857 ut
1031 4807 1230 4860 scilicet
1252 4823 1341 4875 per
1372 4810 1708 4861 tentationum

195 4890 473 4941 exetcitiutn
523 4890 807 4955 probentur
857 4891 908 4943 itt
957 4891 1057 4945 lide
1087 4895 1336 4959 perfecti;
1388 4910 1505 4948 cum
1536 4903 1708 4947 autem

198 4978 376 5038 probati
405 4980 507 5030 sint
535 4981 791 5049 veraciter
835 4995 950 5034 esse
993 4981 1196 5047 fideles,
1230 4984 1328 5036 hoc
1372 4991 1453 5036 est
1497 4982 1711 5048 perfecti

199 5074 240 5115 et
264 5065 456 5135 integri,
505 5069 555 5119 in
594 5070 736 5121 nullo
768 5071 1091 5134 deficientes,
1124 5073 1254 5140 ‘jure
1303 5072 1557 5141 accipiant
1596 5089 1713 5141 pro-

203 5157 387 5209 missam
418 5156 532 5209 vita:
561 5164 773 5208 :cterna:
799 5145 1072 5212 curonam.

261 5247 429 5311 Nemo,
451 5265 560 5302 cum
588 5257 826 5312 tentatur,
849 5250 982 5302 dicat
1006 5252 1242 5318 quc-niam
1270 5267 1302 5302 a
1331 5251 1434 5304 Deo
1472 5260 1712 5304 tentatur.

208 5333 438 5393 Hactenus
479 5340 544 5393 de
615 5336 986 5390 lentationihus
1035 5354 1162 5405 quas
1215 5322 1548 5406 permittente
1605 5339 1707 5391 Do-

211 5425 335 5477 mino
371 5431 593 5482 exterius
625 5424 873 5494 probandi
914 5429 1076 5493 gratia
1109 5429 1448 5494 perpetimur,
1481 5428 1712 5492 disputa-

211 5515 299 5578 \it;
337 5534 464 5572 nunc
491 5521 672 5588 incipit
698 5533 852 5584 agere
882 5517 946 5567 de
978 5517 1076 5568 illis
1116 5533 1246 5584 quas
1294 5518 1535 5581 interius,
1568 5518 1713 5569 insti-

213 5618 345 5670 gante
382 5611 604 5676 diabolo,
652 5612 731 5664 vel
772 5612 927 5662 etiam
971 5616 1166 5661 naturre
1207 5619 1401 5661 nostra:
1435 5609 1714 5676 fragilitate

216 5699 456 5764 suadente,
488 5702 790 5754 toleramus.
841 5697 937 5750 Ubi
986 5695 1205 5764 primum
1248 5695 1453 5749 illorum
1496 5698 1713 5750 destruit

1810 1926 2013 1978 tenIavit
2058 1926 2334 1979 Abraham.
2386 1927 2460 1982 De
2509 1943 2612 1995 quo
2674 1938 2726 1983 et
2780 1931 3032 1998 prot-lteta
3084 1936 3354 2001 postulat:

1815 2013 1981 2070 Proba
2006 2032 2102 2080 me,
2127 2014 2360 2084 Domine,
2390 2026 2436 2069 et
2462 2025 2598 2070 tenta
2624 2035 2699 2072 me
2729 2017 2896 2088 (Psul.
2923 2025 3074 2089 xxv).

1882 2104 2230 2174 Unusquisque
2257 2122 2371 2160 vero
2400 2112 2619 2161 tentatur
2637 2124 2669 2159 a
2697 2110 3096 2177 concupiscentia
3116 2129 3209 2165 sua
3235 2114 3351 2168 abs»

1811 2205 1995 2249 tractus
2038 2207 2086 2249 et
2136 2197 2346 2262 illectus,
2388 2206 2493 2251 etc.
2541 2198 2845 2252 Abstractus
2885 2213 2915 2252 a
2957 2203 3098 2254 recto
3142 2202 3346 2268 itinere,

1814 2294 1866 2338 et
1910 2286 2118 2362 illectus
2168 2287 2220 2341 iit
2265 2288 2483 2342 malum.
2536 2287 2609 2343 De
2659 2287 2757 2341 hoc
2801 2302 2967 2342 versu-
3003 2289 3388 2362 Hieronymus-

1813 2364 1993 2428 contra
2021 2360 2354 2438 Jovinianum
2392 2394 2405 2430 :
2442 2395 2460 2428 ι
2496 2377 2641 2431 Sicut
2677 2377 2729 2431 in
2759 2376 2912 2431 bonis
2943 2378 3154 2448 (inquit)
3181 2360 3355 2449 operi-

1812 2464 1908 2516 bus
1951 2463 2214 2530 perfector
2256 2474 2337 2519 est
2367 2464 2536 2530 Deus,
2574 2481 2675 2518 non
2713 2468 2853 2520 cnim
2891 2468 3133 2535 volentis,
3181 2485 3381 2540 nequ-2'

1811 2553 2089 2616 currentis,
2123 2553 2216 2607 sed
2248 2552 2344 2608 Dei
2387 2553 2686 2609 miserentis
2723 2563 2777 2609 et
2816 2553 3114 2624 adjuvantis
3154 2567 3266 2620 est.
3300 2570 3356 2614 ut

1814 2643 2087 2709 pervenire
2133 2644 2198 2696 ad
2229 2643 2429 2700 calcem
2472 2645 2760 2711 valeamus,
2809 2647 2888 2701 sic
2938 2647 2987 2700 in
3021 2647 3168 2704 malis
3196 2660 3355 2720 atque

1816 2733 2043 2801 peccatis
2083 2735 2283 2788 semina
2315 2743 2490 2789 nostra
2518 2747 2643 2790 sunt
2668 2737 2948 2802 inceniva,
2994 2738 3240 2806 perfectio
3267 2758 3358 2796 au-

1816 2835 1920 2878 tem
1948 2825 2162 2880 diaboli.
2213 2826 2341 2880 Cum
2386 2827 2574 2881 viderit
2621 2843 2716 2882 nos
2759 2845 2915 2899 super
2965 2830 3354 2890 fundamentum

1813 2915 2003 2970 Christi
2031 2915 2320 2970 mdilicasse
2363 2916 2558 2981 fenum,
2603 2918 2737 2987 ligna
2791 2929 2843 2973 et
2872 2921 3136 2990 stipulam,
3166 2938 3359 2993 suppo-

1817 3007 1889 3060 nit
1921 3007 2244 3061 incendium.
2291 3007 2635 3063 Aﬁdiliecmus
2665 3026 2871 3079 aurum,
2899 3023 3187 3082 argentum,
3223 3015 3355 3084 lapi~

1817 3100 1910 3152 des
1937 3099 2218 3166 pretiosos,
2260 3103 2314 3151 et
2344 3105 2544 3151 tentare
2574 3112 2676 3150 non
2720 3101 2951 3163 audebit,
2983 3116 3276 3170 quanquam
3304 3114 3356 3155 et

1815 3188 1868 3241 in
1914 3190 2013 3242 hoc
2051 3200 2154 3240 non
2198 3187 2264 3240 sit
2312 3193 2452 3238 certa
2494 3191 2549 3237 et
2604 3199 2786 3238 secura
2829 3188 3090 3251 l|03SCSSi0
3137 3205 3149 3238 :
3204 3193 3356 3244 sedet

1812 3279 2004 3347 quippe
2042 3278 2125 3332 leo
2162 3277 2212 3329 in
2245 3277 2448 3331 insidiis
2491 3277 2543 3330 in
2576 3276 2812 3342 occultis,
2846 3288 2899 3332 ut
2939 3279 3210 3334 interﬁciat
3264 3283 3353 3336 in-

1813 3355 2110 3421 nocentch
2158 3367 2221 3420 Et
2265 3381 2384 3420 vasa
2431 3365 2571 3434 ligttli
2618 3366 2800 3432 probat
2857 3368 3060 3433 furcas,
3116 3370 3349 3426 homines

1811 3466 1984 3509 autem
2009 3456 2176 3522 justos
2206 3457 2421 3507 tentatio
2449 3454 2809 3508 tribulationis.
2841 3475 2862 3508 ι

1881 3543 2077 3598 Deinde
2105 3547 2507 3613 concupiscentia
2536 3561 2649 3597 cum
2677 3549 2980 3615 conceperit,
3009 3552 3140 3616 parit
3175 3567 3356 3618 pecca-

1812 3644 1932 3688 tum.
1966 3634 2230 3688 Peccatum
2253 3651 2384 3701 vero,
2413 3651 2526 3688 cum
2555 3645 2948 3688 consummatam
2966 3637 3137 3703 fuerit,
3154 3655 3354 3706 generat

1812 3733 2039 3778 mortent.
2071 3725 2262 3778 Tribus
2291 3725 2460 3778 modis
2504 3725 2719 3778 tentatio
2767 3726 2955 3792 agitur,
2995 3727 3349 3794 suggestione,

1809 3815 2183 3879 delectatione,
2213 3829 2494 3869 consensu.
2536 3815 2878 3884 Suggestione
2910 3813 3094 3879 hostis,
3121 3815 3352 3869 delecta-

1809 3906 1953 3960 tione
1977 3917 2172 3971 autem,
2199 3906 2281 3961 vel
2311 3906 2469 3960 etiam
2499 3922 2758 3962 consensu
2807 3917 2998 3961 nostra:
3038 3907 3346 3977 fragilitatis.

1809 3995 1957 4060 Quod
1987 3996 2055 4059 si,
2093 3997 2241 4048 hoste
2287 4007 2621 4063 suggerente,
2652 3996 2895 4049 delectari
2926 4005 3015 4050 aut
3054 4000 3349 4052 consentire

1811 4089 2025 4148 peccato
2075 4082 2337 4148 nolumus,
2369 4085 2585 4137 tentatio
2633 4085 2740 4149 ipsa
2791 4084 2939 4136 nobis
2969 4085 3052 4137 ad
3085 4087 3349 4140 \‘iClOl’ilIlll

1811 4173 2088 4240 provenit,
2139 4187 2238 4241 qua
2287 4187 2535 4227 coronam
2582 4173 2702 4227 vita:
2750 4188 3046 4228 mereamur
3092 4176 3353 4243 accipere.

1808 4263 1863 4315 Si
1894 4277 2020 4316 vero
2049 4272 2102 4315 et
2125 4261 2291 4316 hostis
2317 4263 2651 4332 suggestione
2679 4264 2923 4331 paulatim
2957 4279 2983 4317 a
3010 4273 3150 4317 recta
3179 4267 3351 4318 inten-

1810 4351 1954 4402 tione
1997 4351 2370 4413 abstraltimur,
2416 4360 2468 4404 et
2525 4351 2652 4404 vitio
2704 4352 2977 4420 incipimus
3020 4352 3163 4415 illici,
3207 4352 3353 4405 dele-

1810 4436 2001 4490 ctando
2054 4435 2262 4504 quidem
2294 4437 2662 4502 'otl'endimus,
2730 4440 2823 4493 sed
2869 4438 3088 4493 necdum
3151 4441 3350 4507 lapsum

1815 4528 1998 4581 mortis
2060 4526 2395 4594 incurrimus.
2450 4529 2515 4580 At
2574 4529 2619 4581 si
2669 4528 3069 4583 delectationem
3115 4533 3351 4599 concepti

1811 4616 1968 4672 corde
2013 4617 2278 4682 facinoris,
2307 4618 2466 4671 etiam
2498 4627 2673 4686 partus
2712 4635 2886 4687 pravae
2930 4622 3166 4687 sequitur
3188 4623 3352 4674 aetio-

1811 4711 1913 4775 nis,
1959 4711 2130 4777 nobis,
2172 4712 2281 4778 jam
2327 4713 2510 4766 mortis
2532 4713 2654 4776 reis,
2681 4715 2845 4767 victor
2887 4713 3052 4766 hostis
3098 4713 3351 4766 abscedit.

1811 4801 1960 4868 Quod
2012 4811 2068 4854 ut
2116 4810 2414 4854 astruamus
2462 4802 2740 4869 exemplis,
2766 4810 2993 4854 tentatus
3038 4814 3119 4857 est
3159 4802 3350 4870 Juseph

1813 4889 1986 4943 verbis
2030 4888 2296 4953 dominm,
2325 4889 2418 4941 scd
2453 4888 2572 4956 quia
2602 4890 3076 4957 concupiscentiam
3128 4892 3352 4944 libidinis

1814 4995 1915 5033 non
1951 4980 2149 5042 habuit,
2178 4981 2510 5048 suggestione
2542 4988 2766 5040 tantum,
2813 4997 2914 5033 non
2947 4985 3100 5034 etiam
3128 4985 3354 5037 delecta-

1816 5074 1953 5122 tione
1980 5070 2069 5120 ‘vel
2099 5085 2363 5122 consensu
2392 5069 2576 5122 tentari
2610 5070 2794 5137 potuit,
2829 5073 2946 5125 ideo
2972 5075 3137 5125 victor
3166 5075 3347 5126 evasit.

1813 5157 2064 5210 Tantalus
2118 5167 2196 5209 est
2247 5157 2406 5211 David
2458 5159 2567 5212 visu
2622 5162 2799 5229 uxoris
2849 5162 3073 5222 alienae,
3130 5171 3182 5214 et
3231 5165 3349 5231 quia

1814 5247 2033 5299 necdum
2078 5249 2251 5301 carnis
2293 5250 2575 5316 appetitum
2616 5252 2830 5312 vicerat,
2872 5265 2899 5301 a
2931 5255 3352 5319 concupiscentia

1812 5350 1904 5388 sua
1938 5335 2231 5390 abstractus
2267 5349 2318 5391 et
2355 5339 2558 5394 illectus
2589 5349 2688 5392 est.
2721 5344 2886 5408 Atque
2916 5342 3001 5395 ubi
3038 5352 3346 5411 conceptum

1815 5426 1984 5477 scelus
2031 5427 2276 5490 perfecit,
2330 5441 2527 5482 reatum
2574 5430 2755 5483 mortis
2805 5434 2958 5484 etiam
3008 5439 3215 5498 proprio
3260 5451 3350 5489 ore

1811 5513 2068 5584 judicatUS
2115 5514 2330 5576 incidit,
2377 5532 2529 5581 quam
2592 5527 2760 5570 tamen
2812 5520 3108 5584 pmnitcnlo
3161 5525 3343 5576 evasit.

1814 5601 2063 5652 Teutalus
2108 5608 2189 5651 est
2230 5601 2389 5654 ludas
2423 5621 2514 5671 per
2546 5606 2929 5674 [iiiiilit'gyl'itlll,
2978 5601 3028 5657 et
3082 5610 3196 5673 quia
3233 5623 3343 5662 erat

1817 5705 2024 5754 avarus,
2055 5691 2119 5742 ab
2148 5690 2254 5756 ipsa
2285 5707 2376 5745 sua
2421 5696 2832 5765 conettpiscettlid
2884 5698 3172 5754 abstractus
3203 5711 3250 5753 c:
3285 5702 3348 5751 ξι-
