  <div class='ocr_page' id='page_1' title='image "/cluster/home/n/w/nwhite01/storage/ocr_20150623/92-93/uva.x000827076/535.png"; bbox 0 0 3860 6230; ppageno 0'>
   <div class='ocr_carea' id='block_1_1' title="bbox 956 414 3697 480">
    <p class='ocr_par' dir='ltr' id='par_1_1' title="bbox 956 414 3697 480">
     <span class='ocr_line' id='line_1_1' title="bbox 956 414 3697 480; baseline -0.005 0"><span class='ocrx_word' id='word_1_1' title='bbox 956 424 1154 480; x_wconf 70' lang='grc' dir='ltr'><strong>ΒΕΒᾸΞ.</strong></span> <span class='ocrx_word' id='word_1_2' title='bbox 1194 420 1637 478; x_wconf 71' lang='lat' dir='ltr'><strong>V&#39;ENERABILIS</strong></span> <span class='ocrx_word' id='word_1_3' title='bbox 1674 420 1821 475; x_wconf 86' lang='lat' dir='ltr'><strong>OPP.</strong></span> <span class='ocrx_word' id='word_1_4' title='bbox 1864 418 2038 474; x_wconf 78' lang='lat' dir='ltr'><strong>PARS</strong></span> <span class='ocrx_word' id='word_1_5' title='bbox 2077 418 2139 472; x_wconf 84' lang='lat' dir='ltr'><strong>ll.</strong></span> <span class='ocrx_word' id='word_1_6' title='bbox 2181 417 2368 474; x_wconf 80' lang='lat' dir='ltr'><strong>SECT.</strong></span> <span class='ocrx_word' id='word_1_7' title='bbox 2412 419 2449 472; x_wconf 92' lang='grc' dir='ltr'><strong>Ι.</strong></span> <span class='ocrx_word' id='word_1_8' title='bbox 2494 446 2559 457; x_wconf 92' lang='grc'><strong>-</strong></span> <span class='ocrx_word' id='word_1_9' title='bbox 2599 415 2982 472; x_wconf 76' lang='lat' dir='ltr'><strong>EXEGETICA</strong></span> <span class='ocrx_word' id='word_1_10' title='bbox 3022 414 3338 471; x_wconf 75' lang='lat' dir='ltr'><strong>GENUINA.</strong></span> <span class='ocrx_word' id='word_1_11' title='bbox 3641 422 3697 478; x_wconf 66' lang='grc' dir='ltr'><strong>ιϐ</strong></span> 
     </span>
    </p>
   </div>
   <div class='ocr_carea' id='block_1_2' title="bbox 539 529 3700 607">
    <p class='ocr_par' dir='ltr' id='par_1_2' title="bbox 539 529 3700 607">
     <span class='ocr_line' id='line_1_2' title="bbox 539 529 3700 607; baseline -0.004 -8"><span class='ocrx_word' id='word_1_12' title='bbox 539 549 729 607; x_wconf 68' lang='lat' dir='ltr'><strong>lectus.</strong></span> <span class='ocrx_word' id='word_1_13' title='bbox 762 542 829 598; x_wconf 86' lang='lat' dir='ltr'><strong>ad</strong></span> <span class='ocrx_word' id='word_1_14' title='bbox 861 540 1126 593; x_wconf 86' lang='lat' dir='ltr'><strong>interitum</strong></span> <span class='ocrx_word' id='word_1_15' title='bbox 1173 533 1545 591; x_wconf 83' lang='lat' dir='ltr'><strong>consentiendo</strong></span> <span class='ocrx_word' id='word_1_16' title='bbox 1573 533 1785 588; x_wconf 86' lang='lat' dir='ltr'><strong>decidit.</strong></span> <span class='ocrx_word' id='word_1_17' title='bbox 1828 531 2081 586; x_wconf 78' lang='lat' dir='ltr'><strong>Teutalus</strong></span> <span class='ocrx_word' id='word_1_18' title='bbox 2106 532 2153 590; x_wconf 79' lang='grc' dir='ltr'><strong>Δ</strong></span> <span class='ocrx_word' id='word_1_19' title='bbox 2255 531 2435 596; x_wconf 87' lang='lat' dir='ltr'><strong>Scitis,</strong></span> <span class='ocrx_word' id='word_1_20' title='bbox 2468 533 2651 601; x_wconf 77' lang='lat' dir='ltr'><strong>fratres</strong></span> <span class='ocrx_word' id='word_1_21' title='bbox 2681 533 2774 585; x_wconf 87' lang='lat' dir='ltr'><strong>ntei</strong></span> <span class='ocrx_word' id='word_1_22' title='bbox 2799 531 3125 584; x_wconf 69' lang='lat' dir='ltr'><strong>dilectissimi.</strong></span> <span class='ocrx_word' id='word_1_23' title='bbox 3152 529 3489 585; x_wconf 71' lang='lat' dir='ltr'><strong>Notissiumm</strong></span> <span class='ocrx_word' id='word_1_24' title='bbox 3517 532 3700 601; x_wconf 84' lang='lat' dir='ltr'><strong>(inquit)</strong></span> 
     </span>
    </p>
   </div>
   <div class='ocr_carea' id='block_1_3' title="bbox 535 622 2077 696">
    <p class='ocr_par' dir='ltr' id='par_1_3' title="bbox 535 622 2077 696">
     <span class='ocr_line' id='line_1_3' title="bbox 535 622 2077 696; baseline -0.009 -6"><span class='ocrx_word' id='word_1_25' title='bbox 535 645 617 691; x_wconf 80' lang='lat' dir='ltr'><strong>est</strong></span> <span class='ocrx_word' id='word_1_26' title='bbox 660 632 759 687; x_wconf 80' lang='lat' dir='ltr'><strong>Job</strong></span> <span class='ocrx_word' id='word_1_27' title='bbox 808 628 1187 696; x_wconf 91' lang='lat' dir='ltr'><strong>multipliciter,</strong></span> <span class='ocrx_word' id='word_1_28' title='bbox 1240 625 1332 680; x_wconf 88' lang='lat' dir='ltr'><strong>sed</strong></span> <span class='ocrx_word' id='word_1_29' title='bbox 1382 628 1504 693; x_wconf 84' lang='lat' dir='ltr'><strong>quia</strong></span> <span class='ocrx_word' id='word_1_30' title='bbox 1553 638 1649 678; x_wconf 89' lang='lat' dir='ltr'><strong>nec</strong></span> <span class='ocrx_word' id='word_1_31' title='bbox 1700 622 2077 692; x_wconf 86' lang='lat' dir='ltr'><strong>possessiones,</strong></span> 
     </span>
    </p>
   </div>
   <div class='ocr_carea' id='block_1_4' title="bbox 536 712 2078 784">
    <p class='ocr_par' dir='ltr' id='par_1_4' title="bbox 536 712 2078 784">
     <span class='ocr_line' id='line_1_4' title="bbox 536 712 2078 784; baseline -0.015 -2"><span class='ocrx_word' id='word_1_32' title='bbox 536 741 640 781; x_wconf 90' lang='lat' dir='ltr'><strong>nec</strong></span> <span class='ocrx_word' id='word_1_33' title='bbox 686 723 907 778; x_wconf 77' lang='lat' dir='ltr'><strong>salutem</strong></span> <span class='ocrx_word' id='word_1_34' title='bbox 967 718 1202 784; x_wconf 88' lang='lat' dir='ltr'><strong>corporis</strong></span> <span class='ocrx_word' id='word_1_35' title='bbox 1258 714 1437 768; x_wconf 84' lang='lat' dir='ltr'><strong>divino</strong></span> <span class='ocrx_word' id='word_1_36' title='bbox 1488 712 1652 767; x_wconf 89' lang='lat' dir='ltr'><strong>amori</strong></span> <span class='ocrx_word' id='word_1_37' title='bbox 1705 720 2078 782; x_wconf 61' lang='lat' dir='ltr'><strong>praeposuerat,</strong></span> 
     </span>
    </p>
   </div>
   <div class='ocr_carea' id='block_1_5' title="bbox 540 800 2083 881">
    <p class='ocr_par' dir='ltr' id='par_1_5' title="bbox 540 800 2083 881">
     <span class='ocr_line' id='line_1_5' title="bbox 540 800 2083 881; baseline -0.012 -11"><span class='ocrx_word' id='word_1_38' title='bbox 540 814 728 870; x_wconf 86' lang='lat' dir='ltr'><strong>tentari</strong></span> <span class='ocrx_word' id='word_1_39' title='bbox 769 812 980 881; x_wconf 82' lang='lat' dir='ltr'><strong>quidem</strong></span> <span class='ocrx_word' id='word_1_40' title='bbox 1028 805 1361 877; x_wconf 73' lang='lat' dir='ltr'><strong>suggestione</strong></span> <span class='ocrx_word' id='word_1_41' title='bbox 1408 803 1582 856; x_wconf 84' lang='lat' dir='ltr'><strong>hostili</strong></span> <span class='ocrx_word' id='word_1_42' title='bbox 1624 801 1811 871; x_wconf 91' lang='lat' dir='ltr'><strong>potuit,</strong></span> <span class='ocrx_word' id='word_1_43' title='bbox 1842 800 1937 854; x_wconf 88' lang='lat' dir='ltr'><strong>sed</strong></span> <span class='ocrx_word' id='word_1_44' title='bbox 1958 814 2083 852; x_wconf 87' lang='lat' dir='ltr'><strong>cou-</strong></span> 
     </span>
    </p>
   </div>
   <div class='ocr_carea' id='block_1_6' title="bbox 540 894 2083 964">
    <p class='ocr_par' dir='ltr' id='par_1_6' title="bbox 540 894 2083 964">
     <span class='ocr_line' id='line_1_6' title="bbox 540 894 2083 964; baseline -0.012 -4"><span class='ocrx_word' id='word_1_45' title='bbox 540 907 736 961; x_wconf 88' lang='lat' dir='ltr'><strong>sentire</strong></span> <span class='ocrx_word' id='word_1_46' title='bbox 765 905 844 957; x_wconf 84' lang='lat' dir='ltr'><strong>vel</strong></span> <span class='ocrx_word' id='word_1_47' title='bbox 889 902 1073 955; x_wconf 86' lang='lat' dir='ltr'><strong>saltem</strong></span> <span class='ocrx_word' id='word_1_48' title='bbox 1113 897 1361 953; x_wconf 90' lang='lat' dir='ltr'><strong>delectari</strong></span> <span class='ocrx_word' id='word_1_49' title='bbox 1395 904 1608 964; x_wconf 89' lang='lat' dir='ltr'><strong>peccato</strong></span> <span class='ocrx_word' id='word_1_50' title='bbox 1653 894 1950 947; x_wconf 77' lang='lat' dir='ltr'><strong>nullatenus</strong></span> <span class='ocrx_word' id='word_1_51' title='bbox 1993 904 2083 942; x_wconf 85' lang='lat' dir='ltr'><strong>va-</strong></span> 
     </span>
    </p>
   </div>
   <div class='ocr_carea' id='block_1_7' title="bbox 541 985 2083 1061">
    <p class='ocr_par' dir='ltr' id='par_1_7' title="bbox 541 985 2083 1061">
     <span class='ocr_line' id='line_1_7' title="bbox 541 985 2083 1061; baseline -0.014 -10"><span class='ocrx_word' id='word_1_52' title='bbox 541 999 654 1051; x_wconf 91' lang='lat' dir='ltr'><strong>luit.</strong></span> <span class='ocrx_word' id='word_1_53' title='bbox 679 993 827 1060; x_wconf 86' lang='lat' dir='ltr'><strong>Quod</strong></span> <span class='ocrx_word' id='word_1_54' title='bbox 850 1006 971 1061; x_wconf 85' lang='lat' dir='ltr'><strong>ergo</strong></span> <span class='ocrx_word' id='word_1_55' title='bbox 999 989 1208 1053; x_wconf 88' lang='lat' dir='ltr'><strong>dicitur,</strong></span> <span class='ocrx_word' id='word_1_56' title='bbox 1232 985 1518 1048; x_wconf 77' lang='lat' dir='ltr'><strong>Peccatum,</strong></span> <span class='ocrx_word' id='word_1_57' title='bbox 1547 1000 1661 1037; x_wconf 88' lang='lat' dir='ltr'><strong>cum</strong></span> <span class='ocrx_word' id='word_1_58' title='bbox 1687 990 2083 1034; x_wconf 86' lang='lat' dir='ltr'><strong>consummatum</strong></span> 
     </span>
    </p>
   </div>
   <div class='ocr_carea' id='block_1_8' title="bbox 540 1069 2085 1155">
    <p class='ocr_par' dir='ltr' id='par_1_8' title="bbox 540 1069 2085 1155">
     <span class='ocr_line' id='line_1_8' title="bbox 540 1069 2085 1155; baseline -0.013 -14"><span class='ocrx_word' id='word_1_59' title='bbox 540 1087 705 1153; x_wconf 67' lang='lat' dir='ltr'><strong>(attrit,</strong></span> <span class='ocrx_word' id='word_1_60' title='bbox 737 1090 936 1155; x_wconf 79' lang='lat' dir='ltr'><strong>generat</strong></span> <span class='ocrx_word' id='word_1_61' title='bbox 984 1077 1468 1144; x_wconf 85' lang='lat' dir='ltr'><strong>mortem:respicit</strong></span> <span class='ocrx_word' id='word_1_62' title='bbox 1510 1088 1540 1129; x_wconf 88' lang='lat' dir='ltr'><strong>e</strong></span> <span class='ocrx_word' id='word_1_63' title='bbox 1582 1074 1847 1127; x_wconf 90' lang='lat' dir='ltr'><strong>contrario</strong></span> <span class='ocrx_word' id='word_1_64' title='bbox 1894 1070 1957 1123; x_wconf 88' lang='lat' dir='ltr'><strong>ad</strong></span> <span class='ocrx_word' id='word_1_65' title='bbox 1986 1069 2085 1123; x_wconf 89' lang='lat' dir='ltr'><strong>hoc</strong></span> 
     </span>
    </p>
   </div>
   <div class='ocr_carea' id='block_1_9' title="bbox 539 1162 2082 1247">
    <p class='ocr_par' dir='ltr' id='par_1_9' title="bbox 539 1162 2082 1247">
     <span class='ocr_line' id='line_1_9' title="bbox 539 1162 2082 1247; baseline -0.014 -15"><span class='ocrx_word' id='word_1_66' title='bbox 539 1176 676 1247; x_wconf 90' lang='lat' dir='ltr'><strong>quod</strong></span> <span class='ocrx_word' id='word_1_67' title='bbox 710 1189 864 1242; x_wconf 90' lang='lat' dir='ltr'><strong>supra</strong></span> <span class='ocrx_word' id='word_1_68' title='bbox 895 1172 1090 1225; x_wconf 90' lang='lat' dir='ltr'><strong>dictum</strong></span> <span class='ocrx_word' id='word_1_69' title='bbox 1130 1177 1210 1222; x_wconf 91' lang='lat' dir='ltr'><strong>est</strong></span> <span class='ocrx_word' id='word_1_70' title='bbox 1242 1167 1307 1221; x_wconf 89' lang='lat' dir='ltr'><strong>de</strong></span> <span class='ocrx_word' id='word_1_71' title='bbox 1337 1182 1400 1221; x_wconf 92' lang='lat' dir='ltr'><strong>eo</strong></span> <span class='ocrx_word' id='word_1_72' title='bbox 1429 1165 1511 1235; x_wconf 87' lang='lat' dir='ltr'><strong>qui</strong></span> <span class='ocrx_word' id='word_1_73' title='bbox 1541 1164 1715 1231; x_wconf 78' lang='lat' dir='ltr'><strong>suﬂ&#39;ert</strong></span> <span class='ocrx_word' id='word_1_74' title='bbox 1746 1162 2082 1223; x_wconf 87' lang='lat' dir='ltr'><strong>tentationem,</strong></span> 
     </span>
    </p>
   </div>
   <div class='ocr_carea' id='block_1_10' title="bbox 539 1249 2087 1336">
    <p class='ocr_par' dir='ltr' id='par_1_10' title="bbox 539 1249 2087 1336">
     <span class='ocr_line' id='line_1_10' title="bbox 539 1249 2087 1336; baseline -0.012 -16"><span class='ocrx_word' id='word_1_75' title='bbox 539 1268 655 1336; x_wconf 76' lang='lat' dir='ltr'><strong>quia</strong></span> <span class='ocrx_word' id='word_1_76' title='bbox 676 1279 789 1318; x_wconf 84' lang='lat' dir='ltr'><strong>cum</strong></span> <span class='ocrx_word' id='word_1_77' title='bbox 817 1262 1053 1332; x_wconf 87' lang='lat' dir='ltr'><strong>probatus</strong></span> <span class='ocrx_word' id='word_1_78' title='bbox 1082 1259 1231 1328; x_wconf 82' lang='lat' dir='ltr'><strong>fuerit</strong></span> <span class='ocrx_word' id='word_1_79' title='bbox 1251 1297 1267 1324; x_wconf 93' lang='lat'><strong>,</strong></span> <span class='ocrx_word' id='word_1_80' title='bbox 1296 1257 1505 1322; x_wconf 73' lang='lat' dir='ltr'><strong>accipiet</strong></span> <span class='ocrx_word' id='word_1_81' title='bbox 1527 1268 1759 1307; x_wconf 84' lang='lat' dir='ltr'><strong>coronam</strong></span> <span class='ocrx_word' id='word_1_82' title='bbox 1787 1252 1919 1304; x_wconf 73' lang='lat' dir='ltr'><strong>vitm.</strong></span> <span class='ocrx_word' id='word_1_83' title='bbox 1942 1249 2087 1303; x_wconf 88' lang='lat' dir='ltr'><strong>Sicut</strong></span> 
     </span>
    </p>
   </div>
   <div class='ocr_carea' id='block_1_11' title="bbox 547 1343 2082 1420">
    <p class='ocr_par' dir='ltr' id='par_1_11' title="bbox 547 1343 2082 1420">
     <span class='ocr_line' id='line_1_11' title="bbox 547 1343 2082 1420; baseline -0.012 -11"><span class='ocrx_word' id='word_1_84' title='bbox 547 1357 684 1409; x_wconf 92' lang='lat' dir='ltr'><strong>enim</strong></span> <span class='ocrx_word' id='word_1_85' title='bbox 719 1354 804 1407; x_wconf 91' lang='lat' dir='ltr'><strong>ille</strong></span> <span class='ocrx_word' id='word_1_86' title='bbox 831 1351 920 1420; x_wconf 85' lang='lat' dir='ltr'><strong>qui</strong></span> <span class='ocrx_word' id='word_1_87' title='bbox 948 1358 1177 1403; x_wconf 89' lang='lat' dir='ltr'><strong>tentatus</strong></span> <span class='ocrx_word' id='word_1_88' title='bbox 1202 1356 1411 1413; x_wconf 82' lang='lat' dir='ltr'><strong>superat</strong></span> <span class='ocrx_word' id='word_1_89' title='bbox 1441 1345 1655 1414; x_wconf 74' lang='lat' dir='ltr'><strong>praemia</strong></span> <span class='ocrx_word' id='word_1_90' title='bbox 1686 1343 1804 1395; x_wconf 70' lang='lat' dir='ltr'><strong>vita:</strong></span> <span class='ocrx_word' id='word_1_91' title='bbox 1833 1352 2082 1403; x_wconf 88' lang='lat' dir='ltr'><strong>meretur,</strong></span> 
     </span>
    </p>
   </div>
   <div class='ocr_carea' id='block_1_12' title="bbox 474 1431 2087 1507">
    <p class='ocr_par' dir='ltr' id='par_1_12' title="bbox 474 1431 2087 1507">
     <span class='ocr_line' id='line_1_12' title="bbox 474 1431 2087 1507; baseline -0.011 -9"><span class='ocrx_word' id='word_1_92' title='bbox 474 1438 477 1439; x_wconf 45' lang='grc'><strong><em>⁷</em></strong></span> <span class='ocrx_word' id='word_1_93' title='bbox 543 1445 613 1497; x_wconf 90' lang='lat' dir='ltr'><strong>ita</strong></span> <span class='ocrx_word' id='word_1_94' title='bbox 665 1441 1013 1507; x_wconf 88' lang='lat' dir='ltr'><strong>nimirumque</strong></span> <span class='ocrx_word' id='word_1_95' title='bbox 1059 1436 1149 1506; x_wconf 86' lang='lat' dir='ltr'><strong>qui</strong></span> <span class='ocrx_word' id='word_1_96' title='bbox 1214 1433 1656 1503; x_wconf 83' lang='lat' dir='ltr'><strong>concupiscentiis</strong></span> <span class='ocrx_word' id='word_1_97' title='bbox 1719 1432 1828 1486; x_wconf 89' lang='lat' dir='ltr'><strong>suis</strong></span> <span class='ocrx_word' id='word_1_98' title='bbox 1883 1431 2087 1483; x_wconf 85' lang='lat' dir='ltr'><strong>illectus</strong></span> 
     </span>
    </p>
   </div>
   <div class='ocr_carea' id='block_1_13' title="bbox 541 1522 2089 1598">
    <p class='ocr_par' dir='ltr' id='par_1_13' title="bbox 541 1522 2089 1598">
     <span class='ocr_line' id='line_1_13' title="bbox 541 1522 2089 1598; baseline -0.01 -10"><span class='ocrx_word' id='word_1_99' title='bbox 541 1552 575 1588; x_wconf 88' lang='lat' dir='ltr'><strong>a</strong></span> <span class='ocrx_word' id='word_1_100' title='bbox 616 1533 899 1588; x_wconf 86' lang='lat' dir='ltr'><strong>tentatione</strong></span> <span class='ocrx_word' id='word_1_101' title='bbox 943 1538 1241 1598; x_wconf 81' lang='lat' dir='ltr'><strong>superatur,</strong></span> <span class='ocrx_word' id='word_1_102' title='bbox 1290 1527 1481 1581; x_wconf 89' lang='lat' dir='ltr'><strong>merito</strong></span> <span class='ocrx_word' id='word_1_103' title='bbox 1529 1526 1732 1579; x_wconf 89' lang='lat' dir='ltr'><strong>ruinam</strong></span> <span class='ocrx_word' id='word_1_104' title='bbox 1779 1523 1960 1578; x_wconf 89' lang='lat' dir='ltr'><strong>mortis</strong></span> <span class='ocrx_word' id='word_1_105' title='bbox 2008 1522 2089 1575; x_wconf 84' lang='lat' dir='ltr'><strong>in-</strong></span> 
     </span>
    </p>
   </div>
   <div class='ocr_carea' id='block_1_14' title="bbox 538 1623 723 1678">
    <p class='ocr_par' dir='ltr' id='par_1_14' title="bbox 538 1623 723 1678">
     <span class='ocr_line' id='line_1_14' title="bbox 538 1623 723 1678; baseline -0.016 0"><span class='ocrx_word' id='word_1_106' title='bbox 538 1623 723 1678; x_wconf 86' lang='lat' dir='ltr'><strong>currit.</strong></span> 
     </span>
    </p>
   </div>
   <div class='ocr_carea' id='block_1_15' title="bbox 608 1700 2088 1780">
    <p class='ocr_par' dir='ltr' id='par_1_15' title="bbox 608 1700 2088 1780">
     <span class='ocr_line' id='line_1_15' title="bbox 608 1700 2088 1780; baseline -0.007 -15"><span class='ocrx_word' id='word_1_107' title='bbox 608 1712 781 1767; x_wconf 79' lang='lat' dir='ltr'><strong>Nolite</strong></span> <span class='ocrx_word' id='word_1_108' title='bbox 822 1712 986 1780; x_wconf 83' lang='lat' dir='ltr'><strong>itaque</strong></span> <span class='ocrx_word' id='word_1_109' title='bbox 1029 1725 1219 1773; x_wconf 85' lang='lat' dir='ltr'><strong>errare,</strong></span> <span class='ocrx_word' id='word_1_110' title='bbox 1262 1710 1441 1778; x_wconf 76' lang='lat' dir='ltr'><strong>fratres</strong></span> <span class='ocrx_word' id='word_1_111' title='bbox 1484 1706 1579 1759; x_wconf 85' lang='lat' dir='ltr'><strong>mei</strong></span> <span class='ocrx_word' id='word_1_112' title='bbox 1623 1702 1954 1757; x_wconf 73' lang='lat' dir='ltr'><strong>dilectissimi.</strong></span> <span class='ocrx_word' id='word_1_113' title='bbox 2009 1700 2088 1755; x_wconf 77' lang='lat' dir='ltr'><strong>Vi-</strong></span> 
     </span>
    </p>
   </div>
   <div class='ocr_carea' id='block_1_16' title="bbox 539 1791 2081 1867">
    <p class='ocr_par' dir='ltr' id='par_1_16' title="bbox 539 1791 2081 1867">
     <span class='ocr_line' id='line_1_16' title="bbox 539 1791 2081 1867; baseline -0.008 -9"><span class='ocrx_word' id='word_1_114' title='bbox 539 1800 730 1857; x_wconf 84' lang='lat' dir='ltr'><strong>delicet</strong></span> <span class='ocrx_word' id='word_1_115' title='bbox 773 1799 1081 1855; x_wconf 61' lang='lat' dir='ltr'><strong>a‘stimaudo</strong></span> <span class='ocrx_word' id='word_1_116' title='bbox 1123 1798 1258 1867; x_wconf 87' lang='lat' dir='ltr'><strong>quod</strong></span> <span class='ocrx_word' id='word_1_117' title='bbox 1294 1802 1613 1851; x_wconf 87' lang='lat' dir='ltr'><strong>tentamenta</strong></span> <span class='ocrx_word' id='word_1_118' title='bbox 1638 1794 1886 1848; x_wconf 90' lang='lat' dir='ltr'><strong>vitiorum</strong></span> <span class='ocrx_word' id='word_1_119' title='bbox 1916 1807 1945 1845; x_wconf 88' lang='lat' dir='ltr'><strong>a</strong></span> <span class='ocrx_word' id='word_1_120' title='bbox 1977 1791 2081 1845; x_wconf 88' lang='lat' dir='ltr'><strong>Deo</strong></span> 
     </span>
    </p>
   </div>
   <div class='ocr_carea' id='block_1_17' title="bbox 2183 618 3688 691">
    <p class='ocr_par' dir='ltr' id='par_1_17' title="bbox 2183 618 3688 691">
     <span class='ocr_line' id='line_1_17' title="bbox 2183 618 3688 691; baseline 0.005 -18"><span class='ocrx_word' id='word_1_121' title='bbox 2183 622 2328 675; x_wconf 83' lang='lat' dir='ltr'><strong>vobis</strong></span> <span class='ocrx_word' id='word_1_122' title='bbox 2352 633 2435 677; x_wconf 86' lang='lat' dir='ltr'><strong>est</strong></span> <span class='ocrx_word' id='word_1_123' title='bbox 2462 624 2579 691; x_wconf 88' lang='lat' dir='ltr'><strong>quia</strong></span> <span class='ocrx_word' id='word_1_124' title='bbox 2610 637 2639 675; x_wconf 91' lang='lat' dir='ltr'><strong>a</strong></span> <span class='ocrx_word' id='word_1_125' title='bbox 2665 622 2809 675; x_wconf 50' lang='lat' dir='ltr'><strong>vobis</strong></span> <span class='ocrx_word' id='word_1_126' title='bbox 2852 622 2977 687; x_wconf 87' lang='lat' dir='ltr'><strong>ipsis</strong></span> <span class='ocrx_word' id='word_1_127' title='bbox 3006 620 3260 673; x_wconf 78' lang='lat' dir='ltr'><strong>habuistis</strong></span> <span class='ocrx_word' id='word_1_128' title='bbox 3289 618 3355 672; x_wconf 89' lang='lat' dir='ltr'><strong>ad</strong></span> <span class='ocrx_word' id='word_1_129' title='bbox 3400 619 3495 672; x_wconf 87' lang='lat' dir='ltr'><strong>ima</strong></span> <span class='ocrx_word' id='word_1_130' title='bbox 3527 622 3638 685; x_wconf 85' lang='lat' dir='ltr'><strong>labi.</strong></span> <span class='ocrx_word' id='word_1_131' title='bbox 3664 644 3688 679; x_wconf 88' lang='lat' dir='ltr'><strong>a</strong></span> 
     </span>
    </p>
   </div>
   <div class='ocr_carea' id='block_1_18' title="bbox 2190 708 3693 779">
    <p class='ocr_par' dir='ltr' id='par_1_18' title="bbox 2190 708 3693 779">
     <span class='ocr_line' id='line_1_18' title="bbox 2190 708 3693 779; baseline 0.001 -17"><span class='ocrx_word' id='word_1_132' title='bbox 2190 710 2410 763; x_wconf 84' lang='lat' dir='ltr'><strong>Domino</strong></span> <span class='ocrx_word' id='word_1_133' title='bbox 2439 719 2611 764; x_wconf 89' lang='lat' dir='ltr'><strong>autem</strong></span> <span class='ocrx_word' id='word_1_134' title='bbox 2642 724 2735 763; x_wconf 88' lang='lat' dir='ltr'><strong>vos</strong></span> <span class='ocrx_word' id='word_1_135' title='bbox 2764 708 3031 773; x_wconf 82' lang='lat' dir='ltr'><strong>illustrari,</strong></span> <span class='ocrx_word' id='word_1_136' title='bbox 3068 722 3171 760; x_wconf 92' lang='lat' dir='ltr'><strong>non</strong></span> <span class='ocrx_word' id='word_1_137' title='bbox 3202 715 3374 760; x_wconf 87' lang='lat' dir='ltr'><strong>vestra</strong></span> <span class='ocrx_word' id='word_1_138' title='bbox 3408 709 3693 779; x_wconf 54' lang='lat' dir='ltr'><strong>provisione,</strong></span> 
     </span>
    </p>
   </div>
   <div class='ocr_carea' id='block_1_19' title="bbox 2181 796 3514 869">
    <p class='ocr_par' dir='ltr' id='par_1_19' title="bbox 2181 796 3514 869">
     <span class='ocr_line' id='line_1_19' title="bbox 2181 796 3514 869; baseline -0.004 -16"><span class='ocrx_word' id='word_1_139' title='bbox 2181 800 2273 853; x_wconf 90' lang='lat' dir='ltr'><strong>sed</strong></span> <span class='ocrx_word' id='word_1_140' title='bbox 2299 814 2524 869; x_wconf 88' lang='lat' dir='ltr'><strong>superna</strong></span> <span class='ocrx_word' id='word_1_141' title='bbox 2553 801 2715 868; x_wconf 89' lang='lat' dir='ltr'><strong>gratia</strong></span> <span class='ocrx_word' id='word_1_142' title='bbox 2746 812 2837 851; x_wconf 89' lang='lat' dir='ltr'><strong>vos</strong></span> <span class='ocrx_word' id='word_1_143' title='bbox 2882 797 3233 867; x_wconf 69' lang='lat' dir='ltr'><strong>praeveniente</strong></span> <span class='ocrx_word' id='word_1_144' title='bbox 3278 796 3514 863; x_wconf 71' lang='lat' dir='ltr'><strong>contigit.</strong></span> 
     </span>
    </p>
   </div>
   <div class='ocr_carea' id='block_1_20' title="bbox 2259 889 3702 955">
    <p class='ocr_par' dir='ltr' id='par_1_20' title="bbox 2259 889 3702 955">
     <span class='ocr_line' id='line_1_20' title="bbox 2259 889 3702 955; baseline -0.004 -10"><span class='ocrx_word' id='word_1_145' title='bbox 2259 890 2338 946; x_wconf 85' lang='lat' dir='ltr'><strong>Sit</strong></span> <span class='ocrx_word' id='word_1_146' title='bbox 2369 900 2535 943; x_wconf 87' lang='lat' dir='ltr'><strong>autem</strong></span> <span class='ocrx_word' id='word_1_147' title='bbox 2565 891 2724 943; x_wconf 88' lang='lat' dir='ltr'><strong>omnis</strong></span> <span class='ocrx_word' id='word_1_148' title='bbox 2748 890 2897 941; x_wconf 79' lang='lat' dir='ltr'><strong>homo</strong></span> <span class='ocrx_word' id='word_1_149' title='bbox 2934 889 3075 942; x_wconf 79' lang='lat' dir='ltr'><strong>velox</strong></span> <span class='ocrx_word' id='word_1_150' title='bbox 3100 889 3165 939; x_wconf 90' lang='lat' dir='ltr'><strong>ad</strong></span> <span class='ocrx_word' id='word_1_151' title='bbox 3194 889 3517 955; x_wconf 77' lang='lat' dir='ltr'><strong>audiendum,</strong></span> <span class='ocrx_word' id='word_1_152' title='bbox 3556 892 3702 944; x_wconf 68' lang='lat' dir='ltr'><strong>tardat</strong></span> 
     </span>
    </p>
   </div>
   <div class='ocr_carea' id='block_1_21' title="bbox 2188 978 3707 1049">
    <p class='ocr_par' dir='ltr' id='par_1_21' title="bbox 2188 978 3707 1049">
     <span class='ocr_line' id='line_1_21' title="bbox 2188 978 3707 1049; baseline 0.002 -16"><span class='ocrx_word' id='word_1_153' title='bbox 2188 989 2357 1033; x_wconf 88' lang='lat' dir='ltr'><strong>autem</strong></span> <span class='ocrx_word' id='word_1_154' title='bbox 2404 982 2471 1032; x_wconf 86' lang='lat' dir='ltr'><strong>ad</strong></span> <span class='ocrx_word' id='word_1_155' title='bbox 2500 980 2817 1049; x_wconf 87' lang='lat' dir='ltr'><strong>loquendum.</strong></span> <span class='ocrx_word' id='word_1_156' title='bbox 2860 979 2991 1031; x_wconf 84' lang='lat' dir='ltr'><strong>Hinc</strong></span> <span class='ocrx_word' id='word_1_157' title='bbox 3018 978 3310 1031; x_wconf 83' lang='lat' dir='ltr'><strong>auditorem</strong></span> <span class='ocrx_word' id='word_1_158' title='bbox 3342 980 3612 1035; x_wconf 67' lang='lat' dir='ltr'><strong>molalibus</strong></span> <span class='ocrx_word' id='word_1_159' title='bbox 3636 982 3707 1035; x_wconf 84' lang='lat' dir='ltr'><strong>in-</strong></span> 
     </span>
    </p>
   </div>
   <div class='ocr_carea' id='block_1_22' title="bbox 2184 1073 3703 1143">
    <p class='ocr_par' dir='ltr' id='par_1_22' title="bbox 2184 1073 3703 1143">
     <span class='ocr_line' id='line_1_22' title="bbox 2184 1073 3703 1143; baseline 0.001 -15"><span class='ocrx_word' id='word_1_160' title='bbox 2184 1076 2342 1128; x_wconf 86' lang='lat' dir='ltr'><strong>struit</strong></span> <span class='ocrx_word' id='word_1_161' title='bbox 2388 1075 2687 1143; x_wconf 67' lang='lat' dir='ltr'><strong>praeceptis.</strong></span> <span class='ocrx_word' id='word_1_162' title='bbox 2735 1074 2799 1126; x_wconf 78' lang='lat' dir='ltr'><strong>Et</strong></span> <span class='ocrx_word' id='word_1_163' title='bbox 2848 1082 2991 1127; x_wconf 91' lang='lat' dir='ltr'><strong>recte</strong></span> <span class='ocrx_word' id='word_1_164' title='bbox 3038 1073 3206 1141; x_wconf 91' lang='lat' dir='ltr'><strong>primo</strong></span> <span class='ocrx_word' id='word_1_165' title='bbox 3258 1073 3500 1126; x_wconf 80' lang='lat' dir='ltr'><strong>adnwnet</strong></span> <span class='ocrx_word' id='word_1_166' title='bbox 3546 1090 3703 1131; x_wconf 82' lang='lat' dir='ltr'><strong>aurern</strong></span> 
     </span>
    </p>
   </div>
   <div class='ocr_carea' id='block_1_23' title="bbox 2185 1160 3708 1230">
    <p class='ocr_par' dir='ltr' id='par_1_23' title="bbox 2185 1160 3708 1230">
     <span class='ocr_line' id='line_1_23' title="bbox 2185 1160 3708 1230; baseline 0.001 -15"><span class='ocrx_word' id='word_1_167' title='bbox 2185 1173 2382 1230; x_wconf 89' lang='lat' dir='ltr'><strong>quanto</strong></span> <span class='ocrx_word' id='word_1_168' title='bbox 2408 1162 2561 1217; x_wconf 90' lang='lat' dir='ltr'><strong>citius</strong></span> <span class='ocrx_word' id='word_1_169' title='bbox 2588 1161 2699 1215; x_wconf 83' lang='lat' dir='ltr'><strong>ﬁeri</strong></span> <span class='ocrx_word' id='word_1_170' title='bbox 2733 1168 2905 1228; x_wconf 89' lang='lat' dir='ltr'><strong>potest</strong></span> <span class='ocrx_word' id='word_1_171' title='bbox 2934 1160 3333 1214; x_wconf 87' lang='lat' dir='ltr'><strong>accommodare</strong></span> <span class='ocrx_word' id='word_1_172' title='bbox 3362 1160 3581 1226; x_wconf 88' lang='lat' dir='ltr'><strong>docenti,</strong></span> <span class='ocrx_word' id='word_1_173' title='bbox 3602 1177 3708 1216; x_wconf 87' lang='lat' dir='ltr'><strong>sero</strong></span> 
     </span>
    </p>
   </div>
   <div class='ocr_carea' id='block_1_24' title="bbox 2183 1252 3708 1322">
    <p class='ocr_par' dir='ltr' id='par_1_24' title="bbox 2183 1252 3708 1322">
     <span class='ocr_line' id='line_1_24' title="bbox 2183 1252 3708 1322; baseline -0.001 -14"><span class='ocrx_word' id='word_1_174' title='bbox 2183 1263 2354 1308; x_wconf 88' lang='lat' dir='ltr'><strong>autem</strong></span> <span class='ocrx_word' id='word_1_175' title='bbox 2386 1268 2448 1308; x_wconf 90' lang='lat' dir='ltr'><strong>os</strong></span> <span class='ocrx_word' id='word_1_176' title='bbox 2494 1254 2558 1307; x_wconf 92' lang='lat' dir='ltr'><strong>ad</strong></span> <span class='ocrx_word' id='word_1_177' title='bbox 2607 1252 2898 1306; x_wconf 91' lang='lat' dir='ltr'><strong>docendum</strong></span> <span class='ocrx_word' id='word_1_178' title='bbox 2957 1253 3183 1322; x_wconf 87' lang='lat' dir='ltr'><strong>aperire,</strong></span> <span class='ocrx_word' id='word_1_179' title='bbox 3231 1253 3351 1320; x_wconf 83' lang='lat' dir='ltr'><strong>quia</strong></span> <span class='ocrx_word' id='word_1_180' title='bbox 3410 1252 3611 1305; x_wconf 90' lang='lat' dir='ltr'><strong>stultum</strong></span> <span class='ocrx_word' id='word_1_181' title='bbox 3637 1263 3708 1308; x_wconf 84' lang='lat' dir='ltr'><strong>est</strong></span> 
     </span>
    </p>
   </div>
   <div class='ocr_carea' id='block_1_25' title="bbox 2184 1343 3706 1415">
    <p class='ocr_par' dir='ltr' id='par_1_25' title="bbox 2184 1343 3706 1415">
     <span class='ocr_line' id='line_1_25' title="bbox 2184 1343 3706 1415; baseline -0.001 -15"><span class='ocrx_word' id='word_1_182' title='bbox 2184 1347 2466 1415; x_wconf 88' lang='lat' dir='ltr'><strong>quemlibet</strong></span> <span class='ocrx_word' id='word_1_183' title='bbox 2494 1345 2629 1413; x_wconf 87' lang='lat' dir='ltr'><strong>quod</strong></span> <span class='ocrx_word' id='word_1_184' title='bbox 2679 1346 2791 1413; x_wconf 91' lang='lat' dir='ltr'><strong>ipse</strong></span> <span class='ocrx_word' id='word_1_185' title='bbox 2840 1361 2942 1398; x_wconf 91' lang='lat' dir='ltr'><strong>non</strong></span> <span class='ocrx_word' id='word_1_186' title='bbox 2974 1343 3237 1410; x_wconf 89' lang='lat' dir='ltr'><strong>didicerit,</strong></span> <span class='ocrx_word' id='word_1_187' title='bbox 3283 1345 3402 1398; x_wconf 86' lang='lat' dir='ltr'><strong>aliis</strong></span> <span class='ocrx_word' id='word_1_188' title='bbox 3434 1344 3558 1399; x_wconf 81' lang='lat' dir='ltr'><strong>velle</strong></span> <span class='ocrx_word' id='word_1_189' title='bbox 3586 1361 3706 1411; x_wconf 82' lang='lat' dir='ltr'><strong>pra:-</strong></span> 
     </span>
    </p>
   </div>
   <div class='ocr_carea' id='block_1_26' title="bbox 2184 1428 3708 1503">
    <p class='ocr_par' dir='ltr' id='par_1_26' title="bbox 2184 1428 3708 1503">
     <span class='ocr_line' id='line_1_26' title="bbox 2184 1428 3708 1503; baseline -0.001 -16"><span class='ocrx_word' id='word_1_190' title='bbox 2184 1432 2386 1488; x_wconf 88' lang='lat' dir='ltr'><strong>dicare.</strong></span> <span class='ocrx_word' id='word_1_191' title='bbox 2418 1428 2673 1501; x_wconf 41' lang='lat' dir='ltr'><strong>Qui’ergo</strong></span> <span class='ocrx_word' id='word_1_192' title='bbox 2710 1432 3018 1501; x_wconf 84' lang='lat' dir='ltr'><strong>sapientiam</strong></span> <span class='ocrx_word' id='word_1_193' title='bbox 3049 1432 3237 1502; x_wconf 81' lang='lat' dir='ltr'><strong>diligit,</strong></span> <span class='ocrx_word' id='word_1_194' title='bbox 3270 1433 3461 1501; x_wconf 85' lang='lat' dir='ltr'><strong>primo,</strong></span> <span class='ocrx_word' id='word_1_195' title='bbox 3495 1442 3546 1486; x_wconf 92' lang='lat' dir='ltr'><strong>ut</strong></span> <span class='ocrx_word' id='word_1_196' title='bbox 3572 1449 3708 1503; x_wconf 85' lang='lat' dir='ltr'><strong>supra</strong></span> 
     </span>
    </p>
   </div>
   <div class='ocr_carea' id='block_1_27' title="bbox 2185 1524 3711 1594">
    <p class='ocr_par' dir='ltr' id='par_1_27' title="bbox 2185 1524 3711 1594">
     <span class='ocr_line' id='line_1_27' title="bbox 2185 1524 3711 1594; baseline -0.003 -15"><span class='ocrx_word' id='word_1_197' title='bbox 2185 1524 2488 1589; x_wconf 84' lang='lat' dir='ltr'><strong>admonuit,</strong></span> <span class='ocrx_word' id='word_1_198' title='bbox 2524 1527 2657 1579; x_wconf 89' lang='lat' dir='ltr'><strong>hanc</strong></span> <span class='ocrx_word' id='word_1_199' title='bbox 2685 1542 2712 1578; x_wconf 89' lang='lat' dir='ltr'><strong>a</strong></span> <span class='ocrx_word' id='word_1_200' title='bbox 2763 1525 2871 1579; x_wconf 87' lang='lat' dir='ltr'><strong>Deo</strong></span> <span class='ocrx_word' id='word_1_201' title='bbox 2901 1525 3148 1594; x_wconf 87' lang='lat' dir='ltr'><strong>postulet.</strong></span> <span class='ocrx_word' id='word_1_202' title='bbox 3195 1524 3397 1577; x_wconf 79' lang='lat' dir='ltr'><strong>Dehinc</strong></span> <span class='ocrx_word' id='word_1_203' title='bbox 3435 1526 3711 1592; x_wconf 87' lang='lat' dir='ltr'><strong>magistrum</strong></span> 
     </span>
    </p>
   </div>
   <div class='ocr_carea' id='block_1_28' title="bbox 2198 1612 3710 1682">
    <p class='ocr_par' dir='ltr' id='par_1_28' title="bbox 2198 1612 3710 1682">
     <span class='ocr_line' id='line_1_28' title="bbox 2198 1612 3710 1682; baseline -0.003 -13"><span class='ocrx_word' id='word_1_204' title='bbox 2198 1615 2434 1669; x_wconf 81' lang='lat' dir='ltr'><strong>veritatis</strong></span> <span class='ocrx_word' id='word_1_205' title='bbox 2465 1616 2676 1668; x_wconf 84' lang='lat' dir='ltr'><strong>humilis</strong></span> <span class='ocrx_word' id='word_1_206' title='bbox 2706 1615 2911 1667; x_wconf 84' lang='lat' dir='ltr'><strong>auditor</strong></span> <span class='ocrx_word' id='word_1_207' title='bbox 2943 1615 3191 1682; x_wconf 86' lang='lat' dir='ltr'><strong>inquirat.</strong></span> <span class='ocrx_word' id='word_1_208' title='bbox 3228 1614 3289 1666; x_wconf 81' lang='lat' dir='ltr'><strong>Et</strong></span> <span class='ocrx_word' id='word_1_209' title='bbox 3320 1615 3453 1666; x_wconf 91' lang='lat' dir='ltr'><strong>inter</strong></span> <span class='ocrx_word' id='word_1_210' title='bbox 3481 1612 3710 1681; x_wconf 85' lang='lat' dir='ltr'><strong>agendum</strong></span> 
     </span>
    </p>
   </div>
   <div class='ocr_carea' id='block_1_29' title="bbox 2186 1700 3708 1777">
    <p class='ocr_par' dir='ltr' id='par_1_29' title="bbox 2186 1700 3708 1777">
     <span class='ocr_line' id='line_1_29' title="bbox 2186 1700 3708 1777; baseline -0.001 -19"><span class='ocrx_word' id='word_1_211' title='bbox 2186 1719 2331 1759; x_wconf 89' lang='lat' dir='ltr'><strong>suam</strong></span> <span class='ocrx_word' id='word_1_212' title='bbox 2362 1706 2665 1762; x_wconf 86' lang='lat' dir='ltr'><strong>cautissime</strong></span> <span class='ocrx_word' id='word_1_213' title='bbox 2692 1706 2924 1777; x_wconf 78' lang='lat' dir='ltr'><strong>linguam</strong></span> <span class='ocrx_word' id='word_1_214' title='bbox 2958 1722 3059 1760; x_wconf 93' lang='lat' dir='ltr'><strong>non</strong></span> <span class='ocrx_word' id='word_1_215' title='bbox 3091 1708 3264 1760; x_wconf 90' lang='lat' dir='ltr'><strong>solum</strong></span> <span class='ocrx_word' id='word_1_216' title='bbox 3305 1700 3372 1758; x_wconf 87' lang='lat' dir='ltr'><strong>ab</strong></span> <span class='ocrx_word' id='word_1_217' title='bbox 3403 1705 3577 1759; x_wconf 87' lang='lat' dir='ltr'><strong>otiosis</strong></span> <span class='ocrx_word' id='word_1_218' title='bbox 3604 1719 3708 1759; x_wconf 84' lang='lat' dir='ltr'><strong>ser-</strong></span> 
     </span>
    </p>
   </div>
   <div class='ocr_carea' id='block_1_30' title="bbox 2188 1793 3709 1860">
    <p class='ocr_par' dir='ltr' id='par_1_30' title="bbox 2188 1793 3709 1860">
     <span class='ocr_line' id='line_1_30' title="bbox 2188 1793 3709 1860; baseline -0.001 -12"><span class='ocrx_word' id='word_1_219' title='bbox 2188 1796 2429 1849; x_wconf 89' lang='lat' dir='ltr'><strong>monibus</strong></span> <span class='ocrx_word' id='word_1_220' title='bbox 2452 1806 2713 1860; x_wconf 89' lang='lat' dir='ltr'><strong>coerceat,</strong></span> <span class='ocrx_word' id='word_1_221' title='bbox 2742 1811 2921 1850; x_wconf 88' lang='lat' dir='ltr'><strong>verum</strong></span> <span class='ocrx_word' id='word_1_222' title='bbox 2963 1802 3019 1849; x_wconf 94' lang='lat' dir='ltr'><strong>et</strong></span> <span class='ocrx_word' id='word_1_223' title='bbox 3038 1794 3110 1848; x_wconf 87' lang='lat' dir='ltr'><strong>ab</strong></span> <span class='ocrx_word' id='word_1_224' title='bbox 3138 1795 3248 1859; x_wconf 73' lang='lat' dir='ltr'><strong>ipsa</strong></span> <span class='ocrx_word' id='word_1_225' title='bbox 3281 1808 3435 1860; x_wconf 87' lang='lat' dir='ltr'><strong>quam</strong></span> <span class='ocrx_word' id='word_1_226' title='bbox 3466 1808 3617 1860; x_wconf 84' lang='lat' dir='ltr'><strong>nuper</strong></span> <span class='ocrx_word' id='word_1_227' title='bbox 3639 1793 3709 1846; x_wconf 87' lang='lat' dir='ltr'><strong>di-</strong></span> 
     </span>
    </p>
   </div>
   <div class='ocr_carea' id='block_1_31' title="bbox 542 1883 3710 1961">
    <p class='ocr_par' dir='ltr' id='par_1_31' title="bbox 542 1883 3710 1961">
     <span class='ocr_line' id='line_1_31' title="bbox 542 1883 3710 1961; baseline -0.003 -12"><span class='ocrx_word' id='word_1_228' title='bbox 542 1902 749 1949; x_wconf 89' lang='lat' dir='ltr'><strong>sumant</strong></span> <span class='ocrx_word' id='word_1_229' title='bbox 792 1893 1066 1961; x_wconf 79' lang='lat' dir='ltr'><strong>originem.</strong></span> <span class='ocrx_word' id='word_1_230' title='bbox 1098 1889 1346 1956; x_wconf 83' lang='lat' dir='ltr'><strong>Quamvis</strong></span> <span class='ocrx_word' id='word_1_231' title='bbox 1386 1887 1614 1941; x_wconf 88' lang='lat' dir='ltr'><strong>sciamus</strong></span> <span class='ocrx_word' id='word_1_232' title='bbox 1642 1884 1921 1938; x_wconf 85' lang='lat' dir='ltr'><strong>nonnullos</strong></span> <span class='ocrx_word' id='word_1_233' title='bbox 1962 1885 2082 1936; x_wconf 83' lang='lat' dir='ltr'><strong>exi-</strong></span> <span class='ocrx_word' id='word_1_234' title='bbox 2124 1888 2162 1943; x_wconf 83' lang='grc' dir='ltr'><strong>Β</strong></span> <span class='ocrx_word' id='word_1_235' title='bbox 2190 1885 2312 1938; x_wconf 78' lang='lat' dir='ltr'><strong>dicit</strong></span> <span class='ocrx_word' id='word_1_236' title='bbox 2343 1887 2566 1957; x_wconf 80' lang='lat' dir='ltr'><strong>veritate</strong></span> <span class='ocrx_word' id='word_1_237' title='bbox 2615 1884 2942 1953; x_wconf 73' lang='lat' dir='ltr'><strong>prazdicanda</strong></span> <span class='ocrx_word' id='word_1_238' title='bbox 2975 1885 3262 1940; x_wconf 87' lang='lat' dir='ltr'><strong>contineat.</strong></span> <span class='ocrx_word' id='word_1_239' title='bbox 3313 1883 3445 1937; x_wconf 91' lang='lat' dir='ltr'><strong>llinc</strong></span> <span class='ocrx_word' id='word_1_240' title='bbox 3485 1883 3710 1939; x_wconf 74' lang='lat' dir='ltr'><strong>Salomon</strong></span> 
     </span>
    </p>
   </div>
   <div class='ocr_carea' id='block_1_32' title="bbox 537 1975 2081 2056">
    <p class='ocr_par' dir='ltr' id='par_1_32' title="bbox 537 1975 2081 2056">
     <span class='ocr_line' id='line_1_32' title="bbox 537 1975 2081 2056; baseline -0.008 -16"><span class='ocrx_word' id='word_1_241' title='bbox 537 1986 778 2056; x_wconf 86' lang='lat' dir='ltr'><strong>gentibus</strong></span> <span class='ocrx_word' id='word_1_242' title='bbox 822 1984 1027 2038; x_wconf 86' lang='lat' dir='ltr'><strong>meritis</strong></span> <span class='ocrx_word' id='word_1_243' title='bbox 1076 1979 1484 2049; x_wconf 66' lang='lat' dir='ltr'><strong>praecedentium</strong></span> <span class='ocrx_word' id='word_1_244' title='bbox 1535 1978 1832 2041; x_wconf 88' lang='lat' dir='ltr'><strong>criminum,</strong></span> <span class='ocrx_word' id='word_1_245' title='bbox 1887 1976 1938 2028; x_wconf 91' lang='lat' dir='ltr'><strong>in</strong></span> <span class='ocrx_word' id='word_1_246' title='bbox 1984 1975 2081 2028; x_wconf 90' lang='lat' dir='ltr'><strong>alia</strong></span> 
     </span>
    </p>
   </div>
   <div class='ocr_carea' id='block_1_33' title="bbox 542 2067 2085 2143">
    <p class='ocr_par' dir='ltr' id='par_1_33' title="bbox 542 2067 2085 2143">
     <span class='ocr_line' id='line_1_33' title="bbox 542 2067 2085 2143; baseline -0.006 -14"><span class='ocrx_word' id='word_1_247' title='bbox 542 2089 721 2129; x_wconf 86' lang='lat' dir='ltr'><strong>rursus</strong></span> <span class='ocrx_word' id='word_1_248' title='bbox 758 2073 955 2129; x_wconf 88' lang='lat' dir='ltr'><strong>scelera</strong></span> <span class='ocrx_word' id='word_1_249' title='bbox 995 2072 1137 2143; x_wconf 86' lang='lat' dir='ltr'><strong>justo</strong></span> <span class='ocrx_word' id='word_1_250' title='bbox 1176 2070 1395 2123; x_wconf 90' lang='lat' dir='ltr'><strong>districti</strong></span> <span class='ocrx_word' id='word_1_251' title='bbox 1437 2068 1624 2137; x_wconf 76' lang='lat' dir='ltr'><strong>iudicis</strong></span> <span class='ocrx_word' id='word_1_252' title='bbox 1664 2067 1928 2121; x_wconf 82' lang='lat' dir='ltr'><strong>corruisse</strong></span> <span class='ocrx_word' id='word_1_253' title='bbox 1968 2081 2085 2134; x_wconf 83' lang='lat' dir='ltr'><strong>per-</strong></span> 
     </span>
    </p>
   </div>
   <div class='ocr_carea' id='block_1_34' title="bbox 543 2158 2085 2231">
    <p class='ocr_par' dir='ltr' id='par_1_34' title="bbox 543 2158 2085 2231">
     <span class='ocr_line' id='line_1_34' title="bbox 543 2158 2085 2231; baseline -0.007 -11"><span class='ocrx_word' id='word_1_254' title='bbox 543 2165 723 2221; x_wconf 88' lang='lat' dir='ltr'><strong>missu.</strong></span> <span class='ocrx_word' id='word_1_255' title='bbox 758 2164 906 2220; x_wconf 90' lang='lat' dir='ltr'><strong>Unde</strong></span> <span class='ocrx_word' id='word_1_256' title='bbox 934 2174 1014 2218; x_wconf 88' lang='lat' dir='ltr'><strong>est</strong></span> <span class='ocrx_word' id='word_1_257' title='bbox 1044 2161 1280 2231; x_wconf 85' lang='lat' dir='ltr'><strong>Apostoli</strong></span> <span class='ocrx_word' id='word_1_258' title='bbox 1311 2178 1322 2211; x_wconf 93' lang='lat'>:</span> <span class='ocrx_word' id='word_1_259' title='bbox 1371 2158 1437 2213; x_wconf 84' lang='lat' dir='ltr'><strong>Et</strong></span> <span class='ocrx_word' id='word_1_260' title='bbox 1466 2159 1594 2213; x_wconf 88' lang='lat' dir='ltr'><strong>sicut</strong></span> <span class='ocrx_word' id='word_1_261' title='bbox 1634 2175 1731 2211; x_wconf 86' lang='lat' dir='ltr'><strong>non</strong></span> <span class='ocrx_word' id='word_1_262' title='bbox 1758 2158 2085 2226; x_wconf 83' lang='lat' dir='ltr'><strong>probaverunt</strong></span> 
     </span>
    </p>
   </div>
   <div class='ocr_carea' id='block_1_35' title="bbox 540 2246 2083 2316">
    <p class='ocr_par' dir='ltr' id='par_1_35' title="bbox 540 2246 2083 2316">
     <span class='ocr_line' id='line_1_35' title="bbox 540 2246 2083 2316; baseline -0.006 -9"><span class='ocrx_word' id='word_1_263' title='bbox 540 2252 700 2307; x_wconf 88' lang='lat' dir='ltr'><strong>Deum</strong></span> <span class='ocrx_word' id='word_1_264' title='bbox 722 2253 899 2306; x_wconf 80' lang='lat' dir='ltr'><strong>habere</strong></span> <span class='ocrx_word' id='word_1_265' title='bbox 924 2253 974 2304; x_wconf 88' lang='lat' dir='ltr'><strong>in</strong></span> <span class='ocrx_word' id='word_1_266' title='bbox 998 2251 1197 2312; x_wconf 73' lang='lat' dir='ltr'><strong>notitia,</strong></span> <span class='ocrx_word' id='word_1_267' title='bbox 1220 2248 1428 2302; x_wconf 87' lang='lat' dir='ltr'><strong>tradidit</strong></span> <span class='ocrx_word' id='word_1_268' title='bbox 1454 2248 1568 2301; x_wconf 91' lang='lat' dir='ltr'><strong>illos</strong></span> <span class='ocrx_word' id='word_1_269' title='bbox 1592 2246 1725 2300; x_wconf 83' lang='lat' dir='ltr'><strong>Deus</strong></span> <span class='ocrx_word' id='word_1_270' title='bbox 1748 2247 1797 2298; x_wconf 89' lang='lat' dir='ltr'><strong>in</strong></span> <span class='ocrx_word' id='word_1_271' title='bbox 1821 2246 2083 2316; x_wconf 88' lang='lat' dir='ltr'><strong>reprobum</strong></span> 
     </span>
    </p>
   </div>
   <div class='ocr_carea' id='block_1_36' title="bbox 537 2336 2085 2408">
    <p class='ocr_par' dir='ltr' id='par_1_36' title="bbox 537 2336 2085 2408">
     <span class='ocr_line' id='line_1_36' title="bbox 537 2336 2085 2408; baseline -0.005 -13"><span class='ocrx_word' id='word_1_272' title='bbox 537 2358 757 2407; x_wconf 82' lang='lat' dir='ltr'><strong>sensum,</strong></span> <span class='ocrx_word' id='word_1_273' title='bbox 792 2350 845 2393; x_wconf 81' lang='lat' dir='ltr'><strong>ut</strong></span> <span class='ocrx_word' id='word_1_274' title='bbox 872 2342 1056 2408; x_wconf 68' lang='lat' dir='ltr'><strong>{aciant</strong></span> <span class='ocrx_word' id='word_1_275' title='bbox 1088 2354 1196 2407; x_wconf 81' lang='lat' dir='ltr'><strong>qua:</strong></span> <span class='ocrx_word' id='word_1_276' title='bbox 1222 2354 1324 2391; x_wconf 91' lang='lat' dir='ltr'><strong>non</strong></span> <span class='ocrx_word' id='word_1_277' title='bbox 1355 2339 1666 2401; x_wconf 85' lang='lat' dir='ltr'><strong>conveniunt,</strong></span> <span class='ocrx_word' id='word_1_278' title='bbox 1705 2337 1923 2405; x_wconf 84' lang='lat' dir='ltr'><strong>repletos</strong></span> <span class='ocrx_word' id='word_1_279' title='bbox 1949 2336 2085 2390; x_wconf 88' lang='lat' dir='ltr'><strong>onmi</strong></span> 
     </span>
    </p>
   </div>
   <div class='ocr_carea' id='block_1_37' title="bbox 536 2426 1086 2498">
    <p class='ocr_par' dir='ltr' id='par_1_37' title="bbox 536 2426 1086 2498">
     <span class='ocr_line' id='line_1_37' title="bbox 536 2426 1086 2498; baseline -0.004 -18"><span class='ocrx_word' id='word_1_280' title='bbox 536 2429 793 2497; x_wconf 85' lang='lat' dir='ltr'><strong>iniquitate</strong></span> <span class='ocrx_word' id='word_1_281' title='bbox 822 2427 993 2498; x_wconf 84' lang='lat' dir='ltr'><strong>(Rom.</strong></span> <span class='ocrx_word' id='word_1_282' title='bbox 1028 2426 1086 2496; x_wconf 85' lang='grc' dir='ltr'><strong>ι).</strong></span> 
     </span>
    </p>
   </div>
   <div class='ocr_carea' id='block_1_38' title="bbox 611 2518 2084 2587">
    <p class='ocr_par' dir='ltr' id='par_1_38' title="bbox 611 2518 2084 2587">
     <span class='ocr_line' id='line_1_38' title="bbox 611 2518 2084 2587; baseline -0.003 -15"><span class='ocrx_word' id='word_1_283' title='bbox 611 2519 768 2573; x_wconf 87' lang='lat' dir='ltr'><strong>Omne</strong></span> <span class='ocrx_word' id='word_1_284' title='bbox 797 2520 971 2570; x_wconf 89' lang='lat' dir='ltr'><strong>datum</strong></span> <span class='ocrx_word' id='word_1_285' title='bbox 1009 2518 1267 2587; x_wconf 85' lang='lat' dir='ltr'><strong>optimum,</strong></span> <span class='ocrx_word' id='word_1_286' title='bbox 1310 2525 1357 2570; x_wconf 88' lang='lat' dir='ltr'><strong>et</strong></span> <span class='ocrx_word' id='word_1_287' title='bbox 1404 2533 1545 2570; x_wconf 87' lang='lat' dir='ltr'><strong>omne</strong></span> <span class='ocrx_word' id='word_1_288' title='bbox 1583 2520 1771 2568; x_wconf 85' lang='lat' dir='ltr'><strong>donum</strong></span> <span class='ocrx_word' id='word_1_289' title='bbox 1816 2519 2084 2585; x_wconf 75' lang='lat' dir='ltr'><strong>perfectum</strong></span> 
     </span>
    </p>
   </div>
   <div class='ocr_carea' id='block_1_39' title="bbox 538 2606 2083 2676">
    <p class='ocr_par' dir='ltr' id='par_1_39' title="bbox 538 2606 2083 2676">
     <span class='ocr_line' id='line_1_39' title="bbox 538 2606 2083 2676; baseline -0.001 -13"><span class='ocrx_word' id='word_1_290' title='bbox 538 2612 800 2664; x_wconf 81' lang='lat' dir='ltr'><strong>desursum</strong></span> <span class='ocrx_word' id='word_1_291' title='bbox 830 2618 920 2675; x_wconf 86' lang='lat' dir='ltr'><strong>est,</strong></span> <span class='ocrx_word' id='word_1_292' title='bbox 951 2608 1250 2662; x_wconf 83' lang='lat' dir='ltr'><strong>descendens</strong></span> <span class='ocrx_word' id='word_1_293' title='bbox 1277 2624 1308 2661; x_wconf 94' lang='lat' dir='ltr'><strong>a</strong></span> <span class='ocrx_word' id='word_1_294' title='bbox 1330 2606 1482 2660; x_wconf 85' lang='lat' dir='ltr'><strong>Patre</strong></span> <span class='ocrx_word' id='word_1_295' title='bbox 1510 2608 1775 2660; x_wconf 79' lang='lat' dir='ltr'><strong>luminum.</strong></span> <span class='ocrx_word' id='word_1_296' title='bbox 1806 2606 2083 2676; x_wconf 84' lang='lat' dir='ltr'><strong>Postquam</strong></span> 
     </span>
    </p>
   </div>
   <div class='ocr_carea' id='block_1_40' title="bbox 548 2696 2083 2769">
    <p class='ocr_par' dir='ltr' id='par_1_40' title="bbox 548 2696 2083 2769">
     <span class='ocr_line' id='line_1_40' title="bbox 548 2696 2083 2769; baseline -0.003 -16"><span class='ocrx_word' id='word_1_297' title='bbox 548 2700 725 2755; x_wconf 88' lang='lat' dir='ltr'><strong>docuit</strong></span> <span class='ocrx_word' id='word_1_298' title='bbox 762 2701 882 2753; x_wconf 87' lang='lat' dir='ltr'><strong>vitia</strong></span> <span class='ocrx_word' id='word_1_299' title='bbox 912 2697 1099 2769; x_wconf 90' lang='lat' dir='ltr'><strong>quibus</strong></span> <span class='ocrx_word' id='word_1_300' title='bbox 1131 2708 1409 2763; x_wconf 88' lang='lat' dir='ltr'><strong>tentamur,</strong></span> <span class='ocrx_word' id='word_1_301' title='bbox 1440 2711 1542 2749; x_wconf 92' lang='lat' dir='ltr'><strong>non</strong></span> <span class='ocrx_word' id='word_1_302' title='bbox 1564 2712 1615 2769; x_wconf 15' lang='lat' dir='ltr'><strong>Aa</strong></span> <span class='ocrx_word' id='word_1_303' title='bbox 1644 2696 1750 2749; x_wconf 92' lang='lat' dir='ltr'><strong>Deo</strong></span> <span class='ocrx_word' id='word_1_304' title='bbox 1781 2697 1951 2761; x_wconf 90' lang='lat' dir='ltr'><strong>nobis,</strong></span> <span class='ocrx_word' id='word_1_305' title='bbox 1992 2697 2083 2751; x_wconf 84' lang='lat' dir='ltr'><strong>sed</strong></span> 
     </span>
    </p>
   </div>
   <div class='ocr_carea' id='block_1_41' title="bbox 531 2784 2084 2859">
    <p class='ocr_par' dir='ltr' id='par_1_41' title="bbox 531 2784 2084 2859">
     <span class='ocr_line' id='line_1_41' title="bbox 531 2784 2084 2859; baseline -0.003 -17"><span class='ocrx_word' id='word_1_306' title='bbox 531 2804 572 2842; x_wconf 20' lang='lat' dir='ltr'><strong>ia</strong></span> <span class='ocrx_word' id='word_1_307' title='bbox 601 2789 747 2844; x_wconf 90' lang='lat' dir='ltr'><strong>nobis</strong></span> <span class='ocrx_word' id='word_1_308' title='bbox 777 2790 903 2859; x_wconf 91' lang='lat' dir='ltr'><strong>ipsis</strong></span> <span class='ocrx_word' id='word_1_309' title='bbox 933 2789 1126 2852; x_wconf 85' lang='lat' dir='ltr'><strong>inesse,</strong></span> <span class='ocrx_word' id='word_1_310' title='bbox 1156 2785 1380 2841; x_wconf 90' lang='lat' dir='ltr'><strong>ostendit</strong></span> <span class='ocrx_word' id='word_1_311' title='bbox 1418 2800 1449 2839; x_wconf 89' lang='lat' dir='ltr'><strong>e</strong></span> <span class='ocrx_word' id='word_1_312' title='bbox 1476 2796 1660 2837; x_wconf 90' lang='lat' dir='ltr'><strong>contra</strong></span> <span class='ocrx_word' id='word_1_313' title='bbox 1690 2786 1806 2852; x_wconf 86' lang='lat' dir='ltr'><strong>quia</strong></span> <span class='ocrx_word' id='word_1_314' title='bbox 1838 2784 2084 2852; x_wconf 89' lang='lat' dir='ltr'><strong>quidquid</strong></span> 
     </span>
    </p>
   </div>
   <div class='ocr_carea' id='block_1_42' title="bbox 549 2875 2086 2951">
    <p class='ocr_par' dir='ltr' id='par_1_42' title="bbox 549 2875 2086 2951">
     <span class='ocr_line' id='line_1_42' title="bbox 549 2875 2086 2951; baseline -0.003 -16"><span class='ocrx_word' id='word_1_315' title='bbox 549 2882 669 2937; x_wconf 91' lang='lat' dir='ltr'><strong>boni</strong></span> <span class='ocrx_word' id='word_1_316' title='bbox 711 2884 934 2951; x_wconf 89' lang='lat' dir='ltr'><strong>agimus,</strong></span> <span class='ocrx_word' id='word_1_317' title='bbox 967 2882 1065 2935; x_wconf 91' lang='lat' dir='ltr'><strong>hoc</strong></span> <span class='ocrx_word' id='word_1_318' title='bbox 1093 2880 1198 2934; x_wconf 92' lang='lat' dir='ltr'><strong>Deo</strong></span> <span class='ocrx_word' id='word_1_319' title='bbox 1224 2879 1455 2933; x_wconf 90' lang='lat' dir='ltr'><strong>donante</strong></span> <span class='ocrx_word' id='word_1_320' title='bbox 1489 2876 1824 2947; x_wconf 85' lang='lat' dir='ltr'><strong>percipimus.</strong></span> <span class='ocrx_word' id='word_1_321' title='bbox 1860 2875 2005 2931; x_wconf 90' lang='lat' dir='ltr'><strong>Unde</strong></span> <span class='ocrx_word' id='word_1_322' title='bbox 2033 2885 2086 2931; x_wconf 93' lang='lat' dir='ltr'><strong>et</strong></span> 
     </span>
    </p>
   </div>
   <div class='ocr_carea' id='block_1_43' title="bbox 531 2968 2083 3039">
    <p class='ocr_par' dir='ltr' id='par_1_43' title="bbox 531 2968 2083 3039">
     <span class='ocr_line' id='line_1_43' title="bbox 531 2968 2083 3039; baseline -0.003 -12"><span class='ocrx_word' id='word_1_323' title='bbox 531 2968 664 3027; x_wconf 77' lang='lat' dir='ltr'><strong>eum</strong></span> <span class='ocrx_word' id='word_1_324' title='bbox 688 2972 899 3027; x_wconf 83' lang='lat' dir='ltr'><strong>Patrem</strong></span> <span class='ocrx_word' id='word_1_325' title='bbox 944 2972 1197 3026; x_wconf 91' lang='lat' dir='ltr'><strong>luminum</strong></span> <span class='ocrx_word' id='word_1_326' title='bbox 1227 2971 1475 3039; x_wconf 83' lang='lat' dir='ltr'><strong>appellat,</strong></span> <span class='ocrx_word' id='word_1_327' title='bbox 1502 2983 1655 3038; x_wconf 88' lang='lat' dir='ltr'><strong>quem</strong></span> <span class='ocrx_word' id='word_1_328' title='bbox 1693 2980 1957 3023; x_wconf 85' lang='lat' dir='ltr'><strong>auctorem</strong></span> <span class='ocrx_word' id='word_1_329' title='bbox 1988 2984 2083 3022; x_wconf 86' lang='lat' dir='ltr'><strong>uo-</strong></span> 
     </span>
    </p>
   </div>
   <div class='ocr_carea' id='block_1_44' title="bbox 538 3056 2084 3130">
    <p class='ocr_par' dir='ltr' id='par_1_44' title="bbox 538 3056 2084 3130">
     <span class='ocr_line' id='line_1_44' title="bbox 538 3056 2084 3130; baseline -0.003 -14"><span class='ocrx_word' id='word_1_330' title='bbox 538 3063 614 3116; x_wconf 64' lang='lat' dir='ltr'><strong>~it</strong></span> <span class='ocrx_word' id='word_1_331' title='bbox 667 3060 1433 3130; x_wconf 79' lang='lat' dir='ltr'><strong>spiritaliumcharismatum.</strong></span> <span class='ocrx_word' id='word_1_332' title='bbox 1506 3057 1603 3111; x_wconf 89' lang='lat' dir='ltr'><strong>Cui</strong></span> <span class='ocrx_word' id='word_1_333' title='bbox 1656 3056 2084 3112; x_wconf 12' lang='lat' dir='ltr'><strong>consonatsillud</strong></span> 
     </span>
    </p>
   </div>
   <div class='ocr_carea' id='block_1_45' title="bbox 541 3146 2085 3221">
    <p class='ocr_par' dir='ltr' id='par_1_45' title="bbox 541 3146 2085 3221">
     <span class='ocr_line' id='line_1_45' title="bbox 541 3146 2085 3221; baseline 0 -18"><span class='ocrx_word' id='word_1_334' title='bbox 541 3150 760 3221; x_wconf 60' lang='lat' dir='ltr'><strong>.prSIOIi</strong></span> <span class='ocrx_word' id='word_1_335' title='bbox 793 3148 941 3205; x_wconf 85' lang='lat' dir='ltr'><strong>Pauli</strong></span> <span class='ocrx_word' id='word_1_336' title='bbox 981 3169 992 3202; x_wconf 86' lang='lat'><strong>:</strong></span> <span class='ocrx_word' id='word_1_337' title='bbox 1029 3148 1162 3213; x_wconf 85' lang='lat' dir='ltr'><strong>Quid</strong></span> <span class='ocrx_word' id='word_1_338' title='bbox 1189 3151 1316 3203; x_wconf 84' lang='lat' dir='ltr'><strong>enim</strong></span> <span class='ocrx_word' id='word_1_339' title='bbox 1342 3146 1493 3202; x_wconf 78' lang='lat' dir='ltr'><strong>habes</strong></span> <span class='ocrx_word' id='word_1_340' title='bbox 1521 3147 1655 3217; x_wconf 86' lang='lat' dir='ltr'><strong>quod</strong></span> <span class='ocrx_word' id='word_1_341' title='bbox 1685 3163 1783 3202; x_wconf 89' lang='lat' dir='ltr'><strong>non</strong></span> <span class='ocrx_word' id='word_1_342' title='bbox 1811 3150 2085 3217; x_wconf 77' lang='lat' dir='ltr'><strong>accepisti?</strong></span> 
     </span>
    </p>
   </div>
   <div class='ocr_carea' id='block_1_46' title="bbox 540 3237 863 3309">
    <p class='ocr_par' dir='ltr' id='par_1_46' title="bbox 540 3237 863 3309">
     <span class='ocr_line' id='line_1_46' title="bbox 540 3237 863 3309; baseline 0.009 -18"><span class='ocrx_word' id='word_1_343' title='bbox 540 3238 589 3309; x_wconf 85' lang='grc' dir='ltr'><strong>(ι</strong></span> <span class='ocrx_word' id='word_1_344' title='bbox 619 3237 734 3294; x_wconf 89' lang='lat' dir='ltr'><strong>Cor.</strong></span> <span class='ocrx_word' id='word_1_345' title='bbox 767 3238 863 3308; x_wconf 87' lang='lat' dir='ltr'><strong>tv.)</strong></span> 
     </span>
    </p>
   </div>
   <div class='ocr_carea' id='block_1_47' title="bbox 612 3326 2083 3397">
    <p class='ocr_par' dir='ltr' id='par_1_47' title="bbox 612 3326 2083 3397">
     <span class='ocr_line' id='line_1_47' title="bbox 612 3326 2083 3397; baseline 0 -16"><span class='ocrx_word' id='word_1_346' title='bbox 612 3326 758 3397; x_wconf 78' lang='lat' dir='ltr'><strong>Apud</strong></span> <span class='ocrx_word' id='word_1_347' title='bbox 793 3342 938 3396; x_wconf 83' lang='lat' dir='ltr'><strong>quem</strong></span> <span class='ocrx_word' id='word_1_348' title='bbox 968 3343 1069 3379; x_wconf 87' lang='lat' dir='ltr'><strong>non</strong></span> <span class='ocrx_word' id='word_1_349' title='bbox 1098 3336 1167 3380; x_wconf 91' lang='lat' dir='ltr'><strong>est</strong></span> <span class='ocrx_word' id='word_1_350' title='bbox 1195 3326 1572 3388; x_wconf 87' lang='lat' dir='ltr'><strong>transmutatio.</strong></span> <span class='ocrx_word' id='word_1_351' title='bbox 1604 3342 1692 3379; x_wconf 91' lang='lat' dir='ltr'><strong>nec</strong></span> <span class='ocrx_word' id='word_1_352' title='bbox 1719 3327 2083 3381; x_wconf 69' lang='lat' dir='ltr'><strong>vicissitudinis</strong></span> 
     </span>
    </p>
   </div>
   <div class='ocr_carea' id='block_1_48' title="bbox 553 3416 2083 3485">
    <p class='ocr_par' dir='ltr' id='par_1_48' title="bbox 553 3416 2083 3485">
     <span class='ocr_line' id='line_1_48' title="bbox 553 3416 2083 3485; baseline 0 -13"><span class='ocrx_word' id='word_1_353' title='bbox 553 3418 882 3472; x_wconf 79' lang='lat' dir='ltr'><strong>obnmbratio.</strong></span> <span class='ocrx_word' id='word_1_354' title='bbox 938 3418 1065 3484; x_wconf 84' lang='lat' dir='ltr'><strong>Quia</strong></span> <span class='ocrx_word' id='word_1_355' title='bbox 1096 3418 1145 3471; x_wconf 93' lang='lat' dir='ltr'><strong>in</strong></span> <span class='ocrx_word' id='word_1_356' title='bbox 1179 3417 1269 3471; x_wconf 91' lang='lat' dir='ltr'><strong>Dei</strong></span> <span class='ocrx_word' id='word_1_357' title='bbox 1302 3425 1481 3470; x_wconf 87' lang='lat' dir='ltr'><strong>natura</strong></span> <span class='ocrx_word' id='word_1_358' title='bbox 1512 3416 1825 3471; x_wconf 86' lang='lat' dir='ltr'><strong>mutabilitas</strong></span> <span class='ocrx_word' id='word_1_359' title='bbox 1855 3433 1956 3471; x_wconf 91' lang='lat' dir='ltr'><strong>non</strong></span> <span class='ocrx_word' id='word_1_360' title='bbox 1984 3429 2083 3485; x_wconf 90' lang='lat' dir='ltr'><strong>est,</strong></span> 
     </span>
    </p>
   </div>
   <div class='ocr_carea' id='block_1_49' title="bbox 546 3509 2085 3581">
    <p class='ocr_par' dir='ltr' id='par_1_49' title="bbox 546 3509 2085 3581">
     <span class='ocr_line' id='line_1_49' title="bbox 546 3509 2085 3581; baseline -0.003 -14"><span class='ocrx_word' id='word_1_361' title='bbox 546 3526 715 3581; x_wconf 88' lang='lat' dir='ltr'><strong>neque</strong></span> <span class='ocrx_word' id='word_1_362' title='bbox 744 3511 919 3565; x_wconf 88' lang='lat' dir='ltr'><strong>lumen</strong></span> <span class='ocrx_word' id='word_1_363' title='bbox 967 3510 1080 3578; x_wconf 84' lang='lat' dir='ltr'><strong>ejus</strong></span> <span class='ocrx_word' id='word_1_364' title='bbox 1110 3509 1247 3562; x_wconf 86' lang='lat' dir='ltr'><strong>sicut</strong></span> <span class='ocrx_word' id='word_1_365' title='bbox 1295 3510 1468 3562; x_wconf 86' lang='lat' dir='ltr'><strong>lumen</strong></span> <span class='ocrx_word' id='word_1_366' title='bbox 1507 3509 1659 3577; x_wconf 83' lang='lat' dir='ltr'><strong>hujus</strong></span> <span class='ocrx_word' id='word_1_367' title='bbox 1704 3510 1883 3562; x_wconf 91' lang='lat' dir='ltr'><strong>mundi</strong></span> <span class='ocrx_word' id='word_1_368' title='bbox 1914 3510 2085 3573; x_wconf 72' lang='lat' dir='ltr'><strong>aliqua</strong></span> 
     </span>
    </p>
   </div>
   <div class='ocr_carea' id='block_1_50' title="bbox 540 3599 2086 3669">
    <p class='ocr_par' dir='ltr' id='par_1_50' title="bbox 540 3599 2086 3669">
     <span class='ocr_line' id='line_1_50' title="bbox 540 3599 2086 3669; baseline 0.001 -15"><span class='ocrx_word' id='word_1_369' title='bbox 540 3602 921 3657; x_wconf 83' lang='lat' dir='ltr'><strong>vicissitudinis</strong></span> <span class='ocrx_word' id='word_1_370' title='bbox 968 3600 1151 3653; x_wconf 87' lang='lat' dir='ltr'><strong>umbra</strong></span> <span class='ocrx_word' id='word_1_371' title='bbox 1204 3599 1487 3663; x_wconf 88' lang='lat' dir='ltr'><strong>intercidit,</strong></span> <span class='ocrx_word' id='word_1_372' title='bbox 1538 3600 1697 3667; x_wconf 87' lang='lat' dir='ltr'><strong>liquet</strong></span> <span class='ocrx_word' id='word_1_373' title='bbox 1741 3604 1919 3669; x_wconf 89' lang='lat' dir='ltr'><strong>utique</strong></span> <span class='ocrx_word' id='word_1_374' title='bbox 1966 3601 2086 3668; x_wconf 86' lang='lat' dir='ltr'><strong>quia</strong></span> 
     </span>
    </p>
   </div>
   <div class='ocr_carea' id='block_1_51' title="bbox 538 3688 2086 3755">
    <p class='ocr_par' dir='ltr' id='par_1_51' title="bbox 538 3688 2086 3755">
     <span class='ocr_line' id='line_1_51' title="bbox 538 3688 2086 3755; baseline -0.001 -8"><span class='ocrx_word' id='word_1_375' title='bbox 538 3693 655 3747; x_wconf 74' lang='lat' dir='ltr'><strong>sola</strong></span> <span class='ocrx_word' id='word_1_376' title='bbox 686 3691 837 3748; x_wconf 63' lang='lat' dir='ltr'><strong>nobis</strong></span> <span class='ocrx_word' id='word_1_377' title='bbox 866 3693 1002 3744; x_wconf 89' lang='lat' dir='ltr'><strong>dona</strong></span> <span class='ocrx_word' id='word_1_378' title='bbox 1033 3688 1186 3755; x_wconf 90' lang='lat' dir='ltr'><strong>lucis,</strong></span> <span class='ocrx_word' id='word_1_379' title='bbox 1217 3698 1271 3742; x_wconf 89' lang='lat' dir='ltr'><strong>et</strong></span> <span class='ocrx_word' id='word_1_380' title='bbox 1299 3704 1400 3742; x_wconf 91' lang='lat' dir='ltr'><strong>non</strong></span> <span class='ocrx_word' id='word_1_381' title='bbox 1428 3690 1584 3743; x_wconf 89' lang='lat' dir='ltr'><strong>etiam</strong></span> <span class='ocrx_word' id='word_1_382' title='bbox 1617 3690 1859 3745; x_wconf 87' lang='lat' dir='ltr'><strong>tenebras</strong></span> <span class='ocrx_word' id='word_1_383' title='bbox 1888 3691 2086 3745; x_wconf 88' lang='lat' dir='ltr'><strong>immit-</strong></span> 
     </span>
    </p>
   </div>
   <div class='ocr_carea' id='block_1_52' title="bbox 543 3783 890 3837">
    <p class='ocr_par' dir='ltr' id='par_1_52' title="bbox 543 3783 890 3837">
     <span class='ocr_line' id='line_1_52' title="bbox 543 3783 890 3837; baseline -0.006 0"><span class='ocrx_word' id='word_1_384' title='bbox 543 3783 602 3837; x_wconf 88' lang='lat' dir='ltr'><strong>tit</strong></span> <span class='ocrx_word' id='word_1_385' title='bbox 631 3796 890 3837; x_wconf 89' lang='lat' dir='ltr'><strong>errorum.</strong></span> 
     </span>
    </p>
   </div>
   <div class='ocr_carea' id='block_1_53' title="bbox 629 3868 2087 3937">
    <p class='ocr_par' dir='ltr' id='par_1_53' title="bbox 629 3868 2087 3937">
     <span class='ocr_line' id='line_1_53' title="bbox 629 3868 2087 3937; baseline 0 -16"><span class='ocrx_word' id='word_1_386' title='bbox 629 3868 920 3921; x_wconf 84' lang='lat' dir='ltr'><strong>Voluntarie</strong></span> <span class='ocrx_word' id='word_1_387' title='bbox 949 3869 1078 3920; x_wconf 89' lang='lat' dir='ltr'><strong>enim</strong></span> <span class='ocrx_word' id='word_1_388' title='bbox 1105 3869 1273 3937; x_wconf 86' lang='lat' dir='ltr'><strong>genuit</strong></span> <span class='ocrx_word' id='word_1_389' title='bbox 1312 3885 1401 3922; x_wconf 90' lang='lat' dir='ltr'><strong>nos</strong></span> <span class='ocrx_word' id='word_1_390' title='bbox 1430 3870 1573 3923; x_wconf 81' lang='lat' dir='ltr'><strong>verbo</strong></span> <span class='ocrx_word' id='word_1_391' title='bbox 1610 3869 1847 3922; x_wconf 82' lang='lat' dir='ltr'><strong>veritatis.</strong></span> <span class='ocrx_word' id='word_1_392' title='bbox 1888 3868 1951 3922; x_wconf 81' lang='lat' dir='ltr'><strong>Et</strong></span> <span class='ocrx_word' id='word_1_393' title='bbox 1986 3868 2087 3921; x_wconf 85' lang='lat' dir='ltr'><strong>Do—</strong></span> 
     </span>
    </p>
   </div>
   <div class='ocr_carea' id='block_1_54' title="bbox 536 3955 2088 4027">
    <p class='ocr_par' dir='ltr' id='par_1_54' title="bbox 536 3955 2088 4027">
     <span class='ocr_line' id='line_1_54' title="bbox 536 3955 2088 4027; baseline -0.001 -17"><span class='ocrx_word' id='word_1_394' title='bbox 536 3957 720 4011; x_wconf 76' lang='lat' dir='ltr'><strong>minus</strong></span> <span class='ocrx_word' id='word_1_395' title='bbox 762 3956 812 4009; x_wconf 93' lang='lat' dir='ltr'><strong>in</strong></span> <span class='ocrx_word' id='word_1_396' title='bbox 843 3955 1127 4023; x_wconf 67' lang='lat' dir='ltr'><strong>Evangelia</strong></span> <span class='ocrx_word' id='word_1_397' title='bbox 1160 3974 1172 4008; x_wconf 87' lang='lat'><strong>:</strong></span> <span class='ocrx_word' id='word_1_398' title='bbox 1205 3956 1323 4009; x_wconf 85' lang='lat' dir='ltr'><strong>Non</strong></span> <span class='ocrx_word' id='word_1_399' title='bbox 1363 3975 1444 4011; x_wconf 88' lang='lat' dir='ltr'><strong>vos</strong></span> <span class='ocrx_word' id='word_1_400' title='bbox 1489 3973 1566 4010; x_wconf 90' lang='lat' dir='ltr'><strong>me</strong></span> <span class='ocrx_word' id='word_1_401' title='bbox 1605 3956 1839 4027; x_wconf 83' lang='lat' dir='ltr'><strong>elegistis,</strong></span> <span class='ocrx_word' id='word_1_402' title='bbox 1883 3958 1970 4010; x_wconf 89' lang='lat' dir='ltr'><strong>sed</strong></span> <span class='ocrx_word' id='word_1_403' title='bbox 1998 3972 2088 4026; x_wconf 88' lang='lat' dir='ltr'><strong>ego</strong></span> 
     </span>
    </p>
   </div>
   <div class='ocr_carea' id='block_1_55' title="bbox 536 4045 2088 4119">
    <p class='ocr_par' dir='ltr' id='par_1_55' title="bbox 536 4045 2088 4119">
     <span class='ocr_line' id='line_1_55' title="bbox 536 4045 2088 4119; baseline 0 -18"><span class='ocrx_word' id='word_1_404' title='bbox 536 4049 668 4116; x_wconf 83' lang='lat' dir='ltr'><strong>elegi</strong></span> <span class='ocrx_word' id='word_1_405' title='bbox 700 4063 780 4100; x_wconf 85' lang='lat' dir='ltr'><strong>vos</strong></span> <span class='ocrx_word' id='word_1_406' title='bbox 804 4045 982 4115; x_wconf 82' lang='lat' dir='ltr'><strong>(Joan.</strong></span> <span class='ocrx_word' id='word_1_407' title='bbox 1031 4048 1136 4113; x_wconf 89' lang='lat' dir='ltr'><strong>xv).</strong></span> <span class='ocrx_word' id='word_1_408' title='bbox 1172 4048 1236 4100; x_wconf 83' lang='lat' dir='ltr'><strong>Et</strong></span> <span class='ocrx_word' id='word_1_409' title='bbox 1279 4049 1329 4101; x_wconf 93' lang='lat' dir='ltr'><strong>in</strong></span> <span class='ocrx_word' id='word_1_410' title='bbox 1359 4049 1492 4102; x_wconf 88' lang='lat' dir='ltr'><strong>Osea</strong></span> <span class='ocrx_word' id='word_1_411' title='bbox 1538 4050 1790 4117; x_wconf 84' lang='lat' dir='ltr'><strong>propheta</strong></span> <span class='ocrx_word' id='word_1_412' title='bbox 1822 4068 1833 4102; x_wconf 88' lang='lat'>:</span> <span class='ocrx_word' id='word_1_413' title='bbox 1869 4048 2088 4119; x_wconf 83' lang='lat' dir='ltr'><strong>Diligam</strong></span> 
     </span>
    </p>
   </div>
   <div class='ocr_carea' id='block_1_56' title="bbox 543 4134 2088 4206">
    <p class='ocr_par' dir='ltr' id='par_1_56' title="bbox 543 4134 2088 4206">
     <span class='ocr_line' id='line_1_56' title="bbox 543 4134 2088 4206; baseline 0.001 -16"><span class='ocrx_word' id='word_1_414' title='bbox 543 4152 629 4190; x_wconf 84' lang='lat' dir='ltr'><strong>eos</strong></span> <span class='ocrx_word' id='word_1_415' title='bbox 677 4146 941 4204; x_wconf 84' lang='lat' dir='ltr'><strong>spontanee</strong></span> <span class='ocrx_word' id='word_1_416' title='bbox 967 4134 1109 4205; x_wconf 82' lang='lat' dir='ltr'><strong>(Ose.</strong></span> <span class='ocrx_word' id='word_1_417' title='bbox 1144 4136 1275 4205; x_wconf 80' lang='lat' dir='ltr'><strong>xiv).</strong></span> <span class='ocrx_word' id='word_1_418' title='bbox 1317 4138 1463 4203; x_wconf 87' lang='lat' dir='ltr'><strong>Quod</strong></span> <span class='ocrx_word' id='word_1_419' title='bbox 1492 4153 1616 4206; x_wconf 87' lang='lat' dir='ltr'><strong>ergo</strong></span> <span class='ocrx_word' id='word_1_420' title='bbox 1658 4138 1896 4192; x_wconf 80' lang='lat' dir='ltr'><strong>dixerat:</strong></span> <span class='ocrx_word' id='word_1_421' title='bbox 1929 4138 2088 4192; x_wconf 81' lang='lat' dir='ltr'><strong>Omne</strong></span> 
     </span>
    </p>
   </div>
   <div class='ocr_carea' id='block_1_57' title="bbox 550 4227 2087 4299">
    <p class='ocr_par' dir='ltr' id='par_1_57' title="bbox 550 4227 2087 4299">
     <span class='ocr_line' id='line_1_57' title="bbox 550 4227 2087 4299; baseline 0.003 -21"><span class='ocrx_word' id='word_1_422' title='bbox 550 4228 725 4278; x_wconf 85' lang='lat' dir='ltr'><strong>datum</strong></span> <span class='ocrx_word' id='word_1_423' title='bbox 778 4227 1039 4295; x_wconf 87' lang='lat' dir='ltr'><strong>optimum,</strong></span> <span class='ocrx_word' id='word_1_424' title='bbox 1088 4239 1131 4279; x_wconf 89' lang='lat' dir='ltr'><strong>et</strong></span> <span class='ocrx_word' id='word_1_425' title='bbox 1181 4243 1323 4280; x_wconf 89' lang='lat' dir='ltr'><strong>omne</strong></span> <span class='ocrx_word' id='word_1_426' title='bbox 1365 4230 1544 4281; x_wconf 86' lang='lat' dir='ltr'><strong>donum</strong></span> <span class='ocrx_word' id='word_1_427' title='bbox 1594 4233 1865 4299; x_wconf 78' lang='lat' dir='ltr'><strong>perfectum</strong></span> <span class='ocrx_word' id='word_1_428' title='bbox 1903 4246 1933 4281; x_wconf 93' lang='lat' dir='ltr'><strong>a</strong></span> <span class='ocrx_word' id='word_1_429' title='bbox 1982 4227 2087 4282; x_wconf 82' lang='lat' dir='ltr'><strong>Deo</strong></span> 
     </span>
    </p>
   </div>
   <div class='ocr_carea' id='block_1_58' title="bbox 548 4304 2087 4385">
    <p class='ocr_par' dir='ltr' id='par_1_58' title="bbox 548 4304 2087 4385">
     <span class='ocr_line' id='line_1_58' title="bbox 548 4304 2087 4385; baseline 0.001 -18"><span class='ocrx_word' id='word_1_430' title='bbox 548 4316 867 4382; x_wconf 81' lang='lat' dir='ltr'><strong>descendere,</strong></span> <span class='ocrx_word' id='word_1_431' title='bbox 902 4327 1280 4385; x_wconf 80' lang='lat' dir='ltr'><strong>consequenter</strong></span> <span class='ocrx_word' id='word_1_432' title='bbox 1306 4318 1495 4370; x_wconf 89' lang='lat' dir='ltr'><strong>astruit</strong></span> <span class='ocrx_word' id='word_1_433' title='bbox 1534 4304 1803 4381; x_wconf 59' lang='lat' dir='ltr'><strong>addendo;</strong></span> <span class='ocrx_word' id='word_1_434' title='bbox 1834 4318 1951 4385; x_wconf 88' lang='lat' dir='ltr'><strong>quia</strong></span> <span class='ocrx_word' id='word_1_435' title='bbox 1982 4332 2087 4370; x_wconf 85' lang='lat' dir='ltr'><strong>non</strong></span> 
     </span>
    </p>
   </div>
   <div class='ocr_carea' id='block_1_59' title="bbox 553 4407 2089 4479">
    <p class='ocr_par' dir='ltr' id='par_1_59' title="bbox 553 4407 2089 4479">
     <span class='ocr_line' id='line_1_59' title="bbox 553 4407 2089 4479; baseline 0.006 -23"><span class='ocrx_word' id='word_1_436' title='bbox 553 4407 749 4459; x_wconf 85' lang='lat' dir='ltr'><strong>nostris</strong></span> <span class='ocrx_word' id='word_1_437' title='bbox 798 4407 1017 4469; x_wconf 86' lang='lat' dir='ltr'><strong>meritis,</strong></span> <span class='ocrx_word' id='word_1_438' title='bbox 1067 4408 1159 4461; x_wconf 91' lang='lat' dir='ltr'><strong>sed</strong></span> <span class='ocrx_word' id='word_1_439' title='bbox 1210 4422 1319 4461; x_wconf 70' lang='lat' dir='ltr'><strong>suae</strong></span> <span class='ocrx_word' id='word_1_440' title='bbox 1368 4408 1623 4462; x_wconf 80' lang='lat' dir='ltr'><strong>beneﬁcio</strong></span> <span class='ocrx_word' id='word_1_441' title='bbox 1664 4410 1963 4476; x_wconf 81' lang='lat' dir='ltr'><strong>voluntatis,</strong></span> <span class='ocrx_word' id='word_1_442' title='bbox 1997 4424 2089 4479; x_wconf 89' lang='lat' dir='ltr'><strong>per</strong></span> 
     </span>
    </p>
   </div>
   <div class='ocr_carea' id='block_1_60' title="bbox 550 4497 2084 4565">
    <p class='ocr_par' dir='ltr' id='par_1_60' title="bbox 550 4497 2084 4565">
     <span class='ocr_line' id='line_1_60' title="bbox 550 4497 2084 4565; baseline 0.005 -17"><span class='ocrx_word' id='word_1_443' title='bbox 550 4508 740 4562; x_wconf 86' lang='lat' dir='ltr'><strong>aquam</strong></span> <span class='ocrx_word' id='word_1_444' title='bbox 770 4498 1197 4565; x_wconf 86' lang='lat' dir='ltr'><strong>regenerationis,</strong></span> <span class='ocrx_word' id='word_1_445' title='bbox 1241 4498 1304 4551; x_wconf 87' lang='lat' dir='ltr'><strong>de</strong></span> <span class='ocrx_word' id='word_1_446' title='bbox 1349 4497 1468 4552; x_wconf 85' lang='lat' dir='ltr'><strong>liliis</strong></span> <span class='ocrx_word' id='word_1_447' title='bbox 1515 4500 1847 4552; x_wconf 90' lang='lat' dir='ltr'><strong>tenebrarum</strong></span> <span class='ocrx_word' id='word_1_448' title='bbox 1900 4515 1994 4553; x_wconf 92' lang='lat' dir='ltr'><strong>nos</strong></span> <span class='ocrx_word' id='word_1_449' title='bbox 2034 4501 2084 4555; x_wconf 90' lang='lat' dir='ltr'><strong>in</strong></span> 
     </span>
    </p>
   </div>
   <div class='ocr_carea' id='block_1_61' title="bbox 548 4584 1144 4639">
    <p class='ocr_par' dir='ltr' id='par_1_61' title="bbox 548 4584 1144 4639">
     <span class='ocr_line' id='line_1_61' title="bbox 548 4584 1144 4639; baseline 0.003 -4"><span class='ocrx_word' id='word_1_450' title='bbox 548 4584 681 4636; x_wconf 85' lang='lat' dir='ltr'><strong>lilios</strong></span> <span class='ocrx_word' id='word_1_451' title='bbox 701 4584 829 4638; x_wconf 91' lang='lat' dir='ltr'><strong>lucis</strong></span> <span class='ocrx_word' id='word_1_452' title='bbox 851 4587 1144 4639; x_wconf 84' lang='lat' dir='ltr'><strong>mutaverit.</strong></span> 
     </span>
    </p>
   </div>
   <div class='ocr_carea' id='block_1_62' title="bbox 619 4673 2088 4746">
    <p class='ocr_par' dir='ltr' id='par_1_62' title="bbox 619 4673 2088 4746">
     <span class='ocr_line' id='line_1_62' title="bbox 619 4673 2088 4746; baseline 0.003 -19"><span class='ocrx_word' id='word_1_453' title='bbox 619 4673 683 4727; x_wconf 88' lang='lat' dir='ltr'><strong>Ut</strong></span> <span class='ocrx_word' id='word_1_454' title='bbox 714 4676 885 4727; x_wconf 86' lang='lat' dir='ltr'><strong>simus</strong></span> <span class='ocrx_word' id='word_1_455' title='bbox 908 4676 1103 4728; x_wconf 89' lang='lat' dir='ltr'><strong>initium</strong></span> <span class='ocrx_word' id='word_1_456' title='bbox 1149 4677 1352 4743; x_wconf 88' lang='lat' dir='ltr'><strong>aliquod</strong></span> <span class='ocrx_word' id='word_1_457' title='bbox 1381 4686 1623 4730; x_wconf 65' lang='lat' dir='ltr'><strong>creatura</strong></span> <span class='ocrx_word' id='word_1_458' title='bbox 1664 4678 1793 4746; x_wconf 87' lang='lat' dir='ltr'><strong>ejus.</strong></span> <span class='ocrx_word' id='word_1_459' title='bbox 1838 4677 1913 4731; x_wconf 86' lang='lat' dir='ltr'><strong>Ne</strong></span> <span class='ocrx_word' id='word_1_460' title='bbox 1946 4678 1998 4731; x_wconf 90' lang='lat' dir='ltr'><strong>in</strong></span> <span class='ocrx_word' id='word_1_461' title='bbox 2024 4691 2088 4732; x_wconf 89' lang='lat' dir='ltr'><strong>eo</strong></span> 
     </span>
    </p>
   </div>
   <div class='ocr_carea' id='block_1_63' title="bbox 544 4764 2089 4834">
    <p class='ocr_par' dir='ltr' id='par_1_63' title="bbox 544 4764 2089 4834">
     <span class='ocr_line' id='line_1_63' title="bbox 544 4764 2089 4834; baseline 0.002 -17"><span class='ocrx_word' id='word_1_462' title='bbox 544 4764 685 4832; x_wconf 87' lang='lat' dir='ltr'><strong>quod</strong></span> <span class='ocrx_word' id='word_1_463' title='bbox 713 4766 786 4816; x_wconf 87' lang='lat' dir='ltr'><strong>ait</strong></span> <span class='ocrx_word' id='word_1_464' title='bbox 828 4766 1017 4833; x_wconf 82' lang='lat' dir='ltr'><strong>genuit,</strong></span> <span class='ocrx_word' id='word_1_465' title='bbox 1050 4767 1147 4817; x_wconf 87' lang='lat' dir='ltr'><strong>hoc</strong></span> <span class='ocrx_word' id='word_1_466' title='bbox 1177 4778 1271 4819; x_wconf 88' lang='lat' dir='ltr'><strong>nos</strong></span> <span class='ocrx_word' id='word_1_467' title='bbox 1318 4766 1424 4817; x_wconf 81' lang='lat' dir='ltr'><strong>ﬁeri</strong></span> <span class='ocrx_word' id='word_1_468' title='bbox 1458 4775 1777 4831; x_wconf 90' lang='lat' dir='ltr'><strong>putaremus,</strong></span> <span class='ocrx_word' id='word_1_469' title='bbox 1811 4768 1947 4834; x_wconf 89' lang='lat' dir='ltr'><strong>quod</strong></span> <span class='ocrx_word' id='word_1_470' title='bbox 1978 4767 2089 4834; x_wconf 89' lang='lat' dir='ltr'><strong>ipse</strong></span> 
     </span>
    </p>
   </div>
   <div class='ocr_carea' id='block_1_64' title="bbox 547 4851 2088 4919">
    <p class='ocr_par' dir='ltr' id='par_1_64' title="bbox 547 4851 2088 4919">
     <span class='ocr_line' id='line_1_64' title="bbox 547 4851 2088 4919; baseline 0.003 -14"><span class='ocrx_word' id='word_1_471' title='bbox 547 4862 646 4915; x_wconf 85' lang='lat' dir='ltr'><strong>est,</strong></span> <span class='ocrx_word' id='word_1_472' title='bbox 678 4851 796 4905; x_wconf 89' lang='lat' dir='ltr'><strong>ideo</strong></span> <span class='ocrx_word' id='word_1_473' title='bbox 850 4851 1205 4919; x_wconf 87' lang='lat' dir='ltr'><strong>principatum</strong></span> <span class='ocrx_word' id='word_1_474' title='bbox 1248 4853 1527 4918; x_wconf 86' lang='lat' dir='ltr'><strong>quemdam</strong></span> <span class='ocrx_word' id='word_1_475' title='bbox 1571 4854 1621 4905; x_wconf 93' lang='lat' dir='ltr'><strong>in</strong></span> <span class='ocrx_word' id='word_1_476' title='bbox 1653 4862 1891 4907; x_wconf 88' lang='lat' dir='ltr'><strong>creatura</strong></span> <span class='ocrx_word' id='word_1_477' title='bbox 1939 4854 2088 4909; x_wconf 85' lang='lat' dir='ltr'><strong>nobis</strong></span> 
     </span>
    </p>
   </div>
   <div class='ocr_carea' id='block_1_65' title="bbox 551 4938 2089 5003">
    <p class='ocr_par' dir='ltr' id='par_1_65' title="bbox 551 4938 2089 5003">
     <span class='ocr_line' id='line_1_65' title="bbox 551 4938 2089 5003; baseline 0.005 -15"><span class='ocrx_word' id='word_1_478' title='bbox 551 4938 644 4990; x_wconf 86' lang='lat' dir='ltr'><strong>hac</strong></span> <span class='ocrx_word' id='word_1_479' title='bbox 670 4938 949 5003; x_wconf 86' lang='lat' dir='ltr'><strong>adoptione</strong></span> <span class='ocrx_word' id='word_1_480' title='bbox 972 4952 1277 4993; x_wconf 84' lang='lat' dir='ltr'><strong>concessum</strong></span> <span class='ocrx_word' id='word_1_481' title='bbox 1301 4940 1550 4994; x_wconf 88' lang='lat' dir='ltr'><strong>ostendit.</strong></span> <span class='ocrx_word' id='word_1_482' title='bbox 1578 4940 1681 4995; x_wconf 89' lang='lat' dir='ltr'><strong>Hos</strong></span> <span class='ocrx_word' id='word_1_483' title='bbox 1707 4943 1900 4995; x_wconf 89' lang='lat' dir='ltr'><strong>etenim</strong></span> <span class='ocrx_word' id='word_1_484' title='bbox 1924 4944 2089 4995; x_wconf 90' lang='lat' dir='ltr'><strong>versi-</strong></span> 
     </span>
    </p>
   </div>
   <div class='ocr_carea' id='block_1_66' title="bbox 542 5026 2087 5098">
    <p class='ocr_par' dir='ltr' id='par_1_66' title="bbox 542 5026 2087 5098">
     <span class='ocr_line' id='line_1_66' title="bbox 542 5026 2087 5098; baseline 0.006 -23"><span class='ocrx_word' id='word_1_485' title='bbox 542 5026 699 5076; x_wconf 80' lang='lat' dir='ltr'><strong>culos</strong></span> <span class='ocrx_word' id='word_1_486' title='bbox 724 5026 933 5091; x_wconf 87' lang='lat' dir='ltr'><strong>quidam</strong></span> <span class='ocrx_word' id='word_1_487' title='bbox 965 5026 1033 5078; x_wconf 88' lang='lat' dir='ltr'><strong>ita</strong></span> <span class='ocrx_word' id='word_1_488' title='bbox 1067 5029 1369 5081; x_wconf 87' lang='lat' dir='ltr'><strong>transtulit:</strong></span> <span class='ocrx_word' id='word_1_489' title='bbox 1412 5028 1594 5081; x_wconf 83' lang='lat' dir='ltr'><strong>Valens</strong></span> <span class='ocrx_word' id='word_1_490' title='bbox 1624 5031 1794 5098; x_wconf 85' lang='lat' dir='ltr'><strong>genuit</strong></span> <span class='ocrx_word' id='word_1_491' title='bbox 1829 5046 1919 5083; x_wconf 90' lang='lat' dir='ltr'><strong>nos</strong></span> <span class='ocrx_word' id='word_1_492' title='bbox 1944 5032 2087 5084; x_wconf 83' lang='lat' dir='ltr'><strong>verba</strong></span> 
     </span>
    </p>
   </div>
   <div class='ocr_carea' id='block_1_67' title="bbox 541 5113 2084 5187">
    <p class='ocr_par' dir='ltr' id='par_1_67' title="bbox 541 5113 2084 5187">
     <span class='ocr_line' id='line_1_67' title="bbox 541 5113 2084 5187; baseline 0.003 -22"><span class='ocrx_word' id='word_1_493' title='bbox 541 5113 785 5178; x_wconf 80' lang='lat' dir='ltr'><strong>ueritatis,</strong></span> <span class='ocrx_word' id='word_1_494' title='bbox 819 5122 872 5165; x_wconf 86' lang='lat' dir='ltr'><strong>ut</strong></span> <span class='ocrx_word' id='word_1_495' title='bbox 910 5116 1064 5169; x_wconf 88' lang='lat' dir='ltr'><strong>simus</strong></span> <span class='ocrx_word' id='word_1_496' title='bbox 1104 5118 1338 5182; x_wconf 67' lang='lat' dir='ltr'><strong>primitiae</strong></span> <span class='ocrx_word' id='word_1_497' title='bbox 1371 5128 1710 5170; x_wconf 87' lang='lat' dir='ltr'><strong>creaturarum</strong></span> <span class='ocrx_word' id='word_1_498' title='bbox 1750 5120 1875 5187; x_wconf 86' lang='lat' dir='ltr'><strong>ejus.</strong></span> <span class='ocrx_word' id='word_1_499' title='bbox 1910 5118 1962 5171; x_wconf 88' lang='lat' dir='ltr'><strong>id</strong></span> <span class='ocrx_word' id='word_1_500' title='bbox 1984 5130 2084 5184; x_wconf 88' lang='lat' dir='ltr'><strong>est,</strong></span> 
     </span>
    </p>
   </div>
   <div class='ocr_carea' id='block_1_68' title="bbox 547 5204 2081 5273">
    <p class='ocr_par' dir='ltr' id='par_1_68' title="bbox 547 5204 2081 5273">
     <span class='ocr_line' id='line_1_68' title="bbox 547 5204 2081 5273; baseline 0.003 -20"><span class='ocrx_word' id='word_1_501' title='bbox 547 5204 835 5256; x_wconf 74' lang='lat' dir='ltr'><strong>utcmteris</strong></span> <span class='ocrx_word' id='word_1_502' title='bbox 863 5217 993 5273; x_wconf 89' lang='lat' dir='ltr'><strong>quas</strong></span> <span class='ocrx_word' id='word_1_503' title='bbox 1021 5206 1281 5257; x_wconf 86' lang='lat' dir='ltr'><strong>cernimus</strong></span> <span class='ocrx_word' id='word_1_504' title='bbox 1312 5207 1567 5260; x_wconf 84' lang='lat' dir='ltr'><strong>creaturis</strong></span> <span class='ocrx_word' id='word_1_505' title='bbox 1610 5207 1775 5260; x_wconf 89' lang='lat' dir='ltr'><strong>simus</strong></span> <span class='ocrx_word' id='word_1_506' title='bbox 1822 5208 2081 5260; x_wconf 90' lang='lat' dir='ltr'><strong>meliores.</strong></span> 
     </span>
    </p>
   </div>
   <div class='ocr_carea' id='block_1_69' title="bbox 548 5291 2086 5365">
    <p class='ocr_par' dir='ltr' id='par_1_69' title="bbox 548 5291 2086 5365">
     <span class='ocr_line' id='line_1_69' title="bbox 548 5291 2086 5365; baseline 0.006 -23"><span class='ocrx_word' id='word_1_507' title='bbox 548 5291 808 5347; x_wconf 79' lang='lat' dir='ltr'><strong>Primitias</strong></span> <span class='ocrx_word' id='word_1_508' title='bbox 834 5310 1055 5363; x_wconf 87' lang='lat' dir='ltr'><strong>namque</strong></span> <span class='ocrx_word' id='word_1_509' title='bbox 1088 5295 1288 5365; x_wconf 80' lang='lat' dir='ltr'><strong>frugum</strong></span> <span class='ocrx_word' id='word_1_510' title='bbox 1339 5297 1422 5349; x_wconf 87' lang='lat' dir='ltr'><strong>vel</strong></span> <span class='ocrx_word' id='word_1_511' title='bbox 1480 5297 1823 5351; x_wconf 89' lang='lat' dir='ltr'><strong>animantium</strong></span> <span class='ocrx_word' id='word_1_512' title='bbox 1867 5298 2086 5351; x_wconf 90' lang='lat' dir='ltr'><strong>Domino</strong></span> 
     </span>
    </p>
   </div>
   <div class='ocr_carea' id='block_1_70' title="bbox 542 5386 2084 5456">
    <p class='ocr_par' dir='ltr' id='par_1_70' title="bbox 542 5386 2084 5456">
     <span class='ocr_line' id='line_1_70' title="bbox 542 5386 2084 5456; baseline 0.005 -21"><span class='ocrx_word' id='word_1_513' title='bbox 542 5395 851 5437; x_wconf 76' lang='lat' dir='ltr'><strong>consecrare</strong></span> <span class='ocrx_word' id='word_1_514' title='bbox 881 5386 961 5439; x_wconf 90' lang='lat' dir='ltr'><strong>lex</strong></span> <span class='ocrx_word' id='word_1_515' title='bbox 994 5387 1257 5455; x_wconf 67' lang='lat' dir='ltr'><strong>praecepit,</strong></span> <span class='ocrx_word' id='word_1_516' title='bbox 1290 5386 1543 5456; x_wconf 83' lang='lat' dir='ltr'><strong>primitias</strong></span> <span class='ocrx_word' id='word_1_517' title='bbox 1574 5398 1750 5441; x_wconf 86' lang='lat' dir='ltr'><strong>autem</strong></span> <span class='ocrx_word' id='word_1_518' title='bbox 1782 5390 1891 5440; x_wconf 88' lang='lat' dir='ltr'><strong>auri</strong></span> <span class='ocrx_word' id='word_1_519' title='bbox 1919 5397 1975 5443; x_wconf 89' lang='lat' dir='ltr'><strong>et</strong></span> <span class='ocrx_word' id='word_1_520' title='bbox 2000 5404 2084 5442; x_wconf 87' lang='lat' dir='ltr'><strong>ar—</strong></span> 
     </span>
    </p>
   </div>
   <div class='ocr_carea' id='block_1_71' title="bbox 549 5474 2081 5549">
    <p class='ocr_par' dir='ltr' id='par_1_71' title="bbox 549 5474 2081 5549">
     <span class='ocr_line' id='line_1_71' title="bbox 549 5474 2081 5549; baseline 0.007 -25"><span class='ocrx_word' id='word_1_521' title='bbox 549 5474 690 5539; x_wconf 82' lang='lat' dir='ltr'><strong>genti</strong></span> <span class='ocrx_word' id='word_1_522' title='bbox 710 5475 775 5526; x_wconf 89' lang='lat' dir='ltr'><strong>ad</strong></span> <span class='ocrx_word' id='word_1_523' title='bbox 814 5490 943 5541; x_wconf 88' lang='lat' dir='ltr'><strong>opus</strong></span> <span class='ocrx_word' id='word_1_524' title='bbox 975 5480 1293 5531; x_wconf 87' lang='lat' dir='ltr'><strong>tabernaculi</strong></span> <span class='ocrx_word' id='word_1_525' title='bbox 1316 5480 1470 5544; x_wconf 77' lang='lat' dir='ltr'><strong>jussit</strong></span> <span class='ocrx_word' id='word_1_526' title='bbox 1498 5476 1744 5544; x_wconf 80' lang='lat' dir='ltr'><strong>conferri,</strong></span> <span class='ocrx_word' id='word_1_527' title='bbox 1778 5480 1826 5532; x_wconf 92' lang='lat' dir='ltr'><strong>id</strong></span> <span class='ocrx_word' id='word_1_528' title='bbox 1850 5489 1950 5543; x_wconf 89' lang='lat' dir='ltr'><strong>est,</strong></span> <span class='ocrx_word' id='word_1_529' title='bbox 1983 5495 2081 5549; x_wconf 92' lang='lat' dir='ltr'><strong>op-</strong></span> 
     </span>
    </p>
   </div>
   <div class='ocr_carea' id='block_1_72' title="bbox 551 5567 2083 5638">
    <p class='ocr_par' dir='ltr' id='par_1_72' title="bbox 551 5567 2083 5638">
     <span class='ocr_line' id='line_1_72' title="bbox 551 5567 2083 5638; baseline 0.005 -22"><span class='ocrx_word' id='word_1_530' title='bbox 551 5567 671 5618; x_wconf 87' lang='lat' dir='ltr'><strong>tima</strong></span> <span class='ocrx_word' id='word_1_531' title='bbox 698 5582 917 5633; x_wconf 63' lang='lat' dir='ltr'><strong>qumque</strong></span> <span class='ocrx_word' id='word_1_532' title='bbox 950 5567 999 5619; x_wconf 91' lang='lat' dir='ltr'><strong>in</strong></span> <span class='ocrx_word' id='word_1_533' title='bbox 1044 5570 1291 5621; x_wconf 54' lang='lat' dir='ltr'><strong>metallis.</strong></span> <span class='ocrx_word' id='word_1_534' title='bbox 1332 5570 1392 5621; x_wconf 86' lang='lat' dir='ltr'><strong>Et</strong></span> <span class='ocrx_word' id='word_1_535' title='bbox 1437 5569 1503 5623; x_wconf 85' lang='lat' dir='ltr'><strong>de</strong></span> <span class='ocrx_word' id='word_1_536' title='bbox 1531 5571 1744 5637; x_wconf 87' lang='lat' dir='ltr'><strong>antiquo</strong></span> <span class='ocrx_word' id='word_1_537' title='bbox 1774 5569 1862 5623; x_wconf 87' lang='lat' dir='ltr'><strong>Dei</strong></span> <span class='ocrx_word' id='word_1_538' title='bbox 1896 5572 2083 5638; x_wconf 87' lang='lat' dir='ltr'><strong>populo</strong></span> 
     </span>
    </p>
   </div>
   <div class='ocr_carea' id='block_1_73' title="bbox 544 5656 2079 5727">
    <p class='ocr_par' dir='ltr' id='par_1_73' title="bbox 544 5656 2079 5727">
     <span class='ocr_line' id='line_1_73' title="bbox 544 5656 2079 5727; baseline 0.003 -18"><span class='ocrx_word' id='word_1_539' title='bbox 544 5658 672 5709; x_wconf 75' lang='lat' dir='ltr'><strong>dixit</strong></span> <span class='ocrx_word' id='word_1_540' title='bbox 724 5656 975 5710; x_wconf 79' lang='lat' dir='ltr'><strong>Jeremias</strong></span> <span class='ocrx_word' id='word_1_541' title='bbox 1028 5658 1323 5725; x_wconf 87' lang='lat' dir='ltr'><strong>propheta:</strong></span> <span class='ocrx_word' id='word_1_542' title='bbox 1376 5659 1588 5713; x_wconf 85' lang='lat' dir='ltr'><strong>Sanctus</strong></span> <span class='ocrx_word' id='word_1_543' title='bbox 1635 5659 1797 5712; x_wconf 83' lang='lat' dir='ltr'><strong>Israel</strong></span> <span class='ocrx_word' id='word_1_544' title='bbox 1847 5660 2079 5727; x_wconf 86' lang='lat' dir='ltr'><strong>Domino,</strong></span> 
     </span>
    </p>
   </div>
   <div class='ocr_carea' id='block_1_74' title="bbox 546 5747 1483 5820">
    <p class='ocr_par' dir='ltr' id='par_1_74' title="bbox 546 5747 1483 5820">
     <span class='ocr_line' id='line_1_74' title="bbox 546 5747 1483 5820; baseline 0.005 -24"><span class='ocrx_word' id='word_1_545' title='bbox 546 5748 777 5802; x_wconf 62' lang='lat' dir='ltr'><strong>primitiae</strong></span> <span class='ocrx_word' id='word_1_546' title='bbox 812 5752 1009 5818; x_wconf 69' lang='lat' dir='ltr'><strong>frugum</strong></span> <span class='ocrx_word' id='word_1_547' title='bbox 1039 5752 1145 5818; x_wconf 84' lang='lat' dir='ltr'><strong>ejus</strong></span> <span class='ocrx_word' id='word_1_548' title='bbox 1178 5747 1380 5816; x_wconf 85' lang='lat' dir='ltr'><strong>(Jerem.</strong></span> <span class='ocrx_word' id='word_1_549' title='bbox 1408 5750 1483 5820; x_wconf 85' lang='lat' dir='ltr'><strong>tt).</strong></span> 
     </span>
    </p>
   </div>
   <div class='ocr_carea' id='block_1_75' title="bbox 2187 1976 3707 2047">
    <p class='ocr_par' dir='ltr' id='par_1_75' title="bbox 2187 1976 3707 2047">
     <span class='ocr_line' id='line_1_75' title="bbox 2187 1976 3707 2047; baseline -0.003 -17"><span class='ocrx_word' id='word_1_550' title='bbox 2187 1978 2251 2031; x_wconf 85' lang='lat' dir='ltr'><strong>de</strong></span> <span class='ocrx_word' id='word_1_551' title='bbox 2271 1977 2509 2030; x_wconf 88' lang='lat' dir='ltr'><strong>distantia</strong></span> <span class='ocrx_word' id='word_1_552' title='bbox 2543 1987 2839 2046; x_wconf 88' lang='lat' dir='ltr'><strong>temporum</strong></span> <span class='ocrx_word' id='word_1_553' title='bbox 2880 1978 3113 2032; x_wconf 87' lang='lat' dir='ltr'><strong>scribens</strong></span> <span class='ocrx_word' id='word_1_554' title='bbox 3136 1977 3207 2031; x_wconf 89' lang='lat' dir='ltr'><strong>ait</strong></span> <span class='ocrx_word' id='word_1_555' title='bbox 3232 1994 3243 2028; x_wconf 91' lang='lat'>:</span> <span class='ocrx_word' id='word_1_556' title='bbox 3268 1976 3486 2047; x_wconf 84' lang='lat' dir='ltr'><strong>Tempus</strong></span> <span class='ocrx_word' id='word_1_557' title='bbox 3513 1977 3707 2039; x_wconf 76' lang='lat' dir='ltr'><strong>tacendi,</strong></span> 
     </span>
    </p>
   </div>
   <div class='ocr_carea' id='block_1_76' title="bbox 2187 2067 3712 2141">
    <p class='ocr_par' dir='ltr' id='par_1_76' title="bbox 2187 2067 3712 2141">
     <span class='ocr_line' id='line_1_76' title="bbox 2187 2067 3712 2141; baseline -0.001 -20"><span class='ocrx_word' id='word_1_558' title='bbox 2187 2078 2232 2121; x_wconf 89' lang='lat' dir='ltr'><strong>et</strong></span> <span class='ocrx_word' id='word_1_559' title='bbox 2261 2078 2450 2139; x_wconf 89' lang='lat' dir='ltr'><strong>tempus</strong></span> <span class='ocrx_word' id='word_1_560' title='bbox 2470 2071 2704 2138; x_wconf 85' lang='lat' dir='ltr'><strong>loquendi</strong></span> <span class='ocrx_word' id='word_1_561' title='bbox 2718 2070 2907 2141; x_wconf 83' lang='lat' dir='ltr'><strong>(Eccle.</strong></span> <span class='ocrx_word' id='word_1_562' title='bbox 2931 2068 3031 2137; x_wconf 85' lang='lat' dir='ltr'><strong>tu).</strong></span> <span class='ocrx_word' id='word_1_563' title='bbox 3056 2067 3186 2122; x_wconf 85' lang='lat' dir='ltr'><strong>Hinc</strong></span> <span class='ocrx_word' id='word_1_564' title='bbox 3215 2067 3556 2139; x_wconf 72' lang='lat' dir='ltr'><strong>Pythagorici,</strong></span> <span class='ocrx_word' id='word_1_565' title='bbox 3580 2079 3712 2121; x_wconf 78' lang='lat' dir='ltr'><strong>natu-</strong></span> 
     </span>
    </p>
   </div>
   <div class='ocr_carea' id='block_1_77' title="bbox 2188 2156 3709 2227">
    <p class='ocr_par' dir='ltr' id='par_1_77' title="bbox 2188 2156 3709 2227">
     <span class='ocr_line' id='line_1_77' title="bbox 2188 2156 3709 2227; baseline -0.004 -14"><span class='ocrx_word' id='word_1_566' title='bbox 2188 2159 2312 2213; x_wconf 91' lang='lat' dir='ltr'><strong>ralis</strong></span> <span class='ocrx_word' id='word_1_567' title='bbox 2340 2160 2573 2214; x_wconf 69' lang='lat' dir='ltr'><strong>scientiae</strong></span> <span class='ocrx_word' id='word_1_568' title='bbox 2606 2159 2911 2227; x_wconf 87' lang='lat' dir='ltr'><strong>magisterio</strong></span> <span class='ocrx_word' id='word_1_569' title='bbox 2943 2158 3168 2227; x_wconf 71' lang='lat' dir='ltr'><strong>praediti,</strong></span> <span class='ocrx_word' id='word_1_570' title='bbox 3197 2156 3465 2211; x_wconf 82' lang='lat' dir='ltr'><strong>auditores</strong></span> <span class='ocrx_word' id='word_1_571' title='bbox 3494 2171 3605 2210; x_wconf 87' lang='lat' dir='ltr'><strong>suos</strong></span> <span class='ocrx_word' id='word_1_572' title='bbox 3626 2171 3709 2222; x_wconf 91' lang='lat' dir='ltr'><strong>per</strong></span> 
     </span>
    </p>
   </div>
   <div class='ocr_carea' id='block_1_78' title="bbox 2187 2247 3711 2319">
    <p class='ocr_par' dir='ltr' id='par_1_78' title="bbox 2187 2247 3711 2319">
     <span class='ocr_line' id='line_1_78' title="bbox 2187 2247 3711 2319; baseline -0.003 -17"><span class='ocrx_word' id='word_1_573' title='bbox 2187 2250 2599 2319; x_wconf 87' lang='lat' dir='ltr'><strong>quinquennium</strong></span> <span class='ocrx_word' id='word_1_574' title='bbox 2625 2251 2811 2319; x_wconf 69' lang='lat' dir='ltr'><strong>ju‘bent</strong></span> <span class='ocrx_word' id='word_1_575' title='bbox 2842 2250 3018 2315; x_wconf 91' lang='lat' dir='ltr'><strong>silere,</strong></span> <span class='ocrx_word' id='word_1_576' title='bbox 3056 2258 3109 2302; x_wconf 90' lang='lat' dir='ltr'><strong>et</strong></span> <span class='ocrx_word' id='word_1_577' title='bbox 3146 2249 3225 2303; x_wconf 88' lang='lat' dir='ltr'><strong>sic</strong></span> <span class='ocrx_word' id='word_1_578' title='bbox 3262 2247 3474 2301; x_wconf 83' lang='lat' dir='ltr'><strong>domum</strong></span> <span class='ocrx_word' id='word_1_579' title='bbox 3513 2247 3711 2316; x_wconf 88' lang='lat' dir='ltr'><strong>permit-</strong></span> 
     </span>
    </p>
   </div>
   <div class='ocr_carea' id='block_1_79' title="bbox 2192 2336 3708 2407">
    <p class='ocr_par' dir='ltr' id='par_1_79' title="bbox 2192 2336 3708 2407">
     <span class='ocr_line' id='line_1_79' title="bbox 2192 2336 3708 2407; baseline -0.006 -14"><span class='ocrx_word' id='word_1_580' title='bbox 2192 2348 2306 2393; x_wconf 93' lang='lat' dir='ltr'><strong>tunt</strong></span> <span class='ocrx_word' id='word_1_581' title='bbox 2336 2339 2640 2407; x_wconf 75' lang='lat' dir='ltr'><strong>praedicare.</strong></span> <span class='ocrx_word' id='word_1_582' title='bbox 2680 2339 2809 2392; x_wconf 78' lang='lat' dir='ltr'><strong>Nam</strong></span> <span class='ocrx_word' id='word_1_583' title='bbox 2839 2340 2997 2391; x_wconf 90' lang='lat' dir='ltr'><strong>tutius</strong></span> <span class='ocrx_word' id='word_1_584' title='bbox 3048 2346 3130 2392; x_wconf 87' lang='lat' dir='ltr'><strong>est</strong></span> <span class='ocrx_word' id='word_1_585' title='bbox 3168 2344 3226 2391; x_wconf 93' lang='lat' dir='ltr'><strong>ut</strong></span> <span class='ocrx_word' id='word_1_586' title='bbox 3265 2338 3461 2391; x_wconf 77' lang='lat' dir='ltr'><strong>veritas</strong></span> <span class='ocrx_word' id='word_1_587' title='bbox 3489 2336 3708 2389; x_wconf 86' lang='lat' dir='ltr'><strong>audiatur</strong></span> 
     </span>
    </p>
   </div>
   <div class='ocr_carea' id='block_1_80' title="bbox 2187 2424 3709 2501">
    <p class='ocr_par' dir='ltr' id='par_1_80' title="bbox 2187 2424 3709 2501">
     <span class='ocr_line' id='line_1_80' title="bbox 2187 2424 3709 2501; baseline -0.006 -16"><span class='ocrx_word' id='word_1_588' title='bbox 2187 2448 2342 2501; x_wconf 89' lang='lat' dir='ltr'><strong>quam</strong></span> <span class='ocrx_word' id='word_1_589' title='bbox 2380 2432 2712 2499; x_wconf 70' lang='lat' dir='ltr'><strong>prmrlicctur.</strong></span> <span class='ocrx_word' id='word_1_590' title='bbox 2745 2431 3002 2495; x_wconf 83' lang='lat' dir='ltr'><strong>Quoniam</strong></span> <span class='ocrx_word' id='word_1_591' title='bbox 3046 2446 3162 2483; x_wconf 91' lang='lat' dir='ltr'><strong>cum</strong></span> <span class='ocrx_word' id='word_1_592' title='bbox 3213 2428 3444 2490; x_wconf 88' lang='lat' dir='ltr'><strong>auditur,</strong></span> <span class='ocrx_word' id='word_1_593' title='bbox 3473 2424 3709 2480; x_wconf 86' lang='lat' dir='ltr'><strong>humilitas</strong></span> 
     </span>
    </p>
   </div>
   <div class='ocr_carea' id='block_1_81' title="bbox 2186 2517 3705 2587">
    <p class='ocr_par' dir='ltr' id='par_1_81' title="bbox 2186 2517 3705 2587">
     <span class='ocr_line' id='line_1_81' title="bbox 2186 2517 3705 2587; baseline -0.008 -10"><span class='ocrx_word' id='word_1_594' title='bbox 2186 2521 2505 2586; x_wconf 79' lang='lat' dir='ltr'><strong>custoditur;</strong></span> <span class='ocrx_word' id='word_1_595' title='bbox 2541 2536 2658 2574; x_wconf 91' lang='lat' dir='ltr'><strong>cum</strong></span> <span class='ocrx_word' id='word_1_596' title='bbox 2704 2530 2880 2573; x_wconf 86' lang='lat' dir='ltr'><strong>autem</strong></span> <span class='ocrx_word' id='word_1_597' title='bbox 2910 2520 3243 2587; x_wconf 70' lang='lat' dir='ltr'><strong>praedicatur,</strong></span> <span class='ocrx_word' id='word_1_598' title='bbox 3276 2517 3365 2570; x_wconf 86' lang='lat' dir='ltr'><strong>vix</strong></span> <span class='ocrx_word' id='word_1_599' title='bbox 3407 2529 3485 2570; x_wconf 75' lang='grc' dir='ltr'><strong>εει</strong></span> <span class='ocrx_word' id='word_1_600' title='bbox 3524 2526 3575 2569; x_wconf 89' lang='lat' dir='ltr'><strong>ut</strong></span> <span class='ocrx_word' id='word_1_601' title='bbox 3614 2532 3705 2568; x_wconf 87' lang='lat' dir='ltr'><strong>non</strong></span> 
     </span>
    </p>
   </div>
   <div class='ocr_carea' id='block_1_82' title="bbox 2186 2606 3710 2677">
    <p class='ocr_par' dir='ltr' id='par_1_82' title="bbox 2186 2606 3710 2677">
     <span class='ocr_line' id='line_1_82' title="bbox 2186 2606 3710 2677; baseline -0.005 -12"><span class='ocrx_word' id='word_1_602' title='bbox 2186 2611 2434 2677; x_wconf 89' lang='lat' dir='ltr'><strong>subrepat</strong></span> <span class='ocrx_word' id='word_1_603' title='bbox 2456 2611 2671 2664; x_wconf 88' lang='lat' dir='ltr'><strong>cuilibet</strong></span> <span class='ocrx_word' id='word_1_604' title='bbox 2692 2606 2957 2663; x_wconf 85' lang='lat' dir='ltr'><strong>hominum</strong></span> <span class='ocrx_word' id='word_1_605' title='bbox 3001 2609 3515 2677; x_wconf 83' lang='lat' dir='ltr'><strong>quantulumcunque</strong></span> <span class='ocrx_word' id='word_1_606' title='bbox 3532 2607 3710 2675; x_wconf 85' lang='lat' dir='ltr'><strong>jactan-</strong></span> 
     </span>
    </p>
   </div>
   <div class='ocr_carea' id='block_1_83' title="bbox 2189 2696 3707 2755">
    <p class='ocr_par' dir='ltr' id='par_1_83' title="bbox 2189 2696 3707 2755">
     <span class='ocr_line' id='line_1_83' title="bbox 2189 2696 3707 2755; baseline -0.006 0"><span class='ocrx_word' id='word_1_607' title='bbox 2189 2699 2288 2755; x_wconf 78' lang='lat' dir='ltr'><strong>tize-</strong></span> <span class='ocrx_word' id='word_1_608' title='bbox 2322 2700 2451 2754; x_wconf 82' lang='lat' dir='ltr'><strong>Hinc</strong></span> <span class='ocrx_word' id='word_1_609' title='bbox 2476 2699 2730 2754; x_wconf 84' lang='lat' dir='ltr'><strong>Jeremias</strong></span> <span class='ocrx_word' id='word_1_610' title='bbox 2770 2698 2905 2754; x_wconf 87' lang='lat' dir='ltr'><strong>bene</strong></span> <span class='ocrx_word' id='word_1_611' title='bbox 2931 2698 3156 2753; x_wconf 78' lang='lat' dir='ltr'><strong>instituti</strong></span> <span class='ocrx_word' id='word_1_612' title='bbox 3187 2696 3535 2751; x_wconf 86' lang='lat' dir='ltr'><strong>adolescentis</strong></span> <span class='ocrx_word' id='word_1_613' title='bbox 3569 2697 3707 2747; x_wconf 86' lang='lat' dir='ltr'><strong>vitam</strong></span> 
     </span>
    </p>
   </div>
   <div class='ocr_carea' id='block_1_84' title="bbox 2192 2784 3707 2855">
    <p class='ocr_par' dir='ltr' id='par_1_84' title="bbox 2192 2784 3707 2855">
     <span class='ocr_line' id='line_1_84' title="bbox 2192 2784 3707 2855; baseline -0.006 -11"><span class='ocrx_word' id='word_1_614' title='bbox 2192 2789 2535 2855; x_wconf 87' lang='lat' dir='ltr'><strong>describens,</strong></span> <span class='ocrx_word' id='word_1_615' title='bbox 2591 2790 2903 2843; x_wconf 82' lang='lat' dir='ltr'><strong>modestiam</strong></span> <span class='ocrx_word' id='word_1_616' title='bbox 2956 2787 3325 2841; x_wconf 65' lang='lat' dir='ltr'><strong>taciturnitatis</strong></span> <span class='ocrx_word' id='word_1_617' title='bbox 3379 2788 3510 2840; x_wconf 91' lang='lat' dir='ltr'><strong>inter</strong></span> <span class='ocrx_word' id='word_1_618' title='bbox 3561 2784 3707 2854; x_wconf 88' lang='lat' dir='ltr'><strong>prima</strong></span> 
     </span>
    </p>
   </div>
   <div class='ocr_carea' id='block_1_85' title="bbox 2188 2878 3706 2948">
    <p class='ocr_par' dir='ltr' id='par_1_85' title="bbox 2188 2878 3706 2948">
     <span class='ocr_line' id='line_1_85' title="bbox 2188 2878 3706 2948; baseline -0.003 -15"><span class='ocrx_word' id='word_1_619' title='bbox 2188 2880 2438 2934; x_wconf 87' lang='lat' dir='ltr'><strong>virtutum</strong></span> <span class='ocrx_word' id='word_1_620' title='bbox 2485 2882 2655 2934; x_wconf 88' lang='lat' dir='ltr'><strong>studia</strong></span> <span class='ocrx_word' id='word_1_621' title='bbox 2704 2889 2994 2948; x_wconf 81' lang='lat' dir='ltr'><strong>computat.</strong></span> <span class='ocrx_word' id='word_1_622' title='bbox 3043 2878 3237 2932; x_wconf 89' lang='lat' dir='ltr'><strong>Bonum</strong></span> <span class='ocrx_word' id='word_1_623' title='bbox 3268 2889 3337 2931; x_wconf 85' lang='lat' dir='ltr'><strong>est</strong></span> <span class='ocrx_word' id='word_1_624' title='bbox 3379 2894 3511 2944; x_wconf 72' lang='lat' dir='ltr'><strong>vero,</strong></span> <span class='ocrx_word' id='word_1_625' title='bbox 3543 2878 3706 2946; x_wconf 85' lang='lat' dir='ltr'><strong>inquit,</strong></span> 
     </span>
    </p>
   </div>
   <div class='ocr_carea' id='block_1_86' title="bbox 2185 2968 3703 3045">
    <p class='ocr_par' dir='ltr' id='par_1_86' title="bbox 2185 2968 3703 3045">
     <span class='ocr_line' id='line_1_86' title="bbox 2185 2968 3703 3045; baseline -0.004 -19"><span class='ocrx_word' id='word_1_626' title='bbox 2185 2989 2299 3026; x_wconf 88' lang='lat' dir='ltr'><strong>cum</strong></span> <span class='ocrx_word' id='word_1_627' title='bbox 2319 2975 2587 3039; x_wconf 76' lang='lat' dir='ltr'><strong>portaverit</strong></span> <span class='ocrx_word' id='word_1_628' title='bbox 2610 2976 2791 3045; x_wconf 83' lang='lat' dir='ltr'><strong>jugum</strong></span> <span class='ocrx_word' id='word_1_629' title='bbox 2821 2972 2882 3025; x_wconf 92' lang='lat' dir='ltr'><strong>ab</strong></span> <span class='ocrx_word' id='word_1_630' title='bbox 2910 2970 3249 3025; x_wconf 88' lang='lat' dir='ltr'><strong>adolescentia</strong></span> <span class='ocrx_word' id='word_1_631' title='bbox 3270 2986 3388 3023; x_wconf 88' lang='lat' dir='ltr'><strong>sua.</strong></span> <span class='ocrx_word' id='word_1_632' title='bbox 3421 2968 3609 3024; x_wconf 83' lang='lat' dir='ltr'><strong>Sedebit</strong></span> <span class='ocrx_word' id='word_1_633' title='bbox 3631 2984 3703 3021; x_wconf 81' lang='lat' dir='ltr'><strong>so-</strong></span> 
     </span>
    </p>
   </div>
   <div class='ocr_carea' id='block_1_87' title="bbox 2189 3059 3019 3132">
    <p class='ocr_par' dir='ltr' id='par_1_87' title="bbox 2189 3059 3019 3132">
     <span class='ocr_line' id='line_1_87' title="bbox 2189 3059 3019 3132; baseline -0.005 -15"><span class='ocrx_word' id='word_1_634' title='bbox 2189 3062 2384 3131; x_wconf 86' lang='lat' dir='ltr'><strong>litarius</strong></span> <span class='ocrx_word' id='word_1_635' title='bbox 2410 3072 2454 3117; x_wconf 92' lang='lat' dir='ltr'><strong>et</strong></span> <span class='ocrx_word' id='word_1_636' title='bbox 2482 3064 2656 3117; x_wconf 81' lang='lat' dir='ltr'><strong>tacebit</strong></span> <span class='ocrx_word' id='word_1_637' title='bbox 2687 3062 2897 3132; x_wconf 79' lang='lat' dir='ltr'><strong>(Tltren.</strong></span> <span class='ocrx_word' id='word_1_638' title='bbox 2922 3059 3019 3132; x_wconf 89' lang='lat' dir='ltr'><strong>tn).</strong></span> 
     </span>
    </p>
   </div>
   <div class='ocr_carea' id='block_1_88' title="bbox 2258 3150 3707 3220">
    <p class='ocr_par' dir='ltr' id='par_1_88' title="bbox 2258 3150 3707 3220">
     <span class='ocr_line' id='line_1_88' title="bbox 2258 3150 3707 3220; baseline -0.004 -13"><span class='ocrx_word' id='word_1_639' title='bbox 2258 3154 2323 3207; x_wconf 88' lang='lat' dir='ltr'><strong>Et</strong></span> <span class='ocrx_word' id='word_1_640' title='bbox 2368 3157 2541 3207; x_wconf 87' lang='lat' dir='ltr'><strong>tardus</strong></span> <span class='ocrx_word' id='word_1_641' title='bbox 2568 3154 2635 3208; x_wconf 88' lang='lat' dir='ltr'><strong>ad</strong></span> <span class='ocrx_word' id='word_1_642' title='bbox 2679 3155 2826 3207; x_wconf 88' lang='lat' dir='ltr'><strong>iram.</strong></span> <span class='ocrx_word' id='word_1_643' title='bbox 2855 3154 2984 3220; x_wconf 86' lang='lat' dir='ltr'><strong>Quia</strong></span> <span class='ocrx_word' id='word_1_644' title='bbox 3016 3153 3289 3207; x_wconf 88' lang='lat' dir='ltr'><strong>maturitas</strong></span> <span class='ocrx_word' id='word_1_645' title='bbox 3326 3150 3589 3219; x_wconf 80' lang='lat' dir='ltr'><strong>sapientiae</strong></span> <span class='ocrx_word' id='word_1_646' title='bbox 3615 3164 3707 3203; x_wconf 88' lang='lat' dir='ltr'><strong>non</strong></span> 
     </span>
    </p>
   </div>
   <div class='ocr_carea' id='block_1_89' title="bbox 2107 3220 3707 3311">
    <p class='ocr_par' dir='ltr' id='par_1_89' title="bbox 2107 3220 3707 3311">
     <span class='ocr_line' id='line_1_89' title="bbox 2107 3220 3707 3311; baseline -0.004 -12"><span class='ocrx_word' id='word_1_647' title='bbox 2107 3220 2154 3283; x_wconf 69' lang='grc' dir='ltr'>Ο</span> <span class='ocrx_word' id='word_1_648' title='bbox 2192 3245 2292 3299; x_wconf 89' lang='lat' dir='ltr'><strong>nisi</strong></span> <span class='ocrx_word' id='word_1_649' title='bbox 2324 3244 2601 3311; x_wconf 83' lang='lat' dir='ltr'><strong>tranquilla</strong></span> <span class='ocrx_word' id='word_1_650' title='bbox 2627 3254 2801 3297; x_wconf 90' lang='lat' dir='ltr'><strong>mente</strong></span> <span class='ocrx_word' id='word_1_651' title='bbox 2832 3244 3138 3311; x_wconf 81' lang='lat' dir='ltr'><strong>percipitur.</strong></span> <span class='ocrx_word' id='word_1_652' title='bbox 3174 3243 3434 3311; x_wconf 87' lang='lat' dir='ltr'><strong>Scriptum</strong></span> <span class='ocrx_word' id='word_1_653' title='bbox 3464 3252 3539 3297; x_wconf 88' lang='lat' dir='ltr'><strong>est</strong></span> <span class='ocrx_word' id='word_1_654' title='bbox 3564 3242 3707 3302; x_wconf 90' lang='lat' dir='ltr'><strong>enim,</strong></span> 
     </span>
    </p>
   </div>
   <div class='ocr_carea' id='block_1_90' title="bbox 2188 3331 3709 3404">
    <p class='ocr_par' dir='ltr' id='par_1_90' title="bbox 2188 3331 3709 3404">
     <span class='ocr_line' id='line_1_90' title="bbox 2188 3331 3709 3404; baseline -0.004 -16"><span class='ocrx_word' id='word_1_655' title='bbox 2188 3336 2306 3404; x_wconf 89' lang='lat' dir='ltr'><strong>quia</strong></span> <span class='ocrx_word' id='word_1_656' title='bbox 2331 3335 2407 3388; x_wconf 90' lang='lat' dir='ltr'><strong>ira</strong></span> <span class='ocrx_word' id='word_1_657' title='bbox 2444 3335 2493 3387; x_wconf 87' lang='lat' dir='ltr'><strong>in</strong></span> <span class='ocrx_word' id='word_1_658' title='bbox 2523 3336 2636 3387; x_wconf 89' lang='lat' dir='ltr'><strong>sinu</strong></span> <span class='ocrx_word' id='word_1_659' title='bbox 2677 3335 2814 3388; x_wconf 90' lang='lat' dir='ltr'><strong>stulti</strong></span> <span class='ocrx_word' id='word_1_660' title='bbox 2843 3336 3101 3402; x_wconf 84' lang='lat' dir='ltr'><strong>requiescit</strong></span> <span class='ocrx_word' id='word_1_661' title='bbox 3135 3332 3333 3403; x_wconf 84' lang='lat' dir='ltr'><strong>(Eccle.</strong></span> <span class='ocrx_word' id='word_1_662' title='bbox 3359 3334 3469 3403; x_wconf 82' lang='lat' dir='ltr'><strong>vn).</strong></span> <span class='ocrx_word' id='word_1_663' title='bbox 3507 3331 3607 3387; x_wconf 82' lang='lat' dir='ltr'><strong>Non</strong></span> <span class='ocrx_word' id='word_1_664' title='bbox 3629 3346 3709 3383; x_wconf 89' lang='lat' dir='ltr'><strong>au-</strong></span> 
     </span>
    </p>
   </div>
   <div class='ocr_carea' id='block_1_91' title="bbox 2191 3424 3708 3495">
    <p class='ocr_par' dir='ltr' id='par_1_91' title="bbox 2191 3424 3708 3495">
     <span class='ocr_line' id='line_1_91' title="bbox 2191 3424 3708 3495; baseline -0.003 -16"><span class='ocrx_word' id='word_1_665' title='bbox 2191 3436 2294 3480; x_wconf 89' lang='lat' dir='ltr'><strong>tem</strong></span> <span class='ocrx_word' id='word_1_666' title='bbox 2327 3428 2393 3480; x_wconf 87' lang='lat' dir='ltr'><strong>ita</strong></span> <span class='ocrx_word' id='word_1_667' title='bbox 2422 3425 2751 3479; x_wconf 70' lang='lat' dir='ltr'><strong>velocitatem</strong></span> <span class='ocrx_word' id='word_1_668' title='bbox 2781 3427 2871 3479; x_wconf 66' lang='lat' dir='ltr'><strong>irae</strong></span> <span class='ocrx_word' id='word_1_669' title='bbox 2914 3435 3106 3490; x_wconf 88' lang='lat' dir='ltr'><strong>vertat,</strong></span> <span class='ocrx_word' id='word_1_670' title='bbox 3138 3435 3194 3477; x_wconf 92' lang='lat' dir='ltr'><strong>ut</strong></span> <span class='ocrx_word' id='word_1_671' title='bbox 3222 3425 3381 3495; x_wconf 88' lang='lat' dir='ltr'><strong>hujus</strong></span> <span class='ocrx_word' id='word_1_672' title='bbox 3434 3424 3708 3477; x_wconf 82' lang='lat' dir='ltr'><strong>tarditatem</strong></span> 
     </span>
    </p>
   </div>
   <div class='ocr_carea' id='block_1_92' title="bbox 2189 3513 3709 3582">
    <p class='ocr_par' dir='ltr' id='par_1_92' title="bbox 2189 3513 3709 3582">
     <span class='ocr_line' id='line_1_92' title="bbox 2189 3513 3709 3582; baseline -0.002 -15"><span class='ocrx_word' id='word_1_673' title='bbox 2189 3514 2461 3582; x_wconf 87' lang='lat' dir='ltr'><strong>approbet,</strong></span> <span class='ocrx_word' id='word_1_674' title='bbox 2507 3519 2597 3567; x_wconf 88' lang='lat' dir='ltr'><strong>sed</strong></span> <span class='ocrx_word' id='word_1_675' title='bbox 2639 3517 2736 3567; x_wconf 90' lang='lat' dir='ltr'><strong>hoc</strong></span> <span class='ocrx_word' id='word_1_676' title='bbox 2773 3514 2945 3581; x_wconf 88' lang='lat' dir='ltr'><strong>potius</strong></span> <span class='ocrx_word' id='word_1_677' title='bbox 2988 3516 3256 3578; x_wconf 90' lang='lat' dir='ltr'><strong>admonet,</strong></span> <span class='ocrx_word' id='word_1_678' title='bbox 3289 3526 3345 3567; x_wconf 91' lang='lat' dir='ltr'><strong>ut</strong></span> <span class='ocrx_word' id='word_1_679' title='bbox 3375 3524 3426 3568; x_wconf 89' lang='lat' dir='ltr'><strong>et</strong></span> <span class='ocrx_word' id='word_1_680' title='bbox 3454 3513 3575 3566; x_wconf 91' lang='lat' dir='ltr'><strong>hora</strong></span> <span class='ocrx_word' id='word_1_681' title='bbox 3605 3526 3709 3579; x_wconf 69' lang='lat' dir='ltr'><strong>per-</strong></span> 
     </span>
    </p>
   </div>
   <div class='ocr_carea' id='block_1_93' title="bbox 2192 3602 3709 3667">
    <p class='ocr_par' dir='ltr' id='par_1_93' title="bbox 2192 3602 3709 3667">
     <span class='ocr_line' id='line_1_93' title="bbox 2192 3602 3709 3667; baseline -0.002 -11"><span class='ocrx_word' id='word_1_682' title='bbox 2192 3602 2504 3657; x_wconf 83' lang='lat' dir='ltr'><strong>turbationis</strong></span> <span class='ocrx_word' id='word_1_683' title='bbox 2531 3617 2591 3656; x_wconf 89' lang='lat' dir='ltr'><strong>ac</strong></span> <span class='ocrx_word' id='word_1_684' title='bbox 2620 3602 2812 3667; x_wconf 91' lang='lat' dir='ltr'><strong>litium,</strong></span> <span class='ocrx_word' id='word_1_685' title='bbox 2847 3617 2913 3657; x_wconf 91' lang='lat' dir='ltr'><strong>ne</strong></span> <span class='ocrx_word' id='word_1_686' title='bbox 2953 3602 3103 3655; x_wconf 91' lang='lat' dir='ltr'><strong>nobis</strong></span> <span class='ocrx_word' id='word_1_687' title='bbox 3150 3604 3221 3655; x_wconf 91' lang='lat' dir='ltr'><strong>ira</strong></span> <span class='ocrx_word' id='word_1_688' title='bbox 3251 3604 3515 3665; x_wconf 80' lang='lat' dir='ltr'><strong>subrepat,</strong></span> <span class='ocrx_word' id='word_1_689' title='bbox 3544 3616 3709 3655; x_wconf 82' lang='lat' dir='ltr'><strong>cavea-</strong></span> 
     </span>
    </p>
   </div>
   <div class='ocr_carea' id='block_1_94' title="bbox 2191 3676 3704 3759">
    <p class='ocr_par' dir='ltr' id='par_1_94' title="bbox 2191 3676 3704 3759">
     <span class='ocr_line' id='line_1_94' title="bbox 2191 3676 3704 3759; baseline -0.002 -16"><span class='ocrx_word' id='word_1_690' title='bbox 2191 3705 2338 3755; x_wconf 88' lang='lat' dir='ltr'><strong>mus;</strong></span> <span class='ocrx_word' id='word_1_691' title='bbox 2368 3700 2457 3743; x_wconf 91' lang='lat' dir='ltr'><strong>aut</strong></span> <span class='ocrx_word' id='word_1_692' title='bbox 2485 3690 2529 3744; x_wconf 92' lang='lat' dir='ltr'><strong>si</strong></span> <span class='ocrx_word' id='word_1_693' title='bbox 2572 3690 2702 3744; x_wconf 82' lang='lat' dir='ltr'><strong>l‘orte</strong></span> <span class='ocrx_word' id='word_1_694' title='bbox 2741 3691 3067 3759; x_wconf 89' lang='lat' dir='ltr'><strong>subrepserit</strong></span> <span class='ocrx_word' id='word_1_695' title='bbox 3088 3731 3103 3753; x_wconf 90' lang='lat'><strong>,</strong></span> <span class='ocrx_word' id='word_1_696' title='bbox 3134 3691 3271 3744; x_wconf 86' lang='lat' dir='ltr'><strong>intra</strong></span> <span class='ocrx_word' id='word_1_697' title='bbox 3308 3693 3416 3745; x_wconf 89' lang='lat' dir='ltr'><strong>oris</strong></span> <span class='ocrx_word' id='word_1_698' title='bbox 3445 3701 3582 3758; x_wconf 89' lang='lat' dir='ltr'><strong>septa</strong></span> <span class='ocrx_word' id='word_1_699' title='bbox 3609 3676 3704 3755; x_wconf 76' lang='lat' dir='ltr'><strong>ejus</strong></span> 
     </span>
    </p>
   </div>
   <div class='ocr_carea' id='block_1_95' title="bbox 2190 3777 3709 3849">
    <p class='ocr_par' dir='ltr' id='par_1_95' title="bbox 2190 3777 3709 3849">
     <span class='ocr_line' id='line_1_95' title="bbox 2190 3777 3709 3849; baseline -0.002 -16"><span class='ocrx_word' id='word_1_700' title='bbox 2190 3780 2539 3833; x_wconf 83' lang='lat' dir='ltr'><strong>cohibeamus</strong></span> <span class='ocrx_word' id='word_1_701' title='bbox 2586 3780 2860 3849; x_wconf 88' lang='lat' dir='ltr'><strong>impetum,</strong></span> <span class='ocrx_word' id='word_1_702' title='bbox 2908 3791 2960 3835; x_wconf 90' lang='lat' dir='ltr'><strong>et</strong></span> <span class='ocrx_word' id='word_1_703' title='bbox 2997 3788 3181 3833; x_wconf 85' lang='lat' dir='ltr'><strong>exacta</strong></span> <span class='ocrx_word' id='word_1_704' title='bbox 3235 3780 3363 3833; x_wconf 89' lang='lat' dir='ltr'><strong>hora</strong></span> <span class='ocrx_word' id='word_1_705' title='bbox 3418 3777 3709 3833; x_wconf 85' lang='lat' dir='ltr'><strong>discriminis</strong></span> 
     </span>
    </p>
   </div>
   <div class='ocr_carea' id='block_1_96' title="bbox 2191 3869 3707 3939">
    <p class='ocr_par' dir='ltr' id='par_1_96' title="bbox 2191 3869 3707 3939">
     <span class='ocr_line' id='line_1_96' title="bbox 2191 3869 3707 3939; baseline -0.003 -16"><span class='ocrx_word' id='word_1_706' title='bbox 2191 3869 2407 3924; x_wconf 89' lang='lat' dir='ltr'><strong>liberius</strong></span> <span class='ocrx_word' id='word_1_707' title='bbox 2432 3882 2546 3923; x_wconf 86' lang='lat' dir='ltr'><strong>eam</strong></span> <span class='ocrx_word' id='word_1_708' title='bbox 2574 3870 2637 3923; x_wconf 89' lang='lat' dir='ltr'><strong>ad</strong></span> <span class='ocrx_word' id='word_1_709' title='bbox 2669 3870 2981 3939; x_wconf 77' lang='lat' dir='ltr'><strong>integrum&#39;a</strong></span> <span class='ocrx_word' id='word_1_710' title='bbox 3016 3878 3195 3923; x_wconf 91' lang='lat' dir='ltr'><strong>nostro</strong></span> <span class='ocrx_word' id='word_1_711' title='bbox 3225 3869 3383 3924; x_wconf 85' lang='lat' dir='ltr'><strong>corde</strong></span> <span class='ocrx_word' id='word_1_712' title='bbox 3410 3884 3501 3938; x_wconf 85' lang='lat' dir='ltr'><strong>per</strong></span> <span class='ocrx_word' id='word_1_713' title='bbox 3524 3879 3707 3935; x_wconf 90' lang='lat' dir='ltr'><strong>tempus</strong></span> 
     </span>
    </p>
   </div>
   <div class='ocr_carea' id='block_1_97' title="bbox 2190 3958 3710 4028">
    <p class='ocr_par' dir='ltr' id='par_1_97' title="bbox 2190 3958 3710 4028">
     <span class='ocr_line' id='line_1_97' title="bbox 2190 3958 3710 4028; baseline -0.003 -15"><span class='ocrx_word' id='word_1_714' title='bbox 2190 3973 2570 4028; x_wconf 85' lang='lat' dir='ltr'><strong>expurgemus.</strong></span> <span class='ocrx_word' id='word_1_715' title='bbox 2596 3959 2692 4014; x_wconf 76' lang='lat' dir='ltr'><strong>Vel</strong></span> <span class='ocrx_word' id='word_1_716' title='bbox 2714 3971 2857 4013; x_wconf 87' lang='lat' dir='ltr'><strong>certe</strong></span> <span class='ocrx_word' id='word_1_717' title='bbox 2885 3960 3060 4013; x_wconf 91' lang='lat' dir='ltr'><strong>tardos</strong></span> <span class='ocrx_word' id='word_1_718' title='bbox 3085 3960 3146 4011; x_wconf 86' lang='lat' dir='ltr'><strong>ad</strong></span> <span class='ocrx_word' id='word_1_719' title='bbox 3176 3958 3307 4011; x_wconf 91' lang='lat' dir='ltr'><strong>iram</strong></span> <span class='ocrx_word' id='word_1_720' title='bbox 3338 3972 3433 4012; x_wconf 85' lang='lat' dir='ltr'><strong>nos</strong></span> <span class='ocrx_word' id='word_1_721' title='bbox 3460 3973 3571 4012; x_wconf 88' lang='lat' dir='ltr'><strong>esse</strong></span> <span class='ocrx_word' id='word_1_722' title='bbox 3598 3972 3710 4023; x_wconf 73' lang='lat' dir='ltr'><strong>prs:-</strong></span> 
     </span>
    </p>
   </div>
   <div class='ocr_carea' id='block_1_98' title="bbox 2194 4048 3705 4118">
    <p class='ocr_par' dir='ltr' id='par_1_98' title="bbox 2194 4048 3705 4118">
     <span class='ocr_line' id='line_1_98' title="bbox 2194 4048 3705 4118; baseline -0.002 -17"><span class='ocrx_word' id='word_1_723' title='bbox 2194 4049 2353 4117; x_wconf 82' lang='lat' dir='ltr'><strong>cepit,</strong></span> <span class='ocrx_word' id='word_1_724' title='bbox 2386 4059 2443 4102; x_wconf 92' lang='lat' dir='ltr'><strong>ut</strong></span> <span class='ocrx_word' id='word_1_725' title='bbox 2474 4065 2575 4103; x_wconf 93' lang='lat' dir='ltr'><strong>non</strong></span> <span class='ocrx_word' id='word_1_726' title='bbox 2607 4051 2868 4118; x_wconf 77' lang='lat' dir='ltr'><strong>quaslibet</strong></span> <span class='ocrx_word' id='word_1_727' title='bbox 2894 4051 2963 4104; x_wconf 91' lang='lat' dir='ltr'><strong>ob</strong></span> <span class='ocrx_word' id='word_1_728' title='bbox 2992 4064 3178 4103; x_wconf 88' lang='lat' dir='ltr'><strong>causas</strong></span> <span class='ocrx_word' id='word_1_729' title='bbox 3207 4050 3539 4103; x_wconf 79' lang='lat' dir='ltr'><strong>serenitatem</strong></span> <span class='ocrx_word' id='word_1_730' title='bbox 3567 4048 3705 4101; x_wconf 86' lang='lat' dir='ltr'><strong>nostri</strong></span> 
     </span>
    </p>
   </div>
   <div class='ocr_carea' id='block_1_99' title="bbox 2196 4136 3706 4202">
    <p class='ocr_par' dir='ltr' id='par_1_99' title="bbox 2196 4136 3706 4202">
     <span class='ocr_line' id='line_1_99' title="bbox 2196 4136 3706 4202; baseline -0.001 -13"><span class='ocrx_word' id='word_1_731' title='bbox 2196 4138 2365 4190; x_wconf 76' lang='lat' dir='ltr'><strong>\‘ultus</strong></span> <span class='ocrx_word' id='word_1_732' title='bbox 2397 4138 2447 4190; x_wconf 94' lang='lat' dir='ltr'><strong>iu</strong></span> <span class='ocrx_word' id='word_1_733' title='bbox 2475 4136 2838 4192; x_wconf 85' lang='lat' dir='ltr'><strong>austeritatem</strong></span> <span class='ocrx_word' id='word_1_734' title='bbox 2866 4146 3152 4202; x_wconf 88' lang='lat' dir='ltr'><strong>vertamus,</strong></span> <span class='ocrx_word' id='word_1_735' title='bbox 3184 4138 3273 4189; x_wconf 82' lang='lat' dir='ltr'><strong>sed</strong></span> <span class='ocrx_word' id='word_1_736' title='bbox 3306 4147 3444 4191; x_wconf 86' lang='lat' dir='ltr'><strong>certa</strong></span> <span class='ocrx_word' id='word_1_737' title='bbox 3474 4138 3706 4191; x_wconf 81' lang='lat' dir='ltr'><strong>existente</strong></span> 
     </span>
    </p>
   </div>
   <div class='ocr_carea' id='block_1_100' title="bbox 2192 4226 3705 4296">
    <p class='ocr_par' dir='ltr' id='par_1_100' title="bbox 2192 4226 3705 4296">
     <span class='ocr_line' id='line_1_100' title="bbox 2192 4226 3705 4296; baseline -0.001 -17"><span class='ocrx_word' id='word_1_738' title='bbox 2192 4228 2410 4279; x_wconf 87' lang='lat' dir='ltr'><strong>ratione.</strong></span> <span class='ocrx_word' id='word_1_739' title='bbox 2464 4226 2621 4281; x_wconf 79' lang='lat' dir='ltr'><strong>Verbi</strong></span> <span class='ocrx_word' id='word_1_740' title='bbox 2670 4228 2856 4296; x_wconf 84' lang='lat' dir='ltr'><strong>gratia,</strong></span> <span class='ocrx_word' id='word_1_741' title='bbox 2907 4227 2951 4280; x_wconf 88' lang='lat' dir='ltr'><strong>si</strong></span> <span class='ocrx_word' id='word_1_742' title='bbox 2998 4226 3153 4281; x_wconf 87' lang='lat' dir='ltr'><strong>aliter</strong></span> <span class='ocrx_word' id='word_1_743' title='bbox 3200 4226 3391 4295; x_wconf 83' lang='lat' dir='ltr'><strong>corrigi</strong></span> <span class='ocrx_word' id='word_1_744' title='bbox 3444 4229 3705 4295; x_wconf 82' lang='lat' dir='ltr'><strong>proximos,</strong></span> 
     </span>
    </p>
   </div>
   <div class='ocr_carea' id='block_1_101' title="bbox 2195 4316 3710 4386">
    <p class='ocr_par' dir='ltr' id='par_1_101' title="bbox 2195 4316 3710 4386">
     <span class='ocr_line' id='line_1_101' title="bbox 2195 4316 3710 4386; baseline 0.001 -20"><span class='ocrx_word' id='word_1_745' title='bbox 2195 4316 2421 4369; x_wconf 79' lang='lat' dir='ltr'><strong>maxime</strong></span> <span class='ocrx_word' id='word_1_746' title='bbox 2464 4316 2553 4382; x_wconf 92' lang='lat' dir='ltr'><strong>qui</strong></span> <span class='ocrx_word' id='word_1_747' title='bbox 2600 4316 2750 4369; x_wconf 90' lang='lat' dir='ltr'><strong>nobis</strong></span> <span class='ocrx_word' id='word_1_748' title='bbox 2796 4323 2918 4369; x_wconf 89' lang='lat' dir='ltr'><strong>sunt</strong></span> <span class='ocrx_word' id='word_1_749' title='bbox 2952 4317 3240 4379; x_wconf 72' lang='lat' dir='ltr'><strong>commissi,</strong></span> <span class='ocrx_word' id='word_1_750' title='bbox 3294 4332 3397 4371; x_wconf 92' lang='lat' dir='ltr'><strong>non</strong></span> <span class='ocrx_word' id='word_1_751' title='bbox 3445 4330 3590 4386; x_wconf 69' lang='lat' dir='ltr'><strong>posse</strong></span> <span class='ocrx_word' id='word_1_752' title='bbox 3613 4330 3710 4369; x_wconf 87' lang='lat' dir='ltr'><strong>cer-</strong></span> 
     </span>
    </p>
   </div>
   <div class='ocr_carea' id='block_1_102' title="bbox 2196 4404 3711 4474">
    <p class='ocr_par' dir='ltr' id='par_1_102' title="bbox 2196 4404 3711 4474">
     <span class='ocr_line' id='line_1_102' title="bbox 2196 4404 3711 4474; baseline -0.001 -17"><span class='ocrx_word' id='word_1_753' title='bbox 2196 4419 2402 4469; x_wconf 89' lang='lat' dir='ltr'><strong>namus,</strong></span> <span class='ocrx_word' id='word_1_754' title='bbox 2441 4404 2773 4459; x_wconf 87' lang='lat' dir='ltr'><strong>severitatem</strong></span> <span class='ocrx_word' id='word_1_755' title='bbox 2799 4419 2925 4470; x_wconf 77' lang='lat' dir='ltr'><strong>ergo</strong></span> <span class='ocrx_word' id='word_1_756' title='bbox 2964 4418 3055 4458; x_wconf 90' lang='lat' dir='ltr'><strong>eos</strong></span> <span class='ocrx_word' id='word_1_757' title='bbox 3094 4404 3263 4470; x_wconf 87' lang='lat' dir='ltr'><strong>verbi,</strong></span> <span class='ocrx_word' id='word_1_758' title='bbox 3296 4407 3375 4460; x_wconf 89' lang='lat' dir='ltr'><strong>vel</strong></span> <span class='ocrx_word' id='word_1_759' title='bbox 3419 4408 3569 4459; x_wconf 86' lang='lat' dir='ltr'><strong>etiam</strong></span> <span class='ocrx_word' id='word_1_760' title='bbox 3593 4404 3711 4474; x_wconf 83' lang='lat' dir='ltr'><strong>judi-</strong></span> 
     </span>
    </p>
   </div>
   <div class='ocr_carea' id='block_1_103' title="bbox 2196 4493 3708 4563">
    <p class='ocr_par' dir='ltr' id='par_1_103' title="bbox 2196 4493 3708 4563">
     <span class='ocr_line' id='line_1_103' title="bbox 2196 4493 3708 4563; baseline -0.002 -16"><span class='ocrx_word' id='word_1_761' title='bbox 2196 4495 2259 4547; x_wconf 91' lang='lat' dir='ltr'><strong>cii</strong></span> <span class='ocrx_word' id='word_1_762' title='bbox 2312 4494 2641 4548; x_wconf 90' lang='lat' dir='ltr'><strong>districtioris</strong></span> <span class='ocrx_word' id='word_1_763' title='bbox 2676 4493 3036 4558; x_wconf 88' lang='lat' dir='ltr'><strong>exhibeamus,</strong></span> <span class='ocrx_word' id='word_1_764' title='bbox 3070 4504 3315 4549; x_wconf 86' lang='lat' dir='ltr'><strong>manente</strong></span> <span class='ocrx_word' id='word_1_765' title='bbox 3361 4506 3528 4550; x_wconf 86' lang='lat' dir='ltr'><strong>tamen</strong></span> <span class='ocrx_word' id='word_1_766' title='bbox 3571 4508 3708 4563; x_wconf 81' lang='lat' dir='ltr'><strong>quan-</strong></span> 
     </span>
    </p>
   </div>
   <div class='ocr_carea' id='block_1_104' title="bbox 2112 4566 3710 4651">
    <p class='ocr_par' dir='ltr' id='par_1_104' title="bbox 2112 4566 3710 4651">
     <span class='ocr_line' id='line_1_104' title="bbox 2112 4566 3710 4651; baseline -0.001 -16"><span class='ocrx_word' id='word_1_767' title='bbox 2112 4566 2164 4623; x_wconf 81' lang='grc' dir='ltr'><strong>Ῐ)</strong></span> <span class='ocrx_word' id='word_1_768' title='bbox 2194 4594 2299 4636; x_wconf 92' lang='lat' dir='ltr'><strong>tum</strong></span> <span class='ocrx_word' id='word_1_769' title='bbox 2351 4595 2534 4635; x_wconf 91' lang='lat' dir='ltr'><strong>natura</strong></span> <span class='ocrx_word' id='word_1_770' title='bbox 2600 4584 2821 4636; x_wconf 86' lang='lat' dir='ltr'><strong>humana</strong></span> <span class='ocrx_word' id='word_1_771' title='bbox 2869 4584 3065 4651; x_wconf 89' lang='lat' dir='ltr'><strong>patitur</strong></span> <span class='ocrx_word' id='word_1_772' title='bbox 3118 4591 3254 4636; x_wconf 85' lang='lat' dir='ltr'><strong>statu</strong></span> <span class='ocrx_word' id='word_1_773' title='bbox 3306 4585 3495 4638; x_wconf 89' lang='lat' dir='ltr'><strong>mentis</strong></span> <span class='ocrx_word' id='word_1_774' title='bbox 3544 4592 3710 4637; x_wconf 71' lang='lat' dir='ltr'><strong>nostra:</strong></span> 
     </span>
    </p>
   </div>
   <div class='ocr_carea' id='block_1_105' title="bbox 2192 4671 3708 4740">
    <p class='ocr_par' dir='ltr' id='par_1_105' title="bbox 2192 4671 3708 4740">
     <span class='ocr_line' id='line_1_105' title="bbox 2192 4671 3708 4740; baseline -0.004 -14"><span class='ocrx_word' id='word_1_775' title='bbox 2192 4686 2402 4726; x_wconf 87' lang='lat' dir='ltr'><strong>sereno.</strong></span> <span class='ocrx_word' id='word_1_776' title='bbox 2441 4671 2567 4724; x_wconf 81' lang='lat' dir='ltr'><strong>Nam</strong></span> <span class='ocrx_word' id='word_1_777' title='bbox 2612 4672 2692 4740; x_wconf 94' lang='lat' dir='ltr'><strong>(ut</strong></span> <span class='ocrx_word' id='word_1_778' title='bbox 2738 4672 2920 4739; x_wconf 85' lang='lat' dir='ltr'><strong>credo)</strong></span> <span class='ocrx_word' id='word_1_779' title='bbox 2953 4672 3199 4735; x_wconf 88' lang='lat' dir='ltr'><strong>Pbinees,</strong></span> <span class='ocrx_word' id='word_1_780' title='bbox 3249 4673 3481 4735; x_wconf 82' lang='lat' dir='ltr'><strong>Samuel,</strong></span> <span class='ocrx_word' id='word_1_781' title='bbox 3514 4671 3637 4724; x_wconf 81' lang='lat' dir='ltr'><strong>Etias</strong></span> <span class='ocrx_word' id='word_1_782' title='bbox 3665 4680 3708 4722; x_wconf 90' lang='lat' dir='ltr'><strong>et</strong></span> 
     </span>
    </p>
   </div>
   <div class='ocr_carea' id='block_1_106' title="bbox 2193 4761 3704 4830">
    <p class='ocr_par' dir='ltr' id='par_1_106' title="bbox 2193 4761 3704 4830">
     <span class='ocr_line' id='line_1_106' title="bbox 2193 4761 3704 4830; baseline -0.003 -14"><span class='ocrx_word' id='word_1_783' title='bbox 2193 4762 2401 4829; x_wconf 88' lang='lat' dir='ltr'><strong>Petrus,</strong></span> <span class='ocrx_word' id='word_1_784' title='bbox 2437 4762 2569 4815; x_wconf 86' lang='lat' dir='ltr'><strong>tardi</strong></span> <span class='ocrx_word' id='word_1_785' title='bbox 2620 4761 2826 4815; x_wconf 85' lang='lat' dir='ltr'><strong>fuerunt</strong></span> <span class='ocrx_word' id='word_1_786' title='bbox 2856 4762 2920 4815; x_wconf 91' lang='lat' dir='ltr'><strong>ad</strong></span> <span class='ocrx_word' id='word_1_787' title='bbox 2967 4764 3119 4825; x_wconf 86' lang='lat' dir='ltr'><strong>iram,</strong></span> <span class='ocrx_word' id='word_1_788' title='bbox 3155 4772 3208 4816; x_wconf 90' lang='lat' dir='ltr'><strong>et</strong></span> <span class='ocrx_word' id='word_1_789' title='bbox 3237 4773 3411 4816; x_wconf 85' lang='lat' dir='ltr'><strong>tamen</strong></span> <span class='ocrx_word' id='word_1_790' title='bbox 3440 4771 3704 4830; x_wconf 82' lang='lat' dir='ltr'><strong>peccantes,</strong></span> 
     </span>
    </p>
   </div>
   <div class='ocr_carea' id='block_1_107' title="bbox 2192 4851 3705 4923">
    <p class='ocr_par' dir='ltr' id='par_1_107' title="bbox 2192 4851 3705 4923">
     <span class='ocr_line' id='line_1_107' title="bbox 2192 4851 3705 4923; baseline 0 -20"><span class='ocrx_word' id='word_1_791' title='bbox 2192 4854 2273 4906; x_wconf 90' lang='lat' dir='ltr'><strong>vel</strong></span> <span class='ocrx_word' id='word_1_792' title='bbox 2315 4852 2511 4921; x_wconf 81' lang='lat' dir='ltr'><strong>gladio,</strong></span> <span class='ocrx_word' id='word_1_793' title='bbox 2544 4852 2626 4905; x_wconf 90' lang='lat' dir='ltr'><strong>vel</strong></span> <span class='ocrx_word' id='word_1_794' title='bbox 2659 4851 2839 4917; x_wconf 80' lang='lat' dir='ltr'><strong>verbo,</strong></span> <span class='ocrx_word' id='word_1_795' title='bbox 2873 4862 3230 4919; x_wconf 89' lang='lat' dir='ltr'><strong>peremerunt.</strong></span> <span class='ocrx_word' id='word_1_796' title='bbox 3274 4853 3375 4905; x_wconf 90' lang='lat' dir='ltr'><strong>Sed</strong></span> <span class='ocrx_word' id='word_1_797' title='bbox 3417 4863 3469 4908; x_wconf 91' lang='lat' dir='ltr'><strong>et</strong></span> <span class='ocrx_word' id='word_1_798' title='bbox 3508 4854 3705 4923; x_wconf 77' lang='lat' dir='ltr'><strong>Moyses,</strong></span> 
     </span>
    </p>
   </div>
   <div class='ocr_carea' id='block_1_108' title="bbox 2200 4940 3705 5010">
    <p class='ocr_par' dir='ltr' id='par_1_108' title="bbox 2200 4940 3705 5010">
     <span class='ocr_line' id='line_1_108' title="bbox 2200 4940 3705 5010; baseline -0.002 -15"><span class='ocrx_word' id='word_1_799' title='bbox 2200 4956 2320 4995; x_wconf 90' lang='lat' dir='ltr'><strong>cum</strong></span> <span class='ocrx_word' id='word_1_800' title='bbox 2348 4948 2489 4994; x_wconf 88' lang='lat' dir='ltr'><strong>esset</strong></span> <span class='ocrx_word' id='word_1_801' title='bbox 2532 4940 2611 4993; x_wconf 89' lang='lat' dir='ltr'><strong>vir</strong></span> <span class='ocrx_word' id='word_1_802' title='bbox 2640 4941 2967 5005; x_wconf 88' lang='lat' dir='ltr'><strong>mitissimus,</strong></span> <span class='ocrx_word' id='word_1_803' title='bbox 2999 4942 3158 4995; x_wconf 79' lang='lat' dir='ltr'><strong>exivit</strong></span> <span class='ocrx_word' id='word_1_804' title='bbox 3204 4957 3233 4994; x_wconf 93' lang='lat' dir='ltr'><strong>a</strong></span> <span class='ocrx_word' id='word_1_805' title='bbox 3266 4940 3537 4997; x_wconf 85' lang='lat' dir='ltr'><strong>Pharaone</strong></span> <span class='ocrx_word' id='word_1_806' title='bbox 3576 4956 3705 5010; x_wconf 87' lang='lat' dir='ltr'><strong>quem</strong></span> 
     </span>
    </p>
   </div>
   <div class='ocr_carea' id='block_1_109' title="bbox 2200 5020 3704 5097">
    <p class='ocr_par' dir='ltr' id='par_1_109' title="bbox 2200 5020 3704 5097">
     <span class='ocr_line' id='line_1_109' title="bbox 2200 5020 3704 5097; baseline -0.002 -16"><span class='ocrx_word' id='word_1_807' title='bbox 2200 5026 2609 5096; x_wconf 87' lang='lat' dir='ltr'><strong>incorrigihilem</strong></span> <span class='ocrx_word' id='word_1_808' title='bbox 2656 5020 2805 5095; x_wconf 87' lang='lat' dir='ltr'><strong>vidit,</strong></span> <span class='ocrx_word' id='word_1_809' title='bbox 2853 5030 3016 5082; x_wconf 86' lang='lat' dir='ltr'><strong>iratus</strong></span> <span class='ocrx_word' id='word_1_810' title='bbox 3060 5031 3238 5097; x_wconf 84' lang='lat' dir='ltr'><strong>nimis,</strong></span> <span class='ocrx_word' id='word_1_811' title='bbox 3282 5032 3617 5085; x_wconf 86' lang='lat' dir='ltr'><strong>comminatus</strong></span> <span class='ocrx_word' id='word_1_812' title='bbox 3643 5042 3704 5082; x_wconf 83' lang='lat' dir='ltr'><strong>est</strong></span> 
     </span>
    </p>
   </div>
   <div class='ocr_carea' id='block_1_110' title="bbox 2190 5120 3225 5189">
    <p class='ocr_par' dir='ltr' id='par_1_110' title="bbox 2190 5120 3225 5189">
     <span class='ocr_line' id='line_1_110' title="bbox 2190 5120 3225 5189; baseline 0.002 -17"><span class='ocrx_word' id='word_1_813' title='bbox 2190 5120 2237 5172; x_wconf 93' lang='lat' dir='ltr'><strong>ei</strong></span> <span class='ocrx_word' id='word_1_814' title='bbox 2270 5134 2495 5185; x_wconf 71' lang='lat' dir='ltr'><strong>prunam,</strong></span> <span class='ocrx_word' id='word_1_815' title='bbox 2524 5133 2676 5187; x_wconf 88' lang='lat' dir='ltr'><strong>quam</strong></span> <span class='ocrx_word' id='word_1_816' title='bbox 2721 5128 2774 5173; x_wconf 89' lang='lat' dir='ltr'><strong>et</strong></span> <span class='ocrx_word' id='word_1_817' title='bbox 2803 5134 2962 5187; x_wconf 89' lang='lat' dir='ltr'><strong>opere</strong></span> <span class='ocrx_word' id='word_1_818' title='bbox 2985 5122 3225 5189; x_wconf 87' lang='lat' dir='ltr'><strong>patravit.</strong></span> 
     </span>
    </p>
   </div>
   <div class='ocr_carea' id='block_1_111' title="bbox 2262 5207 3705 5281">
    <p class='ocr_par' dir='ltr' id='par_1_111' title="bbox 2262 5207 3705 5281">
     <span class='ocr_line' id='line_1_111' title="bbox 2262 5207 3705 5281; baseline -0.002 -20"><span class='ocrx_word' id='word_1_819' title='bbox 2262 5207 2351 5261; x_wconf 91' lang='lat' dir='ltr'><strong>Ira</strong></span> <span class='ocrx_word' id='word_1_820' title='bbox 2395 5210 2527 5263; x_wconf 89' lang='lat' dir='ltr'><strong>enim</strong></span> <span class='ocrx_word' id='word_1_821' title='bbox 2557 5210 2647 5262; x_wconf 78' lang='lat' dir='ltr'><strong>uiri</strong></span> <span class='ocrx_word' id='word_1_822' title='bbox 2669 5210 2921 5277; x_wconf 86' lang='lat' dir='ltr'><strong>justitiam</strong></span> <span class='ocrx_word' id='word_1_823' title='bbox 2968 5209 3061 5263; x_wconf 88' lang='lat' dir='ltr'><strong>Dei</strong></span> <span class='ocrx_word' id='word_1_824' title='bbox 3103 5227 3202 5264; x_wconf 87' lang='lat' dir='ltr'><strong>non</strong></span> <span class='ocrx_word' id='word_1_825' title='bbox 3234 5223 3493 5281; x_wconf 83' lang='lat' dir='ltr'><strong>aperatur.</strong></span> <span class='ocrx_word' id='word_1_826' title='bbox 3544 5209 3705 5264; x_wconf 81' lang='lat' dir='ltr'><strong>Facilis</strong></span> 
     </span>
    </p>
   </div>
   <div class='ocr_carea' id='block_1_112' title="bbox 2192 5296 3704 5364">
    <p class='ocr_par' dir='ltr' id='par_1_112' title="bbox 2192 5296 3704 5364">
     <span class='ocr_line' id='line_1_112' title="bbox 2192 5296 3704 5364; baseline -0.002 -14"><span class='ocrx_word' id='word_1_827' title='bbox 2192 5308 2268 5350; x_wconf 92' lang='lat' dir='ltr'><strong>est</strong></span> <span class='ocrx_word' id='word_1_828' title='bbox 2300 5310 2512 5361; x_wconf 89' lang='lat' dir='ltr'><strong>sensus,</strong></span> <span class='ocrx_word' id='word_1_829' title='bbox 2561 5296 2681 5364; x_wconf 92' lang='lat' dir='ltr'><strong>quia</strong></span> <span class='ocrx_word' id='word_1_830' title='bbox 2736 5298 2825 5363; x_wconf 91' lang='lat' dir='ltr'><strong>qui</strong></span> <span class='ocrx_word' id='word_1_831' title='bbox 2881 5297 3162 5355; x_wconf 66' lang='lat' dir='ltr'><strong>iracundia</strong></span> <span class='ocrx_word' id='word_1_832' title='bbox 3212 5300 3339 5354; x_wconf 92' lang='lat' dir='ltr'><strong>vitio</strong></span> <span class='ocrx_word' id='word_1_833' title='bbox 3386 5315 3445 5353; x_wconf 88' lang='lat' dir='ltr'><strong>se</strong></span> <span class='ocrx_word' id='word_1_834' title='bbox 3498 5300 3704 5352; x_wconf 84' lang='lat' dir='ltr'><strong>incautus</strong></span> 
     </span>
    </p>
   </div>
   <div class='ocr_carea' id='block_1_113' title="bbox 2191 5387 3705 5460">
    <p class='ocr_par' dir='ltr' id='par_1_113' title="bbox 2191 5387 3705 5460">
     <span class='ocr_line' id='line_1_113' title="bbox 2191 5387 3705 5460; baseline -0.001 -19"><span class='ocrx_word' id='word_1_835' title='bbox 2191 5387 2449 5456; x_wconf 79' lang='lat' dir='ltr'><strong>subjugat,</strong></span> <span class='ocrx_word' id='word_1_836' title='bbox 2480 5388 2579 5441; x_wconf 91' lang='lat' dir='ltr'><strong>etsi</strong></span> <span class='ocrx_word' id='word_1_837' title='bbox 2622 5387 2924 5441; x_wconf 89' lang='lat' dir='ltr'><strong>hominibus</strong></span> <span class='ocrx_word' id='word_1_838' title='bbox 2964 5388 3135 5457; x_wconf 86' lang='lat' dir='ltr'><strong>justus</strong></span> <span class='ocrx_word' id='word_1_839' title='bbox 3178 5401 3416 5460; x_wconf 86' lang='lat' dir='ltr'><strong>apparet,</strong></span> <span class='ocrx_word' id='word_1_840' title='bbox 3464 5393 3513 5445; x_wconf 91' lang='lat' dir='ltr'><strong>in</strong></span> <span class='ocrx_word' id='word_1_841' title='bbox 3551 5390 3705 5445; x_wconf 82' lang='lat' dir='ltr'><strong>divino</strong></span> 
     </span>
    </p>
   </div>
   <div class='ocr_carea' id='block_1_114' title="bbox 2192 5480 3699 5551">
    <p class='ocr_par' dir='ltr' id='par_1_114' title="bbox 2192 5480 3699 5551">
     <span class='ocr_line' id='line_1_114' title="bbox 2192 5480 3699 5551; baseline 0.001 -21"><span class='ocrx_word' id='word_1_842' title='bbox 2192 5488 2363 5532; x_wconf 89' lang='lat' dir='ltr'><strong>tamen</strong></span> <span class='ocrx_word' id='word_1_843' title='bbox 2394 5480 2636 5532; x_wconf 88' lang='lat' dir='ltr'><strong>examine</strong></span> <span class='ocrx_word' id='word_1_844' title='bbox 2669 5481 2899 5534; x_wconf 75' lang='lat' dir='ltr'><strong>nondum</strong></span> <span class='ocrx_word' id='word_1_845' title='bbox 2930 5483 3162 5551; x_wconf 76' lang='lat' dir='ltr'><strong>perfecte</strong></span> <span class='ocrx_word' id='word_1_846' title='bbox 3200 5484 3373 5551; x_wconf 84' lang='lat' dir='ltr'><strong>justus</strong></span> <span class='ocrx_word' id='word_1_847' title='bbox 3409 5495 3504 5538; x_wconf 88' lang='lat' dir='ltr'><strong>est.</strong></span> <span class='ocrx_word' id='word_1_848' title='bbox 3539 5484 3699 5537; x_wconf 72' lang='lat' dir='ltr'><strong>Verum</strong></span> 
     </span>
    </p>
   </div>
   <div class='ocr_carea' id='block_1_115' title="bbox 2188 5566 3699 5640">
    <p class='ocr_par' dir='ltr' id='par_1_115' title="bbox 2188 5566 3699 5640">
     <span class='ocr_line' id='line_1_115' title="bbox 2188 5566 3699 5640; baseline 0.007 -23"><span class='ocrx_word' id='word_1_849' title='bbox 2188 5566 2346 5619; x_wconf 90' lang='lat' dir='ltr'><strong>altius</strong></span> <span class='ocrx_word' id='word_1_850' title='bbox 2379 5578 2549 5636; x_wconf 89' lang='lat' dir='ltr'><strong>potest</strong></span> <span class='ocrx_word' id='word_1_851' title='bbox 2596 5568 2832 5638; x_wconf 89' lang='lat' dir='ltr'><strong>intelligi,</strong></span> <span class='ocrx_word' id='word_1_852' title='bbox 2867 5576 2981 5640; x_wconf 87' lang='lat' dir='ltr'><strong>quia</strong></span> <span class='ocrx_word' id='word_1_853' title='bbox 3014 5573 3079 5626; x_wconf 90' lang='lat' dir='ltr'><strong>de</strong></span> <span class='ocrx_word' id='word_1_854' title='bbox 3125 5573 3346 5627; x_wconf 89' lang='lat' dir='ltr'><strong>Domino</strong></span> <span class='ocrx_word' id='word_1_855' title='bbox 3374 5576 3566 5630; x_wconf 88' lang='lat' dir='ltr'><strong>dictum</strong></span> <span class='ocrx_word' id='word_1_856' title='bbox 3593 5584 3699 5627; x_wconf 77' lang='lat' dir='ltr'><strong>est:</strong></span> 
     </span>
    </p>
   </div>
   <div class='ocr_carea' id='block_1_116' title="bbox 2193 5654 3699 5734">
    <p class='ocr_par' dir='ltr' id='par_1_116' title="bbox 2193 5654 3699 5734">
     <span class='ocr_line' id='line_1_116' title="bbox 2193 5654 3699 5734; baseline 0.007 -28"><span class='ocrx_word' id='word_1_857' title='bbox 2193 5654 2266 5707; x_wconf 85' lang='lat' dir='ltr'><strong>Tu</strong></span> <span class='ocrx_word' id='word_1_858' title='bbox 2298 5667 2482 5721; x_wconf 83' lang='lat' dir='ltr'><strong>autent,</strong></span> <span class='ocrx_word' id='word_1_859' title='bbox 2518 5656 2729 5711; x_wconf 82' lang='lat' dir='ltr'><strong>Domine</strong></span> <span class='ocrx_word' id='word_1_860' title='bbox 2767 5661 3022 5728; x_wconf 73' lang='lat' dir='ltr'><strong>uirtutum,</strong></span> <span class='ocrx_word' id='word_1_861' title='bbox 3056 5679 3168 5714; x_wconf 84' lang='lat' dir='ltr'><strong>cum</strong></span> <span class='ocrx_word' id='word_1_862' title='bbox 3195 5666 3554 5732; x_wconf 81' lang='lat' dir='ltr'><strong>tranquillitate</strong></span> <span class='ocrx_word' id='word_1_863' title='bbox 3581 5663 3699 5734; x_wconf 85' lang='lat' dir='ltr'><strong>judi-</strong></span> 
     </span>
    </p>
   </div>
   <div class='ocr_carea' id='block_1_117' title="bbox 2188 5747 3699 5819">
    <p class='ocr_par' dir='ltr' id='par_1_117' title="bbox 2188 5747 3699 5819">
     <span class='ocr_line' id='line_1_117' title="bbox 2188 5747 3699 5819; baseline 0.005 -21"><span class='ocrx_word' id='word_1_864' title='bbox 2188 5762 2269 5798; x_wconf 83' lang='lat' dir='ltr'><strong>cas</strong></span> <span class='ocrx_word' id='word_1_865' title='bbox 2313 5748 2463 5816; x_wconf 86' lang='lat' dir='ltr'><strong>(Sap.</strong></span> <span class='ocrx_word' id='word_1_866' title='bbox 2522 5747 2637 5814; x_wconf 79' lang='lat' dir='ltr'><strong>xu).</strong></span> <span class='ocrx_word' id='word_1_867' title='bbox 2692 5748 3073 5819; x_wconf 81' lang='lat' dir='ltr'><strong>Qualiscunque</strong></span> <span class='ocrx_word' id='word_1_868' title='bbox 3119 5752 3278 5819; x_wconf 83' lang='lat' dir='ltr'><strong>judex</strong></span> <span class='ocrx_word' id='word_1_869' title='bbox 3332 5756 3487 5809; x_wconf 70' lang='lat' dir='ltr'><strong>homo</strong></span> <span class='ocrx_word' id='word_1_870' title='bbox 3538 5754 3699 5807; x_wconf 82' lang='lat' dir='ltr'><strong>amissa</strong></span> 
     </span>
    </p>
   </div>
  </div>
