3860 6230
162 440 225 498 l'l
704 430 933 487 EXPOS.
976 429 1121 487 SUP.
1167 428 1526 495 EPISTOLAS
1563 425 1855 483 CATHOL.
1894 456 1963 467 -
2001 428 2061 481 ι).
2101 425 2329 482 JACOBI
2372 425 2716 483 EPISTULA.
3268 434 3339 487 μς

155 557 339 607 mentis
382 548 751 620 tranquillitate
779 546 1160 613 dclinquentem
1190 543 1414 612 iudicat,
1446 549 1603 595 etiam
1632 553 1675 592 St
1718 542 1765 600 Α
1874 533 2083 589 νίείίανε
2126 538 2343 605 Pupia”
2386 548 2431 593 ⁸⁸
2470 538 2643 589 "idm"
2688 538 2739 588 θ’*
2781 537 3101 592 ίτίθηίαίίοηε
3136 557 3331 609 conm“

150 644 286 708 iuste
332 639 554 709 iudicat,
604 636 855 705 justitiam
909 645 1083 687 tamen
1119 632 1283 686 divini
1332 631 1589 685 examinis
1633 629 1685 681 in

160 746 309 800 quam
354 728 672 797 perturbatio
702 726 887 779 cadere
915 723 1111 787 nescit,
1144 722 1331 775 imitari
1362 736 1464 775 non
1496 728 1684 786 potest.

221 819 438 885 Pr0pter
486 818 618 887 quod
664 816 952 887 abjicientes
991 829 1182 865 omnem
1229 810 1596 863 immunditiam
1641 819 1688 863 et

151 910 513 966 abundantiam
551 909 779 973 malitia,
802 910 852 961 in
880 904 1259 959 mansuetudine
1288 902 1576 967 suscepistis
1608 904 1688 953 in-

152 1004 296 1053 situm
340 1000 565 1051 verbum.
608 998 756 1051 Prius
803 1005 857 1050 et
897 1009 1086 1061 corpus
1134 1001 1189 1047 et
1228 1001 1454 1044 mentem
1494 1005 1522 1043 a
1552 990 1689 1042 vitiis

150 1090 293 1157 jubet
336 1102 649 1156 expurgare,
677 1095 732 1139 ut
774 1084 914 1154 digni
943 1085 1179 1138 existere
1207 1082 1426 1150 possint,
1457 1081 1542 1148 qui
1568 1093 1687 1132 ver-

154 1184 267 1232 bum
294 1179 484 1233 salutis
514 1178 823 1245 percipiant.
855 1177 951 1241 Qui
985 1176 1122 1229 enim
1154 1188 1256 1228 non
1287 1173 1514 1226 declinat
1544 1170 1688 1239 prius

153 1282 177 1318 a
218 1268 379 1333 malo,
412 1283 515 1321 non
546 1274 716 1335 potest
761 1266 934 1319 facere
983 1263 1196 1317 bonum.
1228 1262 1449 1315 Omnem
1497 1260 1690 1328 quippe

155 1355 530 1410 immunditiam
576 1364 629 1408 et
657 1356 830 1413 carnis
874 1361 929 1408 et
953 1356 1138 1406 anima:
1180 1358 1460 1418 nuncupat.
1495 1348 1687 1402 Malitia

156 1457 327 1499 autem
386 1445 595 1514 proprie
658 1445 722 1498 ad
781 1444 1043 1499 interioris
1100 1442 1324 1496 hominis
1381 1440 1686 1510 pravitatem

156 1536 381 1603 respicit.
433 1536 685 1605 Suscipite
725 1535 936 1605 (inquit)
981 1536 1183 1587 insitum
1226 1535 1442 1596 verbum,
1494 1534 1544 1586 id
1584 1540 1685 1599 est,

156 1626 364 1679 verbum
412 1625 553 1694 quod
600 1626 789 1678 vestris
835 1624 1079 1677 cordibus
1107 1622 1438 1690 praedicando
1470 1620 1689 1689 imponi-

156 1730 283 1780 mus,
312 1731 408 1771 vos
436 1716 687 1770 discendo
735 1714 1006 1782 suscipite.
1043 1713 1130 1768 Vel
1172 1724 1316 1767 certe
1350 1713 1419 1765 ita
1455 1710 1690 1765 sentien-

152 1804 267 1857 dum
295 1814 408 1859 est:
432 1806 650 1859 verbum
675 1802 811 1872 quod
839 1801 987 1857 vobis
1016 1803 1065 1855 in
1095 1802 1180 1856 die
1205 1800 1580 1868 redemptionis
1606 1800 1687 1853 in-

1791 634 1836 677 et
1885 629 2267 681 immaculatum
2327 645 2380 683 se
2406 630 2654 682 custodire
2702 629 2763 681 ab
2805 632 2897 682 hoc
2948 632 3154 685 sceculo.
3200 636 3334 700 Quia

1788 715 1992 769 dixerat
2036 715 2290 770 factorem
2338 717 2513 784 cperis
2549 716 2755 768 beatum
2802 717 2853 769 in
2898 718 3036 772 facto
3065 735 3163 773 suo
3196 721 3345 776 futu—

1792 820 1931 869 rum,
1975 819 2251 874 nuncquae
2280 806 2410 859 facta
2450 808 2681 859 maxime
2726 807 2832 860 Deo
2885 807 3124 873 placeant
3173 810 3331 879 dixit,

1796 894 2153 947 misericordia
2208 894 2406 948 scilicet
2445 904 2497 948 ct
2541 895 2859 948 innocentia.
2905 894 3142 965 Namque
3181 898 3231 951 in
3270 914 3337 956 eo

1789 984 1931 1052 quod
1962 984 2182 1053 pupillos
2209 998 2261 1039 et
2297 985 2479 1040 viduas
2510 988 2560 1039 in
2605 986 2943 1040 tribulatione
2984 1002 3173 1043 eorum
3216 994 3340 1046 visi-

1790 1083 1899 1129 tare
1924 1077 2102 1143 jussit,
2130 1084 2315 1130 cuncta
2345 1091 2462 1143 quae
2491 1091 2613 1146 erga
2647 1079 2942 1143 proximum
2976 1083 3330 1137 misericordi-

1792 1173 1871 1218 ter
1900 1179 2055 1233 agere
2089 1165 2341 1219 debemus
2372 1166 2617 1219 insinuat.
2651 1167 2799 1232 Quod
2844 1179 3094 1235 quantum
3138 1174 3329 1235 valeat,

1790 1252 1903 1320 ipso
1928 1253 2105 1319 iudicii
2136 1261 2371 1320 tempore
2402 1254 2676 1321 pandetur,
2726 1256 2810 1308 ubi
2852 1257 3087 1312 dicturus
3117 1268 3199 1313 est
3238 1260 3333 1316 Ju-

1788 1342 1887 1396 dex
1918 1362 1929 1394 :
1967 1344 2200 1409 Quandiu
2226 1345 2410 1413 fecistis
2438 1347 2522 1397 uni
2548 1360 2609 1398 ex
2652 1346 2727 1399 his
2768 1347 3007 1412 fratribus
3036 1350 3157 1403 meis
3186 1352 3336 1406 mini-

1790 1433 1904 1498 mis,
1935 1434 2059 1486 mihi
2104 1434 2287 1501 fecistis
2328 1433 2537 1504 (Matth.
2585 1437 2731 1505 xxv).
2779 1436 2942 1490 Porro
2988 1438 3039 1491 in
3086 1453 3152 1494 eo
3195 1442 3333 1509 quod

1795 1523 2161 1578 immaculatos
2200 1539 2293 1577 nos
2321 1526 2386 1579 ab
2418 1526 2516 1579 hoc
2545 1526 2739 1578 szeculo
2769 1526 3033 1581 custodire
3062 1528 3329 1597 praceplt.

1789 1612 2027 1665 universa
2084 1613 2135 1666 in
2178 1614 2375 1681 quibus
2424 1629 2520 1668 nos
2552 1615 2692 1681 ipsos
2736 1624 2909 1669 castos
2946 1628 3158 1670 servare
3185 1616 3339 1671 decet

1792 1700 2039 1756 ostendit.
2069 1701 2123 1755 In
2153 1702 2339 1769 quibus
2368 1712 2491 1755 sunt
2517 1710 2571 1755 et
2612 1717 2673 1755 ea
2703 1718 2819 1770 quae
2860 1717 3016 1771 supra
3046 1705 3329 1759 observare

1792 1800 2082 1857 monuerat,
2116 1802 2171 1845 ut
2199 1792 2330 1845 tardi
2357 1794 2515 1845 simus
2544 1792 2612 1845 ad
2641 1792 2965 1861 loquendum,
3005 1802 3052 1847 et
3092 1796 3228 1848 tardi
3269 1795 3337 1848 ad

153 1894 303 1947 situm
334 1901 439 1959 est,
473 1893 681 1961 quando
720 1891 1015 1946 voluntarie
1056 1891 1234 1960 genuit
1268 1903 1365 1943 vos
1394 1888 1549 1955 Deus,
1579 1889 1687 1955 jam
1720 1876 1764 1933 Β
1796 1882 1941 1936 iram.

155 1998 282 2037 nunc
313 1984 595 2050 perfectius
638 1982 890 2051 suscepit,
919 1983 1079 2036 etiam
1118 1980 1363 2050 operibus
1404 1979 1690 2049 implendo,

159 2075 285 2140 quod
311 2074 422 2143 iam
463 2075 513 2128 in
543 2073 833 2128 ministerio
860 2074 1065 2127 tenetis.

220 2164 367 2227 Quod
411 2172 569 2233 potest
608 2164 803 2218 salvare
848 2163 1044 2215 animvs
1089 2171 1294 2214 vestras.
1346 2161 1512 2213 Etiam
1564 2162 1607 2214 si
1644 2162 1692 2214 in

158 2269 374 2323 corpore
404 2255 717 2309 tentationcs
763 2254 1053 2323 patiamini,
1086 2252 1169 2307 vel
1208 2266 1236 2304 a
1284 2251 1496 2320 perfidis
1524 2260 1693 2305 morte

156 2344 553 2398 consumamini.

220 2428 391 2483 Estote
420 2441 586 2483 autem
626 2432 839 2499 factores
883 2429 1035 2495 verbi,
1068 2438 1111 2482 et
1150 2445 1250 2481 non
1292 2430 1541 2482 auditores
1588 2440 1687 2483 tan-

159 2530 277 2585 tum,
304 2531 407 2575 etc.
440 2521 529 2575 Sic
558 2531 610 2575 et
640 2508 920 2575 Paulusr‘de
949 2520 1079 2588 legis
1118 2521 1422 2574 cultoribus.
1459 2518 1578 2573 Non
1607 2536 1697 2573 au-

160 2615 333 2667 ditores
361 2611 573 2683 (inquit)
605 2615 724 2682 legis
750 2616 873 2681 iusti
903 2623 1017 2665 sunt
1046 2615 1183 2682 apud
1215 2614 1393 2675 Deum,
1416 2615 1502 2665 sed
1529 2614 1695 2679 {acto-

159 2720 232 2755 res
258 2704 381 2773 legis
428 2704 837 2771 iustificabuntur
881 2703 1053 2771 (llam.
1082 2702 1161 2769 tt).
1197 2702 1260 2755 Et
1305 2704 1356 2755 in
1386 2704 1695 2771 Apocalypsi

160 2790 379 2847 Joannes
402 2808 521 2845 cum
550 2791 804 2846 dixisset:
848 2790 1032 2844 Beatus
1074 2792 1159 2858 qui
1199 2792 1338 2862 legit,
1376 2802 1421 2844 et
1444 2792 1530 2860 qui
1553 2792 1695 2844 audit

165 2881 303 2933 verba
344 2883 623 2949 prophetia
672 2883 783 2935 libri
813 2882 987 2947 hujus,
1038 2881 1274 2949 protinus
1319 2879 1596 2948 adiunxit:
1630 2879 1699 2934 Et

159 2980 311 3023 servat
336 2986 393 3024 ea
418 2987 530 3040 qua
562 2972 613 3022 in
644 2971 735 3022 illa
759 2972 944 3038 scripta
967 2980 1080 3021 sunt
1112 2968 1289 3037 (Apoc.
1321 2968 1384 3036 t).

228 3058 325 3125 Qui
348 3067 517 3111 autem
548 3059 846 3127 perspexerit
873 3059 924 3110 in
954 3058 1061 3127 lege
1095 3058 1326 3124 perfectae
1352 3058 1610 3121 libertatis,
1651 3068 1696 3111 et

166 3153 481 3215 permanserit
508 3152 559 3203 in
580 3167 658 3205 ea.
684 3150 871 3218 Legem
902 3148 1146 3216 perfectm
1173 3149 1448 3213 libertatis,
1477 3148 1694 3217 gratiam

163 3242 283 3294 dicit
313 3241 610 3310 Evangelii.
648 3242 794 3295 Nihil
824 3242 954 3294 enim
984 3243 1051 3293 ad
1072 3243 1345 3310 perfectum
1377 3243 1589 3293 adduxit
1617 3240 1699 3295 lea:

166 3330 338 3397 (Hebr.
386 3333 502 3402 vn).
535 3332 600 3386 Et
639 3333 759 3386 alibi
795 3350 805 3385 ε
835 3331 952 3384 Νοη
994 3332 1123 3384 enim
1170 3331 1426 3396 accepistis
1468 3332 1698 3400 spiritum

164 3424 400 3478 servitutis
437 3426 619 3477 iterum
672 3425 726 3476 in
779 3425 972 3488 timore,
1026 3422 1113 3475 sed
1149 3423 1404 3490 accepistis
1466 3423 1699 3492 spiritum

167 3514 439 3577 adoptionis
463 3515 686 3581 ﬁliorum
714 3514 885 3582 (Rom.
921 3519 1060 3578 vm).
1094 3514 1157 3565 Et
1187 3514 1375 3567 iterum
1405 3530 1415 3563 :
1445 3512 1537 3567 Ubi
1566 3513 1698 3565 enim

170 3604 362 3667 spiritus
386 3601 609 3669 Domini,
638 3603 707 3655 ibi
741 3602 939 3654 libertas
971 3599 1056 3669 (II
1081 3601 1197 3655 Cor.
1225 3600 1323 3670 ιιι).
1359 3605 1420 3653 Et
1450 3601 1561 3667 ipse
1590 3602 1692 3654 Do-

170 3694 328 3747 minus
362 3711 371 3745 :
405 3692 463 3748 Si
506 3708 613 3757 vos,
646 3693 827 3762 inquit,
866 3690 1028 3744 Filius
1068 3692 1367 3756 liberaverit,
1406 3705 1517 3742 vere
1560 3691 1698 3743 liberi

174 3784 299 3835 eritis
324 3781 498 3849 (Joan.
525 3782 662 3850 vttt).

236 3871 345 3923 Non
367 3872 569 3923 auditor
592 3872 858 3925 obliriosus
885 3874 1064 3940 factus,
1091 3874 1178 3925 sed
1202 3873 1363 3939 factor
1400 3875 1584 3942 aperis,
1618 3874 1698 3925 hic

172 3962 327 4015 beatus
369 3963 420 4015 in
453 3964 590 4031 facta
621 3979 711 4015 suo
750 3964 861 4015 erit.
901 3964 1011 4017 Non
1056 3964 1231 4016 auditu
1260 3963 1405 4017 verbi
1444 3977 1695 4030 superva-

174 4070 283 4121 cuo,
323 4056 413 4110 sed
454 4056 631 4124 operis
660 4059 994 4113 exsecutione
1043 4058 1309 4112 beatitudo
1358 4064 1698 4125 praeparatur.

177 4143 255 4199 Sic
280 4156 325 4198 et
360 4146 610 4200 Dominus
644 4148 861 4216 loquens
888 4149 951 4200 ad
982 4148 1263 4214 discipulos
1289 4166 1299 4200 :
1326 4148 1384 4203 Si
1408 4152 1511 4202 hac
1538 4148 1697 4216 scitis,

177 4236 351 4300 inquit,
376 4238 506 4290 beati
527 4238 663 4289 eritis
691 4238 734 4289 si
762 4240 978 4305 feceritis
1008 4255 1065 4292 ea
1088 4238 1262 4309 (Joan.
1296 4239 1430 4307 xm).

241 4325 295 4378 Si
316 4329 425 4391 quis
452 4341 619 4380 autem
664 4336 804 4395 putat
832 4344 883 4380 se
910 4328 1198 4397 religiosum
1227 4346 1354 4394 esse,
1398 4346 1495 4382 non
1541 4334 1702 4399 refre-

180 4431 289 4468 sons
333 4416 557 4486 linguam
586 4434 749 4485 suam,
795 4418 879 4470 sed
933 4418 1166 4471 seducens
1214 4433 1300 4470 cor
1344 4436 1509 4484 suum,
1544 4422 1691 4490 hujus

2408 1974 2631 2030 CAPUT
2666 1975 2729 2030 ll.

1868 2061 2071 2117 Fratres
2095 2064 2212 2129 mei,
2243 2066 2393 2117 nolite
2418 2065 2470 2117 in
2499 2051 2821 2134 personarum
2848 2068 3134 2137 acceptione
3156 2068 3339 2123 habere

1796 2152 1944 2219 [idem
1993 2152 2197 2205 Domini
2248 2155 2405 2205 nostri
2430 2152 2554 2205 Iesu
2607 2152 2791 2206 Christi
2842 2156 3034 2221 glorise.
3096 2154 3335 2209 Ostendit

1796 2241 1931 2307 quod
1982 2241 2035 2295 hi
2080 2242 2267 2309 quibus
2313 2242 2577 2296 scribebat
2622 2241 2723 2296 fide
2770 2242 2981 2311 quidem
3028 2246 3334 2315 evangelica

1796 2329 2003 2394 imbuti,
2033 2330 2127 2385 sed
2155 2330 2402 2400 operibus
2430 2339 2582 2385 erant
2624 2333 2793 2385 vacui.
2830 2332 2890 2386 Et
2925 2330 3044 2401 quia
3089 2332 3335 2389 mandata

1802 2419 2007 2474 Domini
2048 2420 2395 2489 eleemosynis
2436 2435 2721 2489 pauperum
2751 2412 3004 2477 docuerat
3048 2424 3334 2490 implenda,

1802 2507 1927 2560 vidit
1957 2508 2071 2561 illos
2104 2522 2134 2562 e
2177 2518 2377 2571 contra,
2411 2509 2547 2575 quod
2595 2510 2910 2577 pauperibus
2962 2524 3076 2568 erat
3120 2525 3332 2583 propter

1801 2610 1994 2655 teterna
2036 2600 2247 2669 prmmia
2292 2599 2602 2667 faciendum,
2641 2600 2886 2657 divitibus
2926 2606 3094 2671 potius
3124 2618 3333 2675 promer

1801 2700 2007 2744 terrena
2038 2691 2373 2744 accommoda
2399 2690 2607 2751 fecisse.
2638 2690 2857 2761 ideoque
2881 2707 2972 2748 eos
3003 2706 3155 2763 prout
3178 2709 3334 2754 erant

1797 2782 1935 2851 digni
1964 2784 2245 2850 redarguit.
2272 2783 2338 2836 Et
2360 2798 2587 2851 congrue
2616 2782 2666 2837 in
2695 2785 2848 2849 huius
2878 2786 3095 2840 exordio
3123 2798 3337 2844 senten-

1801 2875 1884 2928 tias
1923 2874 2195 2927 Dominum
2231 2885 2467 2927 nostrum
2505 2873 2681 2927 Jesum
2721 2875 2987 2929 Christum
3030 2877 3207 2946 gloria:
3242 2894 3336 2935 co-

1797 2964 2084 3031 gnominat,
2126 2972 2183 3016 ut
2208 2964 2598 3018 meminerimus
2624 2964 2739 3032 quia
2760 2964 2871 3031 eius
2892 2974 2967 3019 est
2996 2967 3165 3035 potius
3182 2967 3347 3035 iussis

1800 3055 2167 3117 obediendum,
2204 3055 2290 3123 qui
2328 3071 2439 3105 cum
2488 3057 2550 3107 sit
2584 3055 2820 3121 splendor
2858 3058 3033 3126 gloria
3060 3058 3241 3128 (Hebr.
3275 3060 3343 3128 ι),

1804 3144 2124 3212 sempiterna
2182 3143 2349 3212 gloria
2399 3152 2699 3197 remunerat
2763 3145 3012 3211 quidquid
3068 3162 3161 3215 pro
3226 3150 3338 3215 eius

1802 3250 1981 3288 amore
2023 3233 2337 3302 pauperibus
2374 3232 2548 3300 datur,
2601 3247 2753 3301 quam
2794 3232 3041 3302 quaelibet
3069 3236 3339 3292 hominum

1802 3322 2025 3392 dignitas
2071 3323 2389 3387 honoranda,
2437 3322 2502 3376 de
2546 3324 2736 3389 quibus
2782 3325 3099 3391 generaliter
3140 3327 3336 3381 dictum

1799 3424 1878 3469 est
1923 3414 2041 3483 quia
2090 3413 2249 3467 omnis
2289 3428 2407 3466 caro
2456 3416 2660 3482 fenum,
2705 3424 2748 3465 et
2804 3414 2961 3467 omnis
3021 3416 3181 3484 gloria
3232 3417 3340 3485 ejus

1801 3513 2036 3573 tanquam
2079 3506 2173 3571 flos
2204 3502 2324 3571 feni,
2359 3512 2459 3556 etc.
2490 3500 2639 3573 (lsai.
2672 3506 2778 3569 ιι).

1870 3594 2063 3648 Etenim
2084 3594 2127 3647 si
2142 3595 2383 3648 introierit
2406 3596 2455 3647 in
2472 3606 2762 3648 conventum
2780 3604 2991 3649 vestrum
3016 3598 3109 3663 vir,
3134 3614 3342 3652 aureum

1798 3685 2043 3738 annulum
2072 3684 2275 3746 habens,
2304 3687 2358 3737 in
2404 3696 2531 3738 reste
2558 3688 2793 3752 candida,
2818 3689 3065 3741 introierit
3092 3698 3257 3742 autem
3297 3699 3347 3742 et

1800 3792 1992 3845 pauper
2017 3776 2069 3829 in
2110 3776 2309 3828 sordido
2335 3775 2528 3839 habitu,
2559 3785 2602 3829 et
2634 3777 2899 3829 intendatis
2926 3778 2976 3829 in
3005 3792 3113 3830 eum
3143 3780 3230 3847 qui
3260 3781 3339 3832 in-

1801 3872 1955 3919 dutus
1982 3876 2053 3920 est
2083 3875 2212 3920 veste
2238 3866 2501 3934 praetora,
2533 3875 2578 3919 et
2622 3867 2848 3919 dixeritis
2877 3870 2921 3920 ei
2952 3884 2970 3921 :
3004 3868 3078 3920 Tu
3122 3869 3236 3921 sede
3262 3869 3339 3921 hic

1803 3958 1941 4017 bene,
1972 3958 2178 4024 pauperi
2202 3963 2369 4007 autem
2399 3954 2576 4007 dicatis
2607 3971 2623 4008 :
2653 3954 2724 4007 Tu
2750 3965 2827 4008 sta
2848 3958 2976 4021 illic,
3007 3966 3091 4009 aut
3114 3958 3227 4009 sede
3248 3957 3338 4009 sub

1802 4044 2014 4099 scabello
2042 4046 2223 4112 pedum
2252 4061 2493 4098 meorum.
2522 4044 2574 4097 In
2604 4046 2755 4112 huius
2781 4047 3103 4112 expositione
3129 4057 3341 4102 senten-

1804 4137 1888 4190 tia:
1917 4136 2050 4190 beati
2082 4136 2356 4204 Augustini
2384 4135 2535 4189 dictis
2567 4146 2797 4188 utamur.
2827 4153 2844 4186 ι
2876 4135 2929 4189 Si
2964 4139 3117 4203 hanc,
3148 4138 3334 4207 inquit,

1803 4225 2104 4279 distantiam
2133 4223 2347 4279 sedendi
2378 4233 2426 4277 et
2458 4223 2628 4279 standi
2660 4223 2723 4277 ad
2756 4224 2991 4279 honores
3028 4227 3347 4282 ecclesiasti-

1804 4330 1895 4369 cos
1924 4314 2228 4381 referamus,
2278 4327 2381 4367 non
2411 4322 2491 4367 est
2530 4314 2811 4382 putandum
2845 4315 2957 4368 leve
2986 4328 3101 4369 esse
3149 4331 3337 4385 pecca-

1805 4415 1912 4458 tum
1947 4406 1996 4457 in
2024 4419 2363 4472 personarum
2390 4406 2694 4474 acceptione
2725 4406 2918 4461 habere
2950 4406 3102 4460 fidem
3133 4408 3355 4462 Domini.

179 4519 297 4557 vana
321 4514 390 4557 est
432 4506 628 4574 religio.
661 4507 929 4560 Monuerat
957 4522 1109 4575 supra
1137 4507 1349 4561 verbum
1376 4508 1463 4562 Dei
1490 4524 1590 4563 non
1613 4524 1694 4561 so-

1806 4494 1969 4549 nostri
1997 4492 2122 4549 Jesu
2164 4493 2361 4548 Christi
2390 4496 2591 4560 glorias.
2623 4496 2747 4561 Quis
2778 4498 2917 4549 enim
2950 4499 3077 4550 lerat
3103 4500 3222 4566 eligi
3254 4499 3339 4553 di-

184 4595 278 4648 lum
306 4596 504 4661 audire,
528 4596 621 4650 sed
652 4606 705 4649 et
735 4595 927 4650 facere.
953 4598 1099 4652 Nunc
1126 4599 1268 4652 addit
1292 4600 1408 4666 quia
1434 4607 1487 4654 et
1511 4600 1554 4655 si
1586 4601 1702 4669 quis

185 4690 403 4741 mandata
436 4687 640 4744 Domini
669 4703 785 4756 qua:
814 4687 999 4740 didicit
1024 4689 1171 4742 factis
1198 4705 1441 4745 exercere
1471 4692 1702 4758 videtur,

185 4776 223 4829 si
262 4794 357 4832 non
382 4780 540 4833 etiam
574 4782 626 4833 in
676 4779 901 4849 linguam
936 4793 963 4831 a
1004 4778 1441 4843 detractionibus,
1486 4784 1705 4837 menda-

184 4869 286 4934 ciis,
319 4867 680 4939 blasphemiis,
728 4871 1085 4938 stultiloquiis,
1122 4871 1186 4925 ab
1230 4870 1342 4937 ipso
1368 4870 1523 4925 etiam
1565 4874 1704 4925 mul-

188 4965 404 5029 tiloquto.
429 4962 742 5029 caeterisque
770 4960 957 5027 quibus
986 4975 1201 5028 peccare
1229 4961 1383 5025 solet,
1408 4961 1703 5016 refrenave-

188 5048 262 5109 rit,
286 5048 467 5103 frustra
496 5066 555 5105 se
578 5051 641 5105 dc
666 5064 879 5118 operum
906 5049 1103 5117 iustitia
1131 5051 1314 5118 iactat.
1346 5052 1491 5105 Sicut
1513 5052 1700 5107 Paulus

187 5138 375 5203 gentilis
400 5149 570 5206 poetae
599 5142 908 5194 sententiam
934 5143 1303 5207 comprobatus,
1327 5141 1399 5194 ait
1425 5159 1435 5192 :
1466 5141 1704 5197 Corrum—

189 5240 296 5292 punt
318 5248 470 5285 mores
500 5234 653 5285 bonos
679 5234 926 5303 colloquia
956 5233 1151 5301 mala(l
1173 5232 1287 5287 Cor.
1317 5234 1422 5301 xv).

252 5321 431 5391 Religio
460 5336 627 5378 autem
668 5327 853 5376 munda
882 5334 929 5377 et
955 5326 1273 5377 immaculata
1302 5325 1435 5391 apud
1464 5323 1625 5377 Deum
1662 5335 1705 5377 et

194 5404 391 5479 Patrem,
420 5415 522 5469 haec
565 5424 655 5467 est.
690 5412 908 5466 Pulchre
934 5413 1131 5465 addidit
1158 5414 1293 5479 apud
1328 5414 1487 5467 Deum
1520 5421 1574 5466 et
1601 5413 1698 5465 Pa-

192 5506 327 5565 ueto,
349 5503 461 5570 quia
503 5512 626 5556 sunt
674 5501 759 5570 qui
810 5500 1105 5553 hominibus
1157 5500 1381 5566 religiosi
1433 5499 1693 5567 videntur,

199 5600 298 5639 cum
326 5604 350 5640 a
378 5589 481 5644 Deo
510 5589 802 5643 habeantur
829 5588 1047 5655 profani.
1077 5589 1222 5643 Uude
1248 5598 1298 5642 et
1324 5589 1567 5643 Salomon
1597 5590 1695 5641 ait:

196 5675 273 5729 Est
296 5678 370 5729 via
408 5695 516 5745 quae
556 5681 750 5734 videtur
797 5679 983 5731 homini
1026 5687 1179 5743 recta,
1220 5680 1482 5733 novissima
1532 5686 1695 5733 autem

194 5766 284 5834 eius
312 5765 549 5822 deducunt
578 5769 646 5823 ad
675 5776 883 5822 mortem
911 5766 1085 5839 (Prov.
1120 5769 1248 5837 stv).

1807 4586 1960 4639 vitem
1990 4586 2053 4639 ad
2092 4586 2271 4639 sedem
2322 4585 2536 4639 honoris
2581 4585 2851 4649 Ecclesiae,
2882 4596 3182 4655 contempto
3212 4605 3335 4658 pau-

1806 4690 1928 4745 pere
1973 4675 2309 4730 instructiore
2336 4682 2390 4730 et
2428 4676 2731 4730 sanctiore?
2766 4676 2821 4733 Si
2868 4687 3041 4732 autem
3076 4680 3142 4733 de
3171 4681 3337 4747 quoti-

1804 4766 1973 4820 dianis
2024 4767 2354 4819 consessibus
2409 4766 2673 4835 loquitur,
2733 4769 2848 4835 quis
2900 4769 2983 4822 hic
3036 4782 3215 4836 peccat
3247 4771 3342 4837 (si

1805 4866 1977 4909 tamen
2025 4864 2203 4922 peccat
2237 4858 2255 4921 )
2286 4856 2384 4908 nisi
2422 4870 2540 4908 cum
2571 4858 2703 4923 apud
2735 4858 3071 4933 semetipsum
3103 4858 3240 4913 intus
3267 4861 3357 4913 ita.

1799 4944 2016 5013 indicat,
2050 4952 2107 4996 ut
2142 4944 2191 4997 ei
2224 4952 2366 4996 tanto
2403 4943 2590 4998 melior
2618 4954 2811 5011 quanto
2840 4945 2997 4999 ditior
3028 4946 3115 5002 ille
3157 4947 3339 5003 videa-

1806 5035 1929 5087 tur?
1966 5052 1982 5083 ι
2016 5033 2125 5087 Hoc
2149 5034 2287 5087 enim
2319 5033 2523 5087 videtur
2550 5036 2875 5104 signiﬁcasse
2904 5037 3199 5092 subdendo.

1878 5124 2056 5177 Nonne
2076 5126 2319 5194 judicatis
2350 5126 2485 5191 apud
2514 5128 2829 5196 vosmetipsos
2850 5167 2865 5192 ,
2896 5138 2939 5181 et
2968 5128 3088 5195 facti
3111 5130 3229 5181 estis
3249 5133 3346 5200 ju-

1804 5216 1933 5266 dices
1954 5214 2309 5283 cogitationum
2336 5215 2640 5283 iniquarum.
2670 5216 2921 5285 Sequitur
2946 5235 2960 5269 :

1871 5306 2071 5368 Audite,
2120 5309 2299 5373 fratres
2357 5308 2453 5359 mei
2508 5308 2838 5362 dilectissimi.
2888 5307 3217 5377 Diligentius,
3265 5311 3345 5365 in-

1807 5398 1937 5467 quit,
1968 5394 2389 5459 animadvertite,
2441 5400 2561 5464 quia
2594 5413 2695 5450 nou
2745 5398 2832 5466 qui
2869 5398 3086 5453 ditiores
3116 5401 3349 5457 existunt

1802 5489 1865 5541 ad
1892 5488 2161 5552 saiculum,
2194 5486 2227 5539 ii
2252 5487 2300 5538 in
2332 5486 2505 5538 divino
2534 5488 2774 5540 examine
2798 5498 2922 5542 Sunt
2948 5491 3213 5545 meliores.

1871 5577 2052 5631 Nonne
2078 5576 2213 5629 Deus
2242 5576 2386 5642 elegit
2429 5571 2669 5642 pauperes
2716 5578 2769 5629 in
2798 5579 2888 5630 hoc
2926 5581 3134 5645 mundo,
3162 5581 3338 5636 divites

1801 5672 1853 5723 in
1873 5669 1991 5735 ﬁde,
2021 5677 2064 5720 et
2088 5666 2304 5719 lueredes
2327 5666 2465 5733 regni
2492 5669 2626 5733 quod
2654 5668 2882 5735 promisit
2910 5668 3228 5734 diligentibus
3257 5674 3339 5725 se?

1804 5761 2060 5826 l‘auperes
2092 5764 2240 5812 vocat
2270 5754 2511 5823 humiles,
2544 5764 2595 5811 et
2616 5758 2702 5824 qui
2735 5771 2827 5824 per
2855 5766 3214 5829 contemptum
3247 5778 3339 5815 re-
