3860 6230
539 414 601 465 Ι)
968 411 1163 465 illiilli
1200 388 1642 470 VENlillA‘lllLlS
1677 411 1824 468 ουρ.
1865 411 2039 467 PARS
2076 411 2140 467 ll.
2178 410 2368 465 SECT.
2408 411 2446 465 I.
2478 440 2545 451 —
2585 410 2965 467 EXEGETICA
2999 412 3315 470 GENUINA.
3638 421 3702 474 20

537 544 652 582 tum
684 525 985 591 visibilium,
1019 526 1121 579 title
1171 532 1352 580 autem
1390 526 1727 581 invisibiliutn
1773 525 2070 579 divitiarum
2104 537 2150 590 Α
2180 522 2345 590 magis
2388 522 2513 577 facit
2558 530 2738 576 contra
2781 523 3086 578 charitatem
3127 526 3215 593 qui
3262 527 3468 596 gravius
3511 544 3698 599 peccat,

542 615 738 670 mundo
767 614 886 668 buic
916 615 1262 681 despicabiles
1291 622 1494 681 parent.
1525 615 1679 667 Tales
1720 630 1943 680 namque
1969 615 2077 667 ele-

533 708 611 774 git
642 705 890 758 Dominus
924 713 1101 757 noster
1128 704 1280 756 .ICSus
1323 701 1562 755 Christus
1597 703 1817 755 dicendo
1850 719 1863 755 :
1898 701 2081 755 Nolite

534 798 728 859 timere,
769 795 989 861 pusillus
1034 810 1180 864 grex,
1230 794 1349 863 quia
1386 794 1684 859 complacuit
1725 791 1870 844 Patri
1919 805 2081 847 uestro

534 886 657 937 dare
694 885 829 937 vobis
875 901 1105 951 regnum.
1136 885 1292 937 Tales
1331 885 1485 951 elegit
1520 899 1635 936 cum
1686 893 1930 951 parentes
1979 884 2080 959 sibi

540 988 815 1041 pauperes,
841 988 1063 1041 quorum
1084 972 1262 1027 ofﬁcio
1295 973 1347 1027 in
1379 974 1628 1047 mundum
1663 974 1878 1028 veniens
1910 977 2079 1029 nutri-

537 1070 701 1127 retur,
725 1061 942 1114 creavit.
972 1062 1077 1115 Sed
1112 1065 1205 1116 hos
1236 1072 1409 1116 tamen
1443 1062 1603 1117 futuri
1634 1065 1778 1132 regni
1806 1076 2079 1133 exspecta-

539 1151 680 1203 tione
710 1152 989 1217 praeclaros
1019 1152 1245 1204 reddidit
1273 1167 1333 1206 ac
1364 1154 1584 1207 nobiles.

617 1236 714 1293 Vos
747 1249 915 1291 autem
955 1240 1305 1294 exhonorastis
1336 1258 1623 1309 pauperem.
1655 1242 1879 1310 Propter
1930 1244 2075 1297 illum

538 1328 738 1383 scilicet
761 1330 844 1383 cui
874 1330 1065 1383 dictum
1093 1340 1170 1383 est
1199 1350 1210 1384 :
1241 1329 1317 1383 Tu
1336 1342 1412 1383 sta
1443 1333 1568 1396 illic,
1598 1348 1714 1385 cum
1747 1334 1957 1387 habenti
1986 1348 2078 1386 an-

538 1420 715 1473 nulum
745 1434 961 1476 aureum
993 1421 1188 1474 dictum
1221 1429 1303 1474 est
1326 1404 1442 1475 :iTu
1467 1423 1583 1475 sede
1613 1424 1695 1474 hic
1723 1426 1865 1476 bene.

609 1509 795 1563 Nonne
822 1511 995 1563 divites
1021 1527 1106 1578 per
1132 1512 1405 1579 potentiam
1443 1512 1732 1580 opprimunt
1762 1528 1867 1579 vos,
1903 1522 1949 1565 et
1978 1513 2075 1581 ipsi

539 1600 742 1651 traltnnt
783 1616 866 1653 vos
894 1601 960 1652 ad
987 1601 1177 1665 indicia
1202 1602 1227 1653 ?
1268 1600 1450 1654 Nonne
1477 1602 1571 1671 ipsi
1606 1586 1943 1671 blasphemunt
1979 1603 2076 1654 bo-

536 1705 655 1740 num
694 1704 867 1741 nomen
896 1691 1025 1757 quod
1055 1691 1331 1742 inrocatum
1354 1701 1425 1743 est
1450 1707 1600 1757 super
1629 1693 1751 1744 vos?
1781 1692 1873 1744 llic
1904 1702 2078 1745 osten-

530 1780 609 1830 dit
644 1779 876 1845 apertius
899 1781 982 1846 qui
1006 1780 1109 1833 siot
1138 1780 1346 1845 divites,
1377 1780 1445 1835 de
1468 1796 1690 1849 quorum
1714 1780 2076 1834 bumiliatione

2185 615 2355 667 minus
2382 615 2469 682 qui
2495 614 2699 668 levius?
2725 613 2922 667 Tamen
2950 615 3104 666 etiam
3131 616 3175 671 si
3210 615 3264 669 in
3292 632 3394 671 uno
3422 618 3699 685 oll‘enderit,

2184 716 2303 755 reus
2333 711 2412 755 est
2442 704 2696 767 omnium,
2725 703 2842 771 quia
2863 711 3047 756 contra
3070 718 3183 757 eam
3209 704 3350 769 facit,
3378 707 3430 760 in
3459 724 3556 777 qua
3587 728 3702 779 peu-

2180 792 2307 844 dt-nt
2333 794 2525 845 omnia.

2252 880 2340 934 Sic
2381 882 2659 949 loquimini,
2688 889 2733 936 et
2760 886 2830 935 sic
2856 884 3024 952 facile,
3056 885 3182 937 sicut
3208 886 3481 957 perlegens
3506 889 3698 944 liberta-

2181 969 2241 1021 tis
2271 970 2559 1039 incipientes
2607 971 2856 1041 judicari.
2890 969 2993 1024 Lex
3026 971 3280 1026 libertatis
3328 974 3411 1028 lex
3438 974 3695 1031 cbaritatis

2178 1069 2279 1123 est,
2310 1058 2377 1111 de
2401 1073 2500 1124 qua
2530 1058 2721 1111 dicitur
2750 1076 2761 1109 :
2792 1058 2851 1112 Si
2872 1069 3036 1112 tamen
3060 1061 3215 1129 legem
3242 1062 3475 1129 perﬁcitis
3498 1068 3697 1133 rega'em

2177 1152 2451 1201 secundum
2498 1149 2785 1214 Scripturas
2812 1165 2830 1202 :
2863 1149 3049 1220 Diliges
3090 1154 3372 1219 proximum
3410 1165 3543 1209 tuum
3578 1158 3695 1210 sicut

2180 1239 2413 1306 teipsum,
2462 1238 2581 1291 bene
2627 1240 2813 1307 facitis.
2865 1238 2973 1294 lloe
3000 1254 3143 1308 ergo,
3192 1243 3381 1310 inquit,
3433 1244 3694 1312 loquendo,

2179 1325 2279 1377 hoc
2326 1324 2562 1379 faciendo
2592 1334 2789 1388 curate,
2843 1337 2898 1380 ut
2946 1330 3215 1393 proximos
3260 1330 3569 1397 diligendus
3598 1334 3695 1387 Deo

2176 1414 2319 1483 diligi
2346 1415 2674 1479 mereamini,
2704 1424 2758 1471 et
2787 1416 3037 1483 proximis
3066 1419 3475 1474 misericordiam
3503 1422 3689 1489 impen-

2176 1504 2348 1558 dendo
2379 1506 2429 1558 in
2478 1506 2656 1560 divino
2697 1506 2894 1575 judicio
2933 1508 3351 1563 misericordiam
3379 1514 3691 1579 exspectetis.

2178 1597 2385 1649 Aliter:
2421 1597 2565 1650 Sicut
2614 1598 2697 1650 lex
2740 1598 3004 1652 servitutis
3052 1607 3132 1652 est
3176 1614 3292 1667 qua:
3340 1599 3455 1653 data
3494 1610 3567 1654 est
3610 1616 3695 1669 per

2179 1689 2415 1755 Moysen,
2448 1687 2514 1739 ita
2546 1687 2627 1740 lex
2674 1686 2931 1741 libertatis
2970 1692 3133 1757 gratia
3174 1699 3258 1743 est
3306 1690 3559 1759 Evangelii
3587 1706 3693 1757 qua

2180 1792 2269 1841 per
2294 1777 2468 1829 .lesum
2514 1775 2779 1830 Christum
2831 1779 2963 1832 tacta
2995 1788 3098 1844 est,
3126 1780 3379 1847 Apostolo
3412 1790 3706 1846 attesunte,

534 1883 594 1920 ac
624 1870 914 1937 perditione
958 1884 1113 1938 supra
1141 1871 1448 1938 diSputaret.
1496 1872 1573 1925 Illi
1606 1872 1849 1925 nimirum
1879 1873 1966 1941 qui
1994 1872 2044 1924 di
2110 1862 2151 1919 Β
2180 1868 2267 1935 qui
2299 1868 2366 1918 ait
2394 1884 2405 1919 :
2437 1867 2553 1920 Non
2598 1869 2730 1920 enim
2760 1869 3021 1937 accepistis
3059 1870 3289 1939 spiritum
3335 1871 3570 1924 servitutis
3606 1872 3693 1924 ite.

538 1957 692 2010 vitias
737 1972 858 2010 suas
888 1956 1098 2012 Christo
1147 1968 1490 2028 przeponunt,
1538 1975 1855 2029 prorsusque
1899 1977 1927 2013 a
1978 1961 2075 2015 [ide

528 2048 645 2115 ejus
678 2049 855 2114 alieni,
882 2050 1094 2117 insuper
1120 2061 1173 2104 et
1199 2066 1289 2105 eos
1310 2053 1395 2119 qui
1425 2053 1642 2105 credunt
1669 2068 1761 2120 per
1787 2056 2073 2120 potentiam

539 2139 860 2204 opprimunt,
910 2143 1174 2195 trahentes
1224 2141 1288 2194 ad
1334 2141 1527 2209 judicia
1581 2144 1970 2209 potentiorum,
2014 2156 2075 2195 ac

534 2241 722 2280 nomen
752 2226 944 2281 Christi
980 2228 1431 2297 blasphetuantes,
1465 2232 1600 2299 quod
1625 2240 1704 2284 est
1732 2245 1889 2298 super
1918 2244 2074 2284 omne

532 2330 744 2369 nomen.
774 2315 923 2382 Quod
953 2318 1307 2385 apostolorum
1338 2318 1661 2383 temporibus
1705 2320 1877 2385 plures
1906 2321 2072 2386 genti-

530 2406 657 2460 lium
685 2416 741 2477 et
780 2408 1011 2461 maxime
1037 2406 1337 2461 .ludznorum
1385 2407 1643 2476 primores
1684 2408 1888 2477 iecisse,
1920 2413 1973 2461 et
2020 2407 2070 2460 in

530 2472 749 2551 Actibtis
774 2498 1077 2553 earumdem
1103 2472 1479 2567 apostolorum,
1499 2508 1551 2553 et
1575 2500 1623 2552 in
1652 2474 1897 2568 Epistolis
1928 2498 2071 2553 Pauli

528 2586 747 2651 apostoli
777 2588 904 2639 satis
935 2596 1175 2654 patenter
1202 2588 1515 2642 ostenditur.

600 2676 659 2729 Si
688 2685 851 2729 tamen
888 2677 1043 2746 legem
1094 2678 1328 2744 perﬁcitis
1377 2678 1588 2749 legalem
1615 2679 1886 2731 secundum
1924 2678 2069 2731 Scri-

532 2775 703 2830 ptnras
728 2780 746 2817 :
773 2764 960 2834 Diliges
1010 2768 1290 2834 proximum
1336 2776 1474 2819 tuum
1512 2769 1637 2821 sicut
1677 2768 1909 2834 teipsum,
1942 2768 2065 2820 bene

527 2855 714 2922 facitis.
746 2852 806 2910 Si
834 2864 998 2909 autem
1030 2873 1290 2925 personam
1318 2859 1566 2925 accipitis,
1605 2868 1859 2925 peccatum
1890 2872 2070 2924 opera-

524 2948 667 3009 mini,
700 2947 951 3015 redarguti
972 2964 1001 2999 a
1023 2950 1126 3017 lege
1142 2950 1285 3015 quasi
1304 2959 1711 3018 transgressores.
1740 2946 1866 3001 Vide
1888 2961 2070 3015 quem-

527 3035 807 3089 admodum
860 3046 1274 3103 transgressores
1317 3037 1567 3105 appellat,
1602 3040 1718 3104 quia
1767 3038 1951 3090 dicitur
1989 3037 2069 3090 di-

528 3125 652 3179 viti:
684 3125 815 3179 Sede
844 3126 944 3190 hic,
986 3134 1031 3177 et
1076 3126 1283 3194 pauperi
1311 3140 1328 3177 :
1362 3125 1453 3180 Sta
1495 3127 1617 3177 illic.
1651 3124 1796 3178 Unde
1824 3141 1890 3178 ne
1920 3136 2068 3193 puta-

2173 1972 2283 2008 runt
2307 1957 2357 2009 in
2384 1958 2581 2021 timore,
2611 1957 2694 2009 sed
2735 1959 2990 2025 accepistis
3020 1960 3249 2025 spiritum
3272 1961 3543 2026 adoptionis
3569 1962 3693 2029 ﬁlio-

2173 2063 2307 2107 rum,
2342 2048 2393 2098 in
2441 2064 2536 2113 quo
2564 2049 2837 2100 clamamus
2879 2050 3015 2101 Abba
3066 2048 3220 2102 Pater
3250 2051 3436 2119 (Hebr.
3480 2052 3587 2120 VII).
3633 2053 3692 2104 Et

2174 2137 2357 2188 iterum
2405 2154 2416 2187 :
2473 2136 2565 2189 Ubi
2613 2147 2779 2190 autem
2839 2138 3042 2207 spiritus
3103 2138 3344 2204 Domini,
3396 2140 3462 2193 ibi
3508 2142 3691 2195 libertas

2163 2216 2258 2295 '(ll
2291 2226 2407 2280 Cor.
2440 2229 2537 2295 in).
2582 2228 2635 2282 Si
2665 2244 2813 2295 ergo-
2836 2230 3129 2305 loquimini,
3162 2232 3346 2297 inquit,
3377 2244 3425 2285 et
3452 2233 3524 2285 sic
3549 2231 3689 2285 facile

2096 2328 2099 2329 '
2171 2317 2306 2369 sicut
2338 2331 2425 2381 rer
2475 2318 2639 2383 legem
2684 2316 2938 2370 libertatis
2984 2318 3269 2384 judicandi.
3313 2319 3421 2373 lloc
3460 2329 3529 2372 est
3557 2320 3685 2373 enim

2171 2404 2482 2473 incipientes
2535 2404 2779 2472 judicari.
2840 2403 3065 2459 Gravius
3114 2424 3341 2478 namque
3393 2410 3687 2479 ju-ticabitur

2170 2498 2258 2566 qui
2292 2498 2455 2563 legem
2503 2495 2687 2563 Moysi,
2721 2510 2875 2563 quam
2919 2498 3004 2564 qui
3053 2497 3219 2564 legem
3267 2501 3545 2552 naturalem
3568 2513 3683 2552 con-

2172 2588 2377 2640 temnit.
2414 2585 2631 2639 Cratius
2662 2585 2783 2639 item
2836 2587 2922 2653 qui
2963 2587 3222 2654 cognitam
3274 2587 3530 2655 Erungelii
3576 2602 3685 2655 gra-

2172 2677 2317 2739 tiam,
2348 2691 2503 2744 quam
2544 2676 2631 2743 qui
2679 2676 2919 2731 Mosaicae
2963 2677 3091 2745 legis
3119 2677 3284 2730 edicta
3327 2678 3556 2747 despicit.
3591 2680 3685 2731 llo-

2170 2766 2296 2819 mini
2344 2766 2481 2818 enim
2514 2766 2593 2817 cui
2636 2767 2845 2816 multum
2874 2766 3050 2816 datum
3079 2776 3173 2830 est,
3215 2770 3425 2821 multum
3468 2770 3685 2836 qutrritur

2169 2855 2229 2907 ab
2254 2870 2331 2907 eo.
2360 2852 2425 2906 Et
2453 2856 2532 2907 cui
2559 2857 3021 2909 commendaverunt
3065 2858 3292 2922 multum,
3324 2859 3434 2927 plus
3456 2865 3607 2925 petent
3628 2856 3680 2906 ab

2170 2959 2224 2996 eo
2251 2943 2400 3015 (an.
2432 2945 2550 3011 xit).
2582 2943 2728 2999 Unde
2776 2954 2829 2998 et
2868 2948 3147 3011 Apostolus
3188 2948 3259 3000 ait
3296 2964 3308 2998 :
3352 2948 3412 3001 Si
3455 2948 3573 2997 enim
3610 2946 3684 3010 qui

2167 3051 2256 3103 per
2280 3035 2481 3103 angelos
2505 3034 2669 3087 dictus
2693 3044 2784 3101 est,
2818 3050 2979 3088 sermo
3005 3039 3167 3104 factus
3195 3045 3266 3089 est
3296 3036 3487 3103 ﬁrmus,
3521 3045 3562 3087 et
3590 3048 3682 3085 ont-

2167 3127 2244 3177 nis
2274 3126 2620 3191 prwuaricatio
2668 3133 2713 3175 et
2744 3125 3078 3177 inobedientia
3102 3126 3279 3193 accipit
3293 3126 3484 3194 justam
3516 3139 3684 3177 mercc-

528 3224 645 3268 rent
664 3217 1053 3281 contemptibile
1075 3190 1192 3268 esse
1216 3227 1483 3281 peccatum
1509 3215 1559 3267 in
1584 3215 1677 3269 hac
1700 3230 1799 3269 una
1824 3216 2061 3285 relegem
2089 3190 2135 3248 (εί
2169 3215 2245 3266 dis
2287 3214 2682 3276 retributionem,
2704 3216 2955 3280 quomodo
2984 3231 3072 3267 nos
3103 3214 3413 3286 effugiemus,
3446 3219 3487 3270 si
3511 3226 3680 3269 tantum

527 3304 838 3372 trunSgredi,
870 3313 1079 3357 secutus
1105 3303 1346 3372 adiunxit
1370 3322 1381 3355 :

601 3411 891 3480 Quicunque
918 3419 1081 3467 auteni
1120 3424 1272 3467 totam
1310 3417 1463 3484 legem
1513 3416 1808 3478 servaverit,
1844 3415 2065 3481 offendat

527 3512 688 3555 autem
716 3505 765 3553 in
791 3520 907 3565 uno,
934 3505 1093 3568 factus
1121 3515 1190 3556 est
1216 3507 1435 3556 omnium
1463 3521 1593 3557 reus.
1618 3505 1715 3568 Qui
1744 3508 1873 3557 enim
1898 3506 2024 3558 dixit
2044 3521 2064 3559 :

530 3592 644 3643 Non
669 3592 1003 3658 masc/laberis,
1025 3594 1151 3646 dixit
1173 3596 1342 3659 etiam,
1368 3611 1468 3647 non
1491 3596 1703 3648 oct-ides.
1728 3595 1871 3660 Quod
1894 3596 1939 3648 si
1963 3613 2062 3649 non

527 3681 865 3745 mtecltaberis,
896 3683 1088 3737 occides
1133 3695 1315 3749 autem,
1348 3689 1509 3754 factus
1539 3702 1590 3739 es
1620 3692 1959 3753 transgressor
1989 3686 2061 3738 le-

524 3772 619 3838 gis.
672 3772 888 3838 PrOpter
936 3772 1059 3825 illud
1108 3774 1243 3841 quod
1291 3775 1536 3827 dixerat:
1578 3774 1911 3843 lledargutia
1958 3774 2064 3842 lege

522 3859 664 3925 quasi
689 3870 1099 3927 transgressores.
1140 3863 1264 3925 Qua:
1292 3878 1407 3915 cum
1458 3864 1523 3915 ita
1557 3864 1679 3925 sint,
1721 3876 2054 3929 consequens

524 3946 729 3999 videtur
758 3948 885 4015 (nisi
912 3950 1014 4001 alio
1044 3950 1200 4002 modo
1230 3952 1621 4020 intelligendum
1651 3951 1978 4021 ostendatur)
2009 3962 2061 4006 ut

529 4036 613 4103 qui
645 4036 826 4090 dixerit
870 4038 1051 4091 diviti:
1078 4039 1210 4092 Sede
1256 4041 1356 4105 hic,
1407 4050 1454 4093 et
1504 4042 1707 4109 pauperi
1738 4057 1757 4095 .'
1790 4040 1882 4096 Sta
1922 4040 2057 4104 illic,

534 4128 652 4181 huic
679 4128 982 4196 ampliorem
1015 4130 1263 4185 honorem
1294 4146 1444 4199 quam
1479 4132 1546 4184 illi
1579 4134 1840 4196 deferens,
1867 4141 1919 4185 et
1948 4131 2062 4184 ido-

527 4217 728 4279 Iolatrn,
778 4226 833 4274 et
882 4219 1231 4288 blasphemus,
1280 4232 1328 4273 et
1356 4222 1578 4284 adulter,
1609 4232 1658 4275 et
1690 4221 1966 4284 homicida,
2006 4232 2060 4273 et

528 4307 644 4368 quia
672 4306 881 4374 longum
904 4318 983 4361 est
1006 4319 1187 4362 cuncta
1220 4324 1651 4371 commemorare,
1676 4324 1795 4364 reus
1825 4310 2058 4363 omnium

527 4384 805 4448 criminum
833 4397 1143 4464 iudicandus
1173 4399 1257 4452 sit.
1302 4398 1584 4454 Ollendcus
1629 4400 1822 4471 quippe
1849 4401 1899 4455 in
1930 4417 2057 4468 uno,

534 4484 698 4537 tactus
727 4495 807 4539 est
831 4489 1057 4543 omnium
1088 4504 1225 4544 reus.
1265 4490 1613 4557 Quaerendum
1643 4502 1722 4545 est
1751 4507 1895 4561 ergo,
1921 4492 2057 4559 unde
2087 4522 2135 4580 υ

532 4572 599 4625 sit
620 4573 847 4643 omnium
875 4575 1025 4642 reus,
1048 4578 1091 4630 si
1120 4578 1169 4631 in
1199 4594 1303 4631 uno
1329 4580 1622 4644 oll‘enderit,
1655 4582 1739 4646 qui
1787 4590 1948 4634 totam
1980 4582 2057 4635 le-

526 4679 639 4733 gem
670 4667 979 4721 servaverit.
1031 4669 1109 4720 An
1159 4668 1441 4738 forte‘quia
1493 4671 1761 4737 plenitudo
1808 4672 1934 4739 legis
1978 4680 2060 4726 est

527 4756 774 4819 Charitas,
808 4770 907 4825 qua
940 4756 1078 4811 Deus
1107 4760 1480 4827 proximusque
1508 4759 1757 4827 diligitur,
1790 4762 1838 4814 in
1871 4756 2060 4830 quibus

524 4854 798 4921 praceptis
847 4852 1116 4906 charitatis
1163 4861 1267 4906 tota
1318 4853 1399 4907 lex
1450 4854 1640 4921 pendet
1667 4863 1719 4909 et
1766 4857 2059 4924 prephetm,

526 4942 714 4991 merito
746 4939 801 4991 tit
845 4943 1076 4993 omnium
1123 4956 1275 5007 reus,
1308 4944 1394 5011 qui
1439 4952 1619 4997 contra
1666 4945 1806 4998 illam
1854 4946 1973 4998 facit
2004 4947 2055 4999 in

532 5039 631 5092 qua
662 5026 889 5093 pendent
919 5029 1129 5080 omnia?
1154 5029 1314 5082 Nemo
1342 5040 1514 5084 autem
1544 5042 1725 5099 peccat
1751 5034 1848 5086 nisi
1876 5032 2061 5087 adver-

523 5130 610 5167 sus
639 5131 754 5168 eam
786 5115 1040 5169 faciendo.
1075 5117 1199 5183 Quia
1232 5119 1342 5171 Non
1376 5120 1713 5182 adulterabis.
1742 5121 1851 5173 Non
1886 5121 2057 5173 homi-

526 5205 716 5258 cidium
751 5206 928 5271 facies,
963 5207 1074 5260 Non
1109 5208 1382 5272 luraberis,
1414 5210 1524 5264 Non
1554 5212 1915 5276 concupisces,
1940 5222 1991 5264 et
2016 5211 2057 5263 si

522 5294 659 5360 quod
688 5304 767 5349 est
792 5295 929 5349 aliud
962 5296 1283 5358 mandatum,
1314 5298 1364 5349 in
1394 5296 1491 5352 hoc
1519 5314 1762 5352 sermone
1791 5300 2060 5365 recapitu—

534 5383 709 5437 latun:
745 5384 932 5453 Diliges
961 5389 1241 5449 proximum
1264 5396 1400 5438 tuum
1440 5397 1675 5456 tanquam
1708 5380 1935 5455 teipsum.
1966 5387 2057 5439 Dl-

526 5470 672 5526 lectio
698 5476 915 5545 proximi
943 5477 1125 5526 malum
1156 5492 1253 5528 non
1294 5484 1546 5545 aperatnr.
1599 5476 1867 5529 Plenitudo
1892 5488 2058 5529 autem

523 5563 645 5630 legis
692 5575 759 5615 est
803 5565 1019 5617 charitas
1048 5565 1237 5636 (Rom.
1273 5581 1362 5618 xm
1391 5568 1428 5633 ).
1464 5568 1599 5620 lleus
1643 5569 1816 5634 itaque
1850 5568 1901 5620 tit
1947 5580 2057 5619 om-

530 5652 691 5712 nium,
724 5650 959 5705 faciendo
985 5638 1165 5706 contra
1198 5667 1311 5704 eam
1358 5653 1406 5704 in
1456 5670 1556 5721 qua
1603 5656 1831 5723 pendent
1860 5655 2057 5707 omnia.

519 5740 624 5793 Cur
651 5754 772 5807 ergo
797 5756 899 5795 non
926 5741 1166 5796 dicuntur
1192 5742 1336 5811 paria
1370 5754 1578 5811 peccata
1607 5746 1628 5797 ἲ
1659 5748 1737 5798 An
1763 5744 1903 5798 forte
1931 5743 2050 5811 quia

2168 3301 2522 3373 neglexerimus
2571 3300 2827 3355 salutem?
2872 3302 2996 3368 Qua:
3038 3319 3147 3356 cum
3196 3306 3392 3357 initium
3438 3307 3681 3372 accepisset

2167 3395 2391 3449 enarrari
2436 3412 2524 3463 per
2562 3393 2849 3459 Dominum,
2882 3398 2940 3447 ab
2990 3396 3059 3447 eis
3086 3396 3171 3462 qui
3206 3397 3491 3460 audierunt,
3522 3397 3569 3446 in
3605 3411 3681 3451 nc:

2166 3484 2463 3550 conﬁrmata
2504 3494 2574 3536 est
2617 3482 2816 3552 (Hebr.
2842 3498 2877 3536 tt
2904 3482 2943 3552 ).
2992 3485 3057 3536 Et
3092 3485 3318 3538 iterum:
3352 3483 3550 3538 Irritam
3585 3485 3681 3550 quis

2165 3576 2350 3644 faciens
2376 3575 2529 3644 legem
2559 3572 2744 3643 Moysi,
2770 3574 2877 3628 sine
2916 3575 3019 3626 ulla
3047 3575 3363 3627 miseratione
3400 3576 3581 3627 duobus
3616 3572 3679 3624 vel

2163 3667 2323 3719 tribus
2356 3665 2556 3719 testibus
2596 3665 2826 3729 moritur,
2852 3672 3039 3731 quanto
3068 3664 3227 3731 magis
3255 3665 3435 3731 putatis
3458 3664 3679 3714 deteriora

2162 3754 2341 3806 mereri
2385 3753 2671 3818 supplicia,
2712 3753 2794 3818 qui
2830 3748 3022 3802 Filium
3068 3751 3160 3804 Dei
3212 3749 3595 3811 conculcaverit,
3637 3758 3675 3801 et

2161 3843 2451 3912 sanguinem
2492 3843 2767 3896 testamenti
2795 3842 3043 3907 pollutum
3070 3842 3269 3895 duxerit
3298 3843 3349 3894 in
3382 3858 3479 3909 quo
3515 3840 3678 3892 sancti-

2162 3935 2339 4000 ficatus
2385 3940 2457 3987 est
2484 3972 2499 3999 ,
2546 3943 2591 3985 et
2637 3932 2852 4001 Spiritui
2902 3936 3075 4002 gratia
3126 3933 3479 3985 contumeliam
3529 3930 3678 3997 fecerit

2162 4022 2346 4093 (llebr.
2390 4023 2490 4093 x)?
2522 4023 2749 4090 Uterque
2792 4017 2964 4076 autem
3015 4023 3305 4099 sensusiad
3348 4036 3501 4075 unum
3541 4019 3674 4070 tinem

2164 4113 2406 4181 respicit,
2439 4124 2494 4166 ut
2526 4113 2766 4166 videlicet
2810 4112 2997 4165 divinae
3046 4106 3226 4181 gratia‘:
3266 4110 3419 4177 iustis
3456 4110 3674 4176 operibus

2162 4204 2562 4269 respondentes,
2594 4203 2759 4255 simus
2789 4201 3010 4256 invicem
3052 4200 3282 4270 benigni,
3316 4199 3672 4257 misericordes.

2159 4289 2411 4343 donantes
2443 4290 2687 4357 invicem,
2719 4291 2852 4344 sicut
2889 4300 2945 4345 et
2974 4290 3111 4345 Deus
3152 4291 3204 4343 in
3250 4290 3457 4345 Christo
3485 4286 3675 4341 donavit

2160 4381 2329 4435 nobis.

2227 4474 2486 4529 Judicium
2515 4477 2642 4528 enim
2665 4478 2771 4528 sine
2798 4476 3141 4530 misericordia
3160 4475 3244 4544 ﬁet
3266 4476 3341 4528 illi
3363 4476 3445 4544 qui
3466 4489 3557 4525 non
3578 4474 3672 4539 [erit

2164 4568 2579 4619 misericordiam.
2599 4565 2727 4622 Sine
2745 4567 3103 4621 misericordia
3129 4566 3447 4635 iudicabitur
3474 4565 3553 4616 ille
3578 4562 3669 4628 qui,

2162 4671 2277 4710 cum
2309 4656 2479 4711 facere
2501 4665 2699 4724 posset,
2728 4670 2828 4710 non
2854 4654 3399 4709 lecitmisericordiam
3428 4661 3671 4718 anteqnain

2157 4749 2495 4817 judicaretur.
2512 4748 2662 4814 Quod
2691 4763 2807 4801 cum
2834 4747 2900 4799 de
2927 4746 3171 4800 omnibus
3208 4743 3673 4798 immisericordibus

2161 4851 2301 4893 recte.
2319 4838 2590 4901 sentiatur,
2616 4848 2822 4892 constat
2842 4837 3157 4893 omnimodis
3182 4840 3302 4907 quia
3324 4853 3428 4905 quo
3453 4842 3671 4904 majorem

2160 4930 2382 4996 quisque
2410 4942 2437 4980 a
2471 4927 2690 4981 Domino
2720 4929 3133 4982 misericordiam
3176 4938 3487 4983 consecutus
3511 4933 3599 4986 est,
3621 4936 3673 4975 eo

2160 5018 2401 5086 iniustius
2439 5017 2683 5088 indigenti
2733 5018 2969 5086 proximo
3008 5018 3419 5072 misericordiam
3466 5016 3668 5085 negavit,

2160 5124 2325 5177 eoque
2343 5110 2534 5177 justius
2560 5112 2840 5178 impietatis
2864 5126 2973 5164 sua!
3016 5124 3198 5176 poenas
3226 5108 3355 5163 luet.
3385 5109 3527 5165 Unde
3568 5120 3669 5171 pro-

2102 5200 2105 5201 ⁷
2162 5200 2278 5252 vide
2307 5200 2557 5253 Dominus
2587 5202 2834 5255 admonet
2860 5218 2870 5251 :
2901 5198 3073 5252 Nolite
3110 5201 3365 5269 judicare,
3395 5208 3449 5249 ut
3479 5211 3568 5248 non
3598 5194 3669 5261 ju-

2159 5289 2424 5353 dicemini;
2463 5292 2613 5344 nolite
2635 5290 2983 5354 condemnare,
3010 5301 3055 5343 et
3092 5307 3193 5342 nan
3230 5286 3667 5341 condemneln'nu'ni.

2161 5377 2420 5445 Dimittite,
2462 5386 2512 5433 ‘et
2557 5384 2830 5434 dimittetur
2855 5382 3007 5434 vobis.
3035 5381 3178 5443 Date,
3224 5388 3273 5433 et
3319 5379 3514 5433 dabitur
3554 5379 3670 5431 vobis

2159 5467 2307 5534 (Luc.
2337 5474 2430 5537 rt}.
2460 5470 2721 5524 Jndicium
2762 5486 2888 5541 ergo
2912 5474 3019 5526 sine
3058 5470 3405 5523 misericordia
3428 5469 3510 5536 [iet
3536 5461 3667 5537 siqui

2158 5573 2253 5611 non
2286 5561 2398 5627 fecit
2427 5560 2838 5618 misericordiam.

2228 5650 2579 5718 Supereraltat
2630 5661 2795 5705 autem
2844 5650 3184 5705 misericordia
3230 5648 3499 5720 judicium.
3556 5647 3663 5714 Qu'a

2156 5740 2590 5808 quemadmodum
2616 5740 2890 5797 damnatus
2933 5743 2981 5795 in
3010 5738 3207 5807 judicio
3233 5737 3321 5795 Dei
3356 5738 3563 5805 dolebit,
3595 5733 3663 5804 qui
