3860 6230
173 433 232 486 9!
740 426 979 484 EXPOS.
1021 426 1168 481 SUP.
1215 423 1580 478 EPISTULAS
1619 419 1907 474 CATIIOL.
1951 453 2017 462 —-
2058 424 2118 472 D.
2161 422 2388 476 JACOBI
2431 423 2771 476 ENSTULA.
3302 427 3369 480 ‘2').

177 556 278 596 non
311 541 430 596 fecit
469 521 909 601 misericordiam,
950 537 1020 590 ita
1069 536 1156 601 qui
1198 534 1314 588 fecit
1351 541 1717 588 remuneratus
1746 531 1789 586 Δ
1824 530 1982 584 Deum
2014 547 2130 585 esse
2163 548 2264 584 non
2311 533 2559 596 credunt,
2593 535 2670 584 vel
2709 534 2965 585 creditum
3020 550 3120 588 non
3159 537 3364 601 timent,

178 631 456 684 exsultabit
500 639 553 684 et
581 627 846 698 gaudebit.
876 626 1040 680 Aliter
1071 642 1082 675 :
1116 622 1484 692 Superexaltat
1515 621 1725 674 miseri-

178 717 356 772 cordia
383 717 659 786 judicium.
687 715 796 768 Non
829 714 1023 789 dictum
1061 721 1177 766 est:
1215 710 1386 764 Vincit
1429 709 1728 762 misericor-

179 809 262 863 dia
307 807 587 876 judicium.
639 806 751 859 Non
807 803 948 858 enim
992 804 1206 856 adversa
1247 811 1327 855 est
1376 800 1587 868 iudicio,
1634 798 1726 852 sed

178 898 539 969 supaexaltat,
591 897 710 965 quia
757 895 932 964 plures
974 908 1066 962 per
1109 889 1522 946 misericordiam
1575 889 1726 940 colli-

181 997 394 1058 guntur,
439 986 535 1041 sed
577 985 665 1054 qui
714 983 1126 1038 misericordiam
1170 981 1543 1049 praestiterunt.
1585 977 1729 1030 Beati

179 1080 316 1136 enim
357 1079 728 1142 misericordes,
752 1079 989 1147 quoniam
1013 1077 1233 1146 ipsorum
1263 1074 1575 1127 miserebitur
1595 1073 1729 1125 Deus

183 1171 395 1240 (Matth.
424 1173 498 1240 ν).
529 1170 656 1224 Item
687 1168 1042 1238 Supereataltat
1081 1166 1419 1220 misericordia
1454 1165 1726 1233 judicium,

182 1261 230 1314 id
275 1268 387 1324 est,
433 1259 807 1329 superponitur
848 1256 1208 1314 misericordia
1257 1255 1472 1323 judicio.
1522 1255 1575 1307 lu
1627 1267 1730 1322 quo

185 1349 454 1402 inventum
490 1347 645 1401 fuerit
693 1361 828 1417 opus
870 1345 1269 1411 misericordiae,
1296 1353 1349 1398 et
1395 1345 1439 1397 si
1489 1343 1730 1396 habuerit

174 1426 314 1491 ~torte
356 1435 410 1489 in
448 1435 647 1502 judicio
693 1450 799 1505 quo
839 1439 1106 1504 puniatur,
1136 1444 1378 1503 tanquam
1408 1433 1544 1486 unda
1573 1432 1732 1486 mise-

186 1523 450 1588 ricordize,
477 1526 676 1593 peccati
701 1525 837 1592 ignis
865 1525 1242 1593 exstinguitur.

251 1613 391 1678 Quid
429 1615 676 1681 proderit,
707 1614 891 1683 fratres
944 1615 1058 1676 mei,
1089 1613 1133 1666 si
1173 1612 1322 1680 ﬁdem
1357 1613 1468 1678 quis
1502 1612 1634 1664 dicat
1679 1625 1731 1662 se

183 1703 363 1757 habere
383 1743 401 1768 ,
426 1719 580 1772 apera
606 1714 772 1758 autem
798 1721 897 1758 non
938 1703 1158 1758 Itabcat.’
1201 1713 1254 1757 et
1273 1715 1482 1758 caetera.
1516 1703 1646 1756 llinc
1667 1701 1734 1756 de

186 1793 562 1848 misericordia:
587 1793 837 1862 aperibus
867 1793 1026 1847 latius
1051 1792 1302 1862 disputat,
1327 1801 1384 1846 ut
1406 1807 1536 1861 quos
1566 1791 1729 1846 vehe-

1827 623 2062 690 prol'ecto
2092 632 2210 676 sunt
2240 611 2566 678 dannonilnts
2607 624 2864 675 tardiores
2904 639 2965 678 ac
3016 625 3365 692 proteriinrcs

1825 714 2144 767 aestimandi.
2176 712 2278 766 Sed
2310 728 2407 766 nec
2439 713 2601 766 Deum
2629 713 2848 766 credere
2875 722 2928 766 et
2956 715 3368 769 contremiscere

1828 816 2071 870 magnum
2100 808 2203 865 est,
2235 800 2280 853 si
2315 815 2418 854 non
2449 807 2502 854 et
2545 800 2596 853 in
2636 816 2754 855 eum
2784 800 3050 865 credatur,
3080 802 3180 854 hoc
3211 813 3290 856 est
3323 805 3364 855 si

1826 907 1928 945 non
1969 892 2082 960 ejus
2125 892 2176 944 in
2223 892 2380 946 corde
2424 905 2573 946 amor
2617 901 2874 948 teneatur.
2909 891 3058 945 Aliud
3098 901 3178 946 est
3229 893 3366 947 enim

1826 981 2042 1035 credere
2083 981 2177 1046 illi,
2222 981 2364 1035 aliud
2411 981 2625 1034 credere
2669 982 2836 1045 illum,
2879 981 3018 1035 aliud
3050 982 3266 1036 credere
3314 983 3364 1036 in

1835 1072 1998 1126 illum.
2029 1071 2262 1126 Credere
2286 1070 2381 1136 illi,
2413 1080 2492 1125 est
2527 1069 2746 1125 credere
2768 1086 2887 1124 vera
2919 1085 3035 1125 esse
3058 1086 3171 1140 qua:
3201 1071 3370 1140 loqui-

1829 1169 1930 1215 tur.
1980 1159 2213 1214 Credere
2260 1159 2427 1225 illum,
2484 1159 2699 1214 credere
2748 1159 2884 1227 quod
2937 1160 3046 1228 ipse
3096 1160 3162 1213 sit
3211 1160 3363 1214 Deus.

1828 1249 2059 1305 Credere
2108 1250 2159 1304 in
2206 1250 2348 1303 illum
2374 1290 2390 1316 ,
2420 1262 2501 1305 est
2529 1252 2751 1322 diligere
2789 1252 2956 1305 illum.
2989 1252 3218 1307 Credere
3252 1269 3366 1307 veru

1827 1357 1944 1397 esse
1971 1357 2086 1411 qua:
2135 1340 2390 1410 loquitur,
2435 1342 2582 1396 multi
2613 1355 2660 1397 et
2696 1344 2814 1396 mali
2847 1352 3088 1411 possunt.
3135 1343 3372 1400 Credunt

1831 1431 1970 1485 enim
2016 1445 2133 1485 esse
2162 1446 2284 1485 vera
2309 1475 2322 1498 ,
2353 1441 2406 1486 et
2435 1432 2617 1486 nolunt
2645 1447 2706 1486 ea
2759 1433 2964 1498 facere,
2993 1433 3114 1502 quia
3145 1434 3207 1486 ad
3236 1449 3338 1505 ope
3359 1463 3371 1476 ο

1830 1521 2050 1575 randum
2075 1521 2206 1590 pigri
2222 1530 2362 1577 sunt.
2383 1520 2611 1576 Credere
2637 1533 2811 1576 autem
2838 1522 3010 1589 ipsum
3034 1538 3152 1578 esse
3182 1525 3370 1592 Deum,

1834 1613 1933 1666 hoc
1970 1625 2022 1668 et
2049 1615 2312 1668 dzemones
2342 1625 2642 1683 potuerunt.
2686 1615 2912 1670 Credere
2941 1632 3067 1671 vero
3097 1618 3148 1669 in
3185 1617 3372 1685 Deum,

1832 1702 1933 1757 soli
1964 1719 2161 1758 novere
2192 1704 2281 1772 qui
2303 1705 2528 1772 diligunt
2559 1705 2741 1768 Deum,
2773 1706 2859 1771 qui
2883 1720 2986 1759 non
3014 1707 3127 1760 solo
3164 1708 3377 1762 nomine

1833 1804 1955 1846 sunt
1983 1793 2302 1858 Christiani,
2334 1791 2428 1847 sed
2459 1804 2513 1848 et
2559 1793 2706 1846 iactis
2735 1803 2788 1847 et
2817 1794 2943 1848 vita.
2984 1793 3114 1860 Quia
3157 1797 3272 1849 sine
3295 1797 3378 1850 di-

187 1893 392 1938 menter
438 1884 654 1939 scientia
709 1885 1040 1952 praecedente
1091 1891 1352 1937 terruerat
1404 1883 1729 1945 consoletur,
1766 1853 1808 1912 Β
1836 1882 2056 1936 lectione
2080 1881 2208 1936 ﬁdes
2231 1883 2420 1935 inanis.
2446 1882 2574 1936 Cum
2597 1880 2899 1948 dilectione,
2927 1883 3053 1937 ﬁdes
3074 1883 3374 1948 Christiani,

187 1990 299 2029 cum
355 1975 606 2030 admonet
654 1974 924 2046 quomodo
968 1974 1129 2029 etiam
1161 1983 1372 2039 peccata
1406 1972 1734 2042 thOIidiaua,

186 2065 297 2119 s'ne
325 2065 518 2133 quibus
559 2065 643 2120 hic
693 2080 797 2119 non
845 2066 1065 2132 vivitur,
1117 2064 1434 2133 quotidiauis
1490 2063 1736 2117 remediis

191 2152 485 2220 expientur.
515 2153 591 2225 [Se
635 2155 814 2218 homo,
842 2153 950 2221 qui,
983 2167 1100 2206 cum
1129 2155 1178 2204 in
1213 2166 1317 2205 uno
1355 2151 1650 2216 oﬁenderit,
1681 2154 1737 2205 lit

187 2248 240 2292 et
278 2240 514 2293 omnium
542 2254 681 2307 reus,
713 2241 762 2294 in
788 2241 966 2296 multis
990 2239 1323 2306 oﬂendendo,
1352 2241 1473 2310 quia
1497 2241 1547 2292 in
1569 2241 1736 2295 multis

189 2327 489 2394 offendimus
517 2346 684 2384 omnes
715 2329 850 2398 (Jac.
879 2331 987 2400 tu),
1018 2345 1259 2398 magnum
1290 2345 1531 2399 aggerem
1564 2340 1737 2385 reatus

187 2411 580 2469 suiminutatim
596 2418 871 2472 collectum
900 2417 971 2494 ad
993 2417 1220 2472 tribunal
1248 2419 1372 2471 tanti
1395 2417 1591 2472 iudicis
1621 2433 1736 2486 per-

193 2504 371 2570 vehat,
404 2516 457 2560 et
501 2521 615 2566 eam
645 2522 802 2576 quam
850 2523 956 2562 non
1007 2507 1130 2562 fecit
1184 2507 1594 2562 misericordiam
1633 2520 1734 2560 non

191 2593 441 2655 inveniat,
471 2595 563 2648 scd
595 2598 766 2664 potius
785 2597 1104 2652 ditnittendo
1133 2607 1291 2664 atque
1315 2597 1511 2662 dando,
1539 2611 1737 2649 merea-

193 2694 271 2737 tur
293 2684 391 2737 sibi
422 2686 614 2739 dimitti
643 2686 843 2752 debita,
871 2686 1128 2754 reddique
1152 2685 1432 2754 promissa.

256 2772 315 2827 Si
334 2784 499 2827 autem
521 2775 678 2843 frater
695 2788 782 2830 aut
806 2794 948 2832 soror
968 2777 1091 2830 nudi
1105 2778 1226 2844 sint,
1256 2769 1305 2830 et
1328 2779 1584 2849 indigeant
1611 2781 1736 2831 victu

190 2865 512 2928 quotidiana,
546 2867 679 2920 dicat
707 2877 874 2921 autem
910 2869 1096 2937 aliquis
1139 2883 1202 2921 ex
1237 2870 1370 2922 vobis
1407 2869 1508 2920 illis
1539 2884 1558 2921 :
1590 2867 1665 2921 Ite
1687 2870 1738 2921 in

193 2967 329 3020 pace,
358 2953 699 3022 calefacimini
723 2963 787 3008 et'
810 2957 1129 3020 saturamini,
1163 2972 1260 3008 non
1304 2957 1537 3009 dederitis
1569 2967 1738 3010 autent

194 3043 259 3093 eis
287 3059 400 3108 qua:
427 3050 706 3097 necessaria
732 3055 846 3099 sunt
884 3045 1107 3119 corpori,
1139 3047 1260 3116 quid
1290 3048 1512 3115 proderit
1535 3049 1559 3100 Ρ
1581 3045 1667 3100 Sic
1691 3055 1737 3098 et

1835 1969 1949 2024 sine
1995 1969 2278 2024 dilectione
2328 1970 2455 2025 lides
2501 1972 2774 2026 daemonis.
2827 1972 2925 2039 Qui
2953 1988 3078 2041 ergo
3122 1989 3223 2028 non
3268 1973 3379 2027 vult

1835 2059 2051 2114 credere
2082 2060 2367 2126 Christum,
2402 2060 2574 2115 adhuc
2601 2077 2698 2116 nec
2720 2061 2985 2116 datnones
3031 2062 3281 2118 imitatur.
3318 2062 3381 2114 Et

1835 2149 1877 2202 si
1913 2149 2020 2217 jam
2072 2150 2238 2203 credit
2266 2149 2551 2216 Christum,
2593 2152 2686 2204 sed
2732 2151 2846 2204 odit
2881 2152 3168 2216 Christum,
3216 2153 3376 2206 habet

1835 2235 2219 2294 confessionem
2250 2238 2370 2294 ﬁdei
2411 2240 2463 2294 in
2497 2239 2683 2295 timore
2724 2253 2929 2309 poenae,
2965 2257 3070 2296 non
3109 2242 3160 2295 in
3195 2255 3374 2296 arnore

1834 2341 2065 2381 coronae.
2094 2327 2223 2382 Nam
2270 2339 2324 2384 et
2353 2328 2426 2383 illi
2459 2329 2627 2398 puniri
2661 2330 2932 2385 timebant.
2969 2331 3201 2401 Denique
3241 2332 3370 2386 bea-

1838 2426 1920 2470 tus
1960 2417 2142 2472 Petrus
2186 2433 2304 2473 cum
2331 2418 2609 2473 Dominum
2651 2421 2907 2474 conlitens
2932 2421 3167 2475 diceret:
3204 2420 3278 2472 Tu
3323 2436 3378 2474 es

1837 2504 2061 2559 (.‘Iiristus
2111 2504 2274 2559 Filius
2320 2505 2415 2560 Dei
2461 2508 2556 2560 vivi
2591 2507 2801 2575 (illatua.
2851 2509 2982 2575 svr),
3012 2508 3196 2561 eadem
3237 2522 3373 2576 pene

1838 2595 1995 2648 verba
2024 2609 2142 2664 qua:
2170 2605 2222 2652 et
2249 2595 2514 2652 dmmoncs
2546 2596 2778 2664 proferre
2813 2596 3014 2650 videtur
3043 2611 3104 2650 ex
3133 2611 3247 2657 ore,
3281 2596 3374 2650 sed

1847 2689 2048 2742 illorum
2078 2689 2342 2743 confessio
2361 2689 2481 2758 quia
2508 2704 2628 2743 cum
2659 2689 2779 2743 odio
2802 2690 2998 2755 prolata
3028 2695 3128 2750 est,
3158 2701 3188 2740 a
3221 2685 3376 2739 Chri-

1835 2787 1917 2830 sto
1944 2778 2128 2832 merito
2158 2777 2400 2832 damnata
2428 2788 2530 2844 est,
2562 2779 2702 2832 illius
2742 2779 2862 2846 quia
2891 2794 2954 2831 ex
3008 2779 3210 2831 interna
3240 2778 3373 2831 dile-

1836 2869 2008 2920 ctione
2037 2866 2314 2936 proccssit,
2335 2874 2529 2920 (eterna
2559 2865 2882 2922 beatitudine
2911 2877 3242 2920 reomnerata
3270 2875 3369 2919 est.

1915 2957 1998 3010 Vis
2026 2967 2191 3010 autem
2224 2957 2370 3020 scire,
2405 2974 2434 3011 ο
2460 2957 2609 3011 homo
2633 2958 2817 3022 inanis,
2846 2956 3082 3026 quoniam
3123 2957 3247 3025 ﬁdes
3274 2959 3379 3009 sine

1835 3047 2074 3122 operibus
2105 3049 2262 3100 otiosa
2295 3049 2407 3099 est?
2429 3046 2906 3130 Quoniamd’aulus
2935 3046 3200 3115 apostolus
3239 3059 3376 3112 prae-

192 3138 313 3204 ﬁdes
338 3136 383 3188 si
412 3151 516 3187 non
545 3136 719 3190 habeat
743 3151 913 3206 apera,
939 3145 1136 3190 mortua
1157 3146 1228 3191 est
1259 3139 1306 3190 in
1330 3139 1731 3206 semetipsa,etc.
1762 3173 1810 3238 ρ
1837 3138 2019 3192 (ιὶαιῐιε
2039 3137 2312 3207 justiﬁcari
2337 3138 2602 3191 hominem
2633 3152 2724 3205 per
2752 3137 2908 3190 ﬁdem
2937 3136 3051 3190 sine
3080 3136 3326 3202 aperibus
3352 3172 3369 3199 ,

197 3228 530 3283 Manifestum
553 3239 632 3283 est
654 3229 793 3298 quod
819 3230 954 3283 sicut
978 3229 1132 3284 verba
1159 3231 1268 3283 sola
1300 3231 1505 3298 pietatis
1537 3229 1731 3285 nudum

193 3319 270 3371 vel
311 3319 638 3382 esurientem
669 3332 774 3371 non
833 3327 1096 3386 recreant,
1127 3318 1171 3370 si
1203 3332 1304 3370 non
1345 3326 1399 3371 et
1425 3317 1572 3372 cibus
1602 3333 1735 3387 pra:-

193 3405 400 3469 heatur,
426 3420 485 3460 ac
514 3407 697 3472 vestis,
733 3407 802 3460 ita
841 3405 972 3460 ﬁdes
1002 3406 1164 3460 verbo
1191 3416 1343 3460 tenus
1388 3414 1593 3460 servata
1626 3420 1730 3460 non

197 3498 386 3550 salvat.
420 3497 622 3551 Mortua
654 3505 734 3550 est
758 3496 898 3550 enim
938 3497 989 3549 iu
1029 3498 1306 3563 semetipsa
1335 3497 1450 3551 sine
1489 3497 1734 3564 operibus

195 3584 482 3647 cbaritatis,
509 3585 698 3652 quibus
726 3586 1000 3638 reviviscat
1022 3593 1073 3638 et
1095 3584 1374 3638 animetur.
1399 3584 1578 3652 Neque
1610 3585 1733 3638 huic

194 3676 460 3729 sententiae
501 3675 825 3729 contrarium
869 3685 951 3730 est
993 3677 1131 3744 quod
1181 3677 1429 3730 Dominus
1475 3679 1593 3730 ait:
1630 3677 1729 3742 Qui

202 3764 466 3816 crediderit
485 3775 533 3816 et
556 3764 832 3831 baptizatus
859 3765 1025 3834 fuerit,
1049 3766 1212 3818 salvus
1238 3766 1328 3817 erit
1353 3767 1370 3834 (
1395 3763 1558 3818 Marc.
1585 3780 1670 3819 xvi
1687 3765 1727 3834 ).

195 3852 694 3922 Subintelligendum
724 3868 948 3921 namque
979 3855 1046 3908 ibi
1095 3865 1173 3908 est
1205 3855 1340 3922 quod
1375 3855 1735 3908 tantummodo

196 3958 312 3998 vere
340 3943 560 4010 credat,
589 3944 677 4013 qui
721 3952 935 3997 exercet
971 3943 1237 4010 operando
1266 3942 1401 4010 quod
1431 3943 1618 3996 credit.
1665 3941 1727 3996 Et

193 4031 306 4099 quia
336 4032 467 4085 ﬁdes
489 4039 544 4085 et
569 4030 801 4090 charitas
828 4030 896 4084 ab
931 4031 1152 4085 invicem
1185 4033 1416 4099 separari
1447 4022 1730 4097 nequeunt,

198 4123 346 4177 Paulo
369 4130 649 4178 attestante
670 4164 684 4187 ,
711 4123 802 4190 qui
831 4121 902 4175 ait
934 4141 945 4173 :
977 4120 1070 4174 Est
1100 4121 1224 4187 ﬁdes
1251 4135 1364 4189 qua:
1394 4138 1482 4189 per
1505 4120 1736 4173 dilectio-

195 4227 295 4264 nem
318 4221 555 4278 operatur
583 4209 794 4280 (Colat.
825 4225 857 4263 ν
882 4212 922 4279 ),
954 4220 1074 4279 apte
1101 4211 1332 4266 Joannes
1364 4209 1631 4279 apostolus
1659 4219 1737 4264 ta-

199 4303 293 4352 ΙιίΒ
313 4302 382 4355 de
408 4298 662 4354 rharitate
687 4300 1024 4362 sententiam,
1051 4299 1256 4366 qualem
1279 4299 1344 4352 de
1376 4298 1476 4353 ﬁde
1505 4297 1734 4353 Jacohus

113 4441 116 4445 _
200 4388 386 4451 profert
421 4387 602 4440 dicens
637 4403 650 4438 :
685 4386 784 4449 Qui
822 4385 1048 4438 habuerit
1075 4385 1404 4438 substantiam
1443 4386 1656 4450 mundi,
1687 4393 1733 4436 et

1840 3247 1942 3286 non
1975 3233 2106 3286 bene
2145 3232 2442 3286 intellectus
2471 3240 2553 3285 est
2581 3231 2647 3284 ab
2672 3230 2748 3284 eis
2777 3229 2865 3298 qui
2894 3229 2969 3283 sic
2994 3227 3190 3282 dictum
3228 3241 3374 3281 acce-

1835 3330 2056 3390 perunt,
2086 3331 2140 3375 ut
2171 3329 2409 3388 putarent
2430 3360 2444 3383 ,
2466 3327 2589 3374 cum
2624 3322 2790 3375 semel
2830 3321 2882 3373 in
2912 3319 3178 3373 Christum
3208 3317 3380 3370 credi-

1834 3411 2054 3475 dissent,
2101 3411 2260 3466 etiam
2309 3408 2354 3462 si
2399 3409 2535 3463 male
2589 3417 2949 3477 operarentur,
2993 3416 3043 3461 et
3081 3405 3374 3458 facinorose

1836 3499 2196 3567 ﬂagitioseque
2238 3498 2496 3563 viverent,
2547 3499 2717 3552 salvos
2761 3511 2820 3552 se
2867 3509 2984 3551 esse
3027 3510 3117 3563 per
3158 3493 3312 3548 ﬁdem
3366 3511 3379 3546 :

1834 3589 1981 3643 locus
2035 3589 2134 3643 iste
2185 3587 2342 3656 hujus
2389 3588 2626 3656 epistolre
2679 3586 2924 3642 eumdem
2968 3600 3179 3640 sensum
3226 3584 3370 3638 Pauli

1833 3675 2057 3745 apostoli
2089 3676 2353 3744 quomodo
2390 3677 2461 3729 sit
2487 3675 2856 3744 intelligendus
2886 3675 3120 3743 exponit.
3147 3673 3372 3740 Ideoque

1834 3766 1999 3834 magis
2028 3765 2256 3819 Abrahae
2279 3764 2517 3832 exemplo
2548 3763 2730 3829 utitur,
2765 3777 2982 3818 vacuam
3009 3776 3126 3816 esse
3157 3762 3309 3815 (idem
3329 3762 3373 3814 si

1835 3871 1937 3909 non
1966 3855 2099 3911 bene
2128 3863 2397 3924 aperetur,
2427 3856 2672 3923 quoniam
2697 3854 2922 3908 Abrahae
2951 3853 3189 3919 exemplo
3215 3855 3372 3906 etiam

1837 3948 2023 4000 l'aulus
2045 3961 2169 4000 usus
2189 3955 2290 4010 est,
2315 3956 2375 4000 ut
2398 3947 2642 4015 probaret
2660 3946 2936 4015 iustiﬁcari
2969 3945 3230 3998 hominem
3261 3946 3374 3997 sine

1834 4035 2081 4103 operibus
2112 4050 2285 4103 posse.
2315 4035 2446 4090 Cum
2474 4038 2612 4090 enim
2642 4036 2776 4090 bona
2803 4050 2959 4103 opera
2999 4045 3376 4088 commemorat

1835 4125 2081 4190 Abrahae,
2109 4139 2224 4194 quas
2250 4124 2365 4192 ejus
2396 4125 2550 4180 ﬁdem
2583 4126 2827 4180 comitata
2857 4133 2998 4188 sunt,
3032 4124 3160 4176 satis
3186 4133 3364 4175 osten-

1834 4215 1907 4269 dit
1936 4214 2234 4284 apostolnm
2263 4213 2506 4278 Paulum,
2545 4229 2647 4268 non
2680 4215 2746 4266 ita
2769 4229 2861 4282 per
2888 4213 3145 4266 Abraham
3179 4211 3368 4264 docere

1836 4305 2102 4371 iustiﬁcari
2134 4305 2395 4359 hominem
2441 4320 2534 4374 per
2575 4305 2727 4359 ﬁdem
2769 4306 2884 4357 sine
2926 4302 3190 4368 Operibus,
3235 4312 3291 4353 ut
3322 4303 3364 4353 si

1833 4397 1946 4460 quis
1976 4395 2276 4457 crediderit,
2309 4411 2411 4449 non
2441 4396 2505 4448 ad
2533 4410 2652 4450 eum
2677 4395 2932 4464 pertineat
2973 4393 3105 4448 bene
3135 4393 3364 4458 operari,

200 4478 366 4530 viderit
399 4477 608 4545 fratrem
646 4492 791 4529 suum
821 4491 1012 4528 necesse
1042 4475 1250 4538 habere,
1276 4484 1322 4527 et
1359 4475 1597 4527 clauserit
1633 4476 1726 4527 ais-
1764 4506 1811 4564 Β
1834 4483 1923 4538 sed
1954 4483 2019 4537 ad
2045 4483 2144 4538 hoc
2172 4484 2362 4550 potius,
2395 4494 2450 4536 ιιι
2491 4497 2646 4538 nemo
2691 4483 2974 4536 arbitretur
2996 4481 3196 4536 meritis
3228 4481 3369 4546 prio-

201 4584 306 4620 cera
344 4584 432 4622 sua
469 4567 530 4620 ab
578 4583 654 4631 eo,
705 4569 954 4636 quomoda
993 4566 1208 4620 charitas
1250 4566 1341 4620 Dei
1377 4576 1541 4620 manet
1580 4568 1631 4619 in
1675 4583 1734 4622 eo

201 4651 247 4722 (I
273 4653 460 4708 Joann.
490 4670 546 4708 ιη
567 4657 620 4724 )i

266 4744 338 4796 Tu
358 4743 516 4797 credis
537 4746 775 4810 quoniam
801 4762 928 4798 unus
951 4757 1022 4799 est
1047 4745 1198 4808 Deus,
1227 4745 1345 4798 bene
1371 4747 1494 4814 facis
1513 4788 1525 4810 ,
1555 4757 1599 4800 et
1627 4748 1733 4800 dw-

203 4845 360 4884 moues
398 4833 604 4884 credunt
633 4843 678 4884 et
721 4837 1127 4888 contremiscunt.
1170 4835 1244 4889 Ne
1275 4845 1423 4904 putes
1459 4838 1577 4905 quia
1609 4852 1727 4890 ma-

203 4932 351 4986 gnum
381 4919 572 4988 aliquid
603 4919 731 4974 facis
766 4923 1031 4976 credendo
1062 4938 1222 4975 unum
1263 4941 1378 4978 esse
1409 4926 1589 4979 Deum.
1617 4925 1726 4980 [loc

203 5009 333 5062 enim
359 5021 410 5065 et
429 5012 694 5067 dzemones
733 5011 924 5065 faciunt
944 5051 958 5074 ,
992 5027 1088 5066 nec
1116 5015 1286 5067 solum
1316 5016 1477 5068 Deum
1497 5012 1729 5082 Patrem,

205 5098 285 5152 sed
333 5111 382 5155 et
402 5098 586 5156 Filium
627 5105 865 5159 credunt.
911 5104 1058 5161 Unde
1102 5105 1228 5159 dicit
1274 5107 1440 5160 Lucas
1475 5106 1731 5162 :Exibant

206 5201 357 5242 autem
380 5194 627 5246 daemonia
651 5209 678 5243 α
706 5196 872 5248 multis
911 5196 1181 5248 clamantia
1202 5206 1244 5248 et
1275 5197 1509 5260 dicentia,
1540 5199 1656 5265 quia
1678 5207 1733 5250 tu

208 5293 253 5328 rs
285 5277 324 5329 Γ
327 5279 438 5334 ilius
465 5280 577 5335 Dei.
609 5279 672 5332 Et
699 5283 962 5349 increpans
984 5301 1083 5338 non
1113 5285 1298 5337 sinebat
1329 5302 1386 5337 ea
1428 5287 1583 5360 loqui,
1614 5289 1732 5352 quia

208 5367 404 5421 sciebant
442 5370 607 5439 ipsum
649 5386 753 5423 esse
799 5373 1051 5426 Christum
1082 5372 1228 5443 (Luc.
1277 5375 1368 5440 tv).
1417 5374 1521 5428 Nec
1563 5379 1729 5430 solum

209 5458 431 5524 credunt,
452 5475 646 5514 verum
671 5464 826 5516 etiam
857 5466 1288 5517 contremiscunt.
1322 5462 1467 5517 Unde
1495 5465 1558 5516 ad
1584 5467 1726 5520 illum

211 5551 335 5625 logei
362 5569 474 5620 quae
503 5557 767 5608 hominem
797 5556 1070 5610 obsidebat
1099 5559 1313 5622 supplici
1355 5571 1480 5609 voce
1522 5556 1727 5622 procla-

209 5650 304 5693 mat
332 5661 341 5692 .‘
371 5645 504 5709 Quid
557 5661 748 5700 mecum
780 5657 823 5699 et
865 5647 972 5711 tibi,
1001 5647 1120 5699 Jesu
1151 5645 1252 5698 Fili
1267 5647 1357 5700 Dei
1375 5647 1593 5700 summi?
1619 5648 1729 5699 Λά-

211 5731 311 5787 iuro
331 5733 376 5783 te
390 5741 485 5793 rer
502 5731 679 5798 Deum,
710 5751 865 5788 neme
889 5745 1119 5806 torqueas
1151 5735 1338 5803 (Marc.
1367 5737 1438 5805 v).
1473 5735 1572 5802 Qui
1601 5749 1726 5806 ergo

1839 4590 1951 4628 rum
1983 4575 2236 4629 honorum
2266 4589 2482 4644 operum
2521 4590 2578 4629 se
2619 4574 2917 4642 pervenisse
2958 4574 3021 4627 ad
3059 4574 3251 4627 donum
3277 4573 3370 4639 ju-

1838 4664 2167 4719 stilicationis
2194 4679 2310 4734 quae
2348 4676 2428 4719 est
2473 4665 2522 4719 in
2574 4665 2696 4720 lide.
2732 4665 2786 4718 In
2820 4665 2916 4718 hoc
2951 4678 3010 4718 se
3053 4664 3291 4732 gentibus
3323 4665 3373 4714 in

1835 4756 2096 4831 Christum
2153 4755 2510 4820 credentibus,
2564 4755 2728 4810 Judmi
2778 4754 3021 4822 prit’ierre
3068 4752 3368 4817 cupiebant,

1836 4843 1955 4909 quia
1999 4841 2242 4895 dicebant
2287 4857 2344 4896 se
2372 4845 2576 4895 meritis
2606 4844 2860 4895 bonorum
2891 4854 3126 4906 operum,
3159 4853 3271 4904 qum
3319 4839 3369 4890 in

1836 4930 1948 4997 lege
1968 4938 2110 4994 sunt,
2145 4930 2446 4996 pervenisse
2475 4930 2539 4984 ad
2568 4931 2920 4997 evangelicae:
2953 4929 3190 4997 gratiam.
3228 4925 3372 4978 Ideo-

1835 5034 1935 5085 que
1961 5018 2443 5073 scandalizabantur
2472 5020 2619 5074 multi
2663 5021 2749 5088 qui
2795 5035 2858 5074 es
2896 5021 2972 5074 eis
3013 5018 3366 5077 crediderunt,

1834 5107 1973 5174 quod
2004 5106 2384 5160 incircumcisis
2416 5110 2663 5175 gentibus
2704 5109 2896 5162 Christi
2936 5107 3097 5176 gratia
3143 5102 3371 5156 tradere-

1836 5208 1935 5252 tur.
1985 5196 2133 5251 Unde
2171 5200 2437 5268 apostolus
2494 5199 2681 5252 Paulus
2729 5200 2851 5252 dicit
2901 5211 3052 5265 posse
3105 5194 3367 5249 hominem

1833 5291 1947 5341 sine
1967 5288 2236 5356 operibus,
2270 5289 2469 5343 scilicet
2495 5288 2934 5357 praecedentibus,
2976 5284 3244 5351 justiﬁcari
3279 5298 3374 5350 per

1838 5378 2011 5431 lidem.
2042 5378 2172 5432 Nam
2211 5380 2526 5448 justilicatus
2575 5395 2665 5444 per
2697 5378 2871 5435 ﬁdem,
2902 5374 3164 5443 quomodo
3202 5381 3372 5440 potest.

1836 5467 1929 5520 nisi
1956 5467 2098 5532 juste
2126 5469 2330 5536 operari
2360 5471 2380 5520 ?
2409 5470 2532 5519 Cum
2567 5483 2690 5534 ergo
2719 5466 2842 5518 dicit
2871 5466 3121 5520 lacubus:

1903 5560 2153 5610 Abraham
2194 5569 2330 5618 pater
2383 5568 2542 5610 nastrr
2590 5573 2749 5609 nonne
2795 5568 3017 5623 operibus
3059 5553 3372 5619 Justrﬁcatus

1833 5657 1921 5703 est,
1947 5645 2159 5711 offerens
2184 5644 2328 5698 Isaac
2351 5647 2510 5712 ﬁlium
2533 5660 2676 5698 suum
2700 5659 2848 5704 super
2871 5645 3026 5691 ultore
3043 5642 3063 5688 Σ)
3088 5637 3365 5704 Eleganter

1834 5734 2129 5799 exemplum
2164 5733 2312 5786 boum
2335 5734 2650 5801 operationis
2680 5739 2741 5782 ub
2775 5744 2883 5794 quo
2918 5725 3218 5793 patriarcha
3250 5734 3366 5773 tuo-
