3860 6230
461 442 527 495 25
886 443 1083 496 neue
1128 408 1559 495 VENEttAﬁlLlS
1599 442 1743 493 ore.
1790 439 1961 492 PARS
2001 435 2061 491 ll.
2106 437 2292 492 sscr.
2337 441 2376 492 l.
2427 470 2493 480 -.
2533 441 2913 496 EXEGETICA
2956 442 3271 501 GENUINA.

3593 446 3675 503 ει

462 560 571 612 nuit
596 571 712 611 esse
739 556 1066 621 discendum,
1102 572 1388 624 provocans
1418 555 1657 608 videlicet
1695 566 1788 607 eos
1816 552 1909 619 qui
1938 552 2002 604 de
2030 549 2081 606 Δ
2109 547 2267 611 illius,
2300 560 2535 619 reputata
2568 562 2649 605 est
2678 551 2739 604 ad
2780 551 3059 619 justitiam.
3089 553 3154 606 Et
3198 562 3254 607 ut
3300 567 3397 607 nos
3442 564 3657 623 Quoque

461 647 657 700 ludatis
688 646 1046 707 crediderunt,
1076 656 1134 699 ut
1160 646 1309 713 quasi
1352 646 1499 698 bona:
1528 643 1735 697 soboles
1762 643 1921 710 primi
1951 650 2005 695 et

461 734 675 786 maximi
704 734 783 786 sui
816 734 1045 799 parentis
1073 743 1220 787 actus
1256 742 1619 799 sequerentur.
1652 733 1715 785 Et
1754 733 2001 799 quoniam

458 837 549 875 eos
578 838 642 875 ne
666 820 716 874 in
754 822 1132 875 tentationibus
1156 822 1472 893 deﬁcerent,
1504 830 1557 875 et
1582 831 1637 873 ut
1675 820 1831 873 ﬁdem
1854 835 2003 874 suam

455 925 548 979 per
582 926 739 979 opera
779 912 1081 978 probarent,
1120 911 1453 975 admonebat,
1473 911 1737 979 eleganter
1759 911 1825 964 de
1860 911 2007 977 patri-

453 1000 613 1052 archa
646 1001 1150 1067 posoitexemplutu,
1176 1016 1268 1067 per
1295 1000 1431 1069 quod
1451 1014 1541 1053 eos
1570 1001 1620 1053 in
1652 1008 1871 1066 utraque
1902 1001 2004 1052 vir-

394 1120 396 1123 τ
459 1098 571 1143 tute
618 1098 794 1157 posset
842 1091 1134 1144 instituere.
1184 1091 1310 1155 Qua:
1348 1090 1487 1143 enim
1539 1090 1759 1143 tentatio
1802 1074 2003 1155 major,

453 1178 690 1245 erceptis
720 1178 797 1230 his
829 1193 945 1246 qua:
989 1177 1054 1231 ad
1106 1179 1299 1246 proprii
1349 1179 1587 1246 corporis
1617 1179 1797 1247 plagas
1843 1177 2005 1243 perti-

457 1276 603 1329 nent,
646 1268 885 1321 accidere
926 1279 1113 1336 pctest,
1160 1285 1312 1337 quam
1356 1269 1398 1321 si
1441 1270 1557 1336 quis
1587 1268 1749 1320 ﬁlium
1790 1267 2001 1319 unicum

460 1358 959 1425 dilectissimumque
1017 1373 1169 1413 suum
1222 1373 1385 1413 senex
1439 1367 1657 1425 cogatur
1716 1357 2003 1410 occidere?

459 1447 734 1513 Quomodo
763 1457 939 1503 autem
973 1450 1175 1503 tunicas
1216 1450 1302 1503 vel
1340 1463 1490 1503 escas
1535 1463 1656 1502 suas
1694 1463 1792 1515 pro
1830 1448 2004 1500 divino

458 1554 638 1594 amore
688 1541 1002 1607 pauperibus
1049 1540 1175 1594 dare
1212 1540 1467 1603 diﬁ‘erret,
1501 1541 1587 1608 qui
1637 1540 1799 1593 ﬁlium
1848 1554 2002 1606 quem

452 1642 612 1682 senex
681 1638 951 1696 acceperat
1011 1630 1273 1683 haeredem
1328 1630 1392 1682 ad
1448 1628 1737 1695 iussionem
1798 1630 2001 1681 Domini

454 1718 629 1771 statim
685 1720 838 1771 morti
893 1720 1019 1773 dare
1070 1736 1172 1772 non
1229 1719 1481 1772 distulit?
1539 1720 1718 1785 Itaqite
1769 1716 2004 1783 congruit

456 1810 574 1861 huic
613 1809 749 1862 beati
796 1809 971 1864 Jacobi
1023 1812 1299 1863 sententiae
1337 1808 1476 1876 quod
1507 1808 1698 1861 Paulus
1728 1809 1800 1860 ait
1832 1825 1841 1858 :
1874 1806 2003 1858 Fide

2108 637 2260 691 ﬁdem
2311 638 2452 692 illius
2495 655 2594 707 qua
2636 639 2947 706 justiﬁcatus
2991 650 3070 694 est
3114 640 3390 707 sciremus,
3436 645 3665 697 tentavit

2105 742 2225 780 eum
2258 728 2397 784 Deus
2421 731 2613 798 jubens
2648 731 2837 785 oﬁ'erre
2869 731 3057 797 ﬁlium,
3090 742 3134 785 et
3163 750 3223 786 ea:
3261 736 3496 804 aperibus
3524 737 3655 805 ﬁdes

2109 832 2453 874 consummata
2486 832 2576 886 est,
2612 822 2662 875 id
2690 832 2788 886 est,
2818 825 2939 892 quia
2967 834 3104 877 esset
3134 824 3184 877 in
3210 826 3369 879 corde
3394 827 3510 894 ejus
3540 843 3665 895 per—

2106 908 2237 963 fecta
2262 926 2479 976 cperum
2511 913 2846 965 exsecutione
2872 914 3145 978 probatum
3174 921 3274 968 est.
3303 914 3411 968 lloc
3440 931 3657 983 quoque

2115 1001 2428 1069 tempore'si
2458 1003 2577 1068 quis
2607 1018 2775 1067 nuper
2805 1003 2867 1055 ad
2908 1003 3059 1056 fidem
3088 1004 3303 1057 veniens
3335 1005 3660 1071 baptismum

2106 1090 2390 1157 acceperit,
2431 1099 2483 1143 et
2512 1105 2809 1159 proponens
2855 1107 2912 1145 se
2958 1102 3067 1146 toto
3104 1094 3267 1147 corde
3320 1095 3411 1148 Dei
3455 1096 3665 1148 servire

2106 1180 2384 1244 przeceptis
2407 1216 2422 1241 ,
2454 1192 2578 1230 mox
2611 1179 2677 1232 de
2707 1180 2802 1232 hac
2831 1181 2948 1234 luce
2977 1182 3299 1248 migraverit,
3337 1164 3664 1249 justi-ﬁcatus

2107 1268 2287 1336 utique
2337 1283 2427 1335 per
2454 1268 2609 1322 ﬁdem
2641 1269 2753 1323 siue
2784 1271 3031 1338 operibus
3073 1271 3341 1338 migravit,
3371 1272 3491 1338 quia
3526 1282 3668 1325 tem-

2105 1374 2204 1425 pus
2232 1360 2483 1423 operandi
2518 1360 2655 1413 unde
2709 1360 2863 1413 ﬁdem
2910 1361 3193 1427 probaret,
3237 1360 3354 1427 ipso
3401 1361 3453 1412 in
3498 1376 3665 1425 quem

2104 1447 2324 1499 credidit
2354 1448 2462 1501 Deo
2490 1448 2802 1515 disponente
2829 1464 2931 1501 non
2957 1450 3154 1501 habuit.
3183 1449 3245 1501 At
3278 1451 3362 1515 qui
3396 1449 3668 1516 perceptis

2106 1534 2229 1587 ﬁdei
2275 1535 2622 1588 sacramentis
2672 1536 2826 1603 longo
2871 1536 3215 1603 supervivunt
3260 1546 3514 1604 tempore,
3562 1551 3668 1590 nec

2107 1623 2260 1676 bonis
2290 1622 2533 1677 insistere
2555 1631 2742 1677 curant
2770 1624 3038 1691 operibus,
3069 1625 3151 1677 bis
3180 1626 3550 1679 inculcandum
3578 1634 3671 1678 est

2106 1710 2243 1776 quod
2285 1711 2470 1765 beatus
2498 1711 2731 1765 Iacobus
2762 1713 3026 1780 proposito
3067 1715 3307 1780 exemplo
3338 1714 3458 1768 ﬁdei
3496 1714 3666 1767 simul

2104 1814 2157 1857 et
2188 1817 2407 1870 operum
2440 1803 2692 1868 Abrahae,
2725 1818 2844 1856 mox
2876 1803 3107 1856 subdidit
3130 1804 3349 1857 dicens:
3636 1796 3662 1803 ’

451 1901 627 1953 obtulit
654 1900 901 1971 Abraham
929 1899 1076 1953 Isaac
1110 1899 1273 1966 ﬁlium
1308 1914 1451 1950 suum
1480 1912 1590 1948 cum
1624 1905 1921 1959 tentaretur,
1951 1904 1999 1948 et
2036 1868 2076 1925 Β
2180 1890 2372 1944 Videtis
2414 1894 2649 1961 quoniam
2689 1910 2753 1946 ea:
2798 1894 3025 1962 operibus
3063 1893 3368 1961 justi/iretur
3408 1894 3580 1957 homo,
3620 1904 3681 1946 ει

453 1989 763 2056 unigenitum
790 1988 1025 2054 offerebat
1053 2004 1194 2053 quem
1223 1997 1508 2054 susceperat
1540 2001 1625 2052 per
1647 1986 1992 2048 repromissio-

458 2092 591 2141 nem,
616 2077 680 2127 ad
711 2092 855 2139 quem
881 2078 1062 2128 dictum
1091 2086 1189 2138 est,
1218 2078 1336 2144 quia
1372 2077 1423 2126 in
1459 2074 1604 2127 Isaac
1630 2074 1882 2125 vocabitur
1907 2074 1996 2124 tibi

452 2178 650 2227 semen,
696 2163 943 2215 arbitrans
973 2164 1087 2230 quia
1116 2172 1159 2215 et
1192 2172 1414 2213 mortuos
1454 2162 1692 2214 suscitare
1726 2171 1899 2230 potens
1924 2169 1999 2213 est

456 2253 592 2308 Deus
622 2253 804 2324 (Hebr.
855 2268 904 2305 xi
925 2254 963 2321 ).
995 2253 1049 2307 Si
1081 2253 1287 2320 quidem
1321 2255 1370 2305 in
1404 2267 1507 2305 uno
1532 2252 1825 2318 eodemque
1856 2252 1995 2305 facto

453 2345 594 2400 beati
615 2344 878 2399 Abraham
900 2344 1123 2397 Jacobus
1152 2359 1367 2413 operum
1388 2344 1500 2410 ejus
1535 2344 1996 2411 magniﬁcentiam,

458 2434 648 2489 Paulus
684 2435 798 2489 ﬁdei
829 2436 1172 2489 constantiam
1204 2433 1450 2486 laudavit.
1484 2432 1587 2486 Nec
1620 2440 1793 2485 tamen
1825 2431 1998 2499 dispa-

459 2538 571 2576 rem
623 2524 989 2591 diversamque
1034 2523 1227 2576 J.tcobo
1274 2521 1486 2588 protulit
1542 2521 1733 2575 Paulus
1787 2527 1999 2573 senten-

454 2610 600 2665 tiam.
628 2611 874 2665 Sciebant
904 2628 1127 2679 namque
1169 2612 1325 2665 ambo
1356 2612 1478 2680 quia
1511 2610 1774 2664 Abraham
1813 2619 1866 2662 et
1896 2607 1999 2661 ﬁde

452 2709 509 2754 et
554 2702 797 2769 operibus
825 2712 937 2755 erat
985 2701 1272 2768 perfectus,
1316 2712 1367 2753 et
1406 2700 1524 2753 ideo
1552 2700 1775 2768 quisque
1805 2712 1993 2752 eorum

456 2792 596 2845 illam
628 2793 790 2862 magis
822 2794 870 2845 iu
902 2809 965 2847 eo
1003 2794 1245 2847 virtutem
1272 2790 1592 2861 praedicavit,
1624 2806 1725 2858 qua
1752 2805 1878 2844 suos
1903 2806 2000 2842 au-

455 2883 654 2938 ditores
681 2884 902 2951 amplius
925 2883 1160 2953 indigere
1200 2882 1489 2952 perspexit.
1520 2882 1649 2948 Quia
1680 2882 1822 2933 enim
1854 2878 2001 2933 Jaco-

461 2972 556 3027 bus
586 2973 689 3027 illis
732 2972 992 3025 scribebat
1025 2974 1111 3040 qui
1149 2971 1302 3025 ﬁdem
1345 2972 1459 3024 sine
1502 2970 1746 3036 cperibus
1777 2968 1997 3021 Otiosum

462 3064 725 3126 tenebant,
760 3070 1053 3130 opportune
1084 3062 1208 3115 illud
1237 3062 1453 3131 protulit
1482 3060 1779 3129 exemplum
1812 3059 1864 3113 in
1894 3073 1997 3129 quo

2097 1996 2197 2032 non
2227 1998 2288 2035 ea;
2317 1982 2418 2049 ﬁde
2450 1990 2642 2034 tantum
2664 1983 2686 2033 ?
2708 1982 2855 2047 Quod
2906 1984 2975 2035 ait
3011 1998 3072 2035 ea:
3100 1983 3348 2051 operibus,
3393 1984 3663 2051 signiﬁcat

2099 2088 2162 2126 ex
2217 2073 2467 2140 operibus
2520 2071 2659 2125 ﬁdei.
2707 2072 2836 2137 Quia
2892 2071 3121 2139 perfecta
3173 2087 3331 2140 opera
3380 2074 3492 2126 sine
3549 2073 3661 2125 ﬁde

2101 2164 2277 2218 nullus
2331 2163 2526 2215 habere
2582 2170 2777 2230 potest,
2836 2162 2991 2216 ﬁdem
3055 2177 3182 2216 vero
3238 2162 3352 2217 sine
3405 2164 3664 2229 operibus

2098 2254 2272 2317 multi,
2311 2254 2355 2307 si
2389 2254 2490 2307 illis
2522 2254 2776 2321 operandi
2821 2263 3025 2319 tempus
3058 2270 3160 2306 non
3193 2255 3346 2306 adsit.
3379 2254 3452 2305 De
3482 2254 3661 2320 quali-

2100 2342 2196 2395 bus
2222 2343 2416 2394 dictum
2448 2350 2529 2395 est
2558 2359 2568 2393 :
2603 2340 2795 2409 Raptus
2818 2349 2911 2407 est,
2942 2357 3005 2394 ne
3035 2340 3228 2393 malitia
3259 2350 3473 2393 mutaret
3501 2342 3661 2393 intel-

2099 2437 2278 2488 lectum
2298 2434 2457 2498 illius,
2474 2442 2560 2484 aut
2583 2432 2719 2497 ﬁctio
2740 2431 2985 2495 deciperet
3008 2432 3225 2481 animam
3247 2431 3356 2498 ejus
3376 2430 3525 2499 (Sap.
3555 2430 3656 2498 tv).

2171 2521 2418 2576 Similiter
2437 2529 2486 2573 et
2526 2520 2669 2570 Raab
2693 2521 2926 2571 meretrix
2957 2536 3125 2571 nonne
3149 2534 3209 2570 ea:
3246 2518 3473 2585 operibus
3494 2521 3657 2587 justi.

2098 2611 2249 2678 ﬁcata
2271 2618 2362 2673 est,
2393 2608 2668 2673 suscipiens
2697 2608 2896 2660 nuntios
2919 2621 2966 2660 et
2996 2607 3100 2658 alia
3129 2608 3206 2658 via
3226 2607 3427 2676 ejiciens
3449 2607 3472 2659 7
3494 2606 3567 2659 Ne
3595 2620 3657 2659 se

2100 2708 2447 2753 causarentur
2473 2712 2637 2765 opera
2669 2697 2794 2750 tanti
2841 2697 3002 2764 patris
3046 2696 3270 2765 Abrahae
3310 2695 3505 2747 imitari
3542 2710 3655 2747 non

2100 2790 2294 2852 valere,
2348 2788 2638 2856 praesertim
2693 2801 2809 2839 cum
2866 2786 3037 2839 nullus
3085 2799 3176 2839 eos
3226 2785 3380 2836 modo
3427 2792 3650 2852 cogeret

2102 2878 2215 2932 Deo
2246 2876 2383 2931 ﬁlios
2413 2876 2604 2931 offerre
2642 2876 2999 2944 perimendos,
3034 2875 3122 2927 sed
3172 2874 3271 2926 hoc
3312 2874 3491 2939 potius
3540 2873 3659 2937 ipse

2103 2985 2197 3038 per
2230 2968 2532 3035 Scripturas
2577 2943 2715 3020 Deus
2758 2943 2869 3019 ﬁeri
2914 2965 3212 3032 prohibeat,
3260 2960 3407 3014 addit
3447 2969 3502 3013 et
3540 2974 3659 3011 mu-

2106 3063 2253 3117 lieris
2292 3062 2590 3116 criminosa:
2613 3099 2627 3122 ,
2680 3058 2913 3112 mulieris
2961 3055 3294 3123 alienigenae,
3325 3067 3441 3118 quae
3476 3062 3656 3105 tamen

452 3150 536 3204 ilia
568 3152 822 3220 praecipua
866 3151 991 3206 ﬁdes
1038 3153 1279 3217 Abrahae,
1308 3167 1423 3221 qua:
1464 3159 1515 3205 et
1556 3151 1701 3217 prius
1728 3150 1995 3217 Scriptura
2028 3181 2071 3241 Ε
2106 3169 2197 3221 per
2226 3166 2387 3219 opera
2417 3148 2828 3211 misericordiae,
2859 3161 2951 3214 per
2980 3144 3209 3241 ofﬁcium
3239 3140 3612 3208 hospitalitatis
3638 3180 3655 3205 ,

458 3250 591 3296 teste
612 3241 816 3295 laudata
845 3249 954 3305 est,
982 3249 1293 3309 appareret,
1327 3255 1442 3309 quae
1475 3254 1577 3292 non
1609 3239 1776 3292 otiosa
1806 3237 1924 3307 ejus
1948 3236 1997 3290 in

461 3331 618 3385 corde
649 3332 929 3399 torpuisset
953 3372 966 3395 ,
997 3332 1086 3385 sed
1118 3332 1181 3384 ad
1213 3330 1560 3384 obediendum
1603 3329 1793 3383 divinis
1837 3330 2004 3395 impe-

459 3420 551 3473 riis
579 3419 687 3487 jam
732 3421 940 3487 probata
982 3419 1270 3487 ﬂagrasset.
1314 3419 1439 3484 Quia
1471 3432 1597 3471 vero
1644 3416 1839 3469 Paulus
1885 3417 2005 3469 illos

460 3508 766 3561 instituebat
813 3508 900 3576 qui
930 3509 1043 3562 sine
1074 3508 1240 3577 gratia
1274 3508 1393 3561 ﬁdei
1437 3508 1503 3560 de
1549 3508 1655 3559 suis
1697 3522 1754 3561 se
1783 3506 2003 3560 extolleo

456 3594 583 3649 bant
609 3596 873 3663 operibus,
898 3597 1130 3650 ostendit
1158 3596 1278 3663 quia
1311 3597 1425 3651 sine
1449 3597 1551 3651 ﬁde
1572 3596 1899 3665 impossibile
1923 3604 2005 3649 est

460 3686 667 3753 placere
711 3686 818 3741 Deo
859 3686 1071 3757 (Ibid),
1104 3696 1262 3755 atque
1291 3688 1353 3743 ad
1396 3688 1810 3757 redarguendam
1836 3688 2005 3740 corri-

457 3776 784 3847 gendamque
835 3792 1014 3832 eorum
1065 3780 1434 3843 temeritatem,
1484 3778 1718 3832 collectis
1770 3777 2003 3830 omnium

462 3868 877 3934 patriarcharum
941 3870 1238 3936 exemplis,
1292 3868 1568 3922 manifeste
1623 3870 1833 3922 edocuit
1886 3868 2005 3935 quia

461 3968 646 4009 omnes
696 3958 994 4010 testimonio
1037 3957 1156 4012 ﬁdei
1189 3958 1394 4024 probati
1422 3967 1563 4011 sunt.
1601 3956 1748 4013 Unde
1787 3965 1841 4011 et
1887 3972 2007 4025 spe-

464 4042 666 4097 cialiter
688 4042 755 4098 d‘e
792 4043 1055 4099 Abraham
1098 4044 1273 4099 intulit
1312 4044 1432 4114 quia
1474 4046 1576 4099 ﬁde
1601 4045 1811 4099 oﬁ‘erret
1841 4045 2004 4109 Isaac,

462 4134 713 4187 arbitrans
744 4134 957 4203 (inquit)
991 4136 1107 4202 quia
1147 4146 1191 4188 et
1220 4146 1439 4188 mortuos
1468 4136 1706 4188 suscitare
1732 4148 1907 4201 potens
1938 4143 2009 4187 est

465 4222 603 4277 Deus
638 4222 843 4293 (Ibid.).
877 4225 1158 4294 Coujuuxit
1189 4240 1313 4295 ergo
1340 4240 1469 4294 opus
1501 4225 1644 4289 ﬁdei,
1677 4226 1766 4293 qui
1798 4225 1914 4278 ideo
1948 4224 2010 4277 ﬁ-

466 4315 593 4367 lium
639 4330 758 4368 mox
805 4314 994 4369 offerre
1028 4317 1207 4378 voluit,
1236 4314 1354 4379 quia
1396 4314 1557 4366 Deum
1591 4314 1729 4366 hunc
1759 4314 2008 4366 continuo

468 4404 899 4457 resuscitaturum
925 4418 1045 4456 esse
1068 4404 1334 4457 credebat.
1370 4403 1491 4456 ideo
1518 4411 1691 4456 autem
1723 4404 1861 4457 hunc
1893 4411 2011 4470 post

2109 3241 2263 3293 etiam
2294 3254 2412 3292 cum
2438 3236 2671 3306 periculo
2696 3235 2814 3288 vita:
2845 3248 2952 3287 sua:
2982 3231 3074 3285 Dei
3106 3230 3313 3283 famulis
3336 3230 3655 3290 exhibitum,

2101 3330 2382 3401 justiﬁcari
2416 3345 2443 3381 a
2489 3328 2716 3397 peccatis
2750 3328 2956 3389 meruit,
2994 3324 3264 3380 Israelitici
3298 3327 3473 3391 pepuli
3523 3324 3655 3377 civis

2106 3422 2328 3486 ascribi,
2363 3421 2558 3487 regalis
2586 3433 2767 3471 eorum
2817 3418 3073 3484 prosapia!
3119 3417 3355 3483 catalogo
3387 3430 3652 3468 annume-

2108 3513 2235 3574 rari,
2263 3510 2427 3578 ipsius
2457 3507 2668 3561 Domini
2698 3522 2757 3560 ac
2784 3505 3075 3559 Salvatoris
3104 3506 3267 3557 nostri
3302 3502 3658 3571 generationi-

2107 3602 2202 3653 bus
2226 3616 2341 3667 qua:
2373 3613 2401 3651 a
2432 3597 2855 3667 patriarcharum
2904 3595 3047 3647 fonte
3092 3595 3421 3647 descendunt
3469 3594 3654 3655 inseri,

2105 3691 2170 3742 ab
2200 3688 2411 3743 excidio
2440 3687 2622 3752 patriae
2662 3684 2955 3752 pereuntis,
2989 3684 3138 3748 cujus
3173 3682 3448 3747 perﬁdiam
3492 3682 3660 3731 dese-

2105 3779 2231 3840 ruit,
2261 3776 2393 3829 erui.
2423 3773 2514 3827 H-.s
2564 3776 2721 3841 igitur
2748 3786 3017 3825 conversae
3053 3770 3113 3823 ad
3159 3771 3374 3823 meliora
3418 3771 3657 3823 mulieris

2106 3866 2369 3934 exemplis
2401 3866 2588 3919 suadet
2610 3864 2877 3917 auditores
2908 3878 3031 3915 suos
3062 3862 3243 3928 patriae
3268 3864 3539 3927 pereuntis
3570 3863 3660 3913 in-

2109 3957 2320 4009 troitum
2366 3969 2552 4008 cavere
2579 3995 2593 4016 ,
2626 3964 2678 4007 et
2708 3968 2735 4005 a
2767 3953 2920 4020 cujus
2948 3952 3234 4005 sceleribus
3278 3950 3545 4002 credendo
3578 3966 3662 4002 re-

2117 4054 2408 4104 cesserant,
2440 4044 2506 4096 ab
2536 4045 2632 4097 hac
2661 4046 2819 4095 etiam
2853 4041 3131 4093 fructuosis
3159 4040 3407 4106 operibus
3438 4054 3497 4093 se
3545 4055 3662 4092 me-

2110 4136 2328 4189 minisse
2382 4148 2695 4197 secernere,
2753 4144 3012 4199 quatenus
3062 4142 3363 4185 sanctorum
3422 4132 3657 4183 cmtibus

2110 4225 2367 4292 copulari,
2397 4232 2446 4275 et
2477 4222 2542 4275 ad
2580 4222 2950 4289 Redemptoris
2990 4223 3069 4274 sui
3112 4226 3414 4273 mereantur
3462 4221 3662 4286 pertin-

2112 4328 2235 4380 gere
2283 4313 2630 4366 consortium.
2663 4313 2721 4365 Et
2775 4312 2895 4365 illos
2934 4326 3060 4379 ergo
3110 4311 3347 4363 hortatur
3385 4311 3661 4376 suscipere

2117 4406 2327 4458 nuntios
2383 4404 2547 4467 Jesu,
2610 4404 2708 4455 hoc
2761 4402 3130 4470 prtedicatores
3185 4402 3327 4454 verbi
3385 4399 3663 4466 Evangelii
3756 4418 3763 4423 ·

472 4501 693 4547 mortem
740 4512 771 4547 a
816 4495 921 4547 Deo
966 4492 1383 4547 resuscitandum
1430 4507 1548 4547 esse
1591 4492 1859 4556 credebat,
1890 4490 2008 4558 quia
2036 4497 2088 4556 ι)
2116 4503 2386 4564 gratanter
2416 4492 2619 4545 audire.
2668 4490 2736 4541 Et
2782 4506 2897 4541 cum
2950 4491 3042 4543 hos
3078 4504 3105 4541 a
3136 4490 3523 4543 contribulibus
3553 4487 3666 4541 suis

472 4600 651 4637 verum
683 4599 801 4641 esse
847 4584 1094 4639 credebat
1138 4587 1275 4653 quod
1324 4584 1579 4647 audierat,
1608 4583 1726 4652 quia
1775 4582 1826 4635 in
1872 4583 2015 4636 Isaac

473 4674 747 4729 vocabitur
774 4675 866 4728 tibi
908 4689 1110 4728 semen.
1143 4675 1309 4738 Quam
1358 4669 1779 4741 conjunctionem
1824 4673 2016 4723 utrius-

475 4780 577 4833 que
625 4766 830 4818 virtutis
880 4768 1062 4818 beatus
1113 4779 1320 4833 quoque
1368 4761 1594 4816 Jacobus
1638 4761 2019 4827 subsequenter

473 4856 689 4923 exponit
736 4854 914 4908 dicens
954 4852 1149 4907 :Vides
1194 4855 1433 4923 quoniam
1488 4853 1612 4919 ﬁdes
1658 4850 2017 4919 conparabatur

477 4944 707 5005 aperibus
756 4944 913 5004 illius,
953 4953 999 4995 et
1038 4959 1097 4995 ea:
1142 4944 1369 5011 aperibus
1420 4944 1542 5007 ﬁdes
1589 4951 1782 4993 servata
1829 4948 1921 5002 est,
1976 4949 2021 4992 et

478 5030 705 5099 suppleta
735 5038 804 5082 est
830 5029 1093 5098 Scriptura
1122 5032 1287 5083 dicens
1321 5045 1338 5082 :
1365 5029 1585 5082 Credidit
1615 5028 1865 5102 Abraham
1890 5028 2014 5091 Deo,

482 5130 527 5173 et
554 5129 837 5189 reputatum
865 5130 933 5171 est
959 5120 1033 5172 illi
1077 5120 1143 5172 ad
1179 5120 1447 5189 justitiam,
1480 5126 1527 5171 et
1572 5120 1763 5169 amicus
1798 5118 1889 5169 Dei
1930 5135 2021 5185 ap-

485 5212 697 5278 pellatus
723 5221 811 5264 est.
845 5210 917 5263 De
965 5211 1062 5263 hoc
1093 5211 1389 5263 testimonio
1427 5208 1621 5261 Paulus
1653 5209 1717 5260 ad
1758 5207 2023 5261 Romanos

486 5297 786 5353 firmissime
835 5299 1123 5359 disseruit,
1171 5296 1447 5349 manifeste
1488 5297 1683 5348 docens
1713 5297 1829 5361 quia
1882 5305 2023 5348 tanta

484 5393 568 5440 est
597 5387 759 5439 virtus
792 5389 930 5451 ﬁdei,
965 5398 1018 5439 ut
1066 5386 1243 5440 statim
1292 5384 1555 5452 perceptis
1601 5384 1715 5447 ejus
1762 5384 2027 5451 mysteriis

485 5477 676 5545 justum
719 5478 783 5530 de
814 5478 971 5545 impio
1003 5476 1171 5529 facere
1213 5474 1375 5542 possit
1404 5474 1689 5526 hominem.
1722 5472 1851 5535 Quia
1881 5475 2023 5527 enim

490 5572 749 5625 Abraham
779 5580 917 5624 tanta
949 5577 1001 5622 et
1032 5577 1132 5620 tam
1166 5568 1391 5620 ferventi
1441 5566 1544 5619 ﬁde
1568 5565 1789 5618 credidit
1817 5564 1945 5618 Deo.
1973 5574 2031 5617 ut

493 5674 762 5729 promptus
792 5669 933 5715 esset
960 5658 1137 5712 animo
1165 5656 1228 5709 ad
1266 5659 1460 5725 agenda
1508 5655 1679 5708 omnia
1726 5670 1841 5717 mue
1895 5656 2027 5705 υνυς

488 5753 731 5821 juberet,
780 5748 962 5804 merito
1008 5747 1137 5803 ﬁdes
1184 5745 1293 5815 ejus
1333 5760 1360 5799 a
1395 5745 1519 5807 Deo,
1553 5745 1641 5813 qui
1692 5756 1781 5796 cor
1814 5752 2027 5796 noverat

2121 4583 2380 4650 repulsos,
2412 4580 2495 4632 vel
2526 4588 2687 4653 certe
2700 4578 2763 4631 ad
2793 4590 3012 4632 mortem
3042 4578 3285 4645 quaesitos
3308 4590 3428 4629 esse
3462 4590 3666 4642 cogno-

2121 4675 2320 4736 verint,
2357 4678 2414 4723 ut
2460 4684 2601 4736 stupe
2644 4669 2833 4722 factum
2880 4671 3043 4723 Actus
3071 4683 3250 4722 eorum
3282 4667 3531 4729 edocent,
3563 4666 3665 4732 ipsi

2118 4770 2318 4823 contra,
2351 4768 2567 4825 accepto
2603 4758 2669 4811 ab
2707 4759 2787 4810 eis
2815 4756 3036 4809 consilio
3077 4755 3259 4808 salutis
3293 4768 3426 4807 suae.
3460 4754 3523 4805 ad
3564 4753 3674 4806 Do—

2121 4851 2317 4901 minum
2348 4849 2528 4901 Jesum
2558 4863 2648 4900 eos
2677 4848 2727 4899 in
2760 4859 2887 4913 pace
2926 4847 3218 4898 remittant.
3252 4843 3400 4910 Quod
3434 4845 3670 4895 homn-

2122 4939 2277 4991 bilem
2318 4938 2580 5003 quondam
2617 4936 2875 4989 universae
2907 4936 3046 5004 plebi
3075 4934 3397 4994 Judaaorum,
3430 4940 3484 4983 et
3526 4944 3671 4984 nunc

2122 5027 2287 5094 magis
2314 5026 2670 5079 honorandum
2696 5027 2833 5077 omni
2866 5025 3109 5078 Ecclesia:
3132 5023 3345 5075 Christi.
3378 5037 3471 5082 per
3499 5034 3664 5074 reve-

2124 5119 2371 5171 lationem
2416 5120 2759 5183 reliquiarum
2804 5115 3202 5183 protomartyris
3241 5114 3491 5179 Stephani
3532 5112 3673 5164 ede-

2125 5220 2287 5273 Ctum,
2320 5207 2456 5259 beati
2490 5207 2630 5259 Pauli
2657 5205 2879 5274 apostoli
2905 5206 3210 5272 magistrum
3239 5202 3579 5256 Gamalielem
3605 5200 3664 5257 in

2123 5296 2465 5365 Jerosolymis
2517 5296 2701 5349 fecisse
2748 5292 2995 5360 praelatus
3040 5298 3264 5347 Actuum
3307 5294 3674 5356 apostolorum

2127 5386 2256 5441 liber
2285 5387 2538 5450 insinuat,
2565 5385 2789 5450 quando,
2815 5382 3130 5451 disponente
3151 5391 3334 5436 senatu
3362 5381 3678 5437 Judreorutn

2127 5476 2393 5543 apostolos
2416 5474 2735 5534 interﬁcere,
2760 5474 2867 5539 ipse
2888 5476 3210 5542 sapietttiere
3236 5474 3455 5526 consitio
3481 5487 3677 5525 eorum

2129 5566 2390 5623 molimina
2439 5565 2731 5630 evacuavit,
2764 5574 3074 5632 ereptasque
3122 5562 3187 5616 de
3238 5562 3441 5615 insidiis
3485 5578 3681 5615 eorum

2128 5655 2393 5722 apostolos
2434 5655 2496 5705 ad
2537 5654 3009 5727 evangelizandum
3059 5652 3241 5709 Jesum
3288 5651 3487 5705 remisit
3529 5652 3687 5705 inco-

2130 5744 2315 5797 ltttnes.
