3860 6230
139 497 210 555 23
701 490 932 547 EXPOS.
971 485 1120 544 SUP.
1165 482 1537 540 EPISTOLAS
1578 470 1869 534 C.\TIIOL.
1910 504 1975 515 —
2020 476 2079 529 D.
2118 470 2345 528 JACOBI
2387 468 2735 526 EPISTOLA.
3264 464 3331 515 26

749 606 964 661 CAPUT
1006 604 1091 657 Ill.

216 699 391 756 Nolite
435 701 600 768 plures
643 700 869 767 magistri
918 698 1048 763 ﬁeri,
1082 696 1263 763 fratres
1312 692 1425 743 mei.
1473 689 1686 742 Multum

148 786 309 843 fuisse
339 791 497 843 studii
546 787 878 842 credentibus
926 795 1164 852 tempore
1205 782 1601 851 apostolorum,
1635 786 1688 830 ut

156 879 372 932 verbum
408 879 563 930 latius
594 884 961 945 prOpagarent,
1012 877 1170 927 Actus
1215 888 1393 927 eorum
1441 871 1687 932 edocent,

154 970 221 1020 ita
254 975 311 1019 ut
338 969 527 1032 Apollo
556 967 632 1019 vir
664 968 713 1019 in
762 967 1048 1033 Scripturis
1092 964 1430 1017 doctissimus
1452 958 1477 1024 ,'
1518 963 1689 1012 sciens

153 1064 353 1107 tantum
378 1054 634 1119 baptisma
658 1052 893 1114 Joannis,
927 1052 1234 1104 flducialiter
1256 1051 1524 1103 Chrismm
1560 1064 1689 1113 pra:-

151 1142 370 1194 dicaret.
405 1141 504 1206 Qui
529 1151 700 1194 tamen
722 1141 843 1208 quia
873 1142 1084 1207 sapiens
1112 1149 1245 1205 erat,
1278 1155 1395 1193 mox
1427 1148 1477 1190 ut
1505 1139 1690 1190 doctor

150 1230 356 1293 adfuit,
394 1230 637 1284 facillime
677 1232 813 1299 quod
852 1231 1018 1284 minus
1063 1232 1309 1285 habuerat
1354 1231 1686 1297 adimplevit,

150 1329 308 1386 atque
353 1321 421 1373 ad
468 1322 785 1386 praedicandi
826 1321 1055 1395 officium
1085 1322 1188 1387 jam
1222 1320 1481 1387 perfectus
1515 1321 1686 1372 rediit.

152 1409 251 1461 Alii
290 1410 494 1476 majore
536 1411 788 1476 imperitia
819 1410 1145 1464 discedentes
1174 1409 1239 1463 de
1277 1409 1454 1463 Judma
1498 1408 1681 1461 Antio-

152 1499 348 1563 chiam,
382 1496 640 1553 docebant
685 1500 962 1555 credentes
1001 1517 1063 1554 ex
1110 1502 1351 1569 gentibus
1403 1502 1544 1567 quia,
1587 1500 1686 1552 nisi

152 1590 657 1642 circumciderentur
682 1591 968 1642 secundum
1000 1591 1164 1657 legem
1196 1591 1381 1658 Moysi,
1406 1590 1532 1641 salvi
1575 1592 1691 1641 esse

153 1692 254 1730 non
308 1688 563 1744 possent,
616 1693 713 1733 nec
770 1694 988 1746 parvum
1045 1679 1203 1734 castis
1255 1678 1690 1746 prmdicatoribus

151 1768 458 1835 quaestionis
491 1767 719 1820 laborem
748 1766 1101 1820 contulerunt.
1137 1766 1242 1820 Hos
1271 1781 1397 1835 ergo
1426 1773 1481 1819 et
1512 1765 1680 1831 hujus~

156 1857 294 1909 modi
325 1858 566 1911 doctores
594 1860 775 1911 beatus
794 1857 1021 1913 Jacobus
1048 1859 1114 1911 ab
1136 1858 1307 1911 officio
1338 1856 1485 1910 verbi
1520 1870 1690 1909 remo-

1716 592 1764 645 Α
1792 604 1886 640 ηοιι
1907 588 2131 653 offendit,
2158 590 2237 638 hic
2261 585 2511 653 perfectus
2535 592 2607 636 est
2640 584 2735 644 vir,
2780 581 2871 634 illo
2898 578 3136 635 videlicet
3165 580 3329 633 verbo

1790 678 1938 746 cujus
1979 677 2319 731 oHensiouem
2361 675 2585 727 humana
2632 674 2796 726 vitare
2840 682 3013 740 potest
3055 670 3331 740 fragilitas,

1790 775 1847 819 ut
1885 776 1966 819 est
2026 766 2238 818 vt-rbum
2296 764 2421 827 doli,
2473 762 2847 827 detractionis,
2908 760 3331 824 maledictiouis,

1789 856 2071 923 superbiae,
2096 855 2384 923 iactantiae,
2414 854 2765 908 excusationis
2796 853 2847 907 in
2879 851 3133 921 peccatis,
3174 865 3337 904 mniu-

1795 944 2040 1007 latiouis,
2086 944 2451 1006 dissensionis,
2496 943 2733 1007 heresis,
2778 941 3055 1005 mendacii,
3098 941 3331 1008 periurii,

1792 1036 1882 1089 sed
1912 1044 1964 1090 et
1991 1037 2207 1101 otiosa,
2267 1052 2362 1090 nec
2410 1050 2510 1089 non
2554 1036 2713 1088 etiam
2746 1033 3026 1102 superfluas
3056 1032 3334 1087 locutionis

1794 1126 1846 1179 in
1903 1126 1983 1179 his
2020 1142 2136 1193 qua:
2181 1124 2480 1181 necessaria
2524 1124 2788 1179 videntur.
2838 1123 2893 1176 In
2946 1137 3049 1190 quo
3092 1123 3335 1176 nimirum

1793 1214 1955 1267 verbo
1980 1215 2218 1282 quisquis
2242 1229 2299 1268 se
2330 1215 2445 1267 sine
2479 1213 2770 1266 offensione
2814 1210 3073 1275 custodit,
3106 1210 3189 1263 hic
3229 1227 3337 1277 per-

1792 1306 1955 1358 fectus
1979 1316 2058 1359 est
2088 1306 2194 1359 vir.
2227 1306 2325 1368 Qui
2353 1305 2483 1356 enim
2520 1304 2738 1356 custodit
2768 1318 2821 1355 os
2859 1317 3001 1354 suum
3025 1311 3089 1352 et.
3114 1301 3336 1367 linguam

1793 1412 1955 1459 suam,
1989 1398 2205 1448 custodit
2224 1395 2284 1448 ab
2310 1396 2555 1463 angustiis
2580 1395 2798 1446 animam
2820 1408 2959 1445 suam
2984 1390 3161 1455 (Prov.
3194 1389 3331 1455 ut).

1865 1485 2036 1538 Potest
2058 1486 2206 1537 etiam
2234 1486 2374 1553 freno
2395 1485 2767 1537 circumducere
2796 1490 2952 1534 totum
2976 1496 3173 1549 corpus.
3201 1480 3333 1533 Pen-

1794 1578 1885 1632 det
1929 1577 2013 1629 hic
2051 1591 2234 1630 versus
2272 1592 2299 1628 a
2328 1575 2602 1641 superiori.
2648 1574 2707 1628 Si
2743 1574 2874 1642 quis,
2906 1573 3089 1639 inquit,
3118 1572 3168 1623 in
3194 1571 3338 1623 verba

1794 1684 1892 1721 non
1919 1667 2150 1732 oﬂendit,
2175 1668 2255 1718 hic
2287 1671 2531 1733 perfectus
2560 1674 2632 1717 est
2658 1665 2749 1727 vir,
2788 1672 2844 1717 et
2871 1662 2954 1716 hic
2984 1672 3153 1728 potest
3175 1661 3333 1715 etiam

1795 1756 1946 1810 freno
1969 1755 2359 1807 circumduci-re
2400 1761 2565 1805 totum
2600 1765 2810 1818 corpus.
2855 1750 3002 1817 Quod
3031 1758 3111 1803 est
3151 1760 3334 1817 aperte

1799 1847 1975 1900 dicere
2008 1863 2020 1897 :
2050 1844 2105 1899 Si
2135 1844 2250 1912 quis
2276 1843 2474 1910 lapsum
2503 1843 2711 1909 lingua,
2745 1841 2832 1908 qui
2863 1856 2995 1907 pene
3024 1839 3339 1894 inevitabilis

154 1956 257 2010 vet,
287 1961 357 2000 ne
390 1947 815 2013 impedimentum
848 1946 929 2000 his
955 1948 1041 2013 qui
1072 1946 1199 1999 illud
1227 1946 1325 1998 rite
1355 1944 1572 2012 implere
1600 1958 1692 2012 ρο-
1729 1914 1770 1969 Β
1796 1942 2088 1999 est,cavet,
2115 1933 2200 1985 hic
2223 1931 2605 1985 consuetudine
2625 1930 2724 1983 fisa
2747 1930 2978 1998 ejusdem
3002 1929 3339 1983 continentite

154 2047 323 2091 terant
354 2038 615 2091 facerent.
1508 2078 1515 2083 _

219 2126 449 2181 Scientes
486 2128 720 2195 quoniam
771 2129 933 2195 majus
973 2126 1230 2194 judicium
1271 2124 1508 2177 sumitis?
1548 2122 1694 2174 Sicut

152 2218 287 2267 enim
334 2216 380 2268 is
422 2217 509 2285 qui
543 2217 673 2270 bene
708 2217 1084 2269 ministraverit
1113 2215 1328 2283 gradum
1370 2214 1563 2265 bonum
1594 2212 1691 2264 sibi

154 2305 419 2371 acquirit,
490 2305 559 2358 ita
608 2305 694 2373 qui
750 2304 976 2359 officium
1031 2304 1251 2357 docendi
1302 2302 1401 2357 sibi
1452 2302 1694 2355 indoctus

154 2410 405 2460 usurpare
435 2398 730 2458 tentaverit,
761 2397 852 2464 qui
896 2396 1166 2451 Christum
1205 2410 1308 2447 non
1357 2395 1560 2447 sincere
1598 2407 1693 2445 au-

154 2482 355 2534 nuntiat
378 2504 413 2547 ,-
456 2484 623 2550 majus
678 2484 930 2552 judicium
991 2482 1343 2536 damnationis
1399 2488 1692 2536 mereretur

152 2583 303 2636 quam
336 2570 379 2621 si
411 2569 551 2623 solus
582 2570 634 2622 in
666 2585 759 2625 suo
785 2566 983 2625 scelere
1012 2572 1222 2639 periret.

218 2657 280 2709 In
308 2660 480 2712 multis
518 2662 645 2712 enim
673 2660 973 2727 oﬂ‘endimus
999 2677 1187 2714 omnes.
1223 2661 1336 2713 Non
1367 2661 1498 2713 dixit
1527 2659 1687 2724 o/fen-

155 2746 288 2807 ditis,
320 2761 443 2813 cum
475 2749 590 2801 illos
616 2762 853 2817 argueret
883 2765 1014 2818 quos
1059 2760 1112 2803 et
1151 2751 1377 2803 scientia
1410 2760 1463 2803 et
1501 2764 1689 2818 opera.

156 2834 291 2887 tione
332 2834 508 2888 minus
554 2836 809 2903 perfectos
840 2839 1079 2904 videbat,
1112 2839 1345 2907 talesque
1383 2854 1411 2892 a
1439 2839 1689 2893 cathedra

156 2926 440 2993 magisterii
488 2927 794 2993 deponeret,
850 2929 1039 2982 timens
1084 2945 1149 2985 ne
1197 2932 1277 2983 vel
1326 2945 1416 2999 per
1456 2945 1691 2983 errorem

158 3016 486 3079 praedicando
532 3020 775 3083 parvulos
830 3019 1126 3085 laederent,
1182 3030 1338 3088 atque
1392 3021 1457 3073 ab
1513 3018 1692 3073 audiiu

156 3102 421 3158 doctorum
473 3107 885 3174 prmoccupando
928 3122 1109 3162 eorum
1159 3122 1315 3163 aures
1359 3116 1687 3172 averterent;

156 3195 228 3246 vel
252 3204 396 3249 certe
421 3211 481 3248 ea
505 3212 619 3263 quae
642 3206 781 3252 recte
806 3198 1147 3266 praedicarent
1169 3214 1271 3253 non
1295 3207 1451 3251 rectae
1472 3199 1690 3252 actionis
1717 3222 1767 3284 α

159 3284 305 3338 sorde
349 3284 631 3348 foedarent,
656 3302 715 3340 ac
743 3302 834 3355 per
862 3288 960 3341 hoc
990 3289 1127 3341 viam
1157 3288 1478 3355 evangelicze
1525 3288 1694 3352 perfe-

161 3373 340 3427 ctionis
385 3375 596 3428 sinistra
637 3376 883 3444 opinione
926 3376 1226 3442 fuscarent;
1258 3378 1345 3430 sed
1372 3377 1694 3442 oﬁ'endinus,

162 3461 341 3530 inquit,
388 3480 503 3516 eum
536 3481 706 3518 sumus
745 3466 963 3531 Christi;
996 3468 1071 3520 sic
1118 3467 1345 3536 loquitur
1394 3468 1694 3535 Apostolus.

170 3549 229 3603 Et
271 3554 523 3615 praemisit
560 3553 611 3604 in
659 3555 851 3619 multis,
900 3555 1168 3622 subjunxit
1217 3574 1408 3619 omnes,
1457 3566 1513 3610 ut
1555 3566 1699 3609 tanto

164 3639 359 3693 cautius
378 3654 439 3693 se
467 3641 756 3708 imperfecti
787 3644 978 3712 quique
1007 3645 1057 3696 in
1084 3647 1286 3712 agendo
1321 3646 1403 3699 vel
1437 3647 1698 3713 loquendo

163 3730 641 3801 circumspicerent,
674 3745 868 3801 quanto
914 3736 1108 3788 certius
1151 3744 1535 3803 cognoscerent
1579 3738 1696 3803 quia

163 3832 254 3871 nec
306 3820 528 3887 perfecti
580 3821 787 3888 quidem
840 3822 983 3887 boni,
1017 3830 1068 3877 et
1123 3825 1208 3891 qui
1262 3825 1488 3893 Spiritus
1530 3825 1699 3878 sancti

167 3909 319 3975 gratia
352 3910 485 3961 duce
512 3909 782 3973 incedunt,
816 3910 969 3978 hujus
1002 3914 1122 3964 vita:
1153 3914 1287 3965 viam
1319 3914 1512 3980 absque
1534 3913 1701 3967 oti'en-

168 3998 308 4051 sione
354 4000 558 4065 peccati
609 4000 831 4067 alicujus
871 4003 1093 4055 transire
1140 4002 1434 4057 nullatenus
1474 4004 1698 4070 possint,

164 4084 298 4152 juxta
330 4087 467 4153 quod
497 4089 618 4142 alibi
646 4091 895 4157 scriptum
925 4100 1006 4144 est
1044 4110 1053 4143 :
1086 4092 1206 4145 lei
1238 4110 1336 4145 non
1366 4101 1482 4145 sunt
1516 4094 1693 4145 mundi

166 4174 215 4225 in
242 4189 503 4245 conspectu
545 4180 652 4247 ejus
696 4179 854 4243 (Job.
890 4196 952 4233 xv
977 4182 1015 4250 ).
1046 4168 1109 4233 Εἰ
1139 4182 1273 4235 sicut
1302 4182 1550 4236 Salomon
1582 4184 1652 4234 ait
1686 4199 1699 4235 :

171 4260 291 4327 Quia
325 4282 425 4317 non
457 4277 527 4318 est
554 4268 700 4320 homo
717 4270 886 4335 justus
910 4272 962 4323 in
1004 4281 1132 4324 terra
1158 4273 1242 4340 qui
1267 4273 1422 4341 faciat
1448 4274 1627 4325 bonum
1660 4284 1703 4326 et

168 4369 260 4405 non
289 4356 671 4426 peccet‘(Eccle.
702 4361 817 4426 vit).

235 4445 293 4499 Si
330 4450 441 4516 quis
474 4450 525 4500 in
559 4452 700 4503 verba
731 4468 830 4504 non
855 4452 1084 4520 o/fendit,
1110 4453 1189 4506 hic
1229 4455 1477 4520 perfectus
1502 4465 1576 4508 est
1606 4456 1698 4509 vir.

1795 2025 1951 2077 etiam
1982 2030 2174 2076 cmlera
2216 2024 2455 2089 corporis
2499 2020 2767 2085 membra,
2808 2037 2923 2090 qua:
2958 2020 3155 2074 facilius
3178 2020 3337 2072 casti-

1793 2114 1905 2181 gari
1958 2102 2214 2181 possunt,
2255 2126 2322 2167 ne
2369 2127 2399 2165 a
2442 2121 2586 2165 recto
2628 2113 2813 2165 itinere
2857 2110 3140 2173 divertaut,
3185 2109 3338 2163 discit

1794 2205 2095 2258 observare.

1866 2292 1925 2347 Si
1955 2302 2119 2344 autent
2140 2292 2279 2360 equis
2306 2292 2473 2361 frenas
2499 2291 2550 2343 in
2577 2306 2664 2343 ora
2688 2290 2923 2341 mittimus
2946 2290 3009 2340 ad
3034 2288 3339 2341 consentien-

1794 2386 1913 2439 dum
1944 2384 2105 2449 nobis,
2128 2393 2174 2437 et
2196 2400 2339 2436 omne
2359 2400 2537 2451 corpus
2559 2382 2762 2435 illorum
2785 2382 3010 2448 ferimus.
3038 2379 3330 2434 Subaudis:

1794 2478 1999 2541 Quanto
2029 2475 2252 2540 amplius
2280 2473 2431 2526 decet
2468 2482 2526 2525 ut
2568 2473 2718 2526 nobis
2758 2472 2884 2539 ipsis
2923 2472 3124 2523 frenum
3168 2468 3339 2523 conti-

1797 2567 1989 2621 nentia:
2032 2565 2086 2620 in
2118 2578 2211 2618 ora
2241 2563 2508 2616 mittamus
2538 2561 2600 2615 ad
2631 2560 3063 2617 consentiendum
3094 2559 3329 2611 Creatori

1796 2665 1997 2720 nostro,
2024 2664 2276 2723 quatenus
2307 2668 2398 2722 per
2431 2652 2622 2722 linguai
2649 2652 2937 2706 custodiam
2960 2663 3176 2715 onerum
3199 2661 3330 2715 quo-

1794 2762 1896 2814 que
1933 2745 2296 2799 rectitudinem
2348 2745 2589 2798 obtinere
2618 2742 2950 2809 quaeramus?
2978 2739 3127 2806 Quod
3170 2739 3249 2803 si,
3280 2748 3336 2791 ut

1794 2836 2002 2905 quidam
2047 2834 2267 2888 Codices
2312 2832 2524 2898 habent,
2579 2831 2854 2899 legerimus
2904 2845 2916 2881 :
2968 2828 3109 2883 Sicut
3165 2835 3330 2879 autem

1794 2927 1930 2991 equis
1972 2925 2137 2992 frenos
2176 2922 2228 2975 in
2266 2938 2355 2975 ora
2400 2922 2659 2983 mittimus,
2704 2920 2829 2973 nihil
2858 2916 3161 2987 quaestionis
3206 2918 3327 2981 erit,

1776 3014 1913 3080 quia
1941 3013 2276 3080 conjungitur
2295 3012 2360 3065 ad
2383 3012 2479 3065 hoc
2504 3009 2639 3080 quod
2669 3009 2719 3063 in
2746 3007 3084 3076 sequentibus
3114 3005 3332 3061 dicitur:

1797 3101 1880 3155 Ita
1906 3112 1952 3155 et
1984 3103 2156 3170 lingua
2180 3103 2429 3154 modicum
2456 3101 2652 3167 quidem
2675 3101 2945 3151 membrum
2973 3107 3065 3162 est,
3098 3106 3205 3151 etc.

1872 3192 1999 3245 Ecce
2029 3200 2073 3245 et
2102 3207 2248 3244 naves
2290 3206 2404 3243 cum
2444 3204 2637 3260 magna:
2668 3190 2765 3243 sint
2784 3229 2798 3251 ,
2833 3198 2880 3241 et
2907 3205 2936 3239 a
2965 3190 3121 3241 ventis
3156 3188 3335 3241 validis

1799 3283 2068 3345 minentur,
2114 3280 2534 3347 circumferuntur
2562 3296 2592 3332 a
2636 3280 2835 3333 modico
2868 3278 3203 3350 gubernaculo
3240 3293 3336 3347 quo

1800 3373 2011 3439 impetus
2070 3370 2329 3439 dirigentis
2386 3370 2614 3422 voluerit.
2655 3369 2820 3421 Naves
2864 3383 3063 3434 magna:
3111 3368 3162 3420 in
3211 3368 3341 3419 mari

1800 3473 2003 3517 mentes
2029 3471 2151 3517 sunt
2172 3460 2437 3515 hominum
2462 3463 2510 3513 in
2540 3461 2637 3513 hac
2660 3461 2781 3523 vita,
2802 3458 2909 3511 sive
2930 3457 3210 3521 bonorum,
3237 3456 3348 3510 sive

1802 3554 2079 3607 malorum.
2117 3552 2271 3607 Venti
2300 3552 2455 3606 validi
2488 3566 2515 3604 a
2543 3551 2735 3620 quibus
2770 3540 3035 3602 minantur
3062 3548 3156 3616 ipsi
3185 3563 3343 3617 appe-

1802 3644 1923 3695 titus
1953 3650 2074 3695 sunt
2106 3643 2383 3707 mentium,
2412 3641 2599 3708 quibus
2623 3639 2930 3693 naturaliter
2962 3650 3221 3708 coguntur
3246 3638 3343 3692 ali-

1800 3732 1923 3801 quid
1955 3747 2131 3802 agere,
2164 3747 2256 3801 per
2294 3732 2433 3800 quod
2465 3732 2545 3784 vel
2574 3731 2639 3785 ad
2669 3731 2888 3795 bonum,
2924 3729 3007 3784 vel
3047 3730 3112 3783 ad
3153 3730 3342 3783 malum

1802 3822 2109 3892 perveniant
2164 3825 2338 3876 finem.
2395 3819 2819 3876 Gubernaculum
2879 3836 2982 3890 quo
3041 3820 3337 3888 hujusmodi

1804 3929 1965 3967 naves
1996 3913 2477 3975 circumferuntur,
2502 3912 2588 3965 ubi
2616 3912 2840 3979 impetus
2868 3910 3137 3978 dirigentis
3164 3910 3342 3962 volue-

1804 4004 1870 4058 rit
1890 4044 1903 4065 ,
1933 4003 2043 4070 ipsa
2073 4005 2246 4057 cordis
2274 4004 2496 4057 intentio
2525 4010 2631 4065 est,
2659 4016 2756 4071 qua
2786 4001 2973 4064 electi,
3003 3999 3340 4067 transgressis

1802 4095 1958 4162 hujus
1984 4095 2159 4148 szcculi
2191 4094 2453 4155 fluctibus,
2491 4094 2693 4146 felicem
2740 4093 2922 4160 patriae
2952 4091 3183 4141 caelestis
3217 4103 3341 4155 por-

1806 4196 1913 4239 tum
1940 4186 2221 4254 attingunt,
2256 4185 2465 4252 reprobi
2505 4194 2675 4237 autem
2706 4182 2851 4251 quasi
2891 4181 3061 4250 Scylla
3090 4180 3169 4233 vel
3200 4179 3336 4233 Cha-

1805 4276 1953 4345 ryldi
2000 4274 2169 4330 necati
2210 4274 2479 4328 [luctuosis
2524 4274 2642 4327 vitae
2688 4272 2841 4339 hujus
2871 4272 3168 4333 erroribus,
3212 4284 3343 4338 quos

1804 4366 2048 4418 deserere
2080 4366 2405 4429 nesciebant,
2436 4365 2715 4418 intereunt.
2750 4363 2811 4416 Et
2839 4362 2957 4429 quia
2989 4376 3049 4414 ea:
3072 4360 3339 4413 abundan-

1804 4457 1879 4509 tia
1900 4456 2060 4508 cordis
2087 4472 2139 4508 os
2164 4456 2407 4524 loquitur,
2439 4466 2581 4508 recte
2602 4455 2931 4522 subjungitur
2963 4470 2975 4504 :

170 4532 431 4598 Quomodo
457 4537 581 4591 dicit
620 4538 902 4604 perfectura
950 4557 1066 4594 esse
1112 4544 1276 4594 virum
1318 4546 1405 4612 qui
1440 4545 1488 4596 iu
1534 4548 1696 4599 verbo
1727 4559 1778 4617 υ
1874 4545 1954 4598 Ita
1992 4557 2035 4599 et
2081 4548 2253 4615 lingua
2299 4546 2550 4597 modicum
2600 4545 2801 4613 quidem
2846 4543 3119 4601 membrum
3158 4550 3254 4608 est,
3299 4551 3347 4593 et

172 4634 266 4672 non
296 4622 538 4688 offendit,
570 4640 689 4679 cum
718 4630 1030 4694 praemiserit
1058 4647 1070 4681 :
1104 4630 1231 4694 Quia
1265 4634 1315 4684 in
1342 4635 1510 4686 multis
1541 4634 1700 4701 o/fen-

171 4709 325 4762 dimus
350 4716 556 4766 omnes?
583 4719 661 4769 An
685 4717 803 4784 quia
826 4728 877 4771 et
902 4718 954 4772 in
987 4724 1159 4773 multis
1185 4723 1454 4776 oﬂ'endere
1484 4737 1700 4792 possunt

172 4795 335 4859 electi,
362 4809 414 4851 et
444 4812 615 4856 tamen
650 4820 989 4869 perseverare
1014 4811 1266 4877 perfecti?
1296 4810 1403 4864 lmo
1443 4813 1510 4864 ita
1539 4813 1697 4867 intel-

172 4881 422 4952 ligendum
473 4897 573 4941 est.
625 4890 859 4960 Namque
908 4897 1130 4951 diversae
1180 4900 1526 4953 offensionum
1578 4908 1699 4953 sunt

172 4977 382 5038 species.
413 4978 580 5034 Aliter
606 4982 779 5047 electi,
809 4986 960 5039 aliter
989 4988 1260 5043 ollendunt
1292 4980 1699 5057 reprobi,“Salo-

172 5075 314 5117 mone
356 5074 519 5132 teste,
559 5072 647 5138 qui
688 5074 799 5129 ait:
834 5075 1031 5143 Septies
1079 5080 1209 5131 enim
1248 5082 1381 5131 cadit
1413 5083 1607 5150 justus,
1653 5092 1700 5135 et

171 5154 401 5219 resurgit;
424 5158 564 5223 impii
608 5168 771 5212 autem
802 5174 1027 5216 corruent
1057 5166 1108 5216 in
1138 5166 1349 5218 malum.
1380 5167 1443 5220 Et
1486 5169 1532 5221 si
1561 5169 1698 5223 enim

172 5239 336 5307 justus
373 5263 468 5315 per
497 5242 830 5318 fragilitatem
858 5259 1031 5312 carnis
1061 5261 1140 5312 vel
1185 5263 1530 5329 ignorantiam
1565 5265 1697 5319 forte

176 5332 453 5402 offenderit,
482 5342 655 5407 justus
703 5352 874 5398 tamen
916 5363 1032 5403 esse
1074 5367 1175 5403 non
1224 5352 1447 5405 desistit.
1472 5355 1601 5418 Quia
1645 5364 1698 5407 ut

174 5424 454 5485 quotidiana
483 5428 573 5483 est
596 5432 892 5499 hujusmotli
923 5449 973 5489 et
1009 5442 1325 5497 inevitabilis
1354 5443 1592 5507 offensio,
1627 5446 1695 5500 ita

174 5518 243 5561 est
264 5523 313 5566 et
330 5518 625 5582 quotidiana
656 5524 947 5577 orationum
972 5542 1033 5580 ac
1055 5530 1309 5584 bonorum
1343 5546 1559 5596 operum
1586 5547 1695 5586 me-

174 5596 295 5669 dela,
322 5620 438 5675 qua:
464 5610 818 5670 oﬂ’endentem
846 5618 1067 5684 justum,
1114 5638 1179 5676 ne
1219 5623 1271 5676 in
1324 5633 1515 5678 terram
1567 5638 1693 5690 pro-

174 5700 293 5789 ritat,
320 5706 369 5748 et
404 5704 688 5769 nuptialem
724 5707 994 5762 cbaritatis
1019 5723 1081 5762 ac
1106 5711 1224 5765 fidei
1254 5724 1449 5766 vestem
1483 5711 1693 5781 pulvere

176 5786 392 5840 Vitiorum
430 5793 683 5865 sordidet,
711 5799 855 5855 ocius
896 5800 1080 5873 eriget.
1108 5801 1166 5858 Si
1196 5806 1305 5872 quis
1328 5820 1445 5874 ergo
1468 5806 1516 5859 in
1547 5806 1691 5859 verba

1802 4656 1984 4710 magna
2015 4639 2222 4691 exultat.
2260 4636 2440 4707 Magna
2471 4636 2648 4703 utique
2678 4634 2888 4703 praemia
2913 4634 3125 4697 exaltat,
3156 4634 3197 4684 si
3224 4647 3338 4684 eam

1803 4734 2033 4796 impetus
2062 4728 2220 4781 animi
2262 4725 2544 4793 dirigentis
2586 4725 2716 4777 bene
2757 4721 3151 4790 gubernaverit.
3181 4720 3336 4773 Juxta

1800 4821 1929 4874 illud
1956 4819 2250 4873 Salomonis
2281 4836 2293 4871 :
2325 4817 2423 4880 Qui
2451 4817 2683 4883 intelligit
2711 4854 2724 4876 ,
2752 4806 3091 4881 gubernacula
3116 4808 3339 4878 posside-

1801 4910 1889 4961 bit.
1933 4908 2025 4962 Sin
2057 4917 2231 4959 autem
2261 4906 2430 4965 male,
2468 4905 2602 4955 mala
2632 4916 2661 4955 e
2691 4901 2951 4954 contrario
2986 4898 3083 4951 sibi
3128 4900 3345 4967 suisque

1799 5015 1982 5068 magna
2015 4999 2319 5066 perditionis
2350 4998 2560 5050 esaltat.
2597 4993 2743 5048 Unde
2770 5003 2821 5047 et
2849 4993 3094 5045 Salomon
3130 5007 3142 5043 :
3176 4989 3340 5054 Mors,

1799 5090 1986 5157 inquit,
2017 5100 2060 5141 et
2089 5090 2189 5141 vita
2216 5089 2267 5140 in
2294 5088 2518 5140 munibus
2545 5088 2728 5155 lingua
2758 5083 2935 5150 (Prov.
2963 5079 3132 5149 svnt).
3163 5078 3333 5131 Vitam

1799 5194 1923 5245 ergo
1949 5177 2174 5238 exaltat,
2206 5178 2249 5229 si
2280 5173 2413 5229 bene
2442 5176 2593 5227 docet
2628 5173 2927 5227 Ecclesiam.
2959 5171 3173 5223 Mortem
3203 5180 3332 5219 con-

1801 5278 1911 5330 tra,
1955 5267 1998 5320 si
2040 5281 2198 5335 grave
2243 5269 2366 5334 agit.
2402 5266 2635 5333 Namque
2684 5266 2785 5319 hoc
2813 5263 3065 5317 adversus
3092 5272 3182 5312 eos
3208 5257 3339 5312 dicit

1797 5358 1897 5425 qui,
1937 5362 1991 5409 et
2032 5356 2131 5409 vita
2163 5366 2215 5410 et
2256 5355 2473 5408 scientia
2504 5356 2769 5419 destituti,
2817 5354 3008 5405 docere
3048 5363 3332 5417 praesume-

1796 5446 1938 5510 bant,
1968 5445 2190 5514 ideoque
2236 5445 2401 5513 magis
2442 5445 2727 5497 Ecclesium
2786 5440 3079 5503 Itedebant;
3119 5437 3255 5506 quod
3286 5435 3331 5488 si

1797 5534 1991 5600 legatur
2041 5543 2096 5587 ut
2140 5549 2191 5587 tn
2240 5531 2549 5601 quibusdam
2599 5528 2874 5584 Codicibus
2922 5528 3227 5581 invenitur:
3258 5524 3326 5578 Et

1794 5639 1974 5685 utaqna
2019 5622 2253 5686 exsultat,
2299 5621 2384 5675 illa
2434 5621 2679 5674 nimirum
2725 5621 2806 5675 hic
2848 5616 3125 5673 exsultatio
3172 5616 3332 5669 debet

1795 5716 2011 5777 intelligi
2032 5756 2047 5778 .
2091 5714 2156 5770 de
2181 5728 2279 5781 qua
2312 5716 2362 5767 in
2395 5714 2756 5782 sequentibus,
2787 5724 2905 5763 cum
2934 5722 3025 5775 per
3054 5708 3204 5775 plura
3236 5705 3336 5759 lin-

1793 5821 1903 5875 gua:
1938 5809 2056 5861 vitia
2099 5812 2489 5870 enumerasset,
2522 5802 2761 5871 adjunsit
2796 5818 2804 5851 :
2841 5798 2993 5853 Nunc
3040 5806 3203 5852 autem
3246 5812 3308 5850 es:
