3860 6230
482 464 550 515 27
887 451 1083 509 ΒΕΌᾸΞ
1125 443 1560 504 νεκεῐιλωιιδ
1594 442 1740 498 υιψ.
1785 440 1956 496 PARS
1998 438 2030 492 ll

2135 438 2292 493 LECl‘.
2333 438 2373 490 l.
2410 465 2477 480 -—
2515 434 2900 493 EXEGETICA
2934 435 3247 494 GENUINA.
3569 438 3649 492 S8

480 572 677 626 snltatis
728 568 777 621 in
807 565 1051 631 superbiis
1104 562 1297 616 ves-'ris.
1352 558 1536 613 Oniuis
1576 554 1854 611 exsultatio
1903 553 2018 605 talis
2048 552 2093 608 A
2124 558 2293 602 rotam
2325 549 2609 604 nativitatis
2654 557 2867 614 nostra,
2894 564 3012 604 cum
3056 560 3263 605 statum
3293 564 3509 605 omnem
3553 567 3666 605 no-

486 660 707 728 maligna
736 665 834 710 est.
876 656 918 708 Α
947 668 1046 723 qua
1074 660 1126 706 et
1157 662 1323 704 mater
1349 647 1485 707 beati
1525 645 1781 697 Samuelis
1813 657 1906 695 nos
1930 643 2015 709 pia

427 731 436 740 ’
483 745 845 799 exhortatione
871 738 1178 809 compescit,
1208 737 1389 791 dicens
1421 752 1433 787 :
1470 732 1642 786 Nolite
1680 731 2015 801 multiplicare

485 839 623 904 loqui
654 834 885 888 sublimia
905 833 1172 902 gloriantes
1202 827 1251 898 (Ι
1287 825 1409 895 Reg.
1443 824 1523 892 ιε).
1560 824 1742 890 Magna
1772 835 1896 889 ergo
1920 836 2016 873 ex-

484 930 643 982 sultat
670 926 864 994 lingua,
895 937 1034 990 quae,
1065 929 1380 972 cieterorum
1410 927 1595 968 sensus
1636 922 1689 965 et
1741 910 1895 965 verba
1923 910 2017 963 deo

484 1018 739 1081 spicicns,
789 1009 1121 1079 singulariter
1162 1006 1383 1060 se'esse
1436 998 1911 1071 sapientcmjactat
1961 1005 2015 1051 et

486 1102 777 1156 facundam.

554 1190 682 1243 Ecce
709 1196 919 1255 quantus
963 1186 1089 1254 ignis
1116 1199 1261 1250 quam
1289 1173 1531 1251 magnoin
1566 1180 1741 1232 silvam
1772 1178 2015 1229 incendit.

488 1282 721 1342 Quantus
746 1277 869 1328 dicit
891 1288 1042 1344 quam
1074 1274 1329 1326 modicus.
1353 1272 1589 1339 Denique
1616 1280 1669 1324 et
1696 1269 1913 1322 Codices
1943 1267 2019 1320 sic

488 1370 714 1423 habent:
743 1366 867 1419 Ecce
911 1364 1135 1418 modicus
1181 1364 1332 1431 ignis.
1363 1362 1512 1415 Sicut
1556 1360 1692 1413 enim
1737 1373 1766 1410 a
1812 1356 2011 1408 modica

485 1456 706 1510 scintilla
738 1456 872 1524 ignis
911 1466 1217 1507 escresccns
1267 1465 1506 1525 magnam
1539 1456 1682 1516 smpe‘
1720 1448 1899 1521 silvam
1932 1446 2016 1498 in-

486 1546 683 1610 ceudit,
713 1544 782 1597 ita
810 1542 1178 1597 incontinentis
1210 1540 1401 1608 lingua:
1429 1541 1537 1592 suis
1568 1538 1757 1591 nutrita
1786 1535 2021 1590 levitati-

488 1636 584 1687 bus
634 1647 873 1701 magnam
921 1646 1139 1700 operum
1188 1631 1441 1683 bonorum
1492 1628 1785 1690 materiam,
1829 1624 2021 1679 multos

493 1726 611 1777 vitae
638 1722 887 1788 spiritalis
916 1720 1133 1789 fructus,
1166 1719 1253 1774 ubi
1295 1718 1677 1772 attaminaverit
1707 1715 1895 1784 perdit,
1927 1716 2018 1769 sed

491 1827 539 1865 et
574 1814 841 1866 innumera
881 1811 1189 1881 plerumque
1228 1824 1342 1878 qua:
1371 1808 1567 1876 optima
1596 1806 1905 1859 videbantur
1929 1804 2019 1859 lo-

492 1906 716 1957 cutionis
739 1904 858 1957 folia
887 1903 1165 1956 consumit.

567 1995 630 2046 Et
660 1995 831 2064 lingua
854 1993 980 2062 ignis
1008 2002 1100 2053 est,
1131 1988 1428 2043 universitas
1449 1986 1749 2055 iniquitatis.
1780 1985 1917 2055 lguis
1944 1994 2026 2040 est

495 2086 688 2149 lingua,
720 2081 836 2151 quia
886 2087 1134 2134 virtutum
1177 2080 1365 2132 silvam
1396 2078 1533 2131 male
1576 2076 1838 2145 loquendo
1866 2075 2026 2128 devo-

499 2179 596 2223 rat.
628 2169 773 2224 Unde
803 2169 881 2220 vir
910 2169 1120 2233 sapiens
1146 2167 1211 2219 de
1258 2167 1535 2233 insipiente
1561 2181 1575 2219 ε
1604 2164 1666 2217 Et
1693 2165 1905 2231 apertio,
1938 2163 2026 2216 in-

494 2261 621 2327 quit,
653 2258 755 2310 oris
796 2257 930 2309 illius
979 2256 1307 2321 inﬂammatio
1341 2262 1430 2308 est.
1494 2253 1587 2306 Cui
1635 2253 1877 2307 videlicet
1920 2251 2026 2321 igni

496 2350 803 2418 perditionis
849 2350 1137 2401 contrarius
1182 2356 1261 2398 est
1318 2346 1405 2397 ille
1459 2343 1592 2411 ignis
1637 2342 1901 2402 salutaris,
1940 2340 2026 2407 qui

498 2441 691 2505 lingua,
739 2437 932 2495 fenum,
986 2434 1249 2501 stipulam,
1294 2432 1536 2485 vitiorum
1580 2442 1913 2493 consumens,
1946 2441 2029 2480 se-

493 2538 633 2578 creta
674 2526 847 2579 cordis
888 2523 1131 2585 illustrat,
1160 2535 1263 2590 quo
1299 2519 1466 2574 sancti
1512 2518 1903 2572 inflammantur
1932 2515 2028 2567 do-

496 2627 690 2681 ctores,
723 2623 780 2667 ut
826 2623 879 2667 et
909 2614 1004 2681 ipsi
1053 2608 1555 2671 ardeantamando,
1585 2617 1637 2661 et
1661 2608 1806 2675 quasi
1840 2604 2029 2671 linguis

500 2702 669 2769 ignitis
698 2703 995 2759 accendant
1019 2700 1148 2752 alios
1180 2700 1529 2769 pra-dicundo.
1558 2696 1634 2749 De
1678 2694 1867 2764 quibus
1896 2694 2030 2747 bene

498 2792 743 2857 scriptum
790 2798 907 2851 est:
940 2790 1070 2853 Quia
1108 2796 1447 2857 apparuerunt
1484 2784 1585 2839 illis
1632 2784 1909 2854 dispertita:
1933 2782 2030 2835 lin-

496 2898 605 2952 gua:
629 2866 862 2949 tanquam
890 2880 1037 2949 ignis,
1076 2878 1297 2947 seditque
1325 2894 1474 2947 supra
1516 2876 1735 2945 singulos
1763 2889 1955 2939 eorum,
1985 2879 2030 2925 et

497 2970 673 3039 repleti
697 2980 812 3022 sunt
840 2986 1005 3022 omnes
1046 2969 1241 3037 Spiritu
1282 2977 1449 3019 sancto
1476 2968 1609 3036 (Act.
1644 2965 1723 3031 tt).
1756 2961 1913 3015 Recte
1939 2977 2031 3015 au-

502 3071 604 3111 tent
653 3059 717 3111 de
766 3061 937 3127 lingua
995 3056 1375 3123 indisciplittata
1417 3054 1607 3106 dicitur
1630 3052 1767 3120 quod
1813 3052 1923 3121 ipsa
1963 3052 2031 3105 sit

502 3150 808 3202 universitas
852 3147 1159 3214 iniquitatis,
1189 3145 1307 3215 quia
1333 3152 1517 3198 cuncta
1546 3143 1652 3197 fere
1681 3144 1909 3196 facinora
1940 3155 2032 3210 per

502 3251 617 3291 eam
642 3245 731 3288 aut
755 3235 1150 3295 conciunantur,
1174 3245 1225 3285 ut
1257 3233 1549 3295 latrocinia,
1579 3238 1791 3299 stupra;
1824 3240 1911 3281 aut
1941 3244 2030 3297 pa~

499 3335 723 3387 trantur,
770 3334 825 3375 ut
869 3322 1119 3390 perjuriu,
1170 3320 1297 3373 falsa
1344 3321 1670 3383 testimonia;
1721 3330 1806 3373 aut
1854 3319 2033 3373 defen-

505 3417 714 3479 duntur,
738 3430 853 3469 cum
877 3415 1093 3483 quilibet
1120 3414 1355 3482 impurus
1380 3411 1678 3468 excusando
1702 3411 1871 3464 scelus
1892 3409 2029 3478 quod

504 3506 735 3567 admisit,
766 3505 976 3556 simulat
1004 3502 1314 3556 ostentando
1359 3501 1549 3555 bonum
1577 3499 1716 3568 quod
1750 3515 1849 3551 non
1887 3498 2029 3553 fecit.

578 3592 641 3644 Et
679 3593 955 3661 inﬂammat
981 3603 1137 3643 rotant
1180 3592 1445 3645 nativitatis
1495 3601 1692 3655 nostraz,
1725 3591 2032 3659 inﬂammata

511 3680 788 3751 ageimma.
819 3682 858 3733 Α
890 3679 1124 3747 gcltcnna
1154 3679 1277 3731 dicit
1306 3695 1332 3731 a
1358 3679 1562 3733 diabolo
1588 3687 1641 3731 et
1666 3678 1862 3745 angelis
1896 3677 2031 3747 ejus,

510 3778 719 3837 propter
743 3780 873 3837 quos
901 3768 1135 3837 geltenua
1186 3764 1318 3818 facta
1370 3776 1469 3833 est,
1513 3776 1565 3819 ct
1610 3766 1693 3833 qui
1740 3765 2033 3831 ubicunque

507 3859 586 3909 \‘cl
612 3857 663 3909 in
706 3869 828 3909 aere
859 3856 1097 3918 volitant,
1120 3854 1198 3907 vel
1230 3852 1280 3905 iu
1314 3854 1465 3907 terris
1514 3862 1603 3905 aut
1630 3854 1725 3905 sub
1758 3853 1911 3906 terris
1938 3866 2030 3904 va-

507 3956 715 4015 gantur,
749 3946 859 3998 sive
887 3945 1209 4006 detinentur,
1240 3958 1449 3995 suarum
1479 3958 1655 3995 secum
1686 3944 1855 3994 ferunt
1896 3955 2034 3995 sem-

512 4048 603 4099 pt‘l‘
628 4040 882 4085 tormenta
907 4031 1254 4090 flammarum,
1284 4028 1447 4083 iustas
1477 4028 1844 4095 febricitantis,
1869 4030 1952 4095 qui
1982 4038 2034 4083 et

507 4124 551 4172 si
584 4120 633 4173 in
664 4120 810 4173 lectis
838 4118 1104 4183 eburneis,
1137 4127 1189 4170 et
1240 4117 1281 4169 si
1312 4118 1363 4169 iu
1404 4117 1532 4169 locis
1562 4126 1781 4183 ponatur
1815 4118 2029 4184 apricis,

511 4212 764 4263 fervorem
794 4218 964 4262 tamen
995 4207 1076 4261 vel
1106 4207 1268 4275 frigus
1305 4205 1443 4259 iusiti
1484 4205 1579 4259 sibi
1619 4205 1883 4272 languoris
1923 4206 2033 4259 evi-

509 4314 619 4355 tare
647 4316 745 4353 nou
774 4308 965 4368 potest.
1018 4297 1105 4353 Sic
1132 4313 1255 4366 ergo
1285 4300 1549 4352 daemones
1578 4307 1629 4350 et
1669 4298 1711 4349 si
1742 4299 1791 4349 in
1825 4297 2031 4363 templis

506 4388 741 4443 colantur
780 4390 996 4451 auratis,
1045 4396 1098 4440 et
1142 4387 1187 4440 si
1227 4401 1317 4454 per
1359 4401 1511 4438 aerea
1558 4369 1873 4449 discurrant,
1916 4385 2032 4454 igne

2119 651 2241 691 εει-ω
2296 639 2713 692 conversationis
2769 653 2926 707 prava
2983 638 3245 707 loquendo
3303 639 3664 695 contaminat.

2120 729 2243 781 Item
2291 740 2458 781 rutam
2512 728 2795 782 nativitatis
2849 736 3046 781 nostra:
3092 726 3233 793 dicit,
3290 729 3409 793 quia
3460 728 3666 782 merito

2118 816 2300 887 prima:
2343 817 2787 885 prmvaricationis
2832 816 2900 869 ab
2933 818 3138 871 interna
3180 817 3464 870 stabilitate
3493 814 3650 885 pron

2117 910 2210 970 cti,
2242 908 2345 960 huc
2385 918 2541 975 atque
2566 909 2685 961 illuc
2715 918 2889 961 mente
2917 922 3045 974 vaga
3077 915 3363 977 raptantur,
3388 918 3440 959 et
3484 907 3664 961 incer-

2120 994 2184 1049 tis
2215 1010 2306 1061 per
2333 1003 2521 1047 cuncta
2547 994 2895 1060 discursibus,
2918 993 3003 1048 ubi
3035 994 3344 1061 periculum,
3368 992 3458 1047 ubi
3485 992 3659 1055 salus.

2118 1089 2439 1156 ignoramus.
2494 1085 2850 1139 lnﬂammatur
2900 1094 3073 1138 autem
3126 1083 3238 1139 bac
3290 1092 3403 1137 rota
3457 1090 3660 1135 nostra

2119 1175 2400 1228 nativitatis
2431 1176 2548 1242 igne
2576 1173 2764 1241 lingua:
2793 1171 3119 1235 macula'ntis,
3146 1186 3266 1225 cum
3297 1171 3475 1224 vitium
3502 1168 3615 1223 uati
3635 1196 3662 1208 -

2120 1280 2195 1317 vae
2228 1264 2626 1331 perturbationis
2653 1261 2843 1330 ineptis
2891 1261 3049 1316 etiam
3096 1274 3157 1314 ac
3183 1247 3354 1312 noxiis
3386 1256 3657 1313 sermoni-

2122 1352 2217 1405 bus
2246 1350 2615 1405 accumulatur.

2192 1439 2367 1493 Omnis
2392 1441 2523 1492 enim
2552 1448 2732 1492 natura
2772 1424 3055 1501 bestiarum,
3098 1446 3145 1490 et
3174 1437 3451 1502 voluerant,
3473 1442 3521 1489 el
3538 1448 3657 1490 ser-

2117 1532 2359 1599 pentium,
2380 1537 2425 1582 et
2444 1540 2749 1592 ceterorum,
2783 1528 3047 1581 domantur
3066 1536 3113 1580 et
3134 1528 3322 1579 domita
3357 1510 3531 1580 διικιό
3560 1540 3660 1577 sta-

2119 1628 2232 1671 tura
2257 1617 2497 1670 Itumana.
2531 1617 2775 1685 Legimus
2804 1616 2853 1669 in
2886 1615 3053 1669 Plinio
3081 1614 3508 1668 immanissimatn
3538 1627 3661 1668 ser-

2120 1709 2351 1777 pentium
2396 1708 2630 1774 aspidem
2662 1707 2712 1760 in
2752 1706 2981 1775 Egypto
3007 1705 3258 1761 domitam
3281 1719 3312 1760 a
3354 1702 3662 1774 patrefami-

2122 1799 2242 1866 lias,
2277 1809 2329 1854 et
2358 1798 2590 1867 quotidie
2615 1797 2680 1851 de
2710 1811 2931 1851 caverna
2972 1810 3062 1850 sua
3089 1808 3375 1870 egressam,
3405 1794 3471 1847 ad
3497 1807 3659 1847 meu-

2051 1869 2097 1928 Β
2125 1903 2236 1943 sam
2266 1888 2379 1957 ejus
2407 1901 2667 1941 annonam
2698 1884 2968 1954 percipere
2989 1869 3219 1937 solitam.
3238 1880 3479 1949 Legimus
3501 1880 3687 1944 item,’

2122 1994 2195 2032 801
2213 1978 2383 2032 ibrnte
2406 1977 2709 2031 Marcellino
2739 1976 2951 2040 comite,
2978 1971 3381 2027 mansuefactam
3409 1968 3664 2039 tigridem

2122 2069 2188 2119 ab
2217 2067 2361 2119 ludia
2387 2065 2669 2120 Anastasio
2694 2062 2913 2132 principi
2940 2064 3171 2115 missam.
3200 2059 3321 2114 Vult
3352 2072 3472 2127 ergo
3498 2056 3665 2110 intel-

2126 2153 2210 2222 ligi
2239 2153 2359 2221 quia
2389 2153 2562 2219 lingua
2598 2166 2872 2220 pravorum
2905 2149 3086 2204 bestiis
3116 2148 3406 2211 ferocitate,
3431 2143 3668 2199 volucri-

2125 2244 2223 2297 bus
2252 2241 2463 2298 levitate
2490 2240 2573 2295 vel
2601 2240 2973 2305 exsultatione,
3006 2238 3333 2306 serpentibus
3360 2234 3661 2296 virulentia,

2092 2322 2411 2399 praecellat.
2452 2330 2583 2383 Sunt
2622 2330 2762 2382 enim
2806 2327 3048 2381 bestiales
3100 2327 3187 2393 qui
3250 2331 3550 2378 exaruerunt
3602 2330 3660 2373 ut

2125 2420 2351 2491 gladium
2377 2419 2575 2489 linguas
2604 2433 2721 2471 suas
2760 2415 2926 2487 (Psal.
2950 2414 3120 2484 unt);
3157 2423 3276 2467 sunt
3306 2411 3537 2466 volatiles
3566 2410 3662 2478 qui

2126 2520 2396 2580 posuerunt
2437 2508 2488 2561 in
2529 2506 2704 2559 calum
2747 2521 2801 2558 os
2858 2518 2998 2555 suum
3025 2500 3193 2570 (Psal.
3223 2501 3407 2566 cuti),
3452 2508 3495 2550 et
3534 2513 3664 2564 quo-

2128 2616 2242 2652 rum
2270 2614 2325 2651 os
2350 2599 2570 2651 locutum
2592 2602 2662 2648 est
2686 2595 2953 2649 vanitatem
2976 2589 3140 2661 (Psal.
3172 2585 3377 2662 cum);
3401 2593 3519 2639 sunt
3543 2599 3665 2638 ser-

2129 2688 2347 2758 pentini,
2392 2689 2458 2742 de
2500 2685 2685 2756 quibus
2730 2683 2927 2739 dictum
2973 2690 3093 2737 est:
3128 2677 3382 2734 Venenum
3421 2674 3665 2743 aspidem

2128 2782 2218 2835 sub
2247 2779 2391 2833 labiis
2418 2793 2585 2832 eorum
2613 2775 2780 2846 (Psal.
2812 2773 2947 2844 sm).

2202 2866 2448 2936 Linguam
2503 2873 2666 2918 autem
2720 2862 2885 2916 nullus
2934 2861 3191 2915 hominum
3232 2859 3431 2911 domare
3473 2860 3658 2923 potest.

2132 2956 2342 3015 Duobus
2367 2954 2534 3010 modis
2578 2954 2688 3007 lucc
2739 2952 2997 3007 sententia
3043 2958 3182 3006 recte
3206 2954 3375 3018 potest
3416 2943 3661 3011 intelligi,

2135 3050 2336 3115 quia-et
2357 3046 2529 3100 nullus
2551 3044 2802 3098 bonorum
2827 3042 3098 3097 doctorum
3122 3046 3297 3108 potest
3321 3037 3532 3090 domare
3555 3034 3663 3087 lim

2135 3152 2261 3209 guas
2288 3150 2469 3192 eorum
2491 3135 2579 3203 qui
2608 3136 2810 3202 seipsos
2838 3148 2865 3185 a
2894 3133 3047 3185 stulta
3080 3129 3391 3184 verbositate
3413 3124 3665 3180 cohibere

2137 3228 2424 3295 negliguut,
2471 3234 2524 3277 ct
2561 3224 2735 3277 nullus
2783 3220 3102 3290 loquentium
3156 3226 3237 3274 est
3286 3217 3374 3287 qui
3418 3230 3521 3270 non
3560 3213 3664 3266 ali—

2131 3315 2338 3384 quando
2380 3312 2648 3381 delinquat
2692 3310 2744 3365 in
2791 3311 2961 3379 lingua
3013 3324 3129 3363 sua.
3164 3307 3398 3375 Denique
3442 3303 3506 3357 de
3543 3301 3664 3355 viro

2133 3404 2362 3474 perfecto
2408 3404 2458 3456 in
2485 3399 2704 3455 articulo
2749 3398 2989 3451 maximat
3033 3392 3328 3449 tentatiouis
3352 3390 3660 3450 constituto,

2134 3494 2384 3548 veraciter
2422 3492 2617 3543 dictum
2661 3497 2775 3541 est:
2809 3484 2872 3539 In
2916 3484 3140 3537 erunibus
3179 3482 3257 3534 his
3303 3495 3404 3532 non
3446 3477 3666 3545 peccavit

2129 3582 2227 3635 Job
2256 3581 2398 3634 labiis
2428 3580 2529 3632 suis
2557 3575 2696 3648 (Job.
2725 3576 2785 3645 ι).
2819 3575 2880 3629 Et
2907 3582 3080 3627 tamen
3105 3573 3214 3637 ipse
3238 3583 3297 3622 se
3326 3565 3660 3637 postmodum

2130 3675 2318 3726 auditis
2354 3670 2446 3725 Dei
2476 3666 2824 3728 sermonibus,
2854 3663 2919 3716 de
2959 3662 3146 3727 ineptia
3176 3659 3350 3712 stultae
3386 3652 3664 3709 locutionis

2133 3760 2482 3829 reprehendit,
2522 3758 2702 3811 dicens
2735 3773 2748 3806 :
2782 3752 2946 3806 Unum
2978 3750 3165 3801 locutus
3208 3762 3318 3798 sum
3341 3786 3356 3810 ,
3397 3744 3528 3810 quod
3555 3742 3663 3792 uti-

2132 3868 2244 3906 nam
2274 3866 2371 3903 non
2398 3850 2655 3912 dixissent,
2700 3854 2747 3899 et
2784 3844 3020 3908 alterum,
3048 3839 3223 3909 quibus
3268 3835 3407 3889 ultra
3435 3849 3533 3887 non
3557 3832 3661 3885 ad-

2132 3946 2246 3995 dant
2274 3938 2412 4011 (Job.
2444 3935 2651 4005 suis).

2199 4006 2480 4097 Inquietunt
2522 4029 2708 4075 malum
2738 4021 2881 4087 plena
2918 4032 3098 4072 ueneno
3140 4012 3412 4096 mortifero,
3440 4020 3545 4063 etc.
3573 4006 3664 4061 ln-

2132 4120 2362 4188 qnietum
2385 4115 2547 4178 addit,
2573 4111 2639 4165 ob
2664 4111 2762 4164 hoc
2783 4106 2919 4176 quod
2948 4098 3294 4181 dixeratleam
3324 4097 3526 4152 domari
3557 4110 3664 4148 non

2134 4187 2309 4276 posse,
2352 4220 2472 4259 cum
2502 4203 2681 4256 bestias
2729 4200 3007 4251 domentur
3050 4202 3102 4246 et
3142 4190 3402 4244 volucres.
3453 4187 3664 4241 Plenam

2134 4274 2259 4351 vero
2282 4293 2408 4348 dicit
2434 4304 2638 4346 veneno
2681 4286 2965 4350 mortifero,
3016 4291 3073 4337 ut
3114 4288 3347 4347 exponat
3377 4274 3668 4330 indomabi-

2131 4388 2233 4439 lem
2286 4396 2380 4436 cur
2428 4379 2625 4433 diceret
2681 4390 2821 4437 eam,
2869 4386 2989 4428 cum
3040 4379 3095 4424 et
3142 4374 3413 4435 serpentes
3458 4368 3668 4417 constet

511 4492 716 4541 semper
738 4477 923 4530 ardent
943 4450 1242 4543 geltcnnali,
1271 4483 1324 4527 et
1347 4492 1408 4528 ex
1440 4475 1548 4542 ipsa
1580 4488 1671 4527 sua
1704 4490 1854 4542 pmna
1882 4450 2029 4529 co'ut-
2065 4499 2113 4557 D
2139 4487 2290 4540 posse
2331 4468 2551 4524 domari.
2603 4465 2676 4519 De
2725 4463 2875 4531 cujus
2924 4460 3196 4513 atrocitate
3252 4452 3439 4508 veneni
3514 4450 3663 4518 plura

512 4566 717 4629 moniti,
748 4568 977 4640 deceptis
1020 4583 1226 4637 quoque
1268 4567 1562 4621 hominibus
1600 4566 1834 4621 fomitem
1884 4568 2038 4621 vitio-
2069 4553 2101 4557 ⁷
2136 4564 2511 4628 subsequrntcr
2540 4553 2793 4622 adjungit.

514 4669 651 4717 rum,
708 4656 841 4706 unde
888 4664 942 4709 et
972 4656 1083 4722 ipsi
1130 4664 1365 4721 pereant,
1413 4656 1690 4710 invidendo
1734 4667 2035 4724 suggerunt.

510 4744 604 4797 Cui
634 4753 813 4796 contra
835 4754 1010 4796 sancta
1030 4744 1119 4797 Dei
1142 4733 1323 4798 civitas
1347 4761 1476 4797 nova
1502 4745 1792 4797 Jerusalem
1823 4747 1889 4798 de
1907 4746 2041 4799 caelo

512 4847 540 4883 a
572 4833 680 4886 Dco
722 4829 1040 4887 descendere
1086 4830 1296 4898 dicitur,
1352 4830 1470 4899 quia
1522 4832 1766 4884 nimirum
1795 4831 2041 4901 quidquid

518 4925 735 4975 cteleste
762 4924 811 4976 in
847 4924 999 4976 terris
1038 4924 1258 4992 agimus,
1289 4922 1385 4977 hoc
1415 4921 1650 4991 profecto
1688 4929 1741 4974 ut
1770 4936 2042 4989 agt-remus

520 5012 714 5063 rm'csti
742 5028 956 5065 munere
995 5013 1309 5080 accepimus.
1340 5014 1520 5065 llotam
1551 5021 1723 5065 autem
1751 5010 1874 5063 dicit
1905 5010 2043 5065 nati-

521 5097 692 5148 vitatis
720 5106 910 5151 nostra:
951 5099 1309 5151 incessabilem
1339 5100 1457 5151 vita:
1498 5098 1797 5165 temporalis
1830 5112 2046 5164 procur-

522 5202 657 5252 sum,
689 5201 792 5255 quo
824 5200 853 5237 a
883 5186 966 5237 die
1014 5187 1295 5239 nativitatis
1339 5202 1505 5254 usque
1546 5187 1608 5239 ad
1656 5195 1873 5239 mortem
1906 5186 2045 5239 velut

522 5290 726 5341 semper
752 5284 995 5329 currente
1030 5283 1137 5325 rota
1183 5274 1426 5327 curriculi
1472 5278 1790 5329 incessanter
1819 5278 2043 5343 agimur.

527 5364 671 5416 l‘ude
696 5364 829 5417 bene
856 5364 1103 5416 Salomon
1144 5376 1259 5415 cum
1288 5363 1487 5417 diceret
1516 5380 1529 5415 :
1561 5363 1808 5417 Metuento
1838 5362 2048 5418 Creato-

521 5458 588 5504 ris
619 5453 691 5513 tui
719 5452 769 5503 in
793 5453 962 5505 diebus
979 5454 1255 5521 juventufis
1296 5462 1411 5512 luat,
1458 5461 1723 5517 antequam
1751 5455 1911 5505 veniat
1940 5454 2047 5506 dies

523 5541 799 5607 «minionis
843 5540 1035 5605 (Eccfe.
1066 5540 1179 5607 xu),
1226 5542 1377 5607 paulo
1410 5549 1524 5607 post
1569 5539 1764 5592 addidit
1791 5559 1802 5593 :
1829 5540 1895 5593 Et
1923 5554 2046 5594 con-

525 5629 774 5692 tringatnr
814 5635 927 5681 rota
952 5643 1109 5694 super
1139 5629 1439 5690 cisternam,
1481 5637 1534 5682 et
1560 5636 1852 5682 revertatur
1879 5626 2047 5693 pulvis

526 5728 575 5763 tu
608 5724 796 5765 terram
843 5728 988 5767 suam
1033 5714 1169 5768 unde
1218 5722 1348 5767 crat.
1395 5714 1680 5768 inflammat
1709 5729 1831 5773 ergo
1872 5714 2044 5780 lingua

2207 4651 2288 4704 Ea:
2311 4625 2438 4717 iipso
2463 4662 2546 4698 ore
2572 4643 2788 4711 procedit
2826 4638 3095 4692 benedictio
3124 4647 3170 4687 et
3197 4630 3496 4684 maledictio.
3541 4625 3665 4717 Nais

2138 4712 2359 4803 oportet,
2378 4739 2557 4803 fratres
2580 4730 2695 4792 moi,
2721 4728 2827 4780 hare
2863 4727 2935 4778 ita
2969 4724 3095 4791 ﬁeri.
3150 4718 3389 4785 Nunquid
3440 4718 3556 4783 {ous

2141 4802 2309 4880 eodem
2340 4802 2581 4889 foramine
2617 4826 2812 4870 emanat
2852 4813 3046 4866 dulcem
3080 4820 3127 4865 et
3179 4820 3400 4861 amaram
3445 4802 3673 4872 aqum?

2143 4918 2295 4971 Sicut
2320 4912 2485 4966 dulcis
2510 4919 2562 4964 et
2610 4922 2787 4961 amara
2818 4920 2948 4975 aqua
2979 4920 3077 4957 nou
3121 4912 3334 4970 possunt
3379 4898 3534 4949 simul
3561 4908 3669 4947 una

2142 5007 2208 5060 de
2231 5020 2361 5060 vena
2392 5003 2545 5057 fontis
2574 5000 2816 5065 ebullire,
2846 4998 2936 5051 sed
2957 5005 3009 5047 et
3038 4995 3080 5046 si
3111 4992 3425 5043 misceantur
3455 4987 3504 5037 in
3534 4996 3664 5037 vaso

2143 5098 2224 5151 vel
2256 5096 2503 5157 cisterna,
2528 5089 2693 5145 dulcis
2713 5086 2919 5155 quidem
2946 5096 3065 5135 mox
3086 5077 3361 5133 amarescit
3379 5075 3445 5129 ab
3462 5086 3670 5134 amara,

2143 5199 2314 5239 amara
2360 5192 2533 5236 autem
2581 5193 2645 5234 ex
2692 5174 3002 5229 admistione
3049 5169 3214 5223 dulcis
3252 5170 3306 5221 in
3337 5163 3671 5219 dulcedinem

2145 5275 2307 5330 nescit
2338 5269 2621 5330 immutari,
2654 5268 2722 5318 ita
2750 5259 3041 5315 benedictio
3078 5266 3133 5312 et
3159 5253 3451 5309 maledictio
3480 5251 3529 5301 in
3562 5262 3674 5301 uno

2144 5380 2237 5418 ore
2260 5362 2553 5416 nullatenus
2579 5361 2792 5419 possunt
2814 5350 3129 5408 convenire;
3158 5343 3247 5397 sed
3272 5340 3563 5406 quicunque
3587 5335 3675 5389 sic

2148 5452 2306 5505 Deum
2340 5437 2647 5501 benedicere
2674 5442 2894 5501 orando,
2948 5436 3032 5489 vel
3072 5431 3284 5484 verbum
3336 5425 3449 5494 ejus
3477 5421 3677 5491 pradi-

2147 5541 2314 5595 cando
2341 5534 2632 5596 consuevit,
2661 5537 2719 5583 ut
2746 5529 2901 5582 etiam
2931 5520 3241 5595 maledicere
3284 5516 3520 5568 homines
3558 5514 3670 5565 non

2146 5623 2404 5685 omiserit,
2436 5628 2638 5673 constat
2660 5615 2777 5686 quia
2806 5610 3131 5667 dulcedinem
3161 5601 3533 5658 benedictionis
3554 5598 3675 5665 ejus

2146 5706 2434 5763 amaritudo
2483 5703 2856 5761 malcdictionis
2899 5695 3174 5753 consumit.
3224 5691 3477 5749 Modicum
3530 5686 3672 5739 ιιιὲσιι
