3860 6230
172 460 237 515 29
716 452 945 509 IZXPUS.
988 452 1131 506 su».
1175 446 1542 503 Et‘lSTOL.\S
1583 408 1873 498 minus.
1913 473 1980 483 -
2021 444 2082 496 ι).
2122 443 2349 498 JACUBl
2389 442 2736 500 spissum.
3266 451 3334 506 si.

172 577 456 646 ferrumtum
500 581 653 624 totum
705 585 912 621 mussant
960 565 1224 633 corrumpi:
1267 564 1317 632 (ι
1357 564 1470 617 Cor.
1504 564 1580 627 v).
1629 558 1693 612 Et
1728 563 1778 619 Α
1803 569 2007 627 quenter
2031 571 2222 627 egestas
2246 559 2422 631 (Prov.
2450 562 2581 633 xlv).
2613 563 2759 619 Unde
2785 576 2837 621 et
2860 565 2945 620 hic
2968 580 3169 637 quoque
3189 578 3330 621 recte

173 681 268 718 non
309 674 379 717 est
406 663 617 733 pulchra
645 661 866 713 laudatio
898 660 947 710 in
978 674 1061 708 ore
1085 656 1353 727 peccatoris
1372 654 1553 724 (Ereti.
1581 653 1693 719 xv).

174 754 400 823 Denique
429 755 471 829 si
496 752 653 803 facias
677 749 897 805 ίὶδιυιειιιι
931 748 1052 800 bino
1079 760 1169 799 ore
1198 744 1333 798 unde
1360 757 1492 811 aqua
1516 744 1695 803 intret,

171 844 390 912 simplici
423 844 561 895 unde
599 852 769 903 exeat,
807 848 859 890 et
895 837 945 890 in
992 838 1091 888 hoc
1135 848 1362 886 amaram
1406 846 1613 901 aquam,
1646 831 1697 883 in

176 934 261 985 illo
287 932 488 985 dulcem
519 929 789 989 immittas,
821 927 1015 993 absque
1060 924 1159 977 ulla
1203 922 1468 975 dubietate
1517 918 1603 973 tibi
1633 919 1694 969 ad

178 1034 332 1073 unum
372 1020 543 1071 exitus
574 1016 803 1069 foramen
837 1012 1154 1080 pervenitur,
1201 1010 1445 1079 perutism
1485 1017 1701 1073 utraque

173 1116 225 1162 et
260 1120 434 1159 amara
481 1105 766 1173 apparebit.
818 1101 947 1167 Quia
996 1102 1234 1154 nimirum
1288 1102 1451 1153 multo
1496 1096 1699 1150 facilius

174 1197 323 1251 dulce
353 1199 403 1249 En
434 1210 667 1248 amarum
699 1193 782 1246 ubi
818 1193 1241 1254 commiscentur,
1281 1204 1431 1257 quam
1461 1202 1697 1240 amarum

160 1288 387 1362 vertitur
417 1287 467 1337 in
498 1285 669 1338 dulce.
702 1285 813 1349 Quo
838 1282 1079 1350 exemplo
1102 1280 1357 1348 colligitur
1388 1280 1508 1346 quia
1538 1277 1702 1331 collo-

170 1377 282 1442 quia
327 1375 465 1426 mala
512 1374 645 1427 sicut
692 1386 864 1425 mores
910 1370 1097 1435 bonos,
1146 1379 1278 1423 teste
1320 1368 1588 1438 Apostolo,
1624 1367 1701 1421 sic

169 1464 321 1519 etiam
351 1476 621 1517 sermones
649 1462 831 1524 bonos,
862 1468 1225 1527 corrumpunt.

240 1550 486 1620 Nunquid
518 1557 696 1619 potest,
728 1552 904 1618 fratres
929 1548 1043 1612 mei,
1074 1547 1199 1615 ﬁcus
1225 1548 1377 1600 olivas
1405 1550 1581 1614 facere,
1612 1556 1697 1598 aut

168 1643 274 1697 vitis
295 1642 461 1711 ﬁcus?
485 1648 587 1694 etc.
614 1636 668 1692 In
700 1644 939 1705 promptu
968 1645 1067 1703 est,
1110 1636 1227 1704 quia
1262 1636 1395 1690 sicut
1422 1636 1578 1687 arbor
1605 1650 1698 1687 ne-

168 1733 275 1802 quit
320 1732 520 1785 atnisso
568 1729 791 1784 naturali
821 1728 989 1781 fructu
1035 1728 1247 1780 alterius
1293 1726 1497 1781 arboris
1526 1741 1594 1778 ex
1640 1740 1697 1778 se

169 1822 301 1876 terre
330 1821 581 1882 fructum,
606 1819 674 1873 ita
703 1816 987 1872 maledicus
1013 1826 1065 1872 et
1087 1816 1131 1869 si
1158 1814 1281 1883 quid
1314 1814 1433 1867 boui
1470 1814 1534 1867 ad
1565 1822 1697 1869 tem-

1802 648 2127 717 subjungitnr
2151 667 2163 701 :

1872 740 2017 804 Quod
2039 741 2081 793 si
2110 743 2271 795 zelum
2293 758 2521 797 amarum
2542 743 2751 808 habetis,
2782 755 2829 797 et
2857 746 3191 800 contentiones
3211 755 3329 800 sunt

1799 829 1849 880 in
1880 828 2109 883 cordibus
2144 831 2339 894 vestris,
2386 832 2541 885 nolite
2574 831 2806 900 gloriari,
2836 841 2937 887 etc.
2971 832 3152 886 Zelum
3191 849 3336 888 ama-

1800 932 1913 970 rum
1934 918 2082 982 dicit,
2122 918 2242 987 quia
2273 928 2353 972 est
2382 929 2435 973 et
2478 920 2621 974 zelus
2644 920 2830 986 dulcis,
2857 935 2887 974 a
2931 935 3035 989 quo
3070 930 3123 974 et
3152 922 3333 976 Simon

1799 1010 2066 1076 apostolus
2125 1009 2313 1062 merito
2368 1009 2579 1076 perfecti
2638 1009 2810 1064 cordis
2863 1026 3048 1065 nomen
3110 1014 3332 1077 accepit.

1799 1098 1962 1163 Quem
1992 1109 2046 1152 et
2084 1098 2224 1151 Elias
2255 1098 2454 1163 babuit,
2476 1114 2592 1152 cum
2616 1100 2689 1151 ait
2721 1116 2734 1152 ε
2758 1098 2876 1151 Zeto
2901 1098 3087 1152 zelatus
3113 1116 3222 1151 sum
3244 1116 3334 1166 pro

1804 1186 2015 1239 Domino
2058 1185 2161 1239 Deo
2195 1188 2521 1250 exercituum,
2571 1189 2687 1257 quia
2730 1188 3094 1256 dereliquerunt
3133 1198 3331 1256 pactum

1804 1286 1939 1329 tuum
1971 1278 2063 1341 ﬁlii
2088 1276 2248 1330 Israel
2274 1275 2390 1345 (Ill
2422 1277 2545 1346 Reg.
2577 1276 2708 1345 χιε).
2738 1278 2798 1330 Et
2820 1278 3085 1344 apostolus
3115 1280 3332 1332 Paulus:

1802 1364 2040 1418 /Eutulor
2068 1367 2198 1418 enim
2246 1381 2349 1431 vos,
2395 1365 2581 1434 inquit,
2632 1365 2723 1417 Dei
2768 1365 3192 1435 wnmlationetll
3215 1366 3332 1421 Cor.

1802 1458 1898 1525 st).
1949 1457 2041 1511 Est
2079 1466 2131 1512 et
2159 1458 2293 1510 bona
2338 1457 2619 1522 contentio,
2648 1472 2800 1526 quam
2844 1457 3092 1512 Dominus
3122 1474 3214 1510 nos
3244 1457 3336 1511 lia-

1799 1546 1923 1601 berc
1972 1548 2216 1615 prteccpit
2254 1548 2471 1602 dicens:
2499 1546 2791 1601 Contendite
2838 1548 3025 1601 intrare
3056 1564 3142 1617 per
3175 1564 3335 1615 angu-

1798 1645 1925 1687 stam
1964 1645 2156 1702 portant
2196 1635 2345 1703 (Luc.
2370 1635 2514 1704 xm).
2569 1635 2761 1702 Nolite,
2809 1636 2993 1705 inquit,
3021 1635 3247 1705 gloriari,
3288 1644 3336 1688 et

1800 1726 2057 1779 mendaces
2102 1742 2205 1778 esse
2247 1727 2478 1779 adversus
2521 1727 2790 1782 veritatem.
2830 1727 2959 1791 Quia
2987 1726 3189 1780 Veritas
3227 1728 3334 1791 ipsa

1803 1816 1984 1882 probat
2036 1828 2140 1868 non
2192 1828 2309 1867 esse
2351 1814 2511 1881 gloria
2553 1814 2737 1882 dignos
2786 1829 2878 1867 eos
2933 1817 3018 1882 qui
3060 1815 3329 1881 sapientia:

168 1926 261 1981 pus
302 1911 449 1979 loqui
498 1909 755 1972 videatur,
807 1906 1031 1960 fructum
1081 1904 1458 1959 benedictionis
1505 1903 1697 1957 habere
1731 1885 1775 1943 Β
1802 1902 1957 1956 verba
1984 1911 2287 1970 promentes
2315 1916 2380 1956 ex
2409 1916 2518 1964 ore.
2547 1903 2715 1954 zelum
2757 1916 2992 1955 amarum
3033 1910 3087 1954 et
3118 1913 3333 1954 conten-

170 2002 463 2055 nullatenus
499 1999 658 2052 valet.
688 1999 755 2053 At
776 1998 818 2051 si
847 1998 962 2066 quis
1001 1997 1114 2050 hate
1154 1996 1308 2049 altius
1340 1995 1460 2048 velit
1489 1994 1699 2059 discuti,

170 2099 337 2159 potest
380 2090 431 2143 in
464 2090 586 2151 ficu,
614 2091 761 2158 cujus
790 2086 928 2142 foliis
959 2094 1352 2155 prctoparentes
1392 2085 1553 2138 noStri
1587 2092 1701 2152 post

167 2182 479 2249 agnitionem
513 2177 951 2247 praevaricationis
1012 2192 1107 2231 sua
1152 2176 1387 2245 pudenda
1439 2182 1698 2233 texerunt,

168 2272 513 2323 velamentum
535 2268 884 2323 excusationis
905 2264 1140 2334 intelligi,
1164 2278 1267 2332 quo
1295 2273 1348 2318 et
1369 2262 1463 2331 ipsi
1488 2271 1607 2314 tunc
1624 2260 1701 2313 in-

166 2361 521 2429 crepationem
560 2357 824 2413 Creatoris
868 2371 898 2410 a
930 2370 989 2411 se
1035 2356 1288 2422 repellere
1334 2361 1387 2406 et
1432 2350 1483 2405 in
1531 2349 1699 2416 ipsum

167 2448 467 2502 Creatorem
500 2445 823 2499 conabantur
865 2442 1162 2507 refundere,
1208 2450 1259 2493 et
1288 2454 1428 2493 nunc
1468 2438 1700 2506 plerique

168 2538 442 2591 stultorum
474 2549 571 2588 cor
598 2547 749 2588 suum
777 2532 1036 2587 declinant
1070 2531 1119 2583 in
1150 2531 1364 2583 verbum
1392 2527 1607 2591 malum,
1635 2527 1702 2578 ad

164 2628 471 2681 excusandas
494 2624 838 2677 excusationes
857 2623 909 2674 in
930 2622 1142 2691 peccatis
1164 2618 1328 2689 (Psal.
1350 2618 1493 2685 CXL).
1529 2616 1706 2669 Potest

167 2718 214 2769 in
255 2714 411 2768 olivis
456 2716 655 2767 fructus
696 2711 1094 2774 misericordia,
1145 2711 1195 2762 in
1238 2709 1343 2761 vite
1370 2707 1542 2761 fervor
1567 2705 1702 2759 dile-

168 2807 354 2863 ctionis
382 2807 570 2874 accipi.
616 2804 725 2874 Ego
763 2812 925 2855 autem
953 2797 1165 2875 (inquit)
1212 2800 1341 2852 sicut
1362 2799 1491 2851 oliva
1527 2796 1703 2867 fructi-

168 2903 271 2972 fera
297 2897 349 2951 in
378 2897 528 2950 domo
561 2893 786 2961 Domini,
816 2893 1011 2959 speravi
1041 2892 1092 2943 in
1121 2888 1466 2943 misericordia
1500 2886 1588 2939 Dei
1610 2886 1704 2937 mel
1730 2954 1731 2957 η

169 2986 330 3055 (ρωι.
359 2982 459 3055 ιι),
488 2983 540 3037 id
569 2989 670 3045 est,
714 2981 850 3037 sicut
876 2980 920 3033 is
958 2980 1044 3047 qui
1071 2982 1293 3033 fructum
1330 2973 1705 3030 misericordia:

170 3079 303 3142 facit,
338 3073 752 3129 misericordiam
794 3071 905 3139 ipse
939 3085 972 3123 a
1021 3069 1243 3123 Domino
1290 3067 1515 3136 speravi.
1553 3066 1705 3119 Item-

169 3162 375 3233 que:Et
403 3163 656 3231 poculum,
686 3160 871 3228 inquit,
891 3167 1031 3210 tuum
1057 3156 1307 3209 inebrians
1330 3170 1476 3223 quam
1503 3154 1705 3223 pracla-

1804 1994 1961 2047 tionis
1995 1992 2325 2045 infructuosa:
2352 1991 2583 2045 studium
2613 1997 2815 2060 gestant
2848 1992 2897 2044 in
2924 1990 3102 2045 corde.

1871 2081 1989 2134 Non
2039 2091 2111 2134 est
2164 2080 2260 2132 ista
2297 2080 2545 2147 sapientia
2579 2080 2839 2132 desursum
2888 2080 3204 2143 descendens,
3252 2078 3336 2132 sed

1801 2183 2014 2231 terrena,
2039 2170 2291 2232 animalis,
2320 2168 2589 2222 diabolica.
2622 2167 2685 2220 Et
2715 2168 2901 2221 Paulus
2920 2168 3045 2221 dicit
3074 2168 3187 2233 quia
3216 2168 3332 2218 ani-

1800 2258 1949 2310 malis
1979 2257 2125 2308 Itonto
2151 2271 2247 2307 non
2270 2256 2476 2324 percipit
2498 2271 2557 2307 ea
2584 2270 2696 2322 qua
2718 2264 2831 2307 sunt
2858 2256 3061 2323 spiritus
3092 2255 3201 2308 Dei.
3233 2254 3336 2307 No-

1800 2345 2012 2399 tandum
2050 2354 2227 2399 autem
2268 2345 2404 2415 quod
2447 2344 2685 2399 animalis
2732 2345 2907 2409 homo,
2953 2347 3064 2398 sive
3104 2345 3340 2398 animalis

1802 2434 2077 2502 sapientia,
2112 2449 2212 2488 non
2243 2434 2307 2487 ab
2333 2433 2566 2499 animali,
2614 2433 2704 2487 sed
2746 2434 2813 2487 ab
2849 2434 3021 2486 anima
3051 2432 3338 2498 derivatur,

1807 2530 1939 2577 teSte
1970 2523 2240 2589 Apostolo,
2271 2523 2387 2590 quia
2420 2525 2584 2589 [actus
2614 2529 2685 2572 est
2707 2521 2895 2588 primus
2925 2521 3068 2572 homo
3096 2522 3253 2572 Adam
3287 2520 3339 2572 in

1800 2610 2020 2663 animam
2046 2609 2301 2671 viventem,
2328 2608 2617 2660 novissimus
2647 2608 2808 2659 Adam
2828 2608 2878 2659 in
2909 2608 3153 2675 Spiritum
3180 2609 3337 2675 viviﬁ-

1803 2708 1994 2750 cantem
2023 2695 2075 2766 (I
2106 2694 2221 2749 Cor.
2251 2697 2362 2766 xv).
2392 2695 2495 2750 Sed
2522 2709 2622 2750 non
2654 2696 2792 2763 prius
2818 2697 2951 2764 quod
2984 2695 3213 2763 spiritale
3237 2705 3337 2759 est,

1803 2786 1895 2840 sed
1925 2786 2060 2853 quod
2092 2786 2340 2838 animale.
2374 2786 2520 2851 Quod
2550 2788 2614 2839 ah
2641 2785 2811 2838 anima
2839 2784 3127 2837 derivatum
3154 2782 3335 2838 Grmce

1812 2884 2033 2931 testatur
2078 2876 2381 2942 auctoritas,
2429 2879 2477 2928 in
2525 2890 2622 2944 qua
2668 2875 2904 2927 videlicet
2963 2874 3135 2941 lingua
3188 2874 3338 2943 ψυχή

1808 2966 2017 3034 anima,
2070 2966 2294 3036 ψυχικὸν
2350 2965 2539 3019 dicitur
2583 2964 2827 3018 animale.
2887 2962 3047 3016 Porro
3103 2963 3370 3015 animalia

1803 3058 2040 3126 quamvis
2088 3057 2270 3109 Latine
2302 3056 2367 3109 ab
2396 3057 2569 3109 anima
2610 3054 2920 3108 vocabulum
2965 3053 3229 3119 accepisse
3271 3052 3343 3103 vi-

1806 3146 2245 3211 deantur,rlouge
2278 3144 2541 3197 diversam
2589 3145 2769 3195 Crwce
2813 3158 2873 3195 ac
2902 3142 3206 3195 dissimilem
3254 3142 3342 3192 ha-

170 3220 273 3305 rum
298 3260 370 3306 est
402 3220 575 3321 lPsal.
607 3220 735 3318 sint)
793 3220 944 3314 Quod
988 3248 1053 3301 de
1097 3220 1352 3300 cbaritate
1380 3245 1469 3297 Dei
1495 3220 1702 3297 constat
1727 3220 1773 3281 ε
1806 3239 1931 3293 bent
1975 3232 2359 3305 etymologiam.
2393 3232 2625 3299 Namque
2662 3230 2726 3284 ab
2764 3245 2828 3285 eo
2859 3230 2996 3299 quod
3028 3229 3200 3280 vivant
3242 3243 3341 3279 no-

168 3347 377 3405 dictum,
407 3358 523 3413 qua:
548 3340 735 3408 di/fusa
766 3349 835 3391 est
874 3340 924 3390 in
958 3338 1190 3390 cordibus
1217 3336 1401 3389 nostris
1427 3349 1515 3404 per
1542 3333 1707 3402 Spiri-

170 3449 267 3489 tum
288 3446 521 3490 sanctum
549 3432 635 3501 qui
661 3430 806 3483 datus
838 3436 912 3483 est
939 3428 1077 3481 nobis
1099 3426 1271 3497 (llam.
1296 3425 1369 3493 v).
1396 3424 1508 3477 Non
1538 3432 1708 3492 potest

174 3544 291 3599 ergo
322 3528 453 3579 licus
482 3524 648 3577 olivas
678 3520 869 3583 facere,
904 3519 1021 3588 quia
1046 3519 1339 3586 quicunque
1363 3531 1420 3569 se
1445 3514 1494 3567 in
1523 3528 1709 3582 pecca-

172 3620 233 3671 tis
260 3630 520 3671 excusare
575 3614 744 3679 potius
790 3626 944 3679 quam
992 3622 1240 3662 accusare
1267 3607 1469 3670 nititur,
1513 3617 1707 3672 nequa-

174 3722 321 3777 quam
346 3720 510 3775 opera
546 3702 756 3774 pietatis
784 3716 899 3772 qua:
925 3714 1017 3768 pro
1044 3698 1273 3767 peccatis
1302 3699 1432 3749 Iiuut
1453 3696 1503 3748 in
1528 3692 1704 3762 prosi-

175 3810 281 3849 mos
335 3795 591 3865 perfecto,
632 3794 720 3847 sed
768 3791 934 3859 magis
978 3789 1203 3857 superbo
1247 3785 1408 3839 corde
1463 3784 1701 3851 largitur.

173 3888 345 3958 Neque
374 3885 493 3938 vitis
523 3884 671 3947 licus,
703 3883 822 3951 quia
851 3883 936 3949 qui
966 3880 1137 3934 divina
1174 3878 1454 3932 dilectione
1495 3890 1552 3929 se
1584 3888 1706 3942 per-

175 3975 299 4029 fecte
336 3974 582 4038 inebriat,
631 3970 828 4025 nullum
866 3970 972 4038 jam
1023 3968 1088 4021 de
1133 3966 1239 4020 suis
1267 3964 1555 4031 erroribus,
1608 3962 1707 4015 nisi

173 4069 394 4134 teipsutn
428 4073 659 4118 accusat.

236 4156 358 4220 Quis
402 4156 601 4221 sapiens
650 4162 695 4207 et
724 4151 1075 4219 disciplinatus
1107 4148 1234 4201 inter
1269 4161 1353 4199 vos
1390 4144 1618 4197 ostendat
1646 4158 1708 4194 ea:

174 4250 295 4299 bona
313 4246 683 4299 conversatione
718 4243 1054 4312 operationem
1081 4256 1223 4295 suout
1248 4240 1299 4291 in
1330 4235 1707 4291 mansuetudine

176 4336 444 4403 sapientia.
467 4332 595 4397 Quia
632 4331 884 4399 improbis
911 4331 1209 4384 doctoribus
1241 4326 1506 4383 silentium
1542 4330 1709 4393 impoo

177 4433 368 4488 suerat,
418 4436 616 4491 eosque
661 4417 943 4489 magisterii
990 4418 1209 4487 gradum
1242 4426 1419 4471 tenere
1447 4423 1704 4478 vetuerat,

181 4530 304 4583 tinos
334 4530 434 4570 nec
458 4513 576 4568 vita:
605 4513 971 4582 perfectionem
1000 4526 1095 4564 nec
1122 4502 1490 4563 continentiam
1517 4508 1704 4577 linguae

180 4607 366 4660 habere
410 4604 677 4670 cernebat,
723 4608 1100 4669 consequenter
1129 4597 1375 4653 admonet
1418 4606 1474 4651 ut
1520 4598 1563 4650 si
1596 4599 1710 4667 quis

182 4698 309 4751 inter
348 4710 441 4751 eos
470 4694 683 4763 sapiens
722 4701 776 4748 et
817 4692 1202 4760 disciplinatus,
1251 4693 1334 4745 vel
1383 4693 1451 4745 sit
1482 4692 1562 4745 vel
1610 4690 1711 4744 sibi

182 4802 294 4843 esse
320 4790 579 4851 videatur,
627 4788 790 4855 magis
828 4787 1092 4855 sapienter
1138 4787 1249 4855 ipse
1286 4799 1348 4837 ac
1376 4785 1711 4852 disciplinate

182 4877 397 4930 vivendo
424 4877 777 4930 eruditionem
801 4892 973 4941 suam,
995 4893 1147 4944 quam
1176 4876 1305 4929 alios
1329 4874 1589 4939 docendo,
1620 4874 1711 4927 de-

184 4977 450 5021 monstret.
483 4965 579 5033 Qui
610 4966 749 5020 enim
800 4974 1072 5019 mansueto
1100 4966 1259 5018 corde
1305 4974 1360 5018 et
1402 4979 1495 5019 ore
1523 4978 1712 5017 sereno
1772 4992 1776 4997 -

183 5051 308 5106 bona
337 5068 453 5121 qua:
482 5055 617 5109 valet
666 5065 936 5125 operatur,
986 5054 1199 5107 evidens
1232 5054 1408 5121 utique
1436 5052 1525 5105 dat
1553 5053 1591 5123 -ι-
1618 5051 1713 5107 bo-

189 5146 334 5200 miuis
363 5146 619 5213 sapientis
648 5149 919 5204 indicium.
950 5146 1262 5215 Principium
1288 5148 1417 5197 enim
1456 5145 1713 5213 sapientia:

194 5240 329 5291 timor
360 5238 562 5293 Domini
591 5239 761 5311 (Psat.
789 5241 899 5309 cs).
938 5242 1036 5309 Qui
1068 5255 1193 5293 vero
1221 5238 1285 5291 ad
1328 5236 1710 5306 praadicandum

196 5327 395 5382 verbum
424 5346 580 5398 quam
625 5330 690 5383 ad
728 5329 1021 5385 faciendum
1053 5329 1326 5398 proclivior
1348 5338 1449 5391 est,
1486 5327 1713 5394 plerum-

194 5430 286 5483 que
312 5432 401 5485 per
430 5434 661 5473 amorem
706 5419 991 5487 jactantite,
1031 5435 1123 5486 per
1169 5417 1396 5473 studium
1425 5416 1714 5484 contentio-

196 5506 289 5569 nis,
343 5522 433 5575 per
484 5510 791 5576 eloquentia;
847 5507 1169 5571 facilitatem,
1228 5524 1321 5576 per
1377 5507 1713 5561 invidentiam

197 5592 405 5647 aliorum
432 5596 761 5663 docentium,
787 5612 877 5667 per
901 5597 1244 5665 ignorantiam
1272 5597 1546 5650 catholica:
1577 5596 1715 5648 veri-

201 5688 327 5749 Istis,
348 5688 575 5742 stultitiae
599 5699 799 5745 reatum
832 5690 1074 5746 incurrit.
1102 5689 1197 5742 Cui
1228 5690 1361 5743 bene
1386 5689 1621 5756 congruit
1654 5689 1713 5739 il-

198 5775 276 5831 Ιυιι
297 5777 619 5839 Salomonis:
645 5779 773 5849 Quia
803 5783 886 5839 ubi
930 5790 1041 5838 sunt
1080 5780 1223 5836 rurba
1252 5779 1487 5849 plurima,
1518 5780 1583 5832 ibi
1612 5779 1710 5845 {re-

1808 3342 1927 3381 men
1968 3325 2278 3378 sortiuntur.
2335 3322 2603 3390 Siquidem
2651 3320 2786 3388 apud
2816 3334 2908 3373 eos
2953 3323 3055 3383 ζωὴ
3083 3318 3200 3382 vita,
3240 3322 3342 3382 ζῶα

1808 3425 2058 3471 vocantur
2083 3399 2345 3468 animalia.
2377 3412 2508 3465 Cum
2536 3424 2661 3479 ergo
2687 3410 2965 3477 Apostolus
3009 3412 3059 3460 in
3092 3409 3338 3474 Epistolis

1806 3511 1915 3564 suis
1958 3507 2250 3575 sepissime
2290 3503 2522 3559 nominet
2549 3488 2810 3555 carnalem
2844 3498 3131 3565 hominem,
3169 3497 3339 3553 nomi-

1809 3610 1896 3653 net
1937 3597 2237 3661 animalem,
2296 3594 2527 3647 nominet
2568 3589 2874 3658 spiritalem,
2925 3586 3209 3655 spiritalem
3256 3586 3335 3637 vel

1807 3690 1975 3758 ipsum
2010 3690 2281 3741 Dominum
2311 3685 2457 3751 dicit,
2487 3684 2593 3753 qui,
2627 3683 2676 3735 in
2706 3695 2863 3733 carne
2890 3687 2942 3733 et
2971 3677 3141 3731 anima
3181 3690 3338 3742 appa—

1807 3792 1950 3844 rens,
1979 3776 2177 3846 Spiritu
2221 3782 2404 3828 sancto
2431 3774 2613 3842 plenus
2641 3770 2856 3835 exstitit,
2886 3767 2968 3821 vel
2998 3781 3203 3819 omnem
3231 3764 3336 3817 ele-

1805 3882 1969 3935 ctum,
2004 3866 2113 3935 qui,
2144 3867 2195 3919 in
2220 3878 2378 3918 carne
2404 3872 2456 3917 et
2494 3861 2665 3915 anima
2695 3857 2997 3914 naturaliter
3023 3856 3332 3918 consistens,

1807 3961 2027 4029 gratiam
2051 3972 2259 4027 quoque
2284 3955 2505 4024 Spiritus
2532 3953 2694 4007 sancti
2720 3950 3000 4004 secundum
3042 3960 3333 4001 mensuram

1808 4047 2099 4101 donationis
2138 4047 2368 4109 Christi,
2409 4060 2507 4111 qua
2548 4043 2852 4102 illustretur,
2890 4039 3105 4105 accepit.
3149 4037 3335 4088 Carna-

1806 4141 1906 4194 lent
1938 4152 2061 4192 vero
2096 4136 2180 4188 vel
2222 4134 2496 4187 animalem
2544 4133 2770 4200 appellat
2799 4129 3082 4189 hominem,
3113 4126 3221 4191 qui,
3269 4124 3335 4175 nil

1810 4216 1989 4304 gratia:
2032 4228 2276 4298 spiritalis
2306 4227 2518 4290 habens,
2549 4238 2609 4277 ca
2641 4220 2998 4275 tantummodo
3044 4232 3161 4285 qua:
3190 4226 3337 4266 naltt-

1808 4302 1984 4375 raliter
2011 4317 2181 4371 carnis
2216 4316 2325 4368 sive
2352 4314 2533 4367 anima.-
2576 4310 2817 4365 sensibus
2858 4309 3008 4362 insita
3045 4312 3168 4357 sunt
3195 4302 3336 4369 cosi-

1810 4422 1920 4464 tare
1948 4410 2027 4463 vel
2065 4407 2237 4460 facere
2264 4406 2425 4458 novit.
2451 4402 2633 4456 Merito
2678 4414 2802 4468 ergo
2829 4396 3150 4452 contentiosa
3183 4401 3235 4444 et
3258 4405 3345 4442 su—

1816 4499 1975 4568 perba
2020 4495 2271 4564 sapientia
2301 4506 2418 4546 esse
2446 4501 2671 4552 terrena,
2723 4486 2958 4540 animalis
2996 4494 3048 4537 ct
3087 4479 3365 4549 diabolica.

1815 4596 2177 4649 memoratur,
2240 4582 2361 4651 quia
2406 4581 2529 4634 dum
2579 4590 2837 4632 terrenam
2902 4574 3116 4641 gloriam
3170 4572 3343 4622 anima

1811 4680 2014 4750 quzcrit,
2069 4678 2211 4740 dum,
2264 4684 2459 4740 expers
2511 4668 2692 4738 gratia:
2747 4662 3013 4734 spiritalis,
3068 4652 3344 4714 remanens

1810 4744 1942 4832 sola,
1989 4744 2049 4819 ca
2088 4778 2205 4833 quat
2252 4761 2350 4814 sibi
2402 4756 2709 4813 naturaliter
2760 4762 2877 4822 post
2924 4760 3123 4805 reatum
3160 4744 3354 4814 primte

1811 4836 2251 4921 prtevariCationis
2293 4857 2416 4902 sunt
2457 4847 2615 4900 insita
2663 4843 2874 4912 cogitat,
2897 4840 3014 4909 jure
3041 4854 3070 4890 a
3114 4835 3343 4901 maligno

1810 4946 1987 4999 delusa
2017 4943 2227 5009 spiritu.
2258 4938 2321 4993 ad
2354 4935 2551 5006 agenda
2579 4947 2636 4985 se
2656 4931 2740 4983 illa
2768 4944 2883 4997 qua:
2924 4935 3044 4980 sunt
3067 4935 3256 4975 vesana
3290 4927 3345 4974 et

1810 5036 1963 5090 noxia
1992 5036 2274 5089 convertit.

1882 5146 1980 5200 Ubi
2023 5145 2154 5196 enim
2201 5140 2337 5193 zelus
2388 5147 2435 5191 et
2482 5132 2763 5193 contentio,
2813 5127 2881 5181 ibi
2920 5118 3254 5179 inconstantia
3289 5124 3342 5168 et

1810 5247 1953 5286 omne
1981 5247 2105 5298 apns
2137 5244 2357 5297 pravum.
2391 5223 2562 5286 Omni,
2601 5216 2785 5288 inquit,
2817 5213 3040 5268 custodia
3072 5220 3211 5260 serva
3258 5219 3346 5257 cor

1811 5334 1968 5385 tuum,
2014 5296 2253 5388 quoniam
2304 5332 2364 5370 ea:
2408 5317 2516 5382 ipso
2562 5314 2661 5365 vita
2702 5304 2942 5378 procedit.
2981 5299 3155 5366 Qualis
3208 5296 3345 5350 enim

1810 5411 1982 5469 cordis
2017 5386 2098 5464 est
2135 5411 2313 5472 radix,
2358 5409 2477 5462 talis
2524 5406 2575 5458 in
2604 5410 2885 5467 conSpectu
2928 5391 3115 5446 interni
3142 5386 3345 5442 arbitrii

1812 5512 1890 5559 est
1918 5503 2088 5553 omnis
2133 5499 2333 5555 fructus
2382 5497 2619 5551 actionis.
2656 5494 2715 5545 Et
2754 5488 2841 5557 qui
2894 5483 3148 5552 nequitias
3183 5476 3346 5535 cordo

1813 5592 1990 5649 livoris
2024 5592 2104 5643 vel
2150 5588 2500 5642 contentionis
2548 5580 2795 5648 conlegit,
2830 5580 2980 5641 hujus
3016 5580 3094 5623 est
3128 5578 3343 5636 pravum

1813 5698 1968 5738 omne
2016 5693 2171 5748 opus,
2221 5678 2603 5745 quantumlibet
2651 5681 2847 5726 rectum
2898 5658 3192 5717 hominibus
3228 5666 3346 5748 «to

1812 5772 2088 5834 videatur,
2147 5770 2392 5823 videlicet
2443 5776 2653 5837 propter
2705 5754 3098 5817 inconstantiam
3155 5742 3349 5803 mentis
