3860 6230
440 452 499 508 3|
861 450 1059 504 BED.-E
1101 448 1538 503 VENERABILIS
1577 449 1723 502 UPP.
1766 444 1938 501 PARS
1978 442 2038 495 Il.
2074 442 2261 501 SECT.
2304 448 2341 502 Ι.
2394 479 2459 490 -—
2490 450 2879 507 EXEGETICA
2916 451 3229 512 GENUINA.
3558 465 3640 517 32

442 567 544 615 ltuc
570 562 798 629 illucque
843 559 1165 624 ﬂuctuantis,
1213 560 1334 629 quia
1366 574 1424 612 se
1469 559 1531 611 ad
1560 570 1729 611 ’uuam
1767 570 1981 624 superni
2010 558 2056 610 Δ
2089 556 2215 618 brts,
2246 573 2363 612 cum
2395 560 2458 614 ad
2487 576 2544 614 ea
2571 579 2686 631 qua:
2734 580 2880 619 mens
2928 568 3162 636 improba
3191 585 3351 638 prave
3380 579 3639 645 suggerit,

445 657 658 710 intuitus
705 654 984 707 anchoratn
1034 652 1193 720 ﬁgere
1249 652 1502 719 neglexit.

522 745 647 807 Quae
668 754 830 796 autem
855 744 1115 795 desursum
1143 750 1213 794 est
1242 742 1510 809 sapientia,
1550 741 1766 809 primum
1788 740 1993 809 quidem

444 834 627 903 pudica
657 843 748 895 est,
783 832 965 883 deinde
996 832 1229 896 paci/ica,
1261 830 1502 894 modesta,
1540 830 1826 893 suadibitis,
1851 830 1993 882 bonis

451 925 787 977 consentiens.
842 922 962 974 Hcec
1001 930 1080 974 est
1130 919 1471 972 mansuetudo
1510 920 1799 986 sapientim,
1837 934 1992 986 quam

452 1014 691 1078 superius
723 1010 1014 1064 habendam
1040 1024 1157 1063 esse
1190 1009 1612 1077 praecepitpzclo
1644 1009 1821 1077 utique
1848 1023 1992 1061 ama-

449 1100 691 1153 ritudinis
718 1110 771 1151 et
797 1099 1167 1161 contentionis,
1198 1100 1369 1151 stultis
1393 1099 1630 1160 adversa,
1660 1113 1758 1165 qua
1784 1108 1994 1150 sancto-

453 1194 567 1243 rum
600 1191 994 1257 przedicatorum
1020 1190 1182 1242 virtus
1232 1200 1282 1243 et
1308 1190 1543 1242 doctrina
1575 1191 1799 1243 vicissim
1822 1190 1919 1243 sibi
1949 1191 1996 1243 in

451 1280 722 1331 cltaritatis
766 1287 922 1347 atque
966 1279 1256 1332 concordiae
1299 1296 1421 1346 pace
1446 1280 1727 1334 sociantur.
1748 1280 1995 1347 Primum,

454 1368 643 1437 inquit,
668 1369 853 1437 pudica
877 1380 969 1432 est,
999 1370 1179 1423 deinde
1203 1371 1440 1439 paciﬁca.
1472 1371 1686 1436 Pudica,
1731 1371 1995 1437 videlicet,

453 1461 573 1524 quia
597 1469 737 1510 caste
760 1459 1037 1527 intelligit;
1069 1462 1283 1526 paciﬁca
1312 1470 1507 1526 autem,
1537 1462 1657 1528 quia
1696 1476 1786 1529 per
1810 1458 1999 1515 elatio-

458 1562 578 1600 nem
628 1562 685 1600 se
729 1549 940 1603 minime
969 1564 997 1602 a
1043 1552 1401 1617 proximorum
1442 1552 1693 1605 societate
1730 1550 1999 1620 disjungit.

459 1636 691 1690 Modesta
742 1654 884 1703 vero,
938 1640 1231 1707 suadibilis,
1283 1643 1434 1696 bonis
1482 1644 1836 1708 consentiens,
1881 1644 2001 1711 quia

464 1726 708 1780 nimirum
737 1728 988 1794 sapientis
1032 1738 1113 1783 est
1162 1731 1418 1783 bonorum
1462 1732 1693 1784 suasioni
1732 1745 2002 1783 assensum

464 1816 719 1883 νιωυετθ,
754 1818 1016 1884 quomodo
1047 1818 1235 1873 Petrus
1262 1820 1595 1887 redarguenti
1619 1835 1679 1874 se
1707 1820 1859 1888 paulo
1881 1835 2005 1873 con-

2094 662 2298 710 manus,
2330 651 2410 703 vel
2436 652 2627 719 lingua,
2662 653 2743 706 vel
2770 663 3081 709 caeterorum
3108 659 3467 717 membrorum
3498 680 3639 719 con-

2093 751 2276 791 sensus
2308 740 2713 807 intemperanter
2757 744 2954 798 obedit.
2995 745 3067 801 De
3108 763 3210 815 quo
3246 760 3298 803 et
3346 753 3396 804 in
3451 756 3641 820 primis

2096 826 2247 893 hujus
2278 828 2522 895 Epistolas
2554 832 2782 895 partibus
2825 834 2895 887 ait
2925 852 2937 886 :
2968 834 3321 906 Unusquisque
3367 858 3484 895 vero
3526 854 3641 897 ten-

2096 927 2227 970 tatur
2248 936 2278 969 a
2307 922 2703 985 concupiscentia
2738 939 2850 985 sua,
2879 925 3176 993 abstractus,
3206 939 3251 982 et
3282 931 3502 995 illectus,
3530 943 3641 989 etc.

2098 1007 2320 1063 Possunt
2345 1020 2517 1065 autem
2555 1016 2994 1082 concupiscentiae
3019 1027 3070 1070 et
3112 1022 3439 1074 terrestrium
3474 1024 3645 1079 bono-

2098 1117 2211 1155 rum
2255 1101 2304 1155 in
2336 1102 2434 1156 hoc
2468 1104 2580 1158 loco
2618 1104 2771 1158 dicta:
2803 1106 3040 1177 intelligi,
3089 1111 3234 1177 regni
3265 1111 3513 1167 videlicet
3541 1128 3645 1182 ap-

2098 1190 2310 1255 petitus,
2343 1191 2660 1256 divitiarum,
2710 1194 2985 1260 honorum,
3028 1196 3361 1265 dignitatum.
3412 1201 3641 1269 PrOpter

2099 1280 2209 1332 lnec
2251 1280 2388 1333 enim
2435 1291 2485 1335 et
2532 1281 2825 1348 bujusmodi
2859 1287 3148 1352 innumera,
3181 1288 3302 1343 lites
3325 1287 3646 1359 frequenter

2100 1366 2234 1418 inter
2262 1366 2425 1418 malos
2452 1374 2505 1420 et
2534 1367 2665 1420 bella
2694 1371 3101 1425 committuntur.

2170 1453 2403 1523 Litigatis
2429 1464 2472 1507 et
2504 1456 2823 1523 belligeratis,
2845 1468 2891 1512 et
2930 1475 3029 1512 non
3062 1460 3250 1513 habetis
3285 1472 3488 1530 propter
3508 1469 3644 1527 quod

2102 1559 2199 1594 non
2244 1544 2523 1609 postulatis.
2559 1544 2812 1613 Litigatis,
2860 1548 3046 1615 inquit,
3093 1559 3146 1602 et
3193 1550 3519 1619 belligeratis
3552 1566 3654 1618 pro

2106 1634 2381 1700 temporali
2409 1633 2609 1688 scilicet
2651 1636 2836 1702 gloria,
2868 1652 3035 1705 neque
3065 1638 3197 1692 hanc
3237 1639 3473 1694 obtinere
3504 1643 3654 1695 vale—

2107 1724 2192 1786 tis,
2230 1733 2444 1791 propter
2474 1724 2575 1778 hoc
2618 1726 2883 1789 nimirum,
2912 1727 3029 1795 quia
3059 1727 3335 1782 Dominum
3377 1731 3655 1798 postulare

2108 1828 2211 1866 non
2241 1815 2483 1879 curastis,
2517 1823 2573 1867 ut
2599 1815 2708 1882 ipse
2738 1816 2883 1871 vobis
2912 1817 3158 1873 salutaria
3180 1834 3401 1888 quasque
3430 1822 3656 1875 confer-

460 1906 590 1956 eitus
636 1907 838 1971 annuit,
886 1908 1238 1975 improborum
1288 1924 1413 1962 vero
1444 1910 1737 1964 doctrinam
1780 1920 1884 1965 tota
1930 1912 2007 1965 iu-
2038 1890 2084 1948 Β
2114 1916 2207 1958 I‘el-
2258 1906 2312 1960 Si
2360 1907 2497 1961 enim
2545 1906 2688 1960 illum
2744 1907 2829 1976 pia
2874 1908 3161 1964 inlenlione
3201 1913 3560 1977 postularetis,
3601 1923 3663 1967 et

465 1996 714 2059 tentione,
750 1997 829 2049 vel
866 1998 1123 2063 docendo,
1149 1999 1229 2053 vel
1262 2000 1483 2054 vivendo
1513 2002 1794 2070 repellere.

536 2082 699 2137 Plena
728 2088 1069 2140 misericordia
1118 2098 1164 2141 et
1206 2090 1451 2158 fructibus
1480 2091 1639 2144 bonis.
1683 2092 1746 2145 Et
1795 2094 1905 2146 [me
1933 2102 2015 2145 est

458 2171 601 2245 [bona
628 2176 982 2239 conversatio,
1011 2190 1164 2244 quam
1196 2190 1353 2244 Supra
1386 2180 1674 2245 sapientem
1706 2189 1759 2233 et
1782 2180 2015 2247 discipli—

469 2269 646 2313 natum
692 2263 969 2318 ostendere
1018 2266 1236 2329 monuit,
1288 2268 1708 2331 misericordem,
1751 2269 2011 2337 videlicet,

467 2351 649 2403 animo
689 2366 827 2414 esse,
866 2364 917 2405 et
946 2353 1182 2420 ejusdem
1216 2355 1586 2409 misericordiae
1630 2357 1827 2412 fructus
1866 2367 2015 2413 exte-

468 2440 579 2493 rius
604 2456 694 2508 per
724 2442 933 2510 pietatis
960 2458 1115 2511 opera
1145 2454 1457 2498 monstrare.

540 2532 787 2585 Judicans
807 2534 911 2586 sine
939 2536 1274 2589 simulatione.
1304 2536 1409 2589 Hac
1434 2537 1620 2590 virtute
1650 2546 1899 2605 quantum
1924 2554 2017 2607 pu-

474 2624 589 2675 dica
648 2625 906 2692 sapientia
959 2627 1169 2692 proprie
1220 2627 1403 2693 utitur,
1448 2636 1645 2680 tantum
1694 2630 2017 2682 contentiosa

475 2728 686 2780 prorsus
716 2725 859 2767 caret
888 2722 938 2767 et
982 2715 1303 2779 blasphema.
1354 2717 1481 2769 Nam
1511 2719 1594 2786 qui
1644 2732 1700 2772 se
1729 2718 2015 2773 doctiorem

471 2804 782 2871 exterisque
816 2805 1182 2873 peri'ectiorem
1224 2806 1392 2861 videri
1422 2809 1639 2876 appetit,
1675 2809 1895 2861 multum
1929 2825 2019 2862 ne-

473 2911 622 2951 cesse
667 2907 745 2951 est
787 2897 1007 2961 laboret,
1041 2907 1093 2950 ut
1141 2909 1193 2952 et
1222 2900 1514 2965 proximum
1546 2899 1690 2968 quasi
1720 2899 2020 2966 impruden-

474 2984 658 3038 tioretn
686 2986 837 3039 docte
868 2990 1031 3054 possit
1055 2988 1309 3051 lacerare,
1341 2999 1395 3041 et
1418 3004 1475 3042 se
1506 3005 1769 3054 nunquam
1799 2991 1959 3043 etiam
1990 3006 2017 3043 a

474 3073 662 3136 quibus
706 3075 907 3125 alienus
951 3084 1029 3128 est
1079 3075 1211 3128 bona
1244 3073 1450 3143 fecisse,
1483 3078 1561 3132 vel
1612 3078 1807 3133 dixisse
1851 3081 2017 3134 simu-

475 3163 631 3216 lando
659 3165 962 3229 prmtrndal.

551 3251 763 3306 Fructus
808 3264 971 3307 autem
1003 3257 1213 3323 justititc
1243 3258 1294 3308 in
1341 3272 1461 3323 pace
1502 3258 1771 3311 seminatur
1792 3260 2020 3326 facienti-

474 3344 564 3394 bus
590 3360 779 3411 pacem.
809 3342 976 3397 Omne
1010 3347 1143 3410 quod
1176 3346 1223 3397 itt
1250 3346 1348 3399 hac
1380 3350 1479 3399 vita
1510 3347 1710 3415 agimus
1737 3363 1918 3402 semen
1942 3357 2024 3401 est

478 3436 663 3488 futura:
706 3436 1086 3497 retributionis,
1121 3438 1229 3504 ipsa
1285 3450 1459 3491 autem
1508 3439 1782 3492 retributio
1821 3440 2021 3493 fructus

476 3532 557 3575 cst
594 3538 810 3587 cperum
860 3526 1218 3589 praesentium,
1271 3536 1403 3579 teste
1450 3527 1723 3592 Apostolo,
1771 3528 1856 3593 qui
1906 3528 2020 3579 ait:

479 3614 797 3677 Quwcunque
823 3616 952 3667 enim
1000 3617 1311 3668 seminaverit
1336 3620 1501 3678 homo,
1531 3617 1636 3670 lucc
1676 3628 1719 3671 et
1757 3626 1921 3672 metet.
1961 3616 2025 3670 Et

478 3706 563 3771 qui
603 3706 815 3757 seminat
843 3705 891 3756 in
936 3721 1104 3770 carne,
1157 3706 1217 3757 de
1246 3722 1392 3758 carne
1445 3718 1587 3759 metet
1632 3709 2021 3776 cvrruptionem.

483 3794 581 3859 Qui
629 3807 794 3849 autem
830 3798 1037 3849 seminat
1064 3800 1111 3849 in
1153 3798 1349 3867 spiritu,
1380 3799 1440 3850 de
1482 3799 1663 3867 spiritu
1694 3809 1838 3850 metet
1878 3799 2027 3850 vitam

480 3894 720 3939 (sternam
756 3885 949 3951 (Calat.
984 3887 1078 3954 vt).
1128 3887 1191 3939 Et
1230 3888 1349 3939 ideo
1380 3899 1523 3939 recte
1554 3887 1745 3938 dicitur
1772 3887 1890 3953 quia
1923 3886 2029 3938 fru-

488 3986 607 4027 ctus
638 3975 851 4042 justitire
898 3977 945 4027 in
979 3990 1105 4043 pace
1154 3976 1441 4027 seminatur
1472 3975 1780 4028 laeientibns
1823 3990 2023 4042 pacem.

493 4065 720 4119 Fructus
752 4067 887 4118 enim
915 4066 1128 4133 iustitia:
1159 4066 1263 4117 vita
1295 4073 1485 4117 mtvrna
1511 4075 1612 4127 est,
1639 4082 1752 4133 qua!
1783 4065 2028 4133 Operibus

482 4155 640 4221 justis
698 4155 1025 4220 retribuitur,
1082 4156 1201 4222 quia
1251 4157 1335 4223 qui
1379 4155 1646 4225 inquirunt
1694 4172 1896 4220 pacem,
1942 4170 2028 4207 se~

490 4254 719 4310 quuntur
750 4262 886 4311 eam,
942 4248 1047 4311 ipsa
1105 4262 1230 4314 pare
1260 4245 1339 4299 cui
1382 4245 1593 4299 student
1640 4248 1786 4313 quasi
1836 4245 2030 4311 optima

491 4344 729 4389 semente
754 4346 944 4389 terram
975 4337 1053 4387 sui
1105 4336 1277 4386 Curitis
1308 4342 1613 4401 aspergunt,
1645 4349 1746 4399 quo
1777 4348 1869 4400 per
1896 4348 2029 4398 quo-

492 4425 745 4477 tidianum
793 4426 939 4477 bona:
990 4426 1308 4490 operationis
1338 4433 1659 4475 crementum
1711 4424 1772 4476 ad
1809 4426 2029 4477 fructum

2113 2004 2318 2048 terrena
2370 1995 2519 2049 vobis
2550 1999 2843 2049 necessaria
2885 1997 2950 2050 ad
3002 2014 3150 2053 usum
3204 2003 3567 2069 temporalem,
3601 2012 3662 2057 et

2114 2084 2177 2137 ad
2215 2086 2490 2138 {tuendum
2525 2099 2774 2154 perpetuo
2803 2103 3027 2155 superna
3059 2090 3191 2141 bona
3216 2092 3481 2145 tribueret.

2188 2176 2361 2230 Petitis
2392 2187 2438 2231 et
2462 2194 2561 2231 non
2602 2180 2852 2248 accipitis,
2876 2194 2933 2233 eo
2966 2180 3100 2245 quod
3136 2179 3266 2233 male
3308 2183 3501 2250 petatis,
3548 2190 3660 2238 etc.

2115 2268 2442 2322 Praedixerat
2489 2283 2580 2322 eos
2627 2284 2728 2322 non
2779 2270 3063 2337 postulare,
3120 2281 3174 2323 et
3223 2286 3362 2324 nunc
3402 2272 3525 2325 dicit
3561 2288 3666 2328 eos

2114 2356 2253 2408 male
2286 2363 2488 2424 petere,
2517 2358 2637 2425 quia
2687 2357 2779 2425 qui
2812 2358 2945 2412 male
2982 2358 3110 2425 petit
3131 2358 3239 2427 jam
3284 2359 3335 2413 in
3366 2371 3658 2429 conspectu

2122 2448 2315 2502 interni
2346 2450 2494 2502 testis
2522 2450 2651 2504 nillil
2683 2459 2859 2517 petere
2884 2450 3106 2504 videtur.
3139 2450 3274 2504 Male
3303 2460 3470 2505 autem
3502 2454 3663 2520 petit,

2116 2538 2225 2605 qui,
2267 2539 2407 2605 iussa
2438 2538 2639 2592 Domini
2672 2547 3032 2604 contemnens,
3080 2555 3108 2593 a
3157 2541 3377 2593 Domino
3402 2541 3666 2594 beneﬁcia

2116 2642 2340 2695 superna
2388 2626 2667 2681 desiderat.
2725 2628 2859 2683 Male
2907 2630 3036 2698 petit
3080 2638 3134 2683 et
3174 2627 3262 2684 ille
3307 2630 3418 2697 qui,
3462 2630 3669 2685 amisso

2118 2730 2301 2770 amore
2328 2730 2695 2785 supernorum,
2728 2718 2903 2772 intima
2936 2728 3131 2771 tantum
3162 2720 3346 2787 quaerit
3377 2719 3508 2772 bona
3542 2734 3671 2787 per-

2118 2811 2317 2876 cipere,
2351 2821 2402 2865 et
2444 2809 2557 2863 haec
2601 2825 2703 2863 non
2733 2811 2796 2864 ad
2826 2811 3258 2866 sustentationem
3290 2811 3527 2864 humana
3558 2809 3673 2863 fra-

2120 2897 2355 2967 gilitatis,
2383 2898 2471 2952 sed
2503 2897 2565 2951 ad
2596 2897 2992 2953 redundantiam
3018 2898 3197 2952 liberte
3218 2897 3522 2965 voluptatis.
3552 2896 3673 2952 [loc

2120 3005 2198 3048 est
2224 2989 2362 3045 enim
2392 2992 2527 3062 quod
2557 2992 2623 3044 ait
2660 3009 2671 3042 :
2709 2990 2772 3045 Ut
2803 2992 2853 3044 in
2885 2990 3294 3059 concupiscentiis
3330 2988 3501 3041 vestris
3524 2988 3670 3041 insu-

2122 3084 2288 3137 matis.

2196 3175 2444 3237 Adulteri,
2468 3173 2669 3224 nescitis
2692 3172 2807 3239 quia
2830 3171 3053 3222 amicitia
3080 3169 3229 3235 hujus
3260 3169 3433 3221 mundi
3464 3168 3670 3222 inimica

2126 3276 2197 3318 est
2238 3265 2371 3317 Dei?
2395 3263 2673 3317 Adulteros
2713 3270 2855 3315 recte
2886 3268 3168 3327 nuncupat,
3216 3272 3346 3326 quos
3374 3258 3437 3311 de
3485 3272 3670 3311 amore

2124 3353 2394 3422 sapientia:
2442 3352 2674 3406 caelestis
2739 3350 2802 3403 ad
2848 3348 3144 3416 amplexum
3197 3347 3371 3413 potius
3418 3344 3670 3399 amicitia

2127 3441 2404 3495 mundialis
2446 3455 2565 3494 esse
2604 3439 2833 3492 deﬂexos
2888 3437 3143 3501 increpat,
3191 3450 3341 3501 quos,
3373 3434 3668 3488 Conditore

2126 3540 2466 3598 contempto,
2526 3543 2836 3582 mammonae
2876 3528 3072 3596 'magis
3133 3526 3331 3580 servire
3394 3526 3674 3583 cernebat.

2129 3624 2337 3677 Dixerat
2397 3621 2605 3691 quidem
2665 3635 2820 3687 supra
2878 3620 2946 3674 de
2997 3619 3189 3687 apertis
3256 3617 3349 3671 Dei
3404 3618 3672 3670 inimicis:

2131 3716 2314 3769 Nonne
2353 3715 2525 3766 divites
2573 3712 2858 3778 apprimunt
2894 3724 2978 3760 vos
3024 3724 3108 3772 per
3156 3708 3450 3773 potentiam,
3484 3714 3533 3756 et
3578 3705 3677 3772 ipsi

2130 3805 2333 3858 trahunt
2378 3819 2459 3855 vos
2487 3805 2551 3854 ad
2574 3799 2814 3870 judicia?
2846 3798 3029 3851 Nonne
3056 3798 3149 3866 ipsi
3191 3797 3535 3863 blasphemant
3581 3796 3674 3847 ιο.

2130 3910 2248 3947 num
2292 3910 2468 3945 nomen
2498 3893 2629 3959 quod
2674 3890 2947 3942 invocatum
2985 3896 3055 3940 est
3094 3902 3240 3955 super
3285 3901 3368 3937 vos
3390 3884 3535 3954 (Jac.
3569 3884 3675 3950 tt)?

2128 3982 2233 4037 Sed
2272 3996 2337 4036 ne
2386 3981 2502 4033 illos
2546 3988 2756 4047 putares
2803 3975 2943 4030 solos
2982 3973 3221 4027 inimicos
3265 3986 3383 4025 esse
3434 3971 3547 4033 Dei,
3575 3971 3669 4036 qui

2131 4091 2248 4129 eum
2275 4083 2457 4140 aperte
2485 4070 2873 4137 blasphemant,
2903 4067 2990 4135 qui
3021 4066 3171 4117 tidem
3215 4064 3328 4131 ejus
3358 4077 3679 4131 persequun-

2131 4178 2214 4218 tur
2256 4168 2307 4217 in
2352 4162 2567 4221 sanctis,
2619 4169 2671 4212 et
2712 4171 2801 4210 eos
2856 4156 3031 4222 iniquo
3056 4152 3249 4221 judicio
3296 4152 3676 4214 condemnant,

2130 4252 2361 4306 ostendit
2388 4258 2440 4302 et
2476 4263 2567 4301 eos
2620 4260 2735 4299 esse
2763 4244 2853 4297 Dei
2901 4243 3160 4305 inimicos,
3210 4239 3321 4306 qui,
3355 4239 3455 4291 sub
3483 4239 3582 4290 ﬁde
3624 4247 3681 4289 et

2132 4342 2462 4395 confessione
2522 4335 2746 4391 nominis
2796 4334 3019 4397 Christi,
3083 4330 3257 4383 mundi
3315 4328 3575 4382 illecebris
3625 4337 3682 4380 et

2133 4433 2298 4485 amori
2329 4429 2647 4491 deserviunt,
2681 4428 2788 4494 qui,
2839 4422 3049 4475 nomine
3090 4430 3240 4473 tenus
3284 4419 3487 4479 ﬁdeles,
3520 4418 3682 4470 rebus

486 4515 695 4567 valeant
723 4515 841 4567 vita":
874 4518 1142 4579 pervenire
1181 4517 1431 4569 coelesds.
1470 4516 1544 4569 De
1574 4532 1677 4583 quo
1730 4516 1851 4569 alibi
1900 4518 2029 4569 scri-
2063 4546 2112 4604 Ι)
2141 4521 2361 4578 terrenis
2402 4517 2638 4575 caelestia
2669 4522 2983 4583 proponunt.
3016 4510 3163 4576 Quod
3196 4519 3246 4563 et
3275 4508 3516 4575 sequenti
3551 4520 3681 4559 rer-

489 4613 631 4671 ptum
672 4612 749 4655 est
778 4622 787 4653 :
819 4604 915 4669 Qui
952 4606 1192 4655 seminant
1222 4606 1270 4655 in
1313 4606 1565 4671 lacrymis,
1600 4607 1649 4655 in
1689 4605 1872 4672 gaudio
1916 4621 2021 4656 nte-

491 4700 587 4741 tent
610 4690 779 4757 (Pstl.
810 4691 986 4757 cxxv),
1026 4702 1075 4743 et
1107 4702 1293 4743 c.rtera
1326 4707 1486 4758 usque
1525 4693 1587 4743 ad
1629 4694 1782 4745 linem
1815 4693 2023 4757 psalmi.

495 4782 767 4835 Semiuant
797 4791 969 4834 autem
1014 4793 1066 4834 et
1093 4792 1287 4834 meto-nt
1316 4785 1470 4835 etiam
1504 4783 1735 4850 reprobi,
1780 4786 1899 4849 quia
1929 4798 2024 4851 pro

492 4871 691 4923 meritis
735 4872 783 4924 in
832 4872 1029 4939 judicio
1073 4873 1348 4939 recipient.
1394 4872 1505 4925 Non
1558 4884 1727 4927 tamen
1780 4874 2028 4936 fructum,

494 4963 583 5010 sel
624 4964 1009 5026 corruptionem
1058 4974 1254 5016 metere
1295 4963 1687 5031 dignoscuntur,
1729 4965 1846 5029 quia
1880 4963 2029 5015 bonis

492 5062 595 5099 ttun
629 5046 865 5101 fruuntur
893 5053 1099 5105 internis
1129 5052 1371 5122 (Fructus
1400 5056 1586 5120 quippe
1608 5069 1634 5104 a
1660 5055 1873 5121 fruendo
1905 5053 2033 5105 dici-

494 5138 621 5203 tur),
677 5138 767 5191 sed
827 5154 918 5199 pro
965 5145 1299 5209 corruptione
1343 5144 1395 5197 in
1434 5160 1532 5211 qua
1580 5146 1818 5198 vixerant
1850 5157 2031 5212 pmnas

494 5229 637 5281 luent
666 5231 1029 5297 sempiternas.

1086 5320 1306 5375 CAPUT
1352 5323 1437 5375 IV.

570 5404 714 5458 Unde
738 5410 865 5461 bella
896 5418 939 5461 et
980 5409 1089 5461 lites
1125 5412 1175 5461 in
1200 5411 1371 5463 vobis?
1395 5412 1575 5463 Nonne
1612 5412 1763 5463 hinc?
1794 5413 1845 5465 Id
1880 5422 1981 5475 est,
2008 5425 2036 5463 a

498 5495 606 5546 sele
670 5505 722 5548 et
769 5502 1118 5564 contentione,
1166 5515 1281 5567 quze
1322 5514 1477 5566 supra
1532 5510 1769 5555 vetuerat
1832 5503 2035 5555 haberi.

500 5582 626 5637 Und.
670 5594 718 5639 et
749 5587 829 5641 ltic
855 5590 1005 5641 latius
1033 5592 1167 5641 idem
1196 5591 1504 5654 exponendo
1532 5592 1795 5661 sulijnngit
1818 5594 1996 5646 dicens
2024 5608 2033 5641 :

569 5675 631 5727 Et
661 5682 1068 5749 concupiscentiis
1108 5682 1282 5731 vestris
1324 5699 1436 5749 qua:
1481 5687 1692 5736 militant
1720 5688 1770 5735 in
1808 5670 2037 5734 membris

498 5767 687 5833 mnis,
720 5780 821 5825 etc.
854 5770 1299 5839 Concupiscentim
1333 5782 1501 5826 autem
1541 5775 1766 5827 militant
1796 5774 1846 5826 in
1881 5786 2037 5826 mem-

2128 4617 2293 4672 siculo
2339 4609 2616 4663 instantius
2662 4607 2886 4661 inculcat
2922 4603 3151 4656 subdens
3181 4619 3191 4651 :
3224 4600 3527 4666 Quicunque
3556 4614 3678 4665 ergo

2129 4703 2333 4756 voluerit
2359 4700 2546 4751 amicus
2572 4712 2675 4747 esse
2698 4694 2864 4747 steculi
2895 4692 3068 4760 hujus,
3099 4690 3332 4741 inimicus
3364 4686 3457 4739 Dei
3491 4690 3679 4740 conui-

2133 4796 2310 4846 tuitur.
2388 4791 2522 4854 Ergo
2592 4778 2790 4837 inimici
2846 4790 2967 4834 sunt
3023 4778 3113 4832 Dei
3167 4792 3349 4831 omnes
3416 4790 3685 4832 amatores

2132 4882 2331 4944 mundi,
2388 4890 2571 4930 omnes
2634 4873 2972 4939 inquisitores
3019 4884 3296 4938 nugarum,
3348 4883 3532 4923 omnes
3587 4870 3681 4935 qui

2134 4972 2393 5037 pertinent
2437 4964 2500 5033 ad
2543 4976 2633 5016 eos
2674 4961 2737 5014 de
2782 4961 2968 5029 quibus
3015 4960 3203 5012 dicitur
3233 4976 3248 5011 :
3274 4958 3527 5020 Quoniam
3568 4944 3684 5009 ecce

2135 5060 2321 5110 inimici
2370 5055 2461 5120 tui,
2520 5054 2749 5118 Domine,
2804 5052 3030 5120 peribunt
3070 5046 3235 5115 (Psal.
3288 5046 3415 5114 act).
3474 5045 3689 5099 lutrent

2134 5149 2401 5209 ecclesias,
2444 5158 2545 5198 non
2596 5143 2790 5195 intrent
2832 5137 3103 5198 coclesias,
3152 5136 3346 5190 inimici
3400 5135 3490 5187 Dei
3536 5142 3684 5188 sunt.

2136 5238 2212 5290 Ad
2246 5246 2447 5301 tempus
2478 5241 2692 5299 possunt
2721 5231 2909 5283 ﬂorere
2947 5228 3077 5279 sicut
3109 5224 3310 5287 fenum,
3342 5222 3434 5274 sed
3474 5221 3566 5275 ubi
3597 5238 3689 5274 ar-

2137 5326 2231 5377 dor
2270 5322 2447 5391 judicii
2495 5319 2810 5388 apparuerit,
2866 5317 3128 5385 peribunt,
3178 5322 3231 5367 et
3293 5312 3454 5365 decor
3502 5312 3688 5366 vultus

2138 5430 2317 5468 eorum
2349 5412 2574 5466 decidet.

2209 5504 2284 5554 An
2308 5503 2490 5569 putatis
2521 5497 2636 5567 quia
2687 5497 2898 5548 inaniter
2938 5493 3205 5559 Scriptura
3241 5490 3419 5543 dicat?
3452 5489 3565 5556 Illa,
3599 5494 3686 5545 vi-

2142 5591 2345 5655 delicet,
2404 5588 2671 5653 Scriptura
2716 5600 2830 5653 qua:
2856 5599 2883 5637 a
2913 5582 3166 5635 malorum
3195 5582 3447 5633 societate
3488 5582 3688 5637 ﬁdeles

2140 5691 2407 5745 coercens,
2434 5676 2500 5728 ita
2532 5690 2621 5741 per
2647 5676 2855 5742 Moysen
2888 5670 3112 5737 loquitur
3144 5686 3155 5721 :
3195 5668 3312 5721 Non
3344 5669 3489 5723 inibis
3517 5669 3692 5737 {udus

2141 5785 2252 5821 cum
2274 5768 2359 5833 eis,
2388 5782 2472 5820 nec
2493 5783 2600 5819 cum
2624 5766 2720 5819 diis
2742 5778 2934 5819 eorum.
2966 5760 3077 5815 Non
3102 5760 3322 5814 habitent
3338 5762 3389 5813 in
3412 5773 3550 5816 terra
3572 5770 3687 5827 tua,
