3860 6230
192 444 261 497 33
758 438 995 495 EXPOS.
1037 438 1183 495 SUP.
1226 435 1584 493 EPlSTULAS
1624 433 1914 497 CATilOL.
1953 466 2023 479 —
2062 440 2121 494 D.
2162 438 2393 495 JACOBI
2432 437 2779 493 EPISTULA.
3110 466 3113 469 <
3316 436 3385 489 δι

192 548 255 587 ne
271 533 395 598 forte
418 545 619 599 peccare
640 538 685 582 te
709 532 893 597 faciant
922 532 972 584 in
996 547 1091 593 me,
1106 533 1147 583 si
1170 530 1391 583 seruieris
1413 530 1509 581 diis
1530 545 1701 582 eorum

188 621 323 689 quod
341 621 428 673 tibi
457 628 585 672 certe
608 618 696 671 erit
726 619 775 670 in
800 617 1295 687 scandalum(Ea:od.
1324 618 1497 686 um).
1528 619 1592 670 Et
1621 634 1740 672 rur-

188 727 306 763 sum
334 729 344 761 :
399 708 518 760 Non
535 709 688 775 facies
732 724 882 776 opera
913 725 1103 768 eorum,
1125 710 1211 761 sed
1238 709 1463 762 destrues
1487 725 1569 762 eos
1592 719 1741 778 atque

190 800 481 867 confringes
503 807 694 850 statuas
728 814 896 849 eorum
928 796 1135 867 (Ibid.).

274 890 352 942 Ad
382 889 625 941 invidiam
647 888 951 952 concupiscit
968 887 1174 953 spiritus
1196 886 1485 955 quihabitat
1501 888 1551 940 in
1582 888 1742 941 vobis?

197 982 575 1049 lnterrogative
606 995 695 1047 per
726 980 1133 1047 increpationem
1159 980 1435 1047 legendum
1463 991 1563 1044 est,
1595 981 1739 1046 quasi

195 1076 431 1129 diceret:
467 1074 708 1141 Nunquid
744 1074 967 1139 Spiritus
996 1075 1173 1141 gratia:
1196 1088 1297 1141 quo
1319 1074 1596 1142 significati
1617 1071 1742 1129 estis

193 1166 244 1218 in
275 1166 360 1219 die
386 1162 763 1228 redemptionis
821 1162 921 1216 hoc
966 1164 1314 1230 concupiscit,
1349 1173 1402 1215 ut
1465 1164 1740 1217 invideatis

192 1256 507 1308 alterutrum
534 1253 556 1303 ἲ
583 1251 883 1320 Nonutique
906 1252 1071 1305 bonus
1102 1253 1317 1319 spiritus
1336 1253 1542 1306 invidia:
1556 1255 1740 1306 vitium

197 1348 249 1399 in
274 1346 446 1409 vobis,
478 1344 570 1398 sed
612 1344 778 1396 malus
807 1352 1074 1412 operatur.
1104 1344 1198 1396 Cui
1221 1344 1408 1397 similis
1441 1353 1522 1397 est
1553 1347 1740 1397 modus

192 1437 470 1497 locutionis
513 1434 563 1487 itt
596 1434 795 1501 psalmo
829 1453 840 1486 :
872 1432 1073 1497 Frater,
1116 1451 1215 1487 non
1268 1436 1493 1500 redimit,
1538 1436 1743 1487 redimet

190 1521 343 1575 homo
375 1523 541 1592 (Psal.
574 1525 787 1595 xum)?
806 1525 879 1579 lta
899 1528 1033 1580 enim
1053 1525 1368 1592 intelligitur.
1393 1526 1447 1579 Si
1472 1542 1564 1580 nos
1589 1526 1742 1578 Chri-

190 1625 306 1667 stus
339 1632 442 1668 non
474 1618 713 1679 redemit,
739 1618 829 1685 qui
859 1616 1011 1670 nobis
1046 1617 1203 1669 frater
1233 1616 1343 1668 fieri
1374 1617 1613 1683 dignatus
1655 1625 1741 1669 est

193 1718 287 1771 per
312 1706 715 1771 humanitatem,
775 1705 1001 1773 nunquid
1034 1706 1220 1773 aliquis
1269 1706 1423 1758 homo
1451 1719 1609 1772 purus
1640 1721 1739 1757 non

194 1811 231 1848 r.
252 1796 457 1851 dimere
496 1796 723 1851 sufticit?
751 1798 973 1865 Quidam
999 1797 1133 1849 hanc
1161 1796 1472 1849 sententiam
1506 1797 1573 1849 ita
1602 1797 1742 1850 edis-

1710 570 1726 594 ο
1761 540 1803 594 Α
1903 555 2317 624 Appropinquate
2346 555 2470 620 Deo,
2498 566 2541 608 et
2564 555 2987 623 appropinquabit
3005 555 3157 609 vobis.
3184 556 3386 623 Appro-

1841 644 2087 712 pinquate
2111 646 2327 698 Domino
2355 661 2444 710 per
2498 646 2845 697 humilitatem
2903 644 3016 713 ejus
3060 646 3273 715 vestigia
3301 660 3390 700 se-

1840 736 2051 801 ctando,
2080 746 2132 789 et
2174 736 2616 804 appropinquabit
2645 735 2790 788 vobis
2820 752 2914 803 per
2952 737 3386 801 misericordiam,

1839 837 1932 876 vos
1960 823 2026 877 de
2056 824 2293 893 angustia
2318 822 2605 876 liberanda.
2639 822 2749 875 Non
2777 824 2914 878 enim
2945 824 3246 892 regionibus
3271 826 3384 879 lon-

1841 928 1903 981 ge
1926 923 2006 967 est
2033 916 2252 982 quisque
2282 930 2311 967 a
2342 915 2472 978 Deo,
2532 914 2623 967 sed
2651 914 2942 967 affectibus.
2994 916 3231 985 Namque
3276 933 3383 969 uno

1843 1014 2231 1057 commorantes
2265 1016 2415 1057 terrm
2450 1004 2584 1067 loco,
2612 1007 2654 1058 is
2684 1004 2771 1073 qui
2803 1006 3077 1059 virtutibus
3109 1008 3302 1071 studet,
3336 1016 3392 1060 et

1844 1092 1886 1144 is
1916 1094 2000 1159 qui
2063 1093 2246 1147 deﬂuit
2281 1094 2523 1147 sordibus
2578 1096 2847 1160 \iti0rutn,
2901 1097 3051 1161 longe
3094 1105 3222 1149 esta
3257 1096 3386 1163 Deo,

1842 1183 1976 1235 alius
1995 1186 2289 1248 proximum
2316 1185 2472 1237 habet
2490 1185 2676 1238 Deum.
2708 1186 2855 1239 Unde
2876 1197 2925 1237 et
2949 1186 3217 1240 Psalmista
3240 1186 3387 1239 dicit:

1845 1270 2012 1335 PrOpe
2034 1283 2104 1325 est
2132 1273 2372 1325 Dominus
2396 1275 2629 1329 omnibus
2654 1276 2999 1328 invocantibus
3019 1291 3130 1327 eum
3178 1278 3227 1328 in
3254 1278 3386 1329 veri-

1844 1368 1943 1414 tate
1971 1360 2139 1430 (Psal.
2173 1364 2371 1432 cxuv).
2406 1363 2743 1429 Rursumque
2772 1382 2781 1415 :
2820 1365 2986 1432 Longe
3008 1374 3077 1417 est
3099 1381 3129 1415 a
3154 1376 3383 1433 peccato-

1843 1454 1981 1505 ribus
2009 1455 2147 1505 salus
2176 1451 2340 1522 (Psal.
2392 1455 2599 1520 exuti).
2634 1454 2718 1506 illa
2752 1455 2928 1522 utique
2956 1456 3101 1507 salus
3129 1458 3210 1507 cui
3242 1457 3389 1508 cani-

1844 1557 1957 1595 mus
1990 1557 2004 1594 :
2032 1540 2279 1595 Dominus
2304 1544 2609 1596 illuminatio
2659 1560 2769 1595 mea
2796 1553 2841 1595 et
2887 1547 3024 1596 salus
3074 1560 3202 1609 mea,
3242 1561 3389 1613 quem

1845 1633 2025 1684 timebo
2061 1632 2227 1691 (Psal.
2264 1632 2440 1699 xxvi)?
2471 1635 2534 1687 Et
2564 1637 2675 1702 ipse
2716 1634 2986 1697 Dominus,
3018 1650 3136 1687 cum
3169 1650 3263 1689 nos
3290 1635 3391 1690 sibi

1845 1722 2265 1790 appropinquare
2292 1724 2533 1777 suaderet
2563 1725 2739 1776 dicens
2769 1742 2779 1775 :
2823 1723 2989 1776 Venite
3018 1726 3084 1776 ad
3107 1742 3205 1789 me,
3225 1742 3392 1778 omnes

1846 1812 1932 1879 qui
1956 1812 2193 1865 laboratis
2218 1822 2262 1865 et
2290 1815 2480 1865 onerati
2502 1815 2640 1874 estis,
2666 1823 2712 1864 et
2731 1828 2820 1881 ego
2843 1814 3066 1879 reﬁciam
3089 1814 3393 1883 tos(Mntt/t.

193 1900 376 1939 serunt
400 1905 411 1938 :
441 1888 519 1940 Ad
546 1889 778 1941 invidiam
790 1888 1093 1954 concupiscit
1111 1888 1337 1955 spiritus,
1363 1888 1446 1951 qui
1470 1886 1659 1938 habitat
1685 1887 1736 1938 in

1856 1901 1942 1972 ιι),
1976 1903 2227 1958 continuo
2259 1905 2376 1972 quia
2410 1919 2510 1957 non
2559 1905 2654 1957 hoc
2687 1904 2922 1971 pedibus,
2953 1903 3044 1956 sed
3077 1906 3275 1957 actibus
3307 1920 3390 1957 es-

189 1979 351 2034 vobis.
386 1980 647 2033 Adversus
702 1980 947 2032 invidiam
977 1978 1324 2045 concupiscit,
1357 1978 1454 2029 hoc
1499 1986 1580 2031 est
1606 1977 1742 2029 invi-

1844 2005 1923 2047 set
1965 1995 2284 2062 implendum
2317 1994 2711 2056 demonstravit,
2748 2007 2866 2045 cum
2898 1992 3130 2045 subdidit
3164 2009 3176 2044 :
3206 1992 3392 2046 Tollite

190 2068 289 2120 diu!
336 2071 574 2121 morbum
633 2068 906 2134 debellari.
969 2076 1124 2134 διψιθ
1153 2080 1180 2118 ³
1238 2066 1425 2119 “suis
1481 2066 1741 2119 memibus
1834 2086 2013 2153 jugunt
2038 2099 2199 2136 meum
2220 2099 2369 2147 super
2394 2100 2496 2145 vos,
2526 2094 2570 2134 et
2609 2082 2786 2133 discite
2811 2098 2843 2133 a
2866 2098 2942 2133 me
2962 2082 3078 2146 quia
3106 2083 3237 2133 mitis
3260 2098 3395 2147 sum,

188 2158 474 2225 exstirpari
506 2158 786 2213 desiderat.
826 2158 929 2211 Alii
960 2156 1026 2209 de
1052 2157 1236 2223 spiritu
1280 2156 1505 2209 hominis
1539 2156 1735 2210 dictum

192 2248 511 2315 intelligunt,
559 2256 615 2299 ut
640 2247 708 2300 sit
754 2260 978 2299 sensus:
1012 2245 1185 2297 Nolite
1222 2247 1613 2313 concupiscere,
1646 2260 1742 2297 no—

190 2334 282 2389 lite
311 2335 494 2388 mundi
526 2335 677 2403 hujus
721 2334 971 2388 amicitiis
1032 2333 1322 2398 adhmrere,
1380 2332 1497 2401 quia
1528 2333 1745 2399 spiritus

192 2426 387 2479 mentis
414 2435 622 2489 vestrm,
644 2426 765 2477 dum
796 2434 999 2477 terrena
1023 2425 1369 2490 concupiscit,
1400 2424 1462 2475 ad
1492 2424 1741 2476 invidiam

192 2519 373 2585 utique
399 2518 733 2585 coucupiscit,
767 2518 888 2570 dum
914 2532 973 2569 ea
1004 2532 1120 2583 qute
1174 2516 1274 2584 ipsi
1306 2517 1577 2582 acquirere
1608 2531 1736 2569 con-

193 2608 493 2675 cupiscitis,
525 2609 653 2661 alios
682 2607 929 2661 invidetis
960 2606 1171 2659 habere.

272 2694 533 2766 Hajorem
556 2706 721 2749 autent
742 2697 826 2748 dat
854 2697 1084 2765 gratiam.
1122 2695 1368 2763 Majorem
1396 2695 1615 2762 gratiam
1650 2696 1741 2749 Do-

198 2785 379 2839 minus
425 2785 513 2839 dat
539 2802 689 2852 quam
717 2785 943 2841 amicitia
977 2787 1177 2849 Inundi,
1225 2784 1344 2851 quia
1378 2784 1490 2838 lnec
1536 2792 1743 2837 terrena

195 2876 331 2929 bona
361 2875 423 2928 ad
457 2886 681 2944 tempus,
714 2886 768 2930 et
794 2890 853 2930 ea
881 2890 998 2929 cum
1030 2875 1510 2929 doloreamittenda
1543 2874 1743 2941 tribuit,

201 2963 287 3018 ille
368 2963 611 3031 gaudium
680 2963 894 3032 largitur
956 2953 1229 3015 teterndm.
1278 2962 1527 3028 Qualibus
1575 2972 1746 3016 autem

198 3052 328 3105 hanc
355 3053 572 3121 gratiam
596 3052 867 3121 largiatur,
897 3052 1276 3121 subsequenter
1299 3052 1533 3121 expauit.

266 3143 487 3213 PrOpter
514 3144 650 3213 quod
679 3146 840 3197 dicit:
872 3143 1005 3197 Deus
1032 3144 1256 3212 superbis
1302 3143 1506 3206 resistit,
1536 3143 1741 3195 humili-

1843 2184 1888 2226 ct
1911 2174 2069 2225 humil
2082 2178 2113 2225 ‘s
2141 2173 2289 2225 corde
2318 2170 2531 2242 (Ibid.).

1912 2260 2198 2313 Emundate
2247 2277 2447 2343 manus,
2476 2269 2779 2329 peccatores,
2840 2268 2885 2312 et
2931 2259 3192 2327 purificate
3236 2261 3412 2324 corda,

1844 2352 2067 2421 duplices
2094 2351 2284 2404 animo.
2311 2351 2420 2404 Hoc
2442 2359 2529 2403 est
2556 2351 2816 2403 veraciter
2837 2349 3059 2403 Domino
3083 2364 3178 2403 nos
3202 2364 3395 2418 appro-

1846 2442 2119 2510 pinquare,
2176 2443 2352 2509 operis
2429 2441 2672 2494 videlicet
2726 2441 3057 2506 munditiam,
3112 2448 3165 2493 et
3210 2440 3387 2494 cordis

1843 2532 2232 2596 simplicitatem
2289 2532 2503 2583 habere.
2533 2530 2799 2594 Innocens,
2854 2532 3039 2598 inquit,
3084 2531 3312 2583 manibus
3343 2538 3389 2581 ct

1845 2621 2035 2672 mundo
2062 2619 2230 2683 corde,
2261 2619 2342 2671 hic
2369 2620 2578 2689 accipiet
2606 2620 2993 2672 benedictionem
3027 2637 3055 2671 a
3082 2619 3318 2683 Domino,
3346 2629 3393 2672 et

1846 2712 2240 2763 misericordiam
2273 2708 2441 2782 (Psal.
2488 2715 2638 2779 xxv).
2683 2710 2746 2764 Et
2778 2711 2876 2764 hoc
2904 2723 2980 2763 est
3011 2712 3265 2763 veraciter
3296 2712 3396 2763 Do-

1846 2803 2043 2856 minum
2074 2804 2493 2871 appropinquare
2517 2803 2686 2866 nobis,
2710 2817 2819 2855 sua:
2848 2805 2998 2856 nobis
3028 2802 3160 2854 dona
3192 2802 3398 2868 pietatis

1846 2891 2149 2960 simpliciter
2188 2894 2545 2959 qumrentibus
2572 2892 2718 2946 dare.
2755 2891 2977 2945 Sanctus
3006 2894 3137 2945 enim
3166 2892 3398 2958 Spiritus

1847 2981 2130 3052 disciplinte
2152 2981 2352 3051 effugiet
2376 2982 2572 3049 ﬁctum,
2606 2993 2653 3034 et
2681 2986 2872 3049 auferet
2899 2997 2952 3034 se
2974 2995 3004 3031 a
3032 2981 3397 3048 cognitionibus

1847 3086 1959 3140 qua:
1984 3080 2099 3124 sunt
2126 3072 2232 3123 sine
2256 3071 2509 3124 intellectu
2528 3070 2679 3138 (Sap.
2706 3071 2765 3138 I).

1923 3159 2098 3213 Miseri
2122 3170 2294 3224 estote,
2326 3170 2372 3211 et
2400 3160 2584 3228 lugete,
2614 3171 2657 3210 et
2693 3161 2910 3225 plorate.
2958 3156 3105 3211 Risus
3147 3168 3299 3210 vester
3344 3156 3397 3208 in

198 3235 281 3286 bus
298 3244 468 3286 autem
489 3235 574 3286 dat
618 3235 847 3303 gratiam.
869 3232 1030 3288 Fures
1054 3234 1284 3302 quidem,
1308 3232 1564 3299 periuros,
1590 3233 1742 3285 luxu-

1856 3254 2046 3305 luctum
2073 3261 2409 3316 convertatur,
2441 3260 2485 3303 et
2524 3251 2761 3319 gaudium
2798 3251 2849 3301 in
2897 3263 3173 3300 maerorem.
3213 3247 3401 3299 Humi-

200 3324 389 3387 riosos,
440 3334 493 3377 et
558 3325 688 3377 alios
770 3338 1090 3392 peccatores,
1143 3327 1290 3393 quasi
1362 3332 1746 3389 contemptores

204 3424 588 3482 praeceptorum
611 3428 821 3467 suorum
855 3413 1002 3481 punit
1028 3413 1186 3479 Deus,
1216 3412 1309 3466 sed
1331 3412 1631 3480 specialiter
1656 3429 1746 3466 su-

201 3505 383 3571 perbis
413 3505 657 3559 resistere
680 3506 890 3568 dicitur,
932 3504 1049 3573 quia
1098 3504 1344 3557 nimirum
1376 3500 1559 3569 majori
1594 3517 1747 3570 poena

203 3598 501 3661 plectuntur
555 3598 642 3664 qui
667 3596 938 3649 confidunt
968 3597 1017 3649 in
1069 3596 1260 3648 virtute
1300 3608 1413 3656 sua,
1442 3593 1529 3661 qui
1558 3593 1747 3647 divinze

201 3686 446 3753 potentiae
498 3685 647 3737 subdi
701 3684 997 3751 pmnitendo
1028 3684 1311 3754 negligunt,
1345 3686 1432 3751 qui
1480 3682 1748 3750 quasisibi

203 3774 325 3841 ipsis
350 3776 415 3827 ad
443 3772 745 3827 salvandum
777 3773 1057 3838 suflieiant,
1084 3774 1331 3826 auxilium
1361 3787 1602 3839 superna
1622 3786 1743 3842 gra-

204 3867 283 3915 tia:
308 3877 549 3932 quaerere
580 3862 890 3915 detrectant.
924 3866 989 3917 At
1014 3872 1192 3916 contra
1223 3862 1499 3915 humilibus
1525 3864 1612 3914 dat
1642 3878 1752 3932 gra-

204 3954 347 4019 tiam,
379 3954 499 4020 quia
531 3952 616 4020 qui
642 3950 693 4003 in
724 3965 935 4004 suorum
968 3952 1128 4018 plagis
1154 3952 1397 4004 vitiorum
1427 3952 1538 4003 veri
1563 3967 1620 4005 se
1644 3968 1751 4003 tue-

204 4044 309 4095 dici
342 4043 583 4094 manibus
612 4038 917 4107 suppliciter
939 4040 1185 4105 subdunt,
1220 4039 1408 4093 merito
1437 4038 1749 4093 desiderata:

204 4131 439 4184 sanitatis
503 4130 637 4182 dona
688 4130 963 4198 recipiunt.
1015 4128 1307 4183 Notandum
1376 4138 1551 4183 autem
1610 4129 1748 4196 quod

210 4224 339 4274 hanc
385 4222 700 4274 sententiam
732 4220 796 4274 de
851 4220 1091 4285 superbis
1119 4231 1172 4273 et
1235 4221 1515 4274 humilibus
1568 4221 1751 4273 beatus

208 4310 432 4365 Jacobus
450 4310 516 4364 de
534 4310 790 4378 parabolis
807 4310 1252 4379 Salomonisjuxta
1276 4312 1538 4377 antiquam
1557 4310 1747 4365 Trans-

209 4398 480 4462 lationem,
512 4398 946 4466 quemadmodum
978 4407 1029 4453 et
1069 4399 1273 4464 Petrus,
1303 4402 1354 4453 in
1399 4417 1487 4454 sua
1521 4402 1751 4470 Epistola

209 4492 399 4558 posuit.
428 4488 530 4542 Pro
555 4504 657 4557 quo
681 4490 733 4543 in
766 4498 945 4543 nostra
997 4490 1235 4544 Editione
1262 4508 1376 4559 qua!
1403 4492 1469 4545 de
1502 4492 1748 4545 llebraica

208 4581 428 4643 veritate
443 4578 739 4643 descendit,
770 4579 837 4631 ita
866 4578 1092 4632 dicitur;
1126 4577 1365 4631 lllusores
1390 4580 1497 4648 ipse
1526 4582 1745 4646 deludet,

209 4682 251 4725 et
281 4672 555 4725 mansuetis
596 4672 734 4723 dabit
766 4672 1007 4741 gratiam.
1040 4668 1255 4723 Deludet
1284 4678 1456 4723 autem
1501 4669 1750 4723 Dominus

211 4763 477 4828 illusores,
505 4761 654 4832 juxta
682 4762 780 4815 hoc
812 4761 950 4831 quod
990 4760 1183 4814 Paulus
1207 4761 1435 4830 loquitur
1467 4759 1534 4816 de
1558 4761 1635 4815 eis
1664 4761 1751 4830 qui

211 4855 353 4907 illum
392 4858 442 4907 in
475 4856 687 4907 nomine
717 4854 887 4907 Patris
911 4854 990 4907 sui
1022 4852 1320 4907 venientem
1344 4854 1577 4920 recipere
1606 4869 1752 4907 recu-

212 4954 428 5009 santes,
481 4942 868 4996 Antichrislum
925 4928 977 4995 in
1044 4944 1256 4996 notitiae
1305 4958 1402 4996 suo
1457 4943 1750 4997 venientem

211 5033 505 5104 suscepturi
555 5041 678 5087 aunt
730 5031 908 5103 (Joan.
950 5031 1041 5095 v):
1098 5029 1172 5083 Eo
1214 5035 1346 5100 quod
1399 5034 1750 5101 dilectionem,

212 5126 397 5195 inquit,
445 5127 669 5177 veritatis
709 5140 808 5176 non
835 5133 1120 5192 receperunt
1162 5132 1214 5175 ut
1262 5123 1383 5176 salvi
1412 5123 1604 5192 ﬁerent,
1642 5127 1753 5179 ideo

212 5216 365 5269 mittet
391 5214 495 5269 illis
521 5212 656 5269 Deus
684 5214 1017 5282 operationem
1047 5214 1249 5278 erroris,
1278 5224 1332 5264 ut
1371 5215 1577 5271 credant
1619 5234 1755 5270 men-

213 5307 355 5361 dacio
371 5308 575 5380 (Thess.
604 5316 695 5377 tt).
721 5304 919 5363 Delusit
944 5304 1207 5378 illusores,
1226 5320 1344 5365 cum
1361 5308 1650 5363 dicentibus
1666 5308 1754 5363 Ju-

213 5396 370 5451 dcis:
404 5400 464 5455 Si
490 5416 579 5454 rea:
599 5399 758 5453 Israel
780 5407 876 5470 est,
904 5396 1169 5460 ifuendat
1192 5402 1253 5458 de
1277 5416 1422 5455 cruce
1444 5412 1487 5454 et
1508 5402 1754 5455 credimus

212 5488 257 5539 ei
282 5488 493 5557 (Matth.
519 5488 711 5563 xxvu),
740 5494 993 5563 patienter
1020 5492 1289 5556 sustinuit,
1321 5493 1489 5544 donec
1523 5504 1757 5546 mortuus

216 5588 272 5628 ³ο
296 5577 553 5643 ιερυιιυε.
584 5588 645 5638 eft
682 5598 861 5639 eorum
884 5582 1244 5637 insultationes
1268 5590 1322 5635 et
1345 5582 1507 5650 ipsam
1534 5595 1755 5633 mortem

215 5667 308 5718 εἰπε
335 5680 733 5729 resurrectione
764 5680 1057 5742 superaret.
1096 5671 1245 5725 Dabit
1266 5682 1442 5725 autem
1473 5672 1758 5724 mansuetis

214 5755 451 5831 Βηίῖλωρ,
472 5780 593 5833 quia
616 5765 695 5819 eis
713 5764 797 5832 qui
819 5779 876 5817 se
898 5761 1163 5816 humiliter
1185 5773 1494 5829 sequuntur,
1517 5768 1573 5815 et
1591 5760 1759 5825 perfe~

218 5847 440 5915 αῖυοέσι
460 5856 580 5912 boui
595 5855 767 5923 operis
782 5867 827 5909 et
848 5855 1011 5911 beata
1027 5852 1361 5921 perennitatis
1375 5851 1505 5904 dona
1523 5852 1761 5920 largitur.

1853 3343 2045 3396 liann'ni
2089 3345 2139 3395 in
2182 3351 2449 3411 conspectu
2478 3338 2707 3403 Domini,
2746 3349 2790 3389 et
2819 3336 3053 3390 exaltabit
3078 3352 3182 3388 vos.
3205 3334 3401 3401 Nolite,

1851 3434 2038 3502 inquit,
2072 3448 2250 3488 amare
2280 3432 2609 3499 locupletari,
2639 3440 2692 3483 et
2718 3430 2948 3497 gaudere
2976 3430 3027 3482 in
3058 3431 3155 3481 hoc
3184 3428 3399 3492 saeculo,

1850 3522 1941 3577 sed
1966 3538 2225 3578 memores
2245 3524 2505 3576 scelerum
2531 3536 2644 3588 qua:
2666 3519 2884 3583 fecistis,
2938 3520 3037 3573 hoc
3082 3518 3253 3589 potius
3277 3534 3399 3587 pro-

1852 3624 2054 3677 curate,
2110 3623 2164 3665 ut
2193 3628 2285 3681 per
2310 3613 2497 3667 breves
2522 3610 2641 3664 vita:
2670 3610 2821 3678 hujus
2845 3610 3079 3664 miserias
3128 3620 3404 3678 pauperta-

1852 3711 2059 3770 temque
2082 3716 2141 3753 ae
2167 3702 2593 3755 lamentationem
2620 3702 2968 3754 transitoriam
2998 3700 3060 3753 ad
3085 3700 3266 3767 gaudia
3294 3714 3402 3753 cm-

1854 3791 1998 3845 Iestis
2022 3794 2167 3859 regni
2207 3794 2527 3860 sempiterna
2552 3791 2876 3859 pertingatis,
2910 3802 2963 3843 ut
2985 3807 3084 3843 nun
3109 3806 3203 3858 pro
3225 3789 3400 3843 lzetitia

1853 3884 2215 3951 temporalium
2237 3897 2391 3951 apum
2408 3896 2537 3949 quas
2558 3897 2649 3949 per
2672 3884 2899 3949 iniquum
2920 3882 3150 3935 laborem
3174 3882 3398 3949 acquisi-

1851 3975 1965 4038 stis,
1989 3983 2238 4042 perpetuo
2262 3971 2845 4040 ntendicetis,lugeatis,
2876 3981 3135 4025 tormenta
3165 3972 3399 4026 solutis.

1922 4066 2097 4118 Nolite
2135 4065 2396 4118 detrahere
2442 4067 2759 4131 alterutrum,
2802 4065 2980 4133 fratres
3022 4065 3137 4115 mei.
3191 4063 3250 4115 Et
3302 4062 3401 4115 hoc

1851 4152 2037 4220 vitium
2080 4153 2421 4207 detractionis
2450 4155 2513 4205 ad
2545 4168 2802 4206 venenum
2844 4153 3031 4220 linguae
3072 4153 3400 4206 mortiferum

1852 4242 2088 4311 respicit,
2122 4244 2187 4296 de
2219 4258 2322 4310 quo
2354 4244 2425 4296 ait
2454 4260 2465 4293 :
2500 4242 2732 4311 Liligatis
2756 4256 2799 4296 et
2828 4243 3151 4313 belliget'alis.

1926 4355 2023 4419 Qui
2066 4353 2282 4408 detrahit
2310 4352 2481 4422 fratri,
2515 4362 2600 4405 aut
2637 4355 2721 4422 qui
2755 4355 2955 4424 judicat
2999 4354 3201 4422 fratrem
3231 4370 3399 4419 suum,

1853 4449 2072 4503 detrahit
2100 4448 2221 4515 legi,
2250 4455 2295 4498 et
2317 4448 2515 4515 judicat
2556 4446 2735 4512 legem.
2776 4444 3009 4499 Detrahit
3050 4443 3146 4511 legi
3185 4443 3272 4511 qui
3302 4446 3397 4497 de-

1782 4558 1829 4617 ι)
1857 4542 2018 4596 trahit
2053 4540 2219 4603 fratri,
2250 4540 2398 4607 quasi
2454 4538 2563 4603 ipsa
2606 4552 2707 4589 non
2758 4546 2902 4590 recte
2949 4534 3129 4589 fecerit
3154 4552 3268 4603 qua:
3299 4536 3398 4589 de-

1854 4634 2164 4687 tractionem
2217 4629 2403 4691 vetuit,
2446 4628 2628 4681 dicens
2683 4642 2775 4693 per
2822 4628 3133 4695 Prophetam
3164 4646 3178 4683 :
3210 4626 3397 4681 Detra-

1854 4726 2047 4777 hentem
2067 4723 2301 4777 adversus
2331 4723 2613 4789 proximum
2638 4736 2786 4772 suum
2820 4720 3028 4785 occulte,
3068 4721 3200 4773 hunc
3228 4735 3397 4786 perse-

1850 4817 2037 4888 quebar
2056 4816 2217 4888 (Psal.
2243 4816 2318 4881 c).
2352 4816 2416 4867 Et
2443 4815 2493 4865 in
2525 4811 2755 4888 Levitico
2779 4825 2794 4864 :
2815 4810 2929 4863 Non
2951 4812 3049 4863 erit
3070 4811 3387 4874 criminator,

1852 4886 1943 4966 nec
1970 4886 2173 4966 susurro
2199 4909 2251 4960 in
2281 4886 2682 4977 populisﬂevit.
2715 4902 2856 4974 xu).
2882 4903 3054 4955 Potest
3074 4911 3125 4953 et
3146 4902 3211 4953 ita
3243 4901 3398 4953 intel-

1859 5006 1945 5075 ligi
1978 5024 1989 5057 :
2024 5004 2118 5071 Qui
2142 5000 2376 5057 detrahit
2409 4998 2554 5051 fratri
2587 4998 2715 5065 legis
2738 4996 2881 5063 jussa
2910 4993 3137 5057 facienti,
3172 4992 3400 5046 detrahit

1857 5097 1981 5164 legi,
2010 5105 2063 5149 et
2095 5092 2296 5163 judicat
2321 5090 2493 5163 legem
2538 5102 2652 5159 quae
2684 5084 2802 5139 talia
2850 5083 2994 5154 jussa
3029 5082 3191 5136 dedit.
3242 5082 3396 5135 Verbi

1857 5187 2039 5256 gratia,
2074 5187 2153 5237 lex
2182 5186 2432 5252 praecepit
2459 5180 2678 5235 dicens:
2712 5175 2794 5230 Ne
2837 5182 3023 5228 memor
3063 5173 3164 5225 eris
3198 5172 3399 5240 injuria

1855 5278 2035 5331 civium
2070 5284 2288 5331 tuorum.
2324 5274 2423 5340 Qui
2443 5286 2570 5339 ergo
2597 5269 2829 5323 detrahit
2858 5266 3026 5328 fratri,
3058 5272 3110 5316 et
3140 5263 3229 5330 qui
3258 5264 3397 5331 judi-

1856 5376 1941 5422 cat
2003 5363 2219 5419 fratrem
2271 5379 2424 5432 quem
2475 5361 2613 5417 videt
2661 5375 2755 5430 pro
2808 5360 2901 5414 Dei
2953 5368 3129 5411 amore
3173 5355 3400 5409 libenter

1858 5459 2078 5528 injurias
2106 5456 2403 5524 suscipere,
2441 5450 2669 5509 detrahit
2701 5454 2878 5521 utique
2926 5450 3049 5517 legi,
3099 5458 3153 5502 et
3195 5448 3397 5516 judicat

1857 5552 2025 5618 legem
2056 5562 2173 5615 qua:
2198 5562 2294 5600 nos
2325 5547 2537 5613 injurias
2566 5544 2801 5598 oblivisci
2832 5539 3100 5609 praecepit.

1926 5639 2006 5693 Tu
2028 5649 2195 5691 autem
2223 5639 2334 5705 quis
2355 5654 2403 5689 es
2433 5638 2518 5702 qui
2538 5636 2742 5704 judicas
2774 5632 3053 5701 proximum
3094 5628 3271 5681 tuum?
3299 5626 3400 5680 Te-

1861 5730 2151 5784 meritatem
2177 5730 2343 5795 arguit
2366 5724 2478 5793 ejus
2502 5726 2589 5792 qui
2625 5726 2919 5792 proximum
2951 5721 3237 5773 delectatur
3257 5716 3396 5785 judi-

1864 5839 2002 5891 Care,
2036 5835 2129 5877 nec
2156 5835 2262 5876 sua:
2293 5829 2485 5874 statum
2526 5815 2815 5888 fragilitatis
2859 5827 2919 5867 ac
2951 5812 3065 5865 vita:
3099 5806 3401 5879 temporalis
