3860 6230
3539 333 3626 391 ὗε

426 375 496 433 $5
842 362 1041 425 BEDIE
1082 361 1523 423 VENEBABILIS
1559 360 1707 417 OPP.
1749 357 1925 414 PARS
1970 355 2031 411 ll.
2070 350 2259 409 SECT.
2293 352 2331 407 Ι.
2377 380 2442 391 -
2482 343 2866 404 εχεαετιελ
2902 339 3221 399 GENUINA.

428 496 682 543 uteertum
728 479 1050 553 perpendere
1091 484 1263 531 curat.
1312 474 1377 529 Et
1416 473 1539 542 quia
1587 482 1958 536 nonnunquam
1986 476 2039 525 Α
2162 458 2168 465 ’
2669 453 2892 553 CaPUT
3100 520 3105 525 δ

431 538 959 647 inminutionem
990 538 1447 621 dextemExcelsi
1472 561 1522 614 hi
1548 560 1635 629 qui
1664 558 1969 627 judicabant
2139 554 2281 622 Agite
2303 566 2456 615 nunc,
2479 549 2673 610 diuites,
2695 548 2888 616 plorata
2912 543 3160 597 ululantes
3189 559 3241 595 in
3257 538 3469 594 miseriis
3489 552 3627 607 qur!

431 629 725 737 proximum
752 659 865 729 ejus
901 672 1058 724 quem
1100 654 1408 725 judicabant
1447 647 1687 716 potestati
1737 645 1973 700 subdun-
2070 643 2337 697 advenient
2362 643 2518 695 vobis.
2563 639 2709 692 hunc
2750 637 2872 689 dum
2904 644 3111 700 tempus
3135 643 3218 686 est
3264 629 3629 700 acceptabilc,

435 722 543 820 iur,
566 722 939 818 nonnunquam
969 749 1083 817 ipso
1104 722 1386 812 superstite
1400 741 1671 809 rapiuntur
1698 751 1729 791 e
1755 735 1971 799 mundo,
2070 728 2194 787 dum
2235 734 2347 820 dies
2383 728 2565 784 salutis
2585 726 2671 798 (ll
2703 724 2820 820 Cor.
2855 724 2953 792 vt),
2987 724 3186 820 futuras
3228 722 3394 820 inquit

629 807 1012 913 subseqttenter
1041 846 1094 894 et
1124 807 1307 892 eorum
1337 807 1682 888 temeritatem
1714 828 1820 899 qui.
1853 842 1974 881 cer-
2064 838 2187 877 runt
2242 816 2632 875 misericordias
2661 813 2834 869 ﬂendo
2876 823 2930 867 et
2965 811 3331 879 eleemosynas
3350 807 3632 910 .faciendo

442 899 717 995 titvudinent
746 899 865 990 viiaa
902 949 1011 988 sum
1040 932 1233 985 nullam
1265 929 1542 991 habentes,
1586 926 1655 981 de
1696 923 1977 980 multorum

2130 917 2252 964 tate.
2299 910 2493 961 Aurum
2542 914 2589 957 et
2633 914 2891 973 argentum
2938 912 3152 955 uestrum
3205 899 3521 969 magisterii,
3578 906 3635 949 et

446 1043 741 1096 temporum
787 1026 934 1079 lucro
979 1024 1211 1077 animum
1263 1020 1316 1073 in
1370 986 1596 1072 laturum
1656 1013 1975 1069 distendunt.

2127 1012 2247 1068 rugo
2291 1010 2465 1050 eorum
2520 995 2572 1047 in
2624 992 2956 1047 testimonium
3002 990 3170 1053 vobis,
3208 998 3255 1041 et
3291 986 3638 1040 manducabﬂ

440 1075 926 1183 Η
984 1075 1008 1077 ά
1054 1075 1077 1076 ﬂ
2082 1103 2259 1141 carnes
2291 1095 2476 1141 uestras
2504 1085 2637 1138 sicut
2659 1082 2807 1153 ignis.
2840 1081 2951 1135 Non
2995 1079 3163 1134 solum
3209 1078 3472 1147 impiuset
3519 1075 3641 1129 imo

2087 1175 2461 1233 misericordes
2486 1173 2676 1228 divites
2705 1169 3203 1239 visibilis'gehennze
3250 1169 3385 1236 ignis
3420 1167 3470 1221 in
3512 1177 3645 1219 tor-

514 1226 642 1280 Ecce
662 1239 790 1277 nunc
808 1224 897 1291 qui
922 1221 1086 1273 dicitis
1116 1234 1136 1274 :
1169 1218 1335 1272 Hodie
1362 1228 1452 1272 aut
1479 1216 1697 1269 crastino
1726 1213 1907 1266 ibimus
1933 1211 1984 1262 in
2087 1211 2461 1277 ""“ﬂ'w'w'
2487 1211 2676 1273 ‘f"""'
2715 1211 2927 1227 """'""'
2949 1211 3202 1271 °‘j"j"j""'
3250 1211 3279 1255 ἰ

2089 1275 2280 1291 -.--....-
2312 1272 2573 1291 ..-μη--..ο
2628 1260 2717 1291 om!
2749 1268 2796 1291 οι
2825 1259 2934 1291 In".
2967 1260 3264 1291 ,Ιιυηωηιηι

2089 1266 2282 1321 mentis
2310 1264 2597 1328 excruciat,
2628 1260 2719 1316 sed
2749 1268 2801 1314 et
2825 1259 2935 1330 ipsa
2966 1254 3279 1325 divitiarum
3306 1254 3644 1325 putrefacta.

450 1318 591 1371 illanc
628 1315 897 1379 civitatem,
954 1322 1000 1365 et
1039 1310 1278 1380 faciemus
1318 1306 1520 1378 quidem
1567 1304 1635 1357 ibi
1679 1316 1893 1364 annum,
1942 1306 1987 1349 et

447 1404 797 1468 ntercabintur,
835 1413 882 1455 et
918 1400 1112 1453 luerunt
1166 1398 1426 1466 faciemus,
1465 1393 1554 1463 qui
1590 1389 1833 1462 ignoratis
1867 1387 1989 1455 quid

450 1506 539 1549 erit
570 1496 620 1546 in
646 1492 941 1546 crastinum.
989 1486 1322 1543 Multifariam
1353 1486 1406 1539 in
1435 1481 1731 1555 huiusmodi
1764 1478 1993 1547 disposio

466 1587 605 1639 tione
646 1583 916 1637 stultitiam
958 1580 1133 1633 inesse
1179 1585 1346 1642 notat,
1391 1575 1510 1642 quia
1557 1571 1798 1626 videlicet
1834 1574 1888 1623 et
1926 1568 1993 1621 de

465 1674 593 1727 lucri
615 1680 893 1741 augmento
914 1668 1188 1723 consilium
1212 1672 1393 1735 agunt,
1410 1672 1464 1717 et
1486 1678 1546 1717 se
1571 1660 1733 1715 multo
1760 1668 1995 1726 tempore

463 1764 693 1816 victuros
720 1758 1058 1825 arbitrantur,
1088 1766 1142 1810 et
1167 1757 1253 1811 ubi
1281 1769 1474 1809 annum
1505 1752 1716 1816 faciant,
1744 1764 1853 1805 sua:
1877 1761 1995 1801 esse

470 1850 742 1920 putestatis
762 1855 1055 1912 autumant,
1081 1858 1133 1904 et
1162 1848 1213 1901 in
1235 1845 1319 1899 bis
1342 1845 1585 1900 omnibus
1612 1843 1827 1911 superni
1850 1838 1997 1894 ludi-

469 1940 548 1993 cis
576 1954 793 1993 examen
816 1936 881 1992 ad
911 1946 1138 1990 mentem
1168 1947 1414 1989 revocare
1440 1937 1797 1988 contemnunt.

538 2048 664 2113 Qua
689 2048 821 2102 enim
846 2048 947 2100 vita
965 2045 1159 2099 vestra?
1182 2042 1356 2112 Vapor
1374 2052 1446 2096 est
1472 2021 1538 2094 ait
1566 2040 1812 2093 modicum
1841 2051 2004 2107 appa—

465 2153 600 2203 rens,
631 2146 677 2191 et
704 2137 936 2205 άεὺιορρι
965 2132 1395 2188 exterminabitur.
1420 2130 1531 2183 Non
1560 2129 1632 2181 ait
1658 2142 1775 2198 qua-
1800 2136 1881 2180 est
1901 2126 2003 2179 vita

469 2240 670 2291 nostra,
710 2226 802 2280 sed
830 2240 962 2295 quis,
985 2224 1177 2292 inquit,
1205 2225 1305 2275 vita
1325 2220 1532 2275 uestra?
1560 2216 1691 2283 Quia
1726 2217 1855 2285 justi
1884 2223 2007 2269 tunc

471 2318 647 2370 verius
690 2314 871 2369 vivere
912 2311 1186 2380 incipiunt,
1234 2325 1355 2365 cum
1401 2308 1464 2361 ad
1499 2307 1656 2373 hujus
1681 2307 1800 2358 vita-
1848 2304 2005 2355 finem

474 2410 841 2472 pervenerunt.
875 2400 1080 2454 Inimici
1120 2408 1289 2452 autent
1317 2395 1518 2450 Domini
1544 2411 1662 2448 mea:
1693 2410 1807 2447 eum
1844 2392 2009 2445 Itono-

470 2493 653 2566 riﬁcati
696 2500 743 2545 et
787 2490 991 2544 esattati
1032 2488 1236 2557 fuerint,
1276 2486 1561 2554 deﬁcientes
1597 2492 1650 2535 ut
1680 2482 1848 2551 [unius
1884 2480 2012 2547 deﬁ-

474 2583 603 2633 cient
632 2578 799 2650 (Psal.
830 2579 1034 2647 xxxvi).
1075 2577 1188 2632 Non
1233 2584 1409 2631 autem
1455 2574 1736 2642 putandum
1768 2578 1851 2626 est
1878 2571 2012 2623 hanc

474 2669 712 2723 eamdem
740 2666 1052 2721 sententiam
1073 2679 1190 2720 esse
1205 2679 1362 2733 quam
1385 2663 1521 2733 apud
1544 2677 1602 2717 se
1625 2662 1771 2728 impii
1798 2661 1851 2714 in
1879 2659 2012 2726 libro

476 2754 760 2825 Sapientiae
784 2754 984 2809 dixisse
1020 2753 1402 2824 perhibentur:
1438 2753 1572 2815 Quia
1616 2767 1680 2804 ea:
1720 2750 1880 2803 nihilo
1906 2748 2013 2800 nati

472 2862 667 2912 sumus,
727 2853 775 2899 et
819 2852 929 2915 post
974 2845 1081 2897 hac
1124 2842 1308 2896 erimus
1346 2846 1584 2910 tanquam
1636 2855 1736 2892 non
1773 2838 2016 2907 fuerimus

474 2939 628 3010 (Sep.
680 2938 761 3007 It).
817 2936 1075 3001 Quoniam
1105 2932 1279 2987 fumus
1324 2933 1534 2987 afﬂatus
1572 2940 1653 2985 est
1698 2929 1750 2983 iu
1802 2928 2018 2983 naribus

476 3030 689 3091 nostris,
730 3037 785 3083 ct
829 3040 1006 3080 sermo
1048 3022 1401 3077 scintillat-ad
1450 3021 1885 3076 commovendum
1924 3033 2020 3072 cur

477 3129 736 3172 nostrum.
767 3116 877 3182 Qua
904 3115 1162 3168 exstincta
1188 3114 1319 3166 cinis
1347 3112 1449 3166 erit
1474 3125 1690 3178 corpus,
1721 3117 1776 3161 et
1804 3108 2017 3175 spiritus
2044 3121 2094 3185 ο

480 3207 799 3261 diﬂ'undctur
823 3216 1067 3272 tanquam
1092 3202 1266 3257 mollis
1293 3214 1403 3256 aer.
1432 3199 1557 3255 [huc
1580 3198 1720 3254 enim
1740 3197 1844 3254 illis
1866 3198 2023 3252 ratio-

482 3296 777 3360 cinabatur,
807 3295 893 3363 qui
924 3293 1119 3348 nullam
1150 3294 1348 3361 vitam,
1371 3293 1471 3347 nisi
1500 3292 1651 3346 istam
1689 3305 1810 3346 esse
1830 3292 2022 3345 crede-

488 3387 631 3453 bant,
658 3385 894 3443 dicentes
936 3400 1054 3440 cum
1101 3385 1368 3455 Epicuro:
1406 3402 1424 3436 t
1462 3384 1587 3438 Post
1626 3393 1847 3439 mortem
1895 3383 2024 3437 nihil

490 3476 594 3541 est,
622 3487 674 3528 et
723 3489 867 3528 mors
910 3476 1020 3543 ipsa
1068 3474 1197 3527 nihil
1238 3482 1339 3530 est.
1378 3490 1398 3524 ι
1443 3471 1575 3526 Illud
1621 3482 1794 3525 autem
1840 3471 2023 3525 beatus

490 3566 718 3618 lacubus
744 3563 939 3629 intulit,
967 3570 1025 3615 ut
1051 3562 1237 3616 doceat
1260 3562 1381 3631 quia
1406 3561 1510 3615 vita
1539 3575 1815 3630 pravorum
1851 3561 2025 3616 brevis

493 3662 576 3709 est
604 3656 653 3707 in
675 3655 946 3721 presenti,
983 3665 1139 3720 quam
1178 3658 1348 3706 tamen
1394 3652 1445 3705 in
1478 3651 1650 3705 futuro
1678 3667 1823 3706 mors
1848 3653 2026 3721 sequi-

495 3756 579 3798 tur
607 3754 821 3807 a-terua,
850 3742 1002 3811 juxta
1041 3741 1162 3795 illud
1214 3742 1348 3797 beati
1390 3741 1488 3797 Job
1518 3759 1531 3794 :
1566 3741 1764 3795 Ducunt
1804 3745 1855 3796 in
1888 3742 2058 3799 bonis,

494 3835 599 3887 dies
662 3849 779 3887 suos
801 3873 818 3900 ,
868 3842 917 3885 et
977 3833 1031 3885 in
1093 3843 1276 3901 puncto
1345 3833 1414 3886 ad
1477 3834 1677 3903 inferna
1728 3833 2030 3887 descendunt

493 3922 632 3996 (Job.
681 3924 817 3991 xxi).

569 4035 762 4091 Scienti
787 4049 907 4105 ergo
953 4034 1139 4087 bonum
1184 4034 1347 4103 facere
1394 4042 1443 4089 et
1496 4051 1596 4090 non
1645 4036 1870 4106 facienti,
1904 4040 2032 4102 'pec-

498 4138 665 4179 catum
711 4137 784 4181 est
825 4126 925 4181 illi.
973 4126 1073 4182 Per
1127 4137 1290 4181 totum
1344 4125 1499 4196 hujus
1546 4127 1796 4195 Epistulae
1836 4137 2035 4180 textum

502 4216 685 4270 beatus
729 4215 959 4269 lacubus
1008 4216 1241 4270 ostendit
1286 4217 1427 4284 quod
1475 4216 1528 4269 bi
1581 4217 1772 4283 quibus
1830 4214 2039 4280 scripsit

508 4310 781 4363 scientiam
812 4308 935 4362 boni
972 4307 1194 4361 faciendi
1255 4307 1535 4373 habebant,
1585 4309 1739 4361 simul
1783 4317 1837 4363 et
1886 4309 2039 4363 tidem

507 4410 702 4451 rectam
741 4399 1052 4463 didicerant,
1085 4398 1157 4452 ita
1200 4407 1257 4451 ut
1301 4406 1355 4450 et
1390 4397 1508 4449 aliis
1534 4412 1592 4452 se
1621 4398 1899 4466 magistros
1930 4397 2040 4452 ﬁeri

507 4501 661 4554 posse
710 4495 1107 4555 praesumerent,
1158 4501 1255 4541 nec
1299 4496 1473 4540 tamen
1506 4502 1722 4554 uperum
1756 4486 2043 4554 perfectio-

510 4591 649 4641 nem,
681 4590 847 4642 neque
867 4577 1057 4630 mentis
1081 4574 1445 4640 humilitatem,
1474 4592 1649 4644 neque
1668 4577 2042 4631 continentiam

509 4667 680 4721 adhuc
705 4666 968 4720 sermonis
995 4678 1147 4720 erant
1176 4668 1371 4733 adepti.
1411 4668 1557 4721 Unde
1580 4669 1696 4723 illos
1727 4670 1883 4724 modo
1906 4669 2044 4724 inter

509 4756 610 4810 alia
652 4756 1021 4822 iucrepationis
1049 4763 1103 4808 et
1146 4754 1528 4813 exhortationis
1557 4758 1710 4810 verba
1741 4774 1845 4811 non
1890 4760 2045 4813 mini-

515 4861 653 4897 mum
705 4854 863 4899 terret
914 4845 965 4898 in
1012 4860 1096 4908 eo,
1127 4844 1263 4911 quod
1292 4844 1544 4897 scientem
1586 4846 1720 4899 bona
1769 4847 1963 4915 facere,
1994 4862 2047 4905 et

515 4950 617 4988 nun
674 4936 946 4989 facientem
1001 4953 1115 5006 qua:
1168 4940 1346 5003 novit,
1402 4940 1571 5004 majus
1612 4938 1803 4993 dicitur
1853 4941 2048 4994 habere

517 5034 805 5090 peccatum,
868 5040 1019 5092 quam
1082 5027 1222 5079 illum
1272 5029 1358 5098 qui
1420 5030 1720 5099 ignorantur
1771 5030 2049 5099 delinquit.

513 5116 740 5168 Tametsi
788 5130 883 5169 nec
934 5116 1023 5170 ille
1068 5131 1282 5186 prorsus
1311 5136 1339 5172 a
1372 5133 1523 5176 reatu
1556 5123 1686 5176 liber
1726 5139 1844 5179 esse
1890 5127 2051 5194 poSsit

519 5208 605 5273 qui
634 5208 872 5259 nesciens
896 5209 1118 5272 erravit,
1159 5224 1276 5261 cum
1309 5211 1417 5277 ipsa
1448 5213 1571 5266 boni
1616 5215 1900 5282 ignorantia
1949 5233 2049 5269 non

523 5310 734 5364 parvum
760 5297 828 5349 sit
851 5298 1062 5353 malum.
1084 5298 1213 5355 lline
1236 5300 1429 5354 etenim
1456 5302 1703 5358 Dominus
1723 5308 1794 5359 ait
1816 5322 1830 5357 :
1865 5306 2052 5361 Servus

518 5390 603 5456 qui
626 5388 848 5456 cognovit
878 5392 1176 5442 uoluntatem
1214 5389 1401 5441 domini
1427 5392 1526 5455 sui,
1549 5404 1594 5443 et
1617 5409 1714 5444 non
1741 5394 1854 5463 fecit
1875 5410 2051 5448 secun-

518 5481 637 5530 dum
679 5479 977 5531 uoluntatem
1023 5480 1151 5545 ejus,
1200 5480 1452 5548 vapulabit
1498 5482 1683 5536 multis.
1734 5485 1832 5547 Qui
1882 5497 2049 5537 autem

520 5586 618 5621 non
647 5570 891 5639 cognorit,
917 5582 959 5623 et
1003 5568 1117 5637 fecit
1164 5570 1314 5637 digna
1360 5574 1541 5643 plagis,
1585 5577 1835 5643 vapulabit
1878 5578 2053 5645 paucis

523 5659 668 5728 (Lar.
716 5659 825 5725 xit).
1239 5653 1253 5679 '

2090 1371 2204 1410 rum
2233 1362 2285 1408 et
2311 1353 2541 1407 inanium
2587 1351 2859 1413 memoria,
2899 1348 3089 1417 quibus
3128 1346 3372 1400 facillime
3413 1354 3648 1413 possent

2090 1462 2213 1502 suas
2242 1432 2502 1502 redimere
2523 1444 2803 1513 nequitias,
2826 1458 2930 1497 non
2953 1444 3124 1495 minus
3148 1451 3202 1495 et
3226 1448 3347 1495 ante
3369 1437 3647 1509 judicium

2092 1538 2297 1592 animas
2323 1550 2528 1599 eorum,
2554 1542 2609 1589 et
2646 1542 2762 1598 post
2789 1530 3233 1587 resurrectionem
3259 1530 3415 1584 etiam
3441 1543 3650 1583 carnes

2094 1612 2299 1692 exuret,
2349 1625 2473 1679 dum
2520 1622 2861 1691 sibimetipsis
2900 1612 3133 1688 graviter
3174 1619 3328 1672 irasci
3358 1620 3645 1687 incipiunt,

2096 1719 2214 1786 quia
2265 1731 2357 1773 sua
2409 1715 2611 1772 scelera
2658 1715 3008 1786 eleemosynis
3056 1712 3269 1767 abluere
3330 1711 3649 1766 noluerunt.

2025 1790 2073 1850 Β
2104 1807 2339 1874 Denique
2375 1802 2567 1860 dimitti
2620 1806 2693 1860 illi
2743 1815 3028 1872 purpurato
3071 1818 3250 1872 aerugo
3292 1803 3650 1870 pecuniarum

2082 1895 2153 1949 -iu
2194 1895 2545 1950 testimonium
2596 1896 2861 1963 nequitiae,
2892 1904 2945 1948 et
2997 1894 3047 1947 in
3103 1903 3432 1960 augmentum
3475 1906 3646 1945 versa

2101 1997 2213 2039 erat
2242 2000 2535 2055 pinnarum,
2575 1984 2783 2053 quando
2818 1999 2912 2051 per
2957 1984 3365 2051 increpationem
3413 1981 3653 2034 Abraha

2103 2074 2324 2127 audivit:
2344 2071 2471 2139 Fili,
2489 2074 2753 2127 recordare
2776 2074 2894 2141 quia
2922 2073 3151 2140 recepisti
3175 2072 3304 2124 bona
3332 2074 3383 2122 in
3403 2073 3501 2123 uita
3533 2079 3652 2133 tua,

2104 2173 2151 2217 et
2168 2162 2400 2235 ‘Lasarus
2423 2162 2654 2216 similiter
2694 2163 2830 2214 mala
2859 2160 3007 2228 (Luc.
3053 2156 3184 2227 xvi).
3236 2159 3455 2212 Possunt
3481 2160 3653 2213 etiam

2107 2253 2321 2305 nomine
2342 2250 2574 2303 carnium
2603 2252 2731 2317 ipsae
2756 2234 3223 2304 carnalesdelicia
3250 2248 3482 2316 intelligi,
3512 2263 3655 2317 quas

2107 2354 2283 2409 mrngu
2310 2341 2649 2410 pecuniarum
2688 2340 2825 2395 sicut
2855 2341 2988 2408 ignis
3018 2339 3317 2403 manducat,
3360 2338 3477 2393 dum
3520 2342 3654 2393 ani-

2109 2446 2249 2483 mam
2303 2430 2622 2483 luxuriosam
2671 2437 2725 2480 et
2770 2430 3099 2481 extrinsecus
3167 2428 3400 2481 saeviens
3439 2429 3652 2480 ﬂamma

2110 2524 2328 2584 cruciat,
2361 2527 2413 2572 et
2442 2530 2545 2571 non
2575 2519 2746 2572 minus
2774 2518 2991 2572 interius
3034 2534 3266 2587 pungens
3298 2534 3405 2571 sua:
3435 2520 3657 2572 tenacia:

2110 2609 2262 2662 dolor
2298 2615 2524 2661 accusat.
2552 2607 2699 2674 Quod
2727 2604 2787 2660 in
2809 2607 2905 2660 hac
2933 2623 3144 2676 quoque
3176 2609 3277 2660 vita
3307 2610 3497 2674 smpius
3520 2621 3656 2660 con—

2113 2700 2284 2767 tingit,
2321 2706 2377 2751 ut
2424 2698 2659 2755 nonnulli
2704 2697 2912 2751 divitias
2949 2698 3137 2765 quibus
3166 2698 3302 2757 male
3350 2697 3653 2759 utebantur,

2116 2790 2379 2853 amittant,
2410 2787 2727 2856 perditisque
2746 2786 3082 2841 facultatibus
3103 2786 3209 2855 jam
3236 2801 3358 2840 sero
3378 2786 3657 2852 incipiant,

2116 2877 2255 2946 quod
2282 2890 2372 2930 eas
2403 2876 2517 2932 sine
2544 2876 2712 2930 fructu
2763 2876 3044 2950 habuerint
3088 2875 3295 2941 dolore,
3330 2882 3383 2927 et
3428 2885 3551 2926 tunc
3597 2887 3657 2925 se

2117 2977 2327 3038 gemant
2360 2968 2711 3037 indigentibus
2748 2980 2841 3021 sua
2886 2981 2988 3019 non
3016 2964 3247 3030 dedisse,
3292 2979 3409 3029 cum
3447 2963 3543 3031 ipsi
3573 2963 3657 3015 in-

2122 3068 2336 3127 gruente
2366 3056 2650 3126 indigentia
2676 3066 2931 3123 cogantur
2959 3055 3276 3109 mendicare.

2194 3147 2588 3201 Thesauriaastis
2606 3132 2738 3197 vobis
2766 3146 2890 3197 iram
2916 3145 2969 3198 in
2995 3144 3268 3198 novissimis
3290 3144 3477 3197 diebus.
3503 3142 3655 3208 Quia.

2127 3240 2361 3310 neglecta
2410 3252 2692 3308 pauperum
2736 3237 2966 3291 nuditate
3016 3238 3094 3289 vel
3142 3236 3338 3300 esurie,
3392 3237 3658 3288 thesauros

2126 3330 2357 3399 pecunia:
2386 3329 2532 3381 vobis
2561 3327 2787 3380 condere
2828 3324 3154 3393 gaudebatis,
3197 3324 3303 3391 jam
3338 3323 3483 3374 vobis
3530 3320 3657 3389 ipsis

2125 3432 2231 3471 non
2286 3416 2634 3485 przevidentes
2686 3413 2874 3467 interni
2919 3413 3110 3479 judicis
3158 3412 3289 3465 iram
3337 3410 3657 3463 eumulastis.

2126 3502 2251 3574 Quae
2278 3507 2380 3561 etsi
2407 3506 2625 3561 necdum
2653 3504 2911 3573 apparuit,
2946 3504 2995 3555 in
3027 3501 3325 3562 novissimis
3353 3500 3533 3554 diebus
3557 3500 3657 3567 jam

2132 3594 2419 3651 certissima
2465 3600 2652 3657 restat,
2697 3589 2751 3645 id
2794 3590 3033 3654 est,'ubi’
3070 3590 3433 3657 temporalium
3465 3589 3659 3641 dierum

2131 3685 2251 3737 linis
2278 3683 2522 3736 adfuerit.

2202 3771 2330 3825 Ecce
2359 3785 2543 3824 merces
2574 3767 2920 3836 operariorum
2958 3767 3047 3837 qui
3092 3773 3400 3819 mcssuerunt
3444 3762 3661 3833 regiones

2130 3872 2339 3929 uestras,
2390 3877 2499 3930 qua:
2546 3861 2784 3929 fraudata
2826 3866 2896 3912 est
2944 3874 2975 3909 α
3020 3857 3174 3919 vobis,
3221 3858 3425 3907 clamat.
3468 3854 3661 3919 Quanta

2130 3956 2469 4023 superborum
2520 3951 2785 4017 iniquitas,
2825 3949 2912 4016 qui
2956 3963 3075 4001 cum
3103 3947 3316 4000 divitias
3344 3944 3660 3999 sufficientes

2135 4032 2399 4106 habeant,
2455 4056 2558 4093 non
2627 4039 2796 4091 solum
2849 4050 3103 4104 pauperes
3156 4035 3350 4101 passim
3409 4035 3664 4086 venientes

2136 4133 2404 4200 suscipere
2450 4144 2512 4183 ac
2558 4128 2779 4183 reticere
2825 4138 3104 4196 spernunt,
3154 4125 3246 4179 sed
3298 4124 3425 4193 ipsis
3471 4135 3665 4190 quoque

2138 4219 2494 4285 mercenariis,
2539 4218 2619 4272 vel
2668 4216 2873 4271 famulis
2915 4214 3023 4270 suis
3070 4215 3299 4269 debitam
3347 4212 3541 4265 laboris
3587 4207 3659 4262 sui

2142 4315 2437 4370 mercedem
2467 4308 2690 4366 reddere
2729 4308 2933 4362 nolunt.
2978 4304 3125 4371 Quod
3172 4303 3453 4371 impietatis
3495 4300 3663 4352 vitium

2150 4407 2332 4459 beatus
2380 4403 2477 4457 Job
2508 4401 2725 4455 multum
2755 4414 2813 4453 se
2840 4410 3025 4452 cavere
3055 4394 3300 4456 insinuat,
3330 4407 3448 4446 cum
3475 4393 3548 4443 ait
3573 4408 3583 4441 ;
3610 4387 3666 4440 Si

2145 4500 2406 4551 aduersum
2425 4512 2500 4547 me
2531 4504 2664 4546 terra
2685 4509 2792 4545 mea
2823 4492 3029 4554 clamat,
3056 4500 3103 4541 et
3122 4503 3234 4540 cum
3274 4488 3387 4553 ipsa
3425 4484 3547 4537 sulci
3573 4481 3667 4546 ejus

2144 4586 2352 4655 deﬂent,
2395 4584 2438 4636 si
2481 4584 2675 4650 [ructus
2724 4584 2829 4652 ejus
2877 4580 3069 4633 comedi
3117 4578 3300 4640 absque
3353 4572 3578 4641 pecunia,
3624 4578 3665 4620 et

2142 4676 2361 4730 animum
2392 4672 2724 4741 agricolarum
2751 4671 2858 4736 ejus
2888 4668 3064 4737 afﬂixi,
3093 4680 3182 4731 pro
3210 4666 3459 4731 frumento
3488 4660 3665 4711 oriatur

2143 4766 2267 4818 mihi
2286 4763 2520 4823 tribulus,
2550 4768 2593 4812 et
2622 4774 2712 4827 pro
2738 4757 2921 4809 hordeo
2958 4758 3103 4822 spina
3126 4752 3263 4824 (Job.
3298 4750 3460 4820 xxxi).
3494 4748 3558 4803 Et
3576 4750 3666 4800 cla-

2147 4878 2255 4913 mor
2276 4861 2495 4927 ipsorum
2524 4856 2575 4906 in
2603 4868 2746 4907 aures
2787 4850 2987 4902 Domini
3035 4849 3256 4903 Sabaoth
3286 4847 3522 4898 introivit.
3573 4841 3664 4893 Do-

2147 4951 2345 5005 minum
2376 4946 2624 5007 Sabaoth,
2666 4945 2715 4995 id
2759 4949 2860 5004 est,
2907 4940 3182 4992 Dominum
3228 4934 3549 4988 exercituum
3590 4944 3670 4995 ap-

2148 5042 2326 5109 pellat,
2357 5039 2419 5091 ad
2453 5046 2707 5090 terrorem
2740 5046 2921 5085 eorum
2958 5032 3042 5096 qui
3073 5041 3326 5095 pauperes
3358 5032 3541 5090 putant
3569 5019 3667 5071 nul-

2150 5132 2254 5185 lum
2285 5131 2475 5182 habere
2506 5134 2752 5176 tutorem.
2792 5121 2924 5173 lluic
2952 5127 3122 5170 autem
3149 5119 3266 5171 loco
3294 5111 3532 5179 congruit
3558 5110 3667 5161 illud

2152 5218 2439 5273 Psalmista:
2474 5233 2485 5267 :
2519 5215 2631 5267 Tibi
2674 5214 2803 5268 enim
2854 5200 3119 5262 derelictus
3146 5219 3215 5261 est
3256 5217 3465 5273 pauper,
3497 5199 3669 5268 pupillo

2152 5320 2207 5364 tu
2251 5310 2347 5361 eris
2392 5308 2592 5377 adjutor
2622 5307 2789 5375 (Psal.
2841 5298 2994 5359 Hclii'.
3046 5304 3122 5374 ι).
3177 5299 3238 5352 Et
3289 5292 3425 5361 utmd
3457 5290 3509 5344 in
3558 5291 3673 5344 libro

2154 5403 2291 5457 benti
2328 5400 2427 5454 Job
2457 5399 2706 5464 scriptum
2741 5407 2858 5449 est:
2890 5396 3068 5464 Neque
3106 5395 3239 5445 enim
3284 5385 3473 5453 [rustra
3519 5381 3670 5434 audiet

2156 5489 2323 5551 Deus,
2382 5496 2426 5539 ct
2484 5486 2794 5549 omnipotens
2838 5486 3153 5552 singulorum
3202 5490 3381 5529 causas
3428 5470 3673 5522 intuebitur

2158 5577 2295 5644 (Job.
2346 5576 2531 5641 xxxv).
2581 5571 2789 5641 Epulati
2833 5574 2948 5626 estis
2989 5584 3136 5636 super
3179 5578 3383 5621 terram.
3436 5557 3673 5644 Neglectis

2158 5642 2355 5734 qaudiis
2386 5660 2687 5715 cmlestibus
2726 5661 2787 5714 ad
2817 5676 2933 5729 qua:
2963 5673 3052 5728 per
3082 5655 3389 5709 afiliCtiunes
3418 5660 3470 5709 ei
3497 5642 3675 5723 jrjuu‘l
