3860 6230
190 409 253 462 37

786 419 1022 480 EXPOS.
1064 425 1211 482 SUP.
1253 427 1619 487 EPISTULAS
1659 432 1676 486 t

1773 434 1951 489 [μοι.
1989 465 2060 482 ~
2099 439 2157 493 ο.
2196 440 2423 499 μωω
2463 448 2812 511 ΕΡΙὸΪΟΙΛ.

187 525 371 580 venire
417 529 688 595 poteratis,
733 532 914 599 epulas
944 542 1151 589 tantum
1198 536 1414 608 diligitis
1460 544 1717 609 carnales,
1749 547 1797 605 Α
1821 554 1954 596 ctum
1989 557 2197 601 oestrum
2248 552 2301 604 in
2345 556 2806 626 sanctiﬁcationsm,
2852 564 3005 632 ﬁnem
3047 581 3162 621 vero

184 626 321 682 quas
348 624 491 671 tanta
532 618 585 671 in
615 618 788 674 futuro
815 621 980 677 iantes
1008 622 1525 698 sitisquo'sequctur,
1556 642 1613 687 nt
1659 650 1727 690 ne
1823 642 2060 689 eternarn
2104 637 2276 708 (Rom.
2313 644 2407 709 vi).
2455 618 2627 701 Nolite
2672 618 3006 720 ingemiscere.

3290 460 3361 516 ἰδ

3204 575 3301 624 uita
3311 596 3358 629 nt

186 716 288 755 una
318 704 528 773 quidem
561 718 877 781 aquargntta
910 720 1031 766 tunc
1064 705 1241 781 possit
1266 717 1476 773 aliunde
1501 721 1720 789 acquiri,
1820 704 2145 793 alterutrum,
2169 742 2224 784 ut
2253 748 2351 787 non
2365 704 2685 804 iudicemini.
2715 704 2872 809 δυπεί
2898 704 3217 821 νοςνιιςηοη
3236 704 3349 808 'mc-

186 803 280 821 ιι.-
306 807 459 821 ιιη-..
484 793 629 821 “L2-
662 796 848 821 --ΔΑ-λ
878 797 1048 821 Ιε-μ-.-
1086 803 1244 821 --ιηι-
1342 816 1353 821 -
1850 816 1864 821 -
1893 816 1904 821 -
2014 817 2025 821 -

178 803 280 859 per
305 807 461 863 quam
484 793 632 849 vobis
659 796 851 853 ardens
878 797 1055 868 lingua
1086 803 1441 872 relrigcretur.

1817 816 1934 869 ritis
1962 817 2179 874 adversa
2210 828 2497 892 patiamini,
2543 841 2597 885 et
2641 846 3001 901 persecutores
3040 846 3201 900 vestri
3229 862 3347 901 cum

2210 878 2224 891 _
2372 878 2377 879 ,
2425 878 2497 892 --Ἰ
2548 878 2597 885 ν-
2642 878 3001 901 ruam-"vn.-
3044 878 3201 900 vcaus
3229 878 3347 901 vuul

250 878 324 934 Et
348 882 399 933 in
426 880 641 938 lusuriis
681 888 935 942 nutristis
960 893 1117 944 corda
1143 904 1322 948 oestro.
1351 895 1452 963 Illi,
1477 896 1528 951 in
1565 897 1719 951 lnsu-
1817 908 2039 962 maxima
2076 912 2272 967 scelera
2311 915 2550 985 fecerint,
2584 923 2712 977 nihil
2758 925 2895 982 lerre
2941 930 3213 987 videantur
3252 936 3348 990 ad-

180 965 274 1023 riis
316 968 587 1025 enutriunt
626 974 784 1028 corda
811 990 924 1039 sua,
954 981 1237 1048 qui,juxta
1272 984 1415 1038 illum
1448 987 1709 1041 Ecclesia-

1816 996 1975 1050 versi.
2022 997 2087 1053 Ut
2116 1015 2220 1055 non
2241 1001 2569 1070 judicemini.
2600 1011 2807 1067 Jodicio
2850 1016 3089 1074 videlicet
3128 1020 3347 1076 damna.

177 1058 277 1111 stis
303 1073 618 1127 sermonem,
649 1078 752 1117 non
802 1065 1081 1133 prohibent
1116 1084 1229 1135 cor,
1282 1074 1404 1138 quin
1443 1077 1586 1129 omni
1617 1092 1715 1129 vo-
1813 1079 1989 1150 tionis,
2019 1101 2083 1140 eo
2108 1058 2262 1157 quod.
2284 1058 2525 1159 iudicaui
2555 1097 2712 1155 istum
2738 1104 2882 1170 quasi
2909 1106 3082 1176 inique
3104 1108 3347 1179 judican-

178 1147 375 1179 issula-In
406 1147 602 1179 [ιν-..ιη-
670 1159 723 1179 Α.
772 1152 996 1179 -LI--.-.
1044 1169 1101 1179 ,Α
1151 1159 1199 1179 :-_
1235 1158 1310 1179 sua-
1502 1177 1549 1179 ᾼ-
1982 1173 1994 1179 -

178 1147 375 1214 luptate
404 1147 622 1213 fruatur,
669 1159 726 1205 et
772 1152 1002 1208 oblectet
1044 1169 1104 1210 se
1151 1158 1313 1212 iubis
1342 1176 1459 1228 qua:
1500 1177 1711 1230 parave-

174 1236 301 1291 rint.
336 1237 401 1291 Et
436 1236 571 1292 hanc
610 1240 807 1296 ducunt
836 1253 1035 1313 partem
1080 1262 1249 1313 suam,
1280 1252 1326 1305 si
1367 1260 1580 1306 utantur
1611 1256 1707 1321 ipsi

174 1323 441 1379 laboribus
487 1326 636 1394 suis,
682 1328 876 1386 nullam
927 1333 995 1388 de
1044 1348 1331 1404 pauperum
1388 1341 1708 1396 nutrimento

172 1411 255 1465 vel
283 1412 670 1469 oblectamento
704 1431 888 1473 curam
936 1419 1188 1477 habentes
1216 1423 1384 1494 (Eccl.
1420 1426 1498 1497 ιι).
1530 1428 1595 1482 In
1622 1432 1709 1483 die

170 1499 431 1554 occisionis
468 1501 753 1558 adduxistis
791 1515 839 1559 et
876 1509 1123 1561 occidistis
1140 1512 1361 1579 justum,
1400 1531 1490 1569 nec
1527 1520 1706 1572 restitit

170 1587 324 1641 nobis.
372 1587 578 1645 Justum
632 1593 863 1663 appellat
910 1596 1190 1653 Dominum
1235 1601 1581 1669 Salvatorcm,
1635 1608 1704 1661 de

167 1690 268 1741 quo
280 1685 336 1729 et
360 1676 545 1733 beatus
571 1692 929 1754 protomartyr
946 1685 1241 1756 Stephanus
1266 1690 1465 1746 eisdem
1506 1694 1701 1749 Judais

168 1763 389 1831 loquitur
418 1782 432 1818 :
462 1766 618 1830 Quem
644 1770 1000 1841 prophetarum
1049 1791 1148 1829 non
1190 1788 1308 1831 sunt
1346 1784 1587 1851 persecuti
1608 1800 1700 1851 pa-

164 1865 259 1909 tres
286 1858 454 1921 vestri,
480 1866 531 1911 et
551 1861 840 1916 occiderunt
867 1880 949 1919 eos
990 1867 1077 1934 qui
1116 1872 1478 1927 annuntiabant
1506 1875 1568 1927 de
1592 1875 1690 1927 ad-
1727 1870 1771 1930 B
1795 1858 2001 1948 laboris,
2028 1893 2077 1937 et
2103 1858 2375 1955 patientia,

164 1953 299 1997 ventu
333 1944 513 2000 litati?
550 1950 696 2018 cujus
739 1965 824 2005 res
865 1967 997 2005 nunc
1025 1957 1302 2021 proditores
1341 1968 1391 2012 et
1434 1959 1697 2015 homicida:

160 2029 323 2096 fuistis
349 2033 487 2101 (Act.
513 2033 632 2105 vn).
666 2037 896 2105 Apparet
933 2053 1058 2109 ergo
1078 2045 1218 2109 quod
1261 2045 1444 2100 beatus
1466 2048 1693 2102 Jacobus

160 2118 269 2172 illos
291 2119 487 2176 divites
526 2123 809 2193 alloquitur
847 2141 912 2181 ex
957 2142 1023 2183 eo
1067 2130 1202 2197 loco,
1253 2148 1357 2201 quo
1403 2136 1473 2188 ait
1506 2153 1520 2188 :
1550 2138 1693 2207 Agite

158 2220 309 2270 nunc,
334 2208 531 2275 divites,
561 2212 754 2279 plorato
777 2213 1049 2283 ululantes,
1081 2220 1168 2287 qui
1197 2220 1250 2274 in
1278 2237 1461 2277 necem
1486 2226 1689 2282 Domini

158 2293 574 2362 coniuraverant,
615 2308 668 2353 et
715 2301 935 2357 necdum
968 2305 1123 2360 tidem
1171 2310 1395 2364 nominis
1444 2312 1557 2381 ejus
1586 2330 1685 2384 qua

162 2382 496 2439 salvarentur
520 2400 850 2470 acceperant;
880 2394 955 2449 De
980 2396 1168 2464 quibus
1191 2408 1242 2453 et
1265 2415 1422 2469 supra
1462 2382 1689 2472 loquitur

156 2471 481 2529 credentibus
510 2492 525 2528 :
550 2466 734 2533 Nonne
774 2481 950 2537 divites
996 2501 1086 2553 per
1126 2466 1465 2558 penitentiam
1508 2466 1681 2563 oppri-

156 2570 284 2612 munt
312 2577 420 2628 vos,
461 2574 507 2618 et
547 2567 644 2635 ipsi
666 2567 869 2624 trahunt
890 2570 978 2628 eos
1011 2576 1079 2628 ad
1102 2578 1344 2648 judicia?
1371 2580 1554 2637 Nonne
1588 2585 1684 2655 ipsi

157 2647 494 2717 btosphemant
522 2652 705 2708 bonum
729 2674 927 2725 nomen,
951 2666 1086 2729 quod
1108 2647 1395 2723 invocatum
1421 2682 1494 2745 est
1531 2647 1682 2743 super

155 2752 229 2789 ros
268 2737 405 2808 (Jac.
452 2744 558 2810 tt)?
598 2746 664 2800 Et
688 2751 809 2817 quia
837 2752 1109 2810 duodecim
1139 2759 1373 2817 tribubus
1401 2742 1515 2833 quae
1558 2737 1681 2823 sunt

156 2825 201 2877 in
226 2825 553 2893 dispersione
581 2836 783 2901 scribit,
817 2840 886 2894 ita
919 2841 1098 2900 lideles
1143 2860 1324 2905 monet
1365 2825 1523 2921 opera
1559 2859 1675 2915 lidei

157 2910 340 2980 facere,
369 2927 429 2970 ut
466 2932 558 2974 eos
581 2924 737 2978 etiam
762 2929 848 2994 qui
879 2932 1102 2987 necdum
1137 2910 1470 2999 crediderant
1513 2910 1674 3001 ad

155 2999 264 3055 dem
293 3004 605 3063 dominicam
652 3012 806 3068 simul
850 3028 902 3072 et
952 3019 1070 3076 fidei
1114 3038 1272 3095 opera
1308 2999 1676 3093 suadeatﬁcon-

157 3089 299 3156 verti,
340 3106 591 3151 revocans
632 3099 735 3156 illis
774 3104 840 3158 ad
885 3089 1186 3167 memoriam
1210 3117 1326 3184 quia
1350 3119 1440 3175 Dei
1481 3123 1666 3179 Filium

156 3180 447 3279 occiderint,
481 3196 532 3239 et
563 3187 776 3260 insuper
800 3198 952 3263 quasi
997 3199 1127 3255 nihil
1157 3180 1277 3259 mali
1306 3209 1662 3279 perfecissent,
1694 3184 1741 3246 ϐ

155 3264 360 3322 luxuria:
405 3286 524 3328 sese
551 3285 605 3330 et
628 3280 861 3336 avaritize
906 3290 1274 3361 manciparint,
1324 3313 1419 3353 nec
1468 3310 1669 3357 tantum

155 3359 315 3413 scelus
338 3364 639 3429 penitentia
668 3379 719 3424 et
744 3374 1093 3446 eleetnosynis
1114 3387 1394 3441 emendare
1418 3397 1667 3449 curariut.

155 3444 337 3509 Quibus
366 3454 577 3521 proprie
604 3463 848 3517 convenit
877 3444 1015 3533 quod
1045 3469 1119 3523 ait
1146 3488 1160 3525 :
1188 3474 1461 3532 Avaritiam

154 3548 307 3588 eorum
338 3540 495 3593 instar
522 3544 653 3613 ignis
689 3552 1120 3622 tuanducaturam,
1156 3573 1202 3612 et
1225 3567 1340 3629 quia
1366 3570 1671 3627 thesauriza-

157 3637 313 3679 eerttnt
339 3629 430 3680 sibi
466 3631 593 3684 iram
624 3636 675 3686 in
704 3640 981 3696 notissimis
1008 3645 1198 3701 diebus.
1226 3650 1336 3706 lloc
1364 3671 1585 3726 namque
1617 3664 1667 3715 in

161 3711 228 3763 eis
267 3725 378 3781 post
411 3722 726 3805 occisionem
768 3725 934 3796 ipsius
975 3732 1154 3791 Jacobi
1191 3745 1503 3811 completum
1550 3764 1667 3804 esse

159 3804 345 3869 claruit,
374 3824 492 3862 cum
536 3811 976 3886 Jerosolymorum
1005 3826 1207 3896 civitas,
1236 3832 1341 3887 imo
1371 3840 1541 3891 omnis
1578 3839 1667 3894 Ju-

158 3889 272 3943 ἀπε
295 3896 550 3959 provincia
575 3912 952 3971 expugnaretur
966 3922 1029 3965 ac
1042 3889 1397 3975 declamretur
1418 3940 1445 3976 a
1471 3926 1661 3980 Itoma-

158 3978 246 4041 uis,
275 3991 325 4034 et
346 3993 651 4041 ceterorum
680 4007 797 4059 qua
822 4005 1089 4063 patrarunt
1112 4005 1388 4065 scelerum.
1418 4012 1666 4071 Patientes

158 4080 260 4132 ergo
283 4079 453 4135 estote,
478 4074 679 4145 fratres,
710 4095 862 4151 usque
883 4087 952 4137 ad
976 4089 1233 4147 adventum
1256 4096 1478 4155 Domini.
1512 4104 1663 4160 Post-

159 4168 294 4217 quam
322 4162 579 4225 superbos
624 4175 677 4220 et
724 4169 1022 4243 incredulos
1071 4180 1448 4255 increpaverat,
1482 4207 1663 4249 rursus

157 4245 453 4299 convertitur
478 4249 540 4302 ad
589 4267 681 4307 eos
729 4259 815 4325 qui
860 4263 1036 4319 talium
1085 4245 1663 4340 improbitate-fuerant

157 4696 387 4749 potestate
426 4701 771 4766 persequendi
811 4706 1044 4771 privatis.
1088 4714 1218 4769 Ecce
1248 4722 1467 4788 agricola
1492 4744 1661 4796 exspe-

154 4782 240 4824 ctat
280 4781 544 4838 pretiosum
585 4785 809 4851 fructum
852 4803 1018 4865 terror,
1049 4781 1302 4869 patienter.
1316 4811 1479 4877 ferens
1503 4781 1658 4869 donec

152 4864 344 4929 occipiat
388 4880 756 4937 temporaneum
797 4892 844 4933 et
870 4888 1164 4955 serotinum,
1210 4908 1311 4948 etc.
1357 4900 1409 4952 Si
1441 4903 1524 4955 ille
1564 4921 1655 4967 pro

155 4960 294 5006 terra:
320 4957 483 5012 fructu
512 4977 669 5030 quem
712 4982 998 5037 exspectat,
1030 4986 1077 5030 et
1110 4987 1441 5051 temporalem
1480 5008 1653 5058 sperat

155 5045 426 5108 provenire,
457 5057 558 5103 tam
604 5058 862 5119 patienter
899 5062 1119 5130 laborat,
1147 5084 1340 5134 quanto
1370 5045 1534 5145 magis
1562 5096 1652 5135 vos

154 5142 232 5193 pro
256 5134 477 5188 celestis
505 5136 675 5193 fructu
728 5152 1006 5216 mercedis,
1055 5172 1207 5225 quem
1257 5134 1503 5231 perpetuvo
1533 5183 1648 5235 pos-

152 5220 304 5277 sidere
327 5225 526 5293 valetis,
550 5232 720 5285 omnia
743 5251 876 5291 nunc
897 5242 1110 5300 adversa
1137 5256 1397 5307 sustinere
1425 5256 1671 5312 debetis?‘

150 5312 403 5380 Accipietis
448 5320 638 5374 etenim
687 5339 780 5376 vos
805 5337 1140 5396 temporalem
1192 5339 1437 5407 fructum,
1489 5349 1643 5402 vitam

152 5399 367 5457 videlicet
405 5406 590 5461 anima:
635 5422 748 5477 post
779 5426 1019 5472 mortem.
1052 5427 1328 5495 Accipietis
1372 5445 1423 5486 et
1460 5441 1647 5490 seroti-

152 5581 503 5643 temporaueum
526 5587 576 5640 in
597 5593 840 5656 operibus
862 5595 1096 5667 justiti-or,
1112 5613 1391 5666 serotinum
1418 5618 1465 5668 in
1495 5619 1637 5671 retri-

152 5662 327 5721 butione
355 5674 606 5739 laborum,
634 5680 779 5746 juxta
811 5686 930 5740 illud
976 5662 1206 5759 Apostoli
1238 5720 1255 5753 τ
1521 5708 1628 5758 [νιιο

1697 3364 1717 3377 α

1814 1180 1918 1225 tem
1949 1173 2272 1243 vituperetis.
2454 1233 2459 1235 Α
2745 1256 2765 1260 _

1878 1259 2009 1318 Ecce
2034 1262 2201 1320 ludes
2224 1268 2561 1341 antsjonuant
2588 1259 2791 1334 assistit.
2823 1281 2921 1347 Qui
2950 1294 3002 1338 et
3029 1286 3175 1341 vobis
3203 1304 3342 1357 prte-

1808 1350 1911 1403 mia
1943 1352 2225 1420 patientins,
2270 1366 2326 1411 et
2346 1364 2664 1418 adversariis
2707 1368 2893 1422 vestris
2918 1385 3146 1439 ‘ptenam
3186 1350 3339 1443 quam

1806 1451 2074 1495 merentur
2092 1444 2353 1501 restituet.
2383 1448 2518 1503 Ante
2540 1451 2753 1520 januant
2772 1466 2946 1512 autem
2973 1462 3196 1529 assistit,
3217 1468 3338 1535 quia

1804 1528 1886 1582 vel
1918 1531 2187 1598 prosimus
2234 1545 2316 1588 est
2363 1539 2427 1589 ad
2456 1542 2714 1595 noscenda
2754 1548 2929 1600 omnia
2973 1565 3090 1616 qua:
3133 1554 3338 1620 geritis,

1804 1616 1879 1668 vel
1905 1618 2010 1672 cito
2062 1621 2235 1676 veniet
2279 1624 2343 1677 ad
2388 1627 2801 1695 retribuendunt,
2843 1642 2895 1693 et
2925 1636 3092 1701 vobis,
3135 1616 3187 1694 et
3219 1616 3335 1708 per;

1797 1707 2121 1763 secutoribus
2150 1714 2359 1777 vestris,
2408 1731 2528 1783 qua:
2576 1720 2765 1788 singuli
2812 1725 3098 1780 meruistis.
3149 1728 3333 1785 Exem-

1794 1793 1934 1862 plunt
1958 1798 2186 1866 accipite,
2209 1802 2411 1871 fratres,
2430 1806 2590 1859 exitus
2612 1810 2753 1871 ntuli,
2780 1819 2825 1861 et
2851 1812 3264 1885 longunimitotis,
3286 1829 3334 1873 et

2424 1894 2692 1958 prophetas
2715 1896 2799 1961 qui
2825 1897 2978 1951 locuti
3013 1910 3130 1955 sunt
3162 1904 3213 1955 in
3240 1920 3331 1960 tto-

1793 1971 1926 2024 utine
1949 1972 2172 2029 Domini.
2219 1976 2422 2043 Videte,
2457 1980 2643 2049 inquit,
2673 1983 2793 2050 quia
2825 1984 3088 2053 prophetze
3116 1991 3202 2058 qui
3225 2000 3329 2048 bim

1792 2062 1955 2112 sancti
1983 2070 2153 2127 erant,
2183 2071 2286 2117 ωω
2318 2066 2579 2122 immunes
2602 2084 2632 2124 a
2653 2071 2880 2137 delictis,
2913 2086 2969 2130 ut
2998 2076 3087 2133 Dei
3116 2084 3329 2148 spiritus

1791 2162 1887 2215 per
1909 2165 2001 2204 eos
2027 2167 2117 2205 sua
2145 2155 2390 2223 mysteria
2420 2158 2721 2228 loqueretur
2757 2164 3092 2232 hominibus,
3122 2171 3322 2226 exitum

1760 2272 1763 2273 ν
1790 2238 1980 2289 malum
2010 2240 2297 2295 habuerunt
2318 2256 2535 2299 mortem
2562 2249 2807 2315 patiendo
2830 2252 2896 2305 ab
2919 2252 3234 2324 inﬁdelibus,
3266 2270 3324 2314 ut

1788 2320 2087 2389 Zacltarias,
2125 2327 2295 2392 Urius,
2329 2340 2384 2385 et
2411 2332 2690 2388 Μερῑιηικηξ
2714 2349 2987 2409 martyres.
3023 2346 3089 2402 Et
3114 2351 3167 2404 in
3194 2368 3329 2410 novo

1785 2411 2119 2468 Testamento
2145 2415 2396 2484 Joannes,
2428 2420 2746 2491 Stephanus,
2792 2427 3019 2489 Jdcobus
3063 2438 3322 2507 Zebeua-i,

1782 2512 1838 2555 et
1863 2503 1947 2556 alii
1978 2520 2130 2573 quam
2176 2510 2407 2575 plurimi.
2458 2512 2564 2566 Nec
2608 2524 2783 2574 tamen
2834 2523 3135 2591 bujusmodi
3177 2503 3320 2586 exitu

1781 2588 2139 2659 ingemiscere,
2170 2598 2261 2650 sed
2290 2613 2409 2652 eum
2443 2601 2617 2669 potius
2663 2608 3035 2676 longanimiter
3058 2615 3195 2672 lerre
3233 2635 3321 2675 vo-

1778 2681 1969 2734 lcbaut.
2003 2684 2103 2736 Alii
2132 2686 2314 2754 longos
2351 2690 2652 2750 sustinuere
2701 2697 2938 2766 labores,
2976 2703 3070 2757 sed
3099 2704 3196 2761 hos
3223 2722 3314 2779 pa-

1779 2770 1968 2824 tieuter
1994 2780 2049 2825 et
2072 2775 2188 2827 sine
2218 2784 2627 2847 murmuratione
2676 2786 2861 2853 tulere,
2892 2800 2948 2843 ut
2971 2790 3081 2848 Noe
3110 2794 3164 2848 in
3184 2776 3312 2850 sedi-

1776 2860 2017 2917 licatione
2042 2880 2176 2919 arca:
2188 2881 2282 2933 per
2296 2877 2509 2927 centum
2533 2890 2720 2943 annos,
2744 2878 2950 2949 Moyses
2970 2882 3023 2937 in
3041 2890 3311 2953 ereptione

1773 2962 1824 3004 et
1852 2953 2036 3004 ducatu
2068 2958 2238 3022 pepuli
2269 2972 2361 3025 per
2383 2973 2551 3017 annos
2580 2979 2668 3031 ιι,
2712 2968 2871 3023 David
2903 2972 2954 3025 in
2984 2973 3171 3029 exsilio
3195 2977 3309 3033 sine

1770 3046 1933 3114 culpa
1951 3050 2428 3124 perpesso,Josepb
2459 3056 2511 3111 in
2536 3063 2749 3117 servitio
2780 3064 2998 3121 fratrum
3024 3068 3203 3143 lt-aude
3224 3088 3313 3126 su-

1770 3140 1967 3199 scepto.
1982 3134 2057 3187 Ad
2087 3147 2307 3205 utraque
2331 3156 2503 3197 autem
2521 3148 2725 3202 [irinum
2754 3163 2803 3206 et
2834 3137 3162 3215 immutabile
3182 3162 3309 3215 sub-

1765 3221 1933 3288 junxtt
1955 3228 2248 3294 excinplunt
2270 3230 2448 3287 dicens
2474 3250 2488 3286 :
2513 3233 2871 3304 Su/ferentiam
2891 3241 2989 3297 Job
3008 3250 3240 3313 audistis,
3260 3261 3307 3301 et

1769 3313 1916 3379 finem
1938 3314 2135 3370 Domini
2165 3321 2375 3377 uidistis.
2409 3326 2683 3395 Laborem,
2709 3332 2892 3400 inquit,
2916 3344 2970 3389 et
2998 3339 3295 3405 patientiam

1769 3404 1866 3456 Job
1892 3405 2114 3463 lectiOne
2142 3416 2480 3480 Cognovistis,
2502 3428 2553 3470 et
2574 3423 2690 3486 quia
2713 3424 2936 3488 duplicia
2966 3404 3167 3491 cuncta,
3188 3448 3304 3500 quas

1772 3490 1933 3543 bustis
1966 3492 2141 3548 fraude
2172 3499 2414 3564 perdidit,
2464 3500 2687 3559 Domino
2715 3510 3028 3578 miserante,
3080 3490 3298 3585 recepit.

1777 3579 1983 3634 Exitum
2014 3599 2218 3654 quoque
2250 3588 2451 3645 Domini
2475 3593 2526 3646 in
2553 3610 2707 3650 cruce
2744 3615 2897 3667 quem
2930 3606 3297 3673 longanimiter

1773 3672 2020 3734 suscepit,
2053 3684 2285 3729 astantes
2314 3680 2407 3745 ipsi
2438 3682 2661 3752 vidistis,
2690 3687 2779 3740 sed
2804 3700 2855 3742 et
2882 3672 3098 3759 gloriam
3129 3714 3303 3753 resur-

1768 3760 2016 3812 rectionis
2062 3772 2115 3814 ct
2142 3770 2459 3824 ascensionis
2504 3773 2618 3841 ejus
2661 3778 2725 3830 ad
2767 3782 2951 3849 corios,
2999 3792 3296 3856 evangelica

1768 3847 2132 3911 praedicatione
2160 3853 2435 3911 didicistis.
2469 3861 2596 3923 Quia
2633 3867 2913 3924 misericors
2941 3882 3009 3924 est
3052 3873 3297 3932 Dominus

1765 3945 1810 3988 et
1840 3922 2113 3995 miserator.
2153 3945 2217 3999 Ut
2244 3947 2324 4003 vel
2354 3950 2402 4003 iu
2427 3954 2664 4018 prmsenti
2693 3973 2817 4012 suos
2864 3976 2892 4013 a
2924 3968 3298 4023 teutatiouibus

1766 4022 1981 4090 liberet,
2035 4040 2087 4083 et
2118 4047 2213 4099 pro
2230 4042 2529 4094 constantia
2559 4042 2677 4097 lidci
2717 4047 2872 4100 etiam
2919 4064 3092 4105 coram
3124 4054 3294 4108 homi-

1771 4112 1923 4166 nibus
1956 4115 2193 4173 viventes
2221 4125 2496 4193 gloriﬁcet,
2531 4132 2610 4185 vel
2638 4143 2751 4198 post
2774 4148 2992 4191 mortem
3016 4140 3067 4192 in
3093 4146 3297 4197 occulto

1763 4211 1998 4267 coronet,
2031 4216 2084 4258 ct
2111 4223 2174 4261 ne
2205 4211 2279 4264 sic
2306 4215 2514 4280 quidem
2562 4220 2628 4274 ab
2659 4220 2953 4279 hominibus
2992 4235 3293 4287 mcmmiam

1764 4304 1916 4357 quam
1946 4308 2179 4351 meruere
2207 4298 2373 4355 laudis
2393 4303 2610 4361 auferat.
2634 4311 2760 4364 Ante
2782 4317 2946 4368 omnia
2972 4332 3154 4382 autem,
3183 4326 3293 4389 {ra-

1764 4387 1861 4431 tres
1888 4384 2003 4445 mei,
2035 4386 2186 4439 nolite
2222 4397 2421 4460 jurare,
2471 4412 2623 4465 neque
2668 4418 2756 4468 per
2781 4408 2976 4471 emtum,
3026 4426 3176 4477 neque
3206 4430 3293 4479 per

1692 4505 1736 4561 υ
1766 4476 1969 4536 terram,
2000 4487 2154 4539 neque
2178 4476 2319 4551 aliud
2348 4484 2673 4551 quodcunque
2692 4492 3054 4555 juramcntum.
3084 4476 3164 4549 Sit
3193 4476 3288 4551 au-

1764 4568 1857 4610 tem
1887 4577 2047 4614 sermo
2076 4574 2228 4617 vester
2261 4578 2350 4631 est,
2385 4569 2494 4633 Est,
2529 4573 2662 4637 Non,
2688 4592 2804 4629 non.
2837 4580 2964 4643 Quia
2994 4584 3287 4642 letltift-rnm

1760 4648 1947 4716 lingua:
1979 4655 2117 4704 virus
2145 4654 2207 4705 ad
2241 4656 2495 4723 integrum
2530 4664 2578 4712 in
2610 4665 2716 4717 suis
2744 4668 3064 4725 auditoribus
3094 4677 3288 4730 exhau-

1758 4741 1862 4793 rire
1892 4741 2169 4808 desiderat,
2221 4745 2304 4809 qui
2329 4746 2602 4806 detrahere
2629 4756 2934 4811 alterutrum
2982 4768 3161 4831 vetuit,
3196 4771 3285 4835 qui

1752 4826 1983 4891 judicare
2013 4831 2299 4896 proximum
2346 4835 2625 4901 interdixit,
2673 4846 2756 4911 qui
2803 4847 2852 4897 in
2883 4850 3281 4907 adversitatibus

1754 4916 2057 4971 alterutrum
2105 4922 2442 4989 ingemiscere
2468 4928 2758 4994 prohibuit,
2789 4948 2904 5000 quas
2940 4949 3057 4988 sunt
3098 4951 3272 5006 aperta

1756 5017 1984 5075 peccata,
2017 5009 2157 5064 addit
2202 5022 2254 5066 et
2280 5014 2375 5067 hoc
2403 5018 2539 5084 quod
2568 5019 2869 5085 quibusdam
2903 5024 3014 5078 leve
3044 5029 3269 5093 videtur,

1752 5098 1957 5163 utjuris
1980 5116 2185 5168 quoque
2231 5105 2440 5169 jurandi
2482 5110 2902 5164 consuetudinem
2935 5117 3097 5169 tollat.
3142 5120 3268 5173 Nam

1750 5184 1846 5238 ltoc
1876 5203 2079 5257 quoque
2106 5192 2205 5245 illis
2233 5209 2549 5263 nequaquam
2580 5202 2789 5269 parvipe
2830 5206 3055 5258 dendum
3091 5219 3267 5273 paten-

1750 5281 1827 5325 ter
1852 5288 2083 5341 apparet,
2132 5282 2217 5345 qui
2251 5284 2388 5335 illam
2440 5285 2639 5341 Domini
2689 5296 2997 5347 sententiam
3046 5299 3275 5357 sollicite

1746 5362 2094 5428 considerant,
2125 5368 2208 5431 qui
2240 5371 2401 5426 dicit:
2457 5374 2613 5427 Omne
2648 5380 2845 5431 verbum
2885 5383 3097 5438 otiosum
3138 5393 3273 5455 quod

1744 5448 1896 5497 locuti
1920 5453 2100 5513 fuerint
2129 5456 2370 5525 homines,
2412 5464 2614 5517 reddent
2659 5468 2895 5520 rationem
2926 5471 2986 5523 de
3021 5490 3076 5525 eo
3113 5478 3163 5529 in
3192 5479 3273 5530 die

152 5498 290 5551 ηυω,
331 5496 501 5549 carnis
548 5500 982 5568 incorruptionem
1030 5511 1081 5563 in
1122 5514 1336 5581 judicio.
1372 5521 1458 5574 Vel
1504 5537 1644 5579 certe
1736 5538 2051 5605 judicii(.lla

152 5581 499 5605 lAmMn..-_-_.
526 5587 569 5605 9,
610 5604 653 5605 κη
682 5604 685 5605 ,
728 5593 759 5605 οι
867 5595 879 5605 .
971 5598 983 5605 .
1012 5602 1021 5605 -

2058 5544 2146 5594 ΙιΙι.
2180 5550 2298 5611 xu),
2326 5559 2377 5600 ut
2404 5568 2503 5603 non
2530 5555 2617 5604 sub
2633 5558 2827 5622 judicio
2856 5562 3109 5617 decidutis.
3130 5568 3265 5632 Ideo,

1743 5625 1926 5690 inquit,
1983 5644 2071 5679 vos
2118 5647 2146 5681 a
2190 5634 2464 5699 juratiouis
2508 5643 2653 5706 culpa
2699 5662 2990 5713 compesco,
3043 5667 3105 5704 ne
3160 5656 3265 5707 ire-

1744 5727 1959 5777 queuter
1985 5732 2101 5770 vera
2143 5724 2361 5785 iurando
2389 5729 2664 5796 aliquando
2691 5738 2841 5787 etiam
2891 5742 2939 5789 in
2985 5741 3263 5805 periurium
