3860 6230
3014 112 3139 209 si

562 279 632 337 59
983 284 1179 341 BED/E
1224 286 1657 344 VENERABILIS
1688 290 1836 345 OPP.
1870 292 2042 348 PARS

2182 293 2372 349 SECT.
2413 298 2451 351 Ι.
2487 328 2551 339 -
2576 298 2959 359 EXEGE'IIJA
2998 307 3317 366 GENUINA.
3661 326 3707 382 ω

561 386 839 460 decidatis,
862 390 955 448 sed
978 408 1041 448 eo
1071 394 1274 464 longius
1303 411 1331 450 a
1360 397 1624 465 pejerandi
1654 400 1781 454 vitio
1809 403 1976 463 stetis,
2007 418 2113 469 quo
2144 406 2187 463 Α
2222 404 2319 457 hac
2348 413 2525 460 autem
2574 414 2852 476 sententia,
2886 414 2971 468 illa
3023 418 3177 473 debet
3230 438 3353 477 esse
3402 423 3645 495 discretio,
3670 447 3707 486 ut

565 499 662 539 nec
690 500 870 539 verum
916 487 1152 555 dejerare
1183 489 1282 542 nisi
1315 491 1551 558 proxima
1581 493 1887 547 necessitate
1917 494 2105 548 velitis.
2213 492 2519 558 quotidiana
2565 496 2803 568 leviaque
2831 515 3043 570 peccata
3063 508 3373 564 alterutrum
3406 487 3707 583 corcqualibus

562 576 664 631 sed
693 587 747 631 ει
777 578 860 631 me
899 579 996 631 sub
1020 578 1219 647 judicio
1266 588 1442 633 reatus
1468 580 1679 647 decidit,
1732 584 1817 651 qui
1847 583 1945 636 etsi
1973 599 2106 637 nun-
2208 584 2556 642 confiteamur
2582 631 2596 653 ,
2655 607 2941 663 eorumque
2971 602 3270 664 quotidiana
3314 576 3580 665 credamus
3618 576 3707 669 ora.

559 681 715 761 quam
745 666 960 761 peierat,
994 668 1431 761 crebrius-tamen
1466 683 1620 761 quam
1650 683 1780 761 opus
1807 684 1986 761 verum
2027 679 2108 761 est
2209 673 2351 728 tione
2392 678 2602 732 salvari.
2656 681 2819 735 Porro
2857 688 3111 752 gravioris
3150 692 3311 759 lepra:
3362 666 3703 761 iminunditiain

559 755 776 863 dejcrat;
804 756 932 863 Quia
963 755 1347 863 nimir‘pmlipsa
1378 756 1654 863 superﬂua:
1674 756 1952 858 locutionis
1979 760 2105 863 Otio-
2203 760 2349 828 juxta
2401 766 2566 835 legem
2620 772 2899 827 sacerdotii
2956 755 3243 843 pendamus
3271 825 3283 845 ,
3331 794 3483 853 atque
3518 791 3577 843 ad

557 846 714 948 sita-te
745 846 1024 946 delinquit,
1064 844 1381 912 ofl‘enditque
1403 845 1662 946 Judicem,
1702 847 1788 915 qui
1838 855 1891 901 et
1918 847 2103 900 inutile
2207 853 2482 948 arbitrium
2521 858 2745 923 qualiter
2790 872 2842 915 et
2867 876 3059 929 quanto
3087 844 3320 938 tempore
3344 844 3557 941 jusserit
3595 844 3703 948 pini:
3778 900 3779 907 η

554 938 770 991 verbum
800 945 853 988 et
885 936 1238 1003 juramentum
1268 950 1423 988 omne
1464 934 1647 988 vetuit.
2201 937 2359 996 ficare
2388 958 2647 1001 curemus.

2271 1030 2488 1125 Multam
2534 1038 2661 1089 enim
2701 1041 2828 1093 valet
2871 1043 3151 1112 deprecatio
3192 1052 3319 1119 iusti
3345 1060 3575 1125 assidua,
3620 1076 3697 1123 etc.

2209 1119 2419 1221 Decenti
2454 1127 2645 1221 astruit
2692 1133 2934 1199 exemplo
2982 1148 3232 1202 quantum
3284 1119 3574 1215 deprecatio
3606 1119 3703 1221 justi

2211 1210 2351 1263 valet
2384 1214 2617 1279 assidua,
2646 1233 2763 1272 cum
2795 1222 2934 1277 Elias
2965 1240 3063 1279 una
3090 1237 3289 1285 tantum
3321 1210 3553 1293 oratione
3579 1210 3703 1298 eisn-

2195 1299 2417 1393 do-tam
2472 1305 2627 1375 longo
2680 1317 2914 1379 tempore
2969 1318 3132 1372 caelos
3188 1324 3541 1393 continuerit,
3575 1337 3699 1388 terris

2201 1387 2399 1444 imbres
2448 1401 2736 1486 averterit,
2769 1400 2969 1457 fructus
3025 1412 3333 1466 mortalibus
3365 1387 3639 1486 negaverit,
3663 1387 3704 1477 et

2204 1489 2386 1569 rursus
2416 1479 2504 1569 ubi
2556 1482 2742 1549 voluit,
2795 1487 2885 1540 ubi
2937 1500 3140 1561 tempus
3170 1510 3289 1552 esse
3336 1479 3608 1569 perspexit,
3628 1479 3703 1563 'ubi

619 1049 875 1101 Tristatur
906 1048 1088 1113 aliquis
1118 1047 1376 1100 vestrum?
1398 1056 1501 1099 etc.
1532 1046 1629 1110 Qui
1662 1060 1816 1115 supra
1859 1047 1910 1100 in
1941 1060 2093 1114 pres-

560 1138 699 1191 suris
750 1135 814 1190 ad
870 1136 1094 1190 invicem
1150 1137 1339 1189 fratres
1387 1134 1731 1204 ingemiscere
1787 1138 2095 1205 prohibuit,

554 1245 691 1282 nunc
735 1228 859 1297 quid
906 1242 937 1283 e
978 1228 1246 1282 contrario
1277 1229 1558 1296 gerendum
1599 1231 1667 1283 sit
1708 1229 1820 1298 ipse
1868 1230 2089 1283 demon-

553 1329 704 1375 strat.
726 1321 779 1376 Si
812 1320 959 1388 quid,
988 1320 1178 1385 inquit,
1210 1320 1360 1373 alicui
1389 1330 1621 1375 vestrum
1666 1320 1887 1373 tristitiae
1917 1321 2093 1388 depri-

549 1410 741 1463 mentis
766 1450 781 1473 ,
838 1409 917 1461 vel
962 1406 1026 1461 ab
1056 1408 1172 1463 aliis
1205 1408 1503 1462 hominibus
1558 1409 1697 1461 illata
1731 1408 1863 1463 forte
1900 1399 2088 1478 injuria

542 1498 836 1565 ingruerit,
866 1496 947 1549 vel
976 1497 1131 1564 culpa
1157 1497 1451 1562 accidente,
1482 1499 1566 1550 vel
1609 1499 1898 1552 άιὶῐηθειξρο
1942 1499 2088 1559 dam-
2192 1496 2387 1578 Irursus.

543 1562 624 1641 no‘
670 1562 1122 1656 pmoécupame"
1186 1589 1266 1640 vel
1310 1588 1409 1641 alia
1469 1589 1696 1656 quam)“
1741 1589 1940 1643 ratione
1990 1604 2085 1642 vos
2191 1562 2342 1656 longa
2372 1565 2560 1623 inedia:
2591 1571 2710 1625 tabe
2758 1588 2851 1627 cor
2880 1580 3016 1645 regis
3050 1585 3262 1648 superbi
3291 1596 3345 1639 et
3371 1593 3541 1656 gentis
3569 1595 3704 1649 idolo-

548 1679 847 1733 contristari
880 1678 1205 1748 contigerit,
1262 1694 1589 1746 nequaquam
1621 1680 1707 1732 illa
1735 1679 1859 1733 hora
1912 1680 1973 1732 ad
2004 1679 2086 1731 in-
2116 1746 2159 1759 ἡ
2190 1654 2341 1759 la"?
2389 1658 2453 1710 ad
2486 1662 3026 1759 Rmni‘emiam_‘lidii
3079 1672 3331 1728 inﬂexum
3360 1718 3374 1740 ,
3408 1695 3506 1734 una
3538 1686 3704 1739 salum-

536 1771 704 1824 vicem
760 1771 1169 1831 murmuraturi,
1212 1777 1267 1822 et
1317 1770 1384 1823 de
1447 1769 1540 1822 Dei
1586 1764 1796 1837 judiciis
1845 1770 2066 1836 querela:

2190 1744 2345 1797 modo
2388 1748 2623 1803 oratione
2672 1755 2937 1819 oraverit,
2982 1768 3035 1810 et
3091 1761 3293 1817 fructus
3339 1776 3491 1832 atque
3569 1787 3705 1841 aquas

537 1859 830 1923 deposituri
899 1857 1261 1921 conveniatis,
1317 1858 1408 1912 sed
1459 1859 1634 1926 potius
1692 1858 1755 1911 ad
1803 1859 2066 1913 ecclesiam

2182 1845 2312 1897 quas
2358 1846 2656 1902 negaverat,
2707 1844 2863 1894 terris
2897 1846 3210 1902 restituerit.
3241 1850 3331 1906 Sic
3374 1856 3505 1909 enim
3555 1869 3706 1928 sequi-

541 1958 926 2003 concurrentcs
986 1946 1135 2001 ﬂexis
1188 1949 1407 2016 genibus
1454 1948 1734 2002 Dominum
1784 1960 1970 2014 orate,
2024 1961 2082 2002 ut
2184 1935 2303 2016 ""3

536 2039 918 2093 consolationis
971 2054 1080 2092 sua:
1128 2014 1347 2108 gratiam
1399 2039 1604 2105 mittat,
1638 2055 1701 2093 ne
1730 2055 1822 2093 vos
1868 2041 2075 2094 tristitia
2198 2105 2222 2108 _
2252 2014 2320 2067 E‘
2372 2034 2572 2074 "mum
2628 2025 2813 2089 οναυίτν
2865 2036 2911 2079 εί
2964 2027 3139 2082 “dum
3168 2032 3305 2087 ἀεάῖι
3356 2036 3700 2106 Ρίυυίατηιθίε-

539 2133 742 2197 saeculi,
775 2148 893 2200 quae
942 2105 1167 2185 mortem
1201 2140 1469 2198 operatur,
1518 2131 1794 2185 absorlteat
1827 2130 1913 2201 (ll
1958 2133 2066 2186 Cor.

2192 2105 2371 2161 Semel
2414 2126 2537 2201 ergo
2567 2124 2620 2168 et
2668 2116 2812 2183 prius
2841 2126 2895 2171 et
2925 2125 3256 2186 postmodum
3286 2128 3457 2182 dravit
3482 2170 3497 2195 ,
3541 2143 3589 2187 et
3622 2138 3701 2189 hoc

544 2222 661 2287 τη).
707 2221 804 2288 Ipsi
842 2235 1052 2287 quoque
1081 2221 1266 2273 crebra
1295 2221 1594 2287 psalmndim
1648 2200 1937 2285 dulcedine,
1980 2236 2076 2274 n0_
2185 2210 2322 2251 unus
2351 2200 2489 2254 Elias
2521 2202 2641 2267 talia
2673 2219 2734 2257 ac
2764 2216 2904 2259 tanta
2937 2209 3255 2277 impetravit,
3280 2228 3531 2283 quantum
3568 2224 3700 2290 igitur

541 2312 707 2364 cit-am
760 2309 1024 2363 mestitiae
1093 2318 1293 2377 peStem
1350 2316 1525 2362 vestro
1583 2307 1647 2361 de
1704 2307 1861 2361 corde
1909 2309 2080 2376 repel-

529 2399 639 2454 lite.

596 2487 899 2556 Inﬁrmatur
932 2488 1040 2556 quis
1070 2488 1119 2541 in
1159 2488 1341 2541 vobis?
1372 2497 1472 2543 etc.
1506 2488 1652 2543 Sicut
1697 2489 1914 2542 dederat
1944 2505 2072 2542 con-

528 2578 735 2632 tristato
767 2616 783 2643 ,
856 2577 933 2631 sic
988 2578 1079 2630 dat
1143 2577 1418 2631 consilium
1466 2586 1519 2629 et
1583 2575 1902 2641 infirmanti,
1948 2591 2076 2644 qua-

529 2667 648 2721 liter
699 2681 757 2720 se
792 2680 822 2721 a
870 2667 1299 2721 murmurationis
1348 2650 1582 2720 stultitia.
1624 2674 1845 2732 tueatur,
1897 2669 2077 2734 juxta-

533 2772 637 2827 que
688 2758 898 2812 modum
949 2758 1211 2822 vulneris,
1254 2758 1466 2812 modum
1516 2759 1660 2826 ponit
1709 2769 1760 2812 et
1809 2759 2071 2823 medelas,

534 2837 742 2905 tristato
780 2850 1087 2917 praecipiens
1133 2860 1186 2901 nt
1232 2850 1344 2914 ipse
1374 2864 1468 2917 pro
1511 2864 1568 2903 se
1613 2858 1726 2903 oret
1755 2860 1809 2902 et
1857 2849 2066 2916 psallat,

533 2940 822 2994 infirmanti
866 2950 1037 2993 autem
1080 2940 1162 2993 vel
1213 2953 1431 3007 corpore
1482 2940 1562 2993 vel
1610 2939 1708 2994 fide
1736 2940 1988 2994 mandans
2015 2950 2071 2994 ut

539 3030 626 3098 qui
657 3030 908 3099 majorem
939 3029 1186 3084 sustinuit
1211 3030 1436 3099 plagam,
1470 3029 1805 3097 plurimorum
1836 3045 1892 3083 se
1922 3030 2069 3097 adju-

2181 2292 2319 2345 valet
2354 2294 2598 2364 frequens
2630 2299 2976 2367 plurimorum
3004 2305 3181 2359 oratio
3202 2307 3509 2376 justorumi
3536 2315 3626 2369 Sed
3647 2331 3699 2369 ne

2181 2384 2467 2449 trepidaret
2506 2396 2682 2442 nostra
2723 2390 2992 2458 fragilitas,
3027 2405 3277 2460 reputans
3320 2414 3379 2453 se
3433 2410 3568 2456 tanto
3593 2420 3695 2471 pro-

2180 2472 2369 2537 phetae,
2404 2475 2490 2541 qui
2521 2490 2675 2549 cur_ru
2710 2478 2861 2544 igneo
2911 2481 3021 2548 rapi
3073 2484 3263 2538 meruit
3315 2487 3379 2539 ad
3426 2491 3608 2552 ctelos,
3635 2494 3695 2545 si-

2180 2560 2323 2613 milia
2370 2564 2545 2617 facere
2582 2580 2683 2619 non
2712 2580 2897 2637 posse,
2926 2572 3164 2627 consulte
3196 2573 3381 2627 beatus
3408 2576 3620 2632 Jacobus
3641 2581 3697 2633 de

2186 2650 2302 2718 ejns
2332 2655 2568 2708 oratione
2613 2656 2905 2723 locuturus,
2946 2660 3018 2713 ita
3053 2662 3357 2716 inchoavit:
3389 2663 3531 2719 Elius
3570 2668 3697 2721 homo

2177 2752 2281 2793 erat
2323 2745 2505 2796 similis
2528 2747 2686 2810 nobis,
2724 2750 2995 2811 passibilis.
3038 2750 3205 2806 Homo
3236 2769 3461 2825 namque
3504 2770 3608 2812 erat
3634 2769 3695 2811 ta-

2178 2834 2329 2886 metsi
2363 2836 2487 2887 nulli
2520 2836 2788 2891 hominum
2846 2841 3036 2895 virtute
3082 2846 3367 2914 secundus,
3398 2850 3579 2904 sttuiiis
3606 2864 3689 2903 no-

2173 2920 2255 2976 bis
2288 2925 2492 2994 origine
2522 2928 2716 2991 carnis,
2749 2933 3015 2998 passibilis
3053 2942 3111 2988 ut
3138 2950 3234 2990 nos
3259 2946 3313 2993 et
3340 2941 3528 2994 mentis
3556 2939 3690 3009 fragi-

2177 3010 2320 3065 litate
2346 3022 2400 3066 et
2429 3016 2623 3069 carnis.
2657 3016 2784 3071 Nam
2821 3021 2944 3088 quia
2976 3036 3135 3076 carne
3165 3023 3364 3093 fragilis
3393 3037 3553 3095 esset,
3576 3030 3691 3096 apud

541 3077 624 3098 ‘.---
657 3077 908 3099 --η-..ς---υ
939 3077 1185 3084 τ--τ---ν-
1211 3077 1436 3099 r"u""'v
1470 3077 1805 3097 r"—"'“‘""'"
1837 3077 1891 3083 η
1923 3077 2039 3097 -τ-,η
2838 3077 2851 3088 -
3244 3077 3312 3093 υη
3347 3077 3357 3078 κ
3400 3077 3506 3082 τ--ν
3537 3077 3553 3095 ν
3577 3077 3688 3096 -τη

529 3121 686 3184 ωηο.
730 3130 784 3174 ει
827 3121 924 3174 ι,ορ
955 3121 1221 3173 seniorum
1250 3162 1263 3183 ν
1295 3134 1480 3173 curare
1527 3119 1823 3172 ,ηεεηίηει-ίι
1850 3160 1865 3183 ν
1898 3134 2067 3187 neque
2099 3077 2142 3140 C
2174 3099 2517 3168 Sareptanam
2565 3106 2771 3159 viduam
2821 3110 3014 3163 victum
3063 3116 3349 3177 quaerendo
3378 3121 3688 3173 monstravit.

524 3208 587 3259 ad
616 3207 854 3276 juniores
885 3209 1162 3274 minusque
1189 3208 1373 3261 ductos
1402 3222 1611 3261 causam
1652 3221 1761 3261 sua:
1791 3208 2070 3261 imbecilli-

534 3294 655 3348 tatis
683 3294 895 3357 referat,
930 3310 995 3348 ne
1040 3292 1173 3348 forte
1216 3294 1338 3362 quid
1370 3309 1464 3363 per
1502 3309 1593 3349 eos
1621 3295 1953 3349 allocutionis
1982 3305 2070 3349 aut

524 3388 731 3442 consilii
761 3388 997 3442 nocentis
1026 3387 1265 3455 accipiat.

600 3498 665 3552 Et
707 3509 844 3553 orent
892 3516 1043 3568 super
1091 3514 1206 3551 eum
1238 3538 1252 3560 ,
1301 3507 1535 3566 tingentes
1563 3514 1694 3561 eum,
1741 3507 1843 3552 etc.
1871 3498 1980 3551 lloc
2017 3495 2071 3551 et

532 3592 797 3659 apostolos
846 3594 1060 3654 tecisse,
1109 3590 1161 3642 in
1214 3587 1496 3658 Evangelia
1548 3589 1797 3657 legimus,
1839 3597 1894 3643 et
1932 3602 2067 3641 nunc

530 3681 776 3734 Ecclesia
826 3682 1152 3734 consuetudo
1183 3688 1215 3732 ιτ
1236 3689 1346 3741 net,
1393 3690 1445 3733 ut
1500 3678 1690 3733 infirmi
1720 3680 1840 3733 oleo
1879 3693 2065 3733 conse-

524 3783 673 3825 crato
702 3780 959 3840 uagantur
992 3785 1019 3822 a
1052 3772 1390 3840 presbyteris,
1418 3782 1471 3825 et
1517 3772 1752 3825 oratione
1778 3772 2065 3825 comitante

526 3852 795 3912 sanentur.
845 3858 951 3911 Nec
991 3860 1159 3911 solum
1198 3859 1534 3928 presbyteris,
1578 3860 1692 3923 sed,
1730 3858 2062 3917 utlnnocen-

525 3951 627 4003 tius
653 3965 784 4018 papa
816 3950 1018 4015 scribit,
1050 3949 1208 4003 etiam
1239 3950 1481 4004 omnibus
1510 3948 1819 4005 Christianis
1842 3951 1917 4004 uti
1942 3952 2064 4005 licet

521 4040 706 4093 eodem
734 4040 849 4093 oleo
878 4041 929 4094 in
960 4054 1054 4095 sua
1098 4050 1184 4092 aut
1215 4053 1428 4093 suorum
1456 4042 1768 4095 necessitate
1795 4041 2059 4110 ungenda,

515 4128 652 4199 quod
669 4138 853 4196 tamen
880 4130 1080 4195 oleum,
1114 4145 1216 4182 non
1252 4128 1353 4182 nisi
1382 4133 1445 4183 ab
1475 4132 1735 4198 episcopis
1787 4132 1911 4184 licet
1935 4146 2062 4183 con-

518 4218 618 4271 fici.
653 4211 780 4271 Nam
822 4217 963 4284 quod
1002 4219 1094 4281 ait,
1128 4216 1249 4269 Oleo
1278 4219 1331 4269 in
1375 4220 1571 4270 nomine
1603 4218 1823 4282 Domini,
1857 4219 2059 4287 signiﬁ-

516 4316 603 4359 cat
649 4308 822 4361 o!eum
887 4316 1250 4361 consecratum
1311 4307 1361 4361 in
1420 4310 1631 4364 nomine
1684 4310 1906 4363 Domini.
1965 4311 2056 4364 Vel

516 4402 660 4446 certe
687 4396 807 4462 quia
843 4395 995 4449 etiam
1028 4410 1144 4449 cum
1169 4406 1367 4465 ungunt
1397 4396 1659 4453 infirmum
1688 4442 1701 4467 ,
1736 4414 1925 4453 nomen
1955 4400 2054 4453 Do-

522 4482 652 4536 mini
680 4498 835 4549 super
863 4500 981 4538 eum
1013 4486 1259 4540 invocare
1280 4486 1491 4541 debent.

589 4589 657 4644 Et
689 4593 732 4643 si
777 4594 828 4644 in
855 4594 1072 4661 peccatis
1109 4595 1194 4660 sit,
1226 4596 1534 4648 dimittentur
1560 4597 1627 4649 ei.
1673 4597 1815 4650 Multi
1846 4609 2053 4666 propter

519 4693 735 4753 peccata
766 4686 817 4739 in
847 4686 1020 4739 anima
1054 4686 1207 4747 facta,
1242 4688 1544 4741 inﬁrmitate
1568 4698 1657 4739 aut
1692 4689 1848 4741 etiam
1882 4698 2054 4742 morte

533 4778 832 4845 plectuntur
862 4775 1115 4844 cnrporis.
1159 4774 1307 4829 Unde
1333 4776 1604 4842 apostolus
1630 4775 1931 4841 Corinthiis,
1966 4778 2054 4845 qui

516 4879 706 4933 corpus
749 4864 952 4917 Domini
986 4864 1260 4931 percipere
1291 4863 1503 4931 indigne
1555 4864 1691 4916 soliti
1741 4875 1908 4928 erant,
1940 4864 2012 4916 ait
2041 4881 2052 4915 :

517 4951 641 5006 Ideo
670 4952 800 5003 inter
846 4965 929 5003 vos
977 4953 1121 5003 multi
1150 4961 1193 5003 ct
1235 4953 1424 5018 inﬁrmi
1474 4961 1519 5003 et
1565 4952 1826 5005 imbecilles
1856 4962 1987 5017 sunt,
2012 4962 2058 5006 et

517 5042 771 5106 dormiunt
800 5040 949 5090 multi
979 5037 1030 5106 (I
1061 5038 1179 5093 Cer.
1210 5044 1310 5109 xl).
1358 5041 1411 5095 Si
1453 5055 1577 5109 ergo
1607 5040 1798 5095 infirmi
1840 5041 1889 5094 in
1935 5056 2057 5110 pec-

519 5132 645 5181 catis
668 5130 791 5194 sint,
824 5139 878 5182 et
908 5127 1018 5181 lucc
1049 5130 1365 5197 presbyteris
1399 5130 1648 5185 Ecclesia
1682 5131 1908 5184 confessi
1942 5132 2054 5183 fue-

521 5220 644 5282 rint,
677 5235 737 5273 ac
764 5221 995 5287 perfecto
1043 5218 1201 5272 corde
1231 5234 1293 5271 ea
1323 5220 1624 5290 relinquere
1670 5232 1826 5289 atque
1880 5236 2051 5275 eruen-

521 5312 647 5365 dare
675 5313 959 5377 satagerint
984 5352 997 5373 ,
1029 5310 1359 5363 dimittantur
1400 5312 1496 5364 eis.
1539 5311 1720 5379 Neque
1772 5312 1910 5363 enim
1941 5314 2053 5366 sine

520 5398 851 5453 confessione
904 5400 1282 5455 emendationis
1337 5410 1545 5470 peccata
1591 5412 1789 5470 queunt
1838 5403 2050 5456 dimitti.

521 5489 669 5545 Unde
696 5500 836 5545 recte
862 5489 1219 5560 subjungitur:

588 5601 898 5671 Conﬁtemim‘
938 5619 1055 5675 ergo
1085 5602 1375 5657 alterutrum
1408 5615 1605 5666 peccato
1648 5620 1825 5669 sesua,
1860 5617 1962 5662 ctc.
1998 5609 2050 5660 In

2171 3191 2302 3258 Quia
2346 3203 2519 3248 mente
2550 3210 2753 3265 quoque
2801 3200 3061 3265 passibilis
3092 3201 3267 3269 fuerit,
3311 3210 3540 3261 ostendit
3585 3225 3691 3263 cum

2170 3290 2286 3349 post
2315 3284 2543 3339 redditas
2576 3289 2725 3341 terris
2763 3304 2924 3355 aquas
2962 3294 3357 3363 exstinctosque
3410 3299 3692 3366 prophetas.

2172 3382 2225 3424 et
2274 3375 2577 3429 sacerdotes
2623 3376 2922 3443 idolorum,
2986 3382 3137 3435 unius
3186 3386 3510 3440 mulierculae
3557 3388 3693 3441 minis

2169 3464 2453 3516 exterritus
2499 3478 2591 3531 per
2619 3465 2822 3519 deserta
2875 3466 3029 3536 fugit.
3059 3471 3248 3534 Quanti
3281 3484 3452 3527 autem
3496 3477 3562 3529 sit
3603 3492 3691 3529 me

2167 3548 2252 3601 riti
2287 3550 2422 3616 apud
2457 3551 2731 3604 Dominum
2763 3568 2858 3619 pro
2906 3555 3293 3613 infirmantibus
3340 3576 3495 3615 orare
3523 3602 3539 3626 ,
3589 3577 3692 3616 eos-

2164 3652 2267 3703 que
2314 3651 2405 3690 sua
2462 3651 2673 3706 peccata
2699 3644 3009 3698 confitentes
3050 3645 3116 3698 ad
3171 3650 3419 3702 amissam
3460 3665 3692 3705 revocare

2167 3726 2493 3794 sospitatem,
2517 3731 2788 3785 snbdendo
2817 3734 3175 3790 manifestatur
3198 3754 3209 3788 :

2237 3816 2439 3873 Fratres
2470 3820 2569 3873 mei
2599 3861 2613 3885 ,
2645 3822 2687 3874 si
2725 3824 2835 3891 quis
2879 3840 2940 3877 ea:
2965 3826 3100 3879 vobis
3128 3830 3367 3881 erraverit
3412 3848 3443 3883 ο
3483 3832 3690 3894 veritate,

2169 3915 2279 3963 etc.
2334 3908 2464 3974 Quia
2516 3911 2655 3963 enim
2714 3913 2765 3966 in
2837 3917 3193 3982 superioribus
3259 3918 3415 3986 hujus
3464 3920 3692 3988 Epistolas

2165 3998 2400 4067 partibus
2450 3999 2621 4068 lingua
2664 4010 2845 4055 nostra
2887 4018 2915 4055 a
2968 4007 3195 4074 maligna
3228 4009 3308 4061 vel
3363 4010 3526 4063 etiosa
3564 4010 3688 4065 locu-

2166 4087 2307 4139 tione
2358 4090 2696 4156 restringitur
2719 4127 2735 4153 ,
2770 4100 3064 4159 opportune
3101 4095 3148 4146 in
3180 4094 3282 4150 fine
3325 4099 3448 4166 quid
3477 4102 3689 4153 maxime

2164 4173 2308 4243 loqui
2355 4177 2639 4231 debeamus
2680 4181 2994 4235 ostenditur.
3028 4182 3283 4239 Jubemur
3337 4190 3513 4257 itaque
3554 4202 3689 4242 orare

2161 4276 2213 4317 et
2265 4266 2494 4333 psallere
2554 4268 2816 4332 Domino,
2871 4273 3078 4338 quoties
3125 4275 3382 4341 aliquibus
3438 4278 3692 4345 pulsamrr

2088 4385 2135 4444 Β
2163 4354 2424 4409 adversis.
2453 4356 2579 4410 Item
2628 4360 2867 4413 confiteri
2918 4362 3225 4418 alterutrum
3256 4377 3468 4433 peccata
3500 4375 3667 4419 nostra

2165 4454 2218 4498 et
2247 4460 2401 4499 orare
2458 4461 2552 4514 pro
2606 4448 2848 4515 invicem,
2898 4459 2951 4503 ut
2995 4453 3294 4521 salvetnur,
3350 4472 3445 4525 pro
3479 4457 3685 4510 sanitatr

2161 4535 2539 4601 proximorum,
2573 4551 2673 4590 n0n
2717 4542 2883 4591 solum
2914 4544 3188 4609 temporali
3216 4546 3306 4597 sed
3347 4546 3522 4613 potius
3550 4559 3688 4599 teter-

2168 4638 2255 4687 na,
2286 4634 2530 4693 quantam
2564 4641 2838 4694 possumus
2882 4629 3185 4696 impendere
3216 4646 3416 4685 curam.
3449 4635 3539 4688 Sic
3562 4637 3686 4690 enim

2160 4728 2359 4782 magna:
2379 4717 2636 4768 mercedis
2657 4726 2738 4769 est
2764 4732 2791 4768 a
2816 4729 2980 4771 morte
3001 4719 3203 4787 eripere
3227 4735 3443 4776 carnem
3466 4727 3689 4792 quando-

2162 4818 2265 4868 que
2303 4806 2627 4871 morituram,
2670 4809 2845 4875 quanti
2875 4823 2953 4864 εει
2987 4811 3161 4864 meriti
3211 4828 3240 4865 a
3280 4824 3450 4869 morte
3472 4817 3688 4873 animam

2165 4892 2389 4947 liberare
2445 4894 2495 4946 in
2530 4894 2732 4948 cmlesti
2785 4897 2946 4963 patria
2976 4898 3091 4951 sine
3139 4898 3243 4952 fine
3272 4901 3568 4954 victuram?
3595 4903 3665 4955 No

2163 4982 2377 5035 tandum
2410 4998 2537 5037 sane
2567 4984 2703 5051 quod
2735 4985 2944 5052 quidam
2992 4985 3216 5041 Codices
3249 4988 3443 5043 habent
3474 5007 3486 5041 :
3518 4990 3687 5045 Salm-

2161 5070 2228 5120 bit
2280 5071 2498 5122 animam
2541 5087 2685 5123 suam
2716 5088 2746 5123 a
2793 5082 2964 5123 morte.
2999 5072 3059 5125 Et
3090 5089 3157 5127 ex
3206 5078 3450 5147 ambiguo
3493 5079 3683 5139 Greco.

2160 5161 2232 5213 ita
2283 5161 2438 5213 etiam
2492 5173 2635 5216 recte
2674 5164 3005 5229 interpretari
3041 5177 3227 5234 potest.
3264 5170 3329 5222 Et
3382 5186 3565 5225 revera
3608 5173 3688 5244 qui

2166 5262 2430 5304 errantem
2460 5255 2702 5322 corrigit,
2735 5254 3041 5323 sibimetipsi
3072 5273 3163 5324 per
3194 5259 3293 5311 hoc
3321 5260 3441 5312 vita:
3465 5262 3690 5317 celestis

2166 5341 2350 5406 gaudia
2389 5343 2641 5408 ampliora
2672 5342 2949 5409 conquirit.
2983 5345 3228 5410 Saluabit,
3261 5348 3451 5416 inquit,
3476 5353 3687 5403 animm

2156 5448 2297 5483 suam
2341 5448 2371 5484 α
2400 5439 2572 5496 morte,
2617 5443 2661 5484 et
2690 5436 2929 5502 cooperiat
2960 5437 3329 5490 multitudinem
3359 5452 3687 5507 peccatorum.

2159 5520 2256 5584 Qui
2292 5531 2618 5589 peccatorem
2645 5522 2709 5575 ab
2738 5538 2917 5578 errore
2945 5528 3231 5593 convertit,
3264 5539 3317 5583 et
3344 5530 3457 5598 ejus
3488 5540 3689 5598 peccata

2159 5627 2251 5681 per
2269 5613 2424 5667 -banc
2477 5615 2882 5669 conversionem
2933 5616 3000 5670 ab
3028 5630 3243 5687 aspectu
3275 5621 3477 5677 interni
3503 5622 3691 5681 iudicis
