3860 6230
209 441 263 494 Η
1284 440 1342 491 IN
1388 439 1639 492 I‘IiIMASI
1686 439 1788 490 ΕΗ

1885 437 2063 490 ot..\tt
2108 435 2325 490 PETRI.
3140 401 3147 408 ’
3328 437 3394 486 .22

194 555 631 624 superpositione
662 554 780 606 vitte
810 554 1042 606 melioris
1071 552 1341 604 abscondit
1369 569 1381 611 ;
1413 564 1464 604 et
1493 568 1581 603 sua
1615 567 1742 617 qoo-
1785 555 1827 609 Α
1855 549 2038 602 doctor
2065 548 2235 600 facere
2256 545 2580 613 perhibetur,
2603 541 2702 610 hoc
2725 544 2824 594 alio
2846 546 2959 596 loco
2983 544 3205 596 Charitas
3225 545 3391 600 facere

207 659 320 706 que
348 645 398 697 in
429 647 823 712 quibuscnnque
852 644 1069 696 offendit
1093 657 1262 696 errata
1287 685 1301 707 ,
1334 643 1400 692 ab
1429 643 1613 694 intuittt
1642 642 1753 708 ejus

205 736 302 802 qni
351 736 528 788 omnia
559 736 700 789 videt
739 736 1029 802 proximum
1059 734 1292 786 curando
1321 734 1570 799 contegit,
1601 735 1751 796 juxta

201 827 338 878 illud
392 827 680 879 Psalmista:
719 841 734 878 :
767 824 906 877 Beati
936 841 1150 892 quorum
1181 825 1398 874 remissw
1430 831 1539 874 sunt
1569 822 1753 889 iniqui-

194 919 355 972 tates,
386 920 433 960 et
463 926 673 974 quorum
699 919 824 960 tecta
851 919 967 960 sunt
999 917 1204 972 peccata
1251 906 1416 972 (Psal.
1452 911 1623 970 χιιι).
1649 906 1753 957 Nec

201 996 541 1048 obliviscitur
592 996 702 1048 Itatc
733 995 948 1046 hortans
988 994 1170 1046 beatus
1198 994 1446 1058 Jacobtts,
1498 993 1634 1056 quod
1664 1007 1770 1046 su--

199 1084 387 1150 perius
420 1085 489 1135 ait
524 1101 534 1132 :
573 1083 740 1134 Nolite
766 1083 932 1148 plures
971 1081 1192 1147 magistri
1248 1081 1359 1148 fieri
1384 1119 1398 1142 ,
1435 1083 1611 1149 fratres
1664 1081 1757 1131 mei

197 1170 344 1237 (Jac.
403 1175 500 1237 ιιι).
533 1173 603 1223 Ibi
636 1185 857 1238 namque
888 1170 1224 1238 imperfectos
1272 1170 1322 1222 in
1355 1170 1561 1238 propria
1591 1172 1754 1222 actio-

199 1278 270 1316 ne
337 1278 365 1314 a
411 1263 691 1329 magisterii
734 1261 906 1314 ofﬁcio
950 1263 1086 1327 quod
1136 1275 1230 1327 per
1253 1260 1559 1326 jactantiam
1612 1275 1755 1327 qua:-

204 1357 440 1418 rebant,
500 1356 794 1408 sobmovet.
848 1354 940 1406 llic
989 1367 1113 1405 vero
1166 1353 1445 1404 instructos
1498 1368 1562 1404 ex
1612 1353 1756 1404 omni

200 1456 358 1510 parte
406 1444 532 1510 quid
588 1459 705 1511 erga
759 1444 979 1494 salutem
1037 1443 1388 1508 proximorum
1442 1456 1534 1508 pro
1578 1454 1756 1492 amore

201 1532 555 1584 fraternitatis
603 1546 758 1598 amre.
788 1532 1005 1584 debeant
1040 1531 1246 1583 edocet.
1287 1529 1434 1595 Quod
1481 1529 1620 1582 enim
1671 1529 1755 1580 hic

1207 1693 1248 1706 Δ.

1865 650 2186 692 memoratur
2219 678 2232 701 ,
2275 637 2481 688 dicente
2534 636 2684 686 beato
2735 633 2890 686 Petro
2936 637 3169 702 apostolo
3215 653 3228 689 :
3270 638 3396 703 Quin

1858 729 2073 779 charitas
2121 728 2276 794 operit
2305 725 2673 776 multitudinem
2715 734 3025 792 peccatorum
3053 725 3105 795 (1
3129 725 3266 781 Petr.
3297 731 3388 795 tv).

1861 815 1968 868 Nec
2019 814 2436 882 prmtereundum
2464 853 2478 876 ,
2528 812 2662 879 quod
2707 813 2817 865 haec
2861 814 3083 866 errantis
3123 818 3394 869 conversio

1862 919 1964 954 tton
2014 903 2184 955 solum
2218 900 2523 969 loquendo,
2572 901 2662 953 sed
2711 901 3013 970 plerumque
3058 903 3213 956 etiam
3262 905 3393 957 bene

1858 992 2059 1058 agendo
2103 990 2394 1058 perﬁcitur.
2444 991 2570 1042 Nam
2620 991 2661 1041 si
2710 992 2844 1057 quis,
2905 992 3058 1043 etiam
3102 992 3273 1060 lingua
3313 1001 3398 1044 ta-

1859 1093 2008 1135 cente
2034 1123 2047 1144 ,
2094 1084 2351 1150 proximis
2387 1086 2627 1152 exempla
2661 1087 2809 1138 bonce
2848 1085 3070 1155 actionis
3120 1088 3393 1152 ostendit,

1861 1186 2056 1238 eosque
2108 1175 2170 1225 ad
2226 1174 2474 1228 imitanda
2525 1190 2642 1243 qua:
2689 1177 3030 1243 neglexerant
3053 1177 3398 1245 cleemosynm

1865 1261 1943 1312 vel
1977 1263 2347 1329 hostiitalitatis
2373 1305 2387 1330 ,
2422 1265 2503 1317 vel
2555 1266 2772 1317 aliarum
2804 1281 2961 1332 opera
2994 1267 3239 1317 virtutum
3268 1280 3394 1318 con-

1865 1351 2042 1415 vertit,
2091 1353 2321 1406 ofﬁcium
2365 1355 2598 1420 profecto
2629 1355 2856 1407 doctoris
2887 1355 3206 1422 cxsequ'gur.
3236 1370 3295 1408 ac
3315 1372 3404 1423 pro

1862 1439 1976 1506 ejus
2007 1457 2162 1509 quem
2215 1444 2442 1500 correxit
2491 1445 2782 1496 saivatione
2814 1443 3006 1510 fratris,
3039 1454 3231 1498 certam
3263 1460 3290 1496 a
3323 1447 3404 1512 pio

1861 1529 2045 1586 iudice
2084 1534 2380 1586 mercedem
2413 1542 2783 1601 consequetur.

1043 1811 1146 1884 ΙΝ
1213 1809 1598 1884 ΡΒΙΜΑΜ
1661 1812 2232 1887 Ei’ISTOLAM
2268 1814 2592 1890 PETRI.

717 1985 934 2039 CAPUT
986 1983 1262 2036 PRIMUM.

283 2083 492 2144 Petrus,
521 2078 775 2146 apostolus
797 2075 918 2127 Jesu
947 2073 1156 2138 Christi,
1185 2082 1283 2126 etc.
1312 2073 1528 2124 Adventu
1556 2071 1758 2134 Latine,

208 2175 399 2227 Graece
431 2171 672 2223 dicuntur
703 2164 961 2233 proselyti.
1014 2163 1130 2226 Quo
1178 2162 1388 2213 nomine
1435 2160 1766 2228 appellabant

208 2261 382 2316 Judtci
428 2271 520 2310 eos
548 2255 660 2322 qui,
685 2253 753 2305 de
778 2249 1020 2319 gentibus
1061 2249 1191 2310 nati,
1238 2249 1291 2299 in
1343 2248 1502 2300 Deum
1548 2248 1760 2300 credere

210 2360 291 2412 et,
319 2343 724 2400 circumcisione
765 2348 976 2405 accepta
1005 2378 1019 2401 ,
1059 2337 1275 2392 Judaico
1307 2352 1470 2402 more,
1501 2337 1647 2405 juxta
1673 2336 1766 2388 Dei

214 2440 391 2505 legem
425 2436 579 2486 vitam
607 2432 799 2484 ducere
840 2429 1158 2481 maluerunt.
1193 2428 1266 2479 De
1296 2443 1518 2494 quorum
1551 2440 1769 2481 numero

211 2527 366 2578 fuere
405 2523 618 2591 quidam
665 2534 845 2573 eorum
886 2519 973 2583 qui
1008 2519 1056 2567 in
1088 2516 1172 2569 die
1201 2526 1380 2568 sancto
1413 2515 1764 2575 Pentecostes,

213 2629 326 2680 quo
355 2612 585 2681 apostoli
627 2609 875 2677 Spiritum
905 2614 1145 2659 sanctum
1183 2606 1232 2657 itt
1268 2604 1400 2672 ignis
1429 2605 1627 2658 visione
1654 2617 1769 2670 per-

212 2692 497 2771 ceperunt,
526 2702 588 2754 ad
622 2699 1045 2766 praedicationem
1073 2709 1254 2747 eorum
1285 2693 1498 2746 Christo
1528 2692 1769 2746 credide-

215 2804 346 2846 runt
372 2832 387 2856 ,
421 2793 627 2844 dicante
664 2789 932 2854 Scriptura
963 2787 1099 2854 quod
1131 2785 1295 2838 Judaei
1323 2798 1530 2851 quoque
1557 2791 1613 2835 et
1639 2795 1771 2850 pro-

214 2883 377 2952 seiyti
409 2881 674 2933 adessent.
709 2878 917 2930 Eiectos
962 2891 1087 2942 ergo
1134 2875 1364 2928 advenas
1408 2873 1550 2936 dicit,
1594 2871 1679 2940 qui
1707 2870 1772 2924 de

217 2976 525 3046 gentilitate
576 2972 640 3024 ad
680 2969 997 3034 agnitionem
1051 2981 1111 3018 ac
1157 2965 1537 3031 susceptionem
1580 2963 1772 3014 divinae

217 3066 377 3133 legis,
405 3077 467 3116 ac
495 3074 748 3128 perceptis
791 3056 1128 3110 sacramentis
1183 3055 1456 3122 legalibus,
1511 3052 1572 3104 ad
1624 3065 1772 3104 acce-

215 3156 460 3220 ptioncm
485 3149 660 3219 gratiae
691 3147 806 3200 ﬁdei
829 3145 1096 3213 pervenire
1131 3149 1449 3195 meruerunt.
1481 3139 1627 3193 Unde
1650 3151 1773 3191 san-

225 3253 349 3294 οὐδ
408 3240 680 3307 presbyter
737 3236 1089 3302 Hieronymus
1140 3232 1204 3285 de
1257 3231 1340 3283 bis
1394 3231 1613 3297 loquens
1664 3229 1771 3280 ait:

226 3351 243 3382 ι
278 3300 422 3396 Quia
452 3300 636 3381 Petrus
666 3335 782 3394 post
806 3300 1167 3390 episcopatum
1199 3317 1565 3372 Antiochensis
1595 3316 1772 3370 Ecele-
1798 3300 1849 3363 ε

218 3422 341 3483 she,
393 3427 449 3472 et
495 3415 916 3483 praedicationem
963 3407 1304 3477 dispersionis
1352 3420 1533 3459 eorum
1583 3406 1672 3473 qui
1710 3405 1775 3458 de

201 3505 633 3568 circumcisione
676 3501 1011 3556 crediderunt
1066 3500 1116 3550 in
1162 3496 1348 3560 Ponto,
1393 3494 1610 3558 Galatia,
1643 3493 1775 3561 Cap-

225 3599 476 3667 padocia,
533 3596 653 3647 Asia
692 3601 743 3644 et
792 3590 1031 3657 Bithynia
1056 3629 1069 3651 ,
1115 3587 1348 3641 secundo
1389 3585 1584 3639 Claudii
1618 3600 1770 3646 anno,

221 3690 295 3743 ad
342 3681 744 3753 cXpttgnandum
781 3680 1048 3734 Simonem
1071 3690 1279 3744 magum
1303 3675 1518 3727 Romam
1543 3671 1726 3742 pergit.
1755 3689 1773 3723 ο

220 3777 331 3833 Sed
383 3785 436 3827 et
485 3784 580 3824 nos
628 3771 672 3822 si
718 3767 976 3822 veraciter
1006 3780 1124 3819 cum
1162 3765 1438 3833 propheta,
1470 3765 1577 3817 Deo
1606 3763 1780 3816 dicere

225 3875 552 3931 possumus:
587 3858 835 3923 Quoniam
883 3855 1063 3908 incola:
1111 3871 1201 3907 nos
1236 3869 1408 3907 sumus
1453 3854 1588 3922 apud
1639 3863 1684 3905 te
1729 3853 1779 3904 in

226 3962 396 4014 terra,
431 3957 476 4000 ct
515 3946 760 4015 peregrini
804 3945 933 3996 sicut
979 3958 1145 3994 omnes
1191 3955 1352 4006 patres
1411 3943 1568 3993 nostri
1610 3942 1777 4009 (Psal.

213 4013 481 4103 ἰχινιιι),
515 4013 578 4088 ad
607 4013 702 4087 nos
725 4046 933 4101 quoque
962 4030 1226 4096 Epistolas
1271 4029 1406 4081 beati
1459 4029 1594 4082 Petri
1636 4030 1781 4082 scri-

231 4137 354 4194 ptas
383 4126 600 4178 credere
630 4133 680 4176 et
704 4133 761 4177 ut
790 4123 940 4176 nobis
963 4122 1150 4184 missas
1174 4121 1346 4186 legere
1372 4120 1640 4172 debemus.
1676 4121 1782 4172 De-

231 4216 398 4282 nique
447 4215 497 4267 in
539 4213 664 4280 ipsis
707 4212 975 4280 Epistolis,
1008 4211 1155 4278 quasi
1183 4210 1304 4262 alibi
1340 4211 1553 4276 patriam
1588 4209 1784 4263 haben-

233 4315 341 4370 tes,
376 4319 473 4356 nos
519 4302 787 4367 admonet,
829 4302 1010 4354 dicens
1041 4317 1053 4351 :
1084 4299 1400 4362 Cltarissinti,
1450 4299 1648 4351 obsecro
1701 4315 1784 4351 vos

233 4406 480 4459 tanquam
502 4395 716 4445 advenas
753 4401 800 4443 et
845 4391 1131 4460 peregrinos
1172 4390 1414 4443 abstinere
1445 4408 1474 4440 (ι
1502 4389 1784 4441 carnalibus

229 4482 499 4534 desideriis
529 4479 580 4551 (l
614 4479 753 4532 Patr.
779 4478 859 4548 tt).
891 4479 1036 4544 Quod
1067 4492 1188 4531 vero
1219 4479 1536 4543 adjungitnr,
1578 4479 1780 4544 disper-

239 4572 424 4634 siettis,
474 4569 731 4637 signiﬁcat
771 4571 888 4634 quia
920 4567 1140 4634 dispersi
1173 4568 1274 4617 sint
1304 4580 1332 4614 a
1360 4566 1701 4634 Jerosolytnis
1732 4565 1780 4616 in

237 4659 612 4727 persecutione
659 4671 774 4723 qua:
823 4653 958 4707 facta
1009 4654 1178 4706 fuerat
1225 4655 1322 4705 sub
1368 4654 1651 4720 Stephano,
1699 4655 1779 4708 vel

232 4759 384 4803 certe
412 4748 529 4800 aliis
557 4742 857 4798 tnultifariis
905 4742 1359 4811 persecutionibus
1399 4745 1503 4794 sint
1544 4758 1636 4810 pro
1683 4743 1781 4795 fide

234 4838 322 4890 vel
357 4851 385 4887 a
416 4835 613 4888 JUdLBIS
636 4836 720 4887 vel
748 4850 776 4886 a
809 4835 1053 4901 gentibus
1084 4834 1282 4896 afﬂicti,
1333 4848 1360 4884 a
1392 4836 1613 4901 propriis
1643 4849 1783 4901 saepe

235 4925 455 4979 sedibus
502 4922 657 4988 pulsi,
693 4930 749 4972 ut
788 4921 837 4972 itt
888 4921 1102 4972 Actibus
1140 4923 1496 4987 apostolorum
1545 4922 1780 4989 legimus.

238 5015 346 5066 Sed
381 5024 433 5064 et
473 5011 661 5064 Paulus
689 5009 751 5061 ad
781 5007 987 5061 Galatas
1016 5027 1026 5059 :
1068 5009 1248 5073 Tanta,
1282 5010 1471 5076 inquit,
1503 5012 1638 5079 pasti
1667 5013 1782 5063 estis

238 5101 347 5158 sine
376 5118 548 5163 causa,
576 5103 618 5151 si
645 5111 806 5153 tamen
837 5102 941 5152 sine
963 5116 1132 5152 causa.

318 5190 660 5257 Dispersionis
711 5188 879 5255 I’onti,
913 5188 1148 5250 Galatia),
1192 5201 1294 5242 etc.
1328 5190 1518 5242 Omnes
1551 5189 1631 5242 lite
1664 5205 1786 5256 pro-

244 5281 434 5334 vincia:
461 5288 582 5329 sunt
612 5276 912 5350 Graecorum
946 5277 995 5328 in
1029 5279 1172 5330 Asia.
1205 5278 1305 5331 Sed
1337 5288 1389 5330 et
1418 5279 1518 5329 alia
1551 5277 1788 5345 Bithynia

248 5378 332 5421 est
358 5369 410 5419 in
442 5368 670 5432 Europa,
704 5365 769 5416 de
807 5379 905 5431 qua
955 5365 1028 5416 illi
1075 5367 1162 5431 qui
1196 5365 1244 5416 in
1277 5365 1399 5416 Asia
1429 5375 1549 5417 sunt
1583 5365 1790 5433 Bithyni

247 5455 506 5524 originem
556 5455 747 5508 ducere
797 5453 1157 5520 perhibentur.
1212 5455 1298 5506 Illa
1352 5465 1522 5507 autem
1575 5469 1688 5521 qua:
1741 5456 1790 5506 in

255 5547 376 5597 Asia
407 5554 490 5598 est
517 5544 780 5612 Bithynia,
815 5553 1028 5595 vocatur
1069 5553 1120 5594 et
1165 5546 1330 5611 major
1384 5544 1628 5614 Phrygia,-
1680 5560 1792 5612 qua:

258 5635 413 5686 Hiera
445 5632 659 5684 ﬂumine
685 5644 763 5684 est
794 5646 819 5682 a
849 5632 1041 5685 Galatia
1068 5632 1447 5686 disterminata.

329 5724 613 5776 Secundum
642 5724 1001 5787 prwscientiam
1034 5722 1127 5775 Dei
1163 5723 1344 5791 Putris,
1376 5735 1475 5779 etc.
1513 5725 1796 5780 Adltatrent

579 5836 841 5892 ParnoL.
880 5835 1095 5892 XCIII.

1804 1990 1845 2044 Β
1874 1985 1923 2036 hi
1957 1987 2195 2039 versiculi
2227 1988 2290 2040 ad
2322 1990 2418 2040 hoc
2447 1989 2582 2055 quod
2613 1990 2942 2056 praedixerat,
2974 1986 3157 2044 Electis
3183 1992 3405 2044 advenis.

1870 2075 2038 2128 Electi
2087 2091 2312 2144 namque
2363 2089 2513 2130 erant
2557 2080 2842 2132 secundum
2889 2083 3266 2147 prtescieutiazn
3319 2083 3408 2136 1)ςί

1866 2163 2055 2217 Patris.
2085 2165 2232 2218 Unde
2268 2176 2322 2220 et
2352 2167 2620 2234 apostolus
2642 2169 2747 2220 ait:
2779 2169 2914 2232 Quos
2951 2174 3195 2237 prtvscivit
3217 2182 3261 2223 et
3285 2190 3411 2239 prio-

1867 2253 2131 2305 destinavit
2163 2255 2439 2320 con/armes
2463 2258 2572 2324 ﬁeri
2600 2259 2835 2328 imaginis
2876 2257 2997 2312 Filii
3023 2262 3119 2313 sui.
3154 2261 3216 2313 Et
3245 2261 3405 2317 alibi:

1869 2339 2012 2391 Sicut
2059 2341 2204 2409 elegit
2253 2357 2343 2393 nos
2385 2343 2434 2393 in
2473 2345 2579 2410 ipso
2623 2353 2738 2397 ante
2777 2346 2948 2396 mundi
2986 2349 3407 2400 constitutionem.

1869 2428 2033 2482 Electi
2073 2441 2249 2484 autem
2292 2443 2443 2485 erant
2471 2433 2533 2485 ad
2565 2433 2679 2500 hoc,
2727 2444 2781 2488 ut
2811 2450 2902 2503 per
2931 2437 3262 2491 donationem
3289 2422 3412 2504 Spi-

1870 2517 2002 2570 ritus
2048 2521 2212 2572 saneti
2256 2521 2726 2588 sanetiﬁcarentur,
2772 2525 3037 2576 emundati
3065 2527 3128 2577 ab
3171 2525 3412 2579 omnibus

1873 2606 2122 2672 peccatis,
2148 2615 2206 2659 ut
2226 2608 2440 2662 obedire
2468 2609 2758 2678 inciperent
2785 2612 3001 2665 Domino
3027 2613 3146 2666 Jesn
3176 2612 3404 2673 Christo,

1871 2694 1957 2761 qni
1989 2708 2080 2761 per
2125 2695 2536 2752 inobedietttiam
2571 2700 2878 2768 protoplasti
2913 2702 3192 2769 perierant,
3241 2712 3296 2755 ut
3323 2718 3411 2758 as-

1872 2784 2016 2849 persi
2059 2786 2316 2851 sanguine
2365 2787 2481 2853 ejus
2535 2797 2844 2855 potestatem
2897 2793 3104 2842 Satanae
3158 2791 3414 2853 vitarent,

1875 2873 2013 2926 sicut
2052 2873 2213 2926 Israel
2261 2889 2353 2940 per
2384 2877 2500 2941 agni
2535 2878 2840 2943 sanguinem
2877 2877 3221 2946 [Egyptorum
3253 2879 3423 2932 dami-

1877 2971 2057 3014 ttatnm
2106 2957 2404 3014 declinavit.
2458 2964 2833 3031 Aspersiouem
2882 2976 3052 3018 autem
3099 2967 3229 3019 dicit
3274 2982 3419 3020 more

1875 3048 2159 3116 Scripturte
2188 3053 2401 3115 veteris,
2433 3052 2520 3104 ubi
2551 3067 2669 3120 qua:
2697 3052 3067 3106 sanctiﬁcanda
3100 3063 3271 3116 erant,
3303 3067 3423 3107 san-

1875 3139 2028 3204 guine
2085 3138 2368 3190 bosﬁarum
2423 3140 2663 3192 solebant
2733 3143 2957 3208 aspergi.
3010 3141 3264 3194 Caeterum
3312 3143 3422 3208 ipse

1879 3230 2128 3284 Dominus
2157 3234 2282 3286 dicit
2312 3233 2590 3286 manifeste
2619 3235 2684 3287 de
2714 3250 2776 3287 eo
2807 3253 2819 3285 :
2851 3234 2968 3286 Nisi
2998 3237 3414 3288 manducaveritis

1877 3338 2072 3375 carnem
2105 3322 2227 3374 Filii
2257 3325 2487 3386 hominis,
2515 3333 2560 3376 et
2591 3324 2806 3376 biberitis
2837 3325 2949 3392 ejus
2977 3325 3293 3393 sanguinem,
3324 3341 3424 3378 non

1879 3411 2114 3464 habebiiis
2140 3415 2289 3463 vitam
2312 3415 2361 3464 in
2387 3413 2522 3464 vobis
2550 3411 2725 3478 (Joan.
2759 3413 2849 3477 Vl).

1949 3500 2124 3554 Gratia
2173 3510 2218 3554 et
2268 3517 2366 3568 pax
2413 3502 2794 3570 multiplicetur.
2827 3502 2894 3555 Ut
2922 3502 3058 3570 quod
3097 3503 3231 3555 bene
3259 3504 3432 3570 cmpio'

1883 3589 1999 3651 stis,
2049 3591 2276 3655 perfecte
2301 3588 2623 3658 compleatis.
2656 3589 2794 3643 Bene
2822 3591 2990 3655 primo
3014 3589 3253 3658 gratiam,
3281 3599 3423 3656 post-

1883 3695 1940 3732 ea
1971 3681 2202 3732 nominat
2245 3696 2446 3747 pacem,
2496 3681 2616 3748 quia
2663 3681 2775 3734 sine
2816 3682 2979 3747 gratia
3020 3679 3209 3733 Christi
3237 3680 3301 3733 ad
3329 3694 3419 3747 pa-

1885 3784 1998 3822 cem
2051 3770 2497 3824 reconciliationis
2546 3771 2819 3838 pervenire
2854 3784 2954 3823 non
2988 3785 3287 3837 possumus,
3319 3771 3425 3823 imo

1885 3857 2008 3909 nihil
2043 3857 2346 3925 pacificum,
2400 3859 2496 3910 flI:I
2539 3874 2634 3926 per
2660 3859 2881 3926 gratiam
2930 3857 3044 3926 ejus
3093 3858 3285 3913 habere
3331 3875 3421 3913 va-

1888 3945 2075 4003 femus.

1955 4033 2246 4085 Benedictus
2267 4034 2418 4096 Deus,
2438 4043 2482 4084 et
2505 4032 2658 4084 Pater
2679 4033 2878 4085 Domtm
2899 4035 3053 4085 nostri
3073 4033 3197 4086 Jesn
3219 4034 3425 4086 Christi.

1885 4121 1958 4172 Ita
2007 4121 2112 4174 Deo
2156 4122 2293 4173 Patri
2330 4122 2512 4173 laudes
2543 4121 2921 4174 benedictionis
2949 4121 3122 4184 refert,
3159 4132 3213 4173 ut
3244 4122 3422 4172 Domi-

1884 4225 2007 4262 num
2041 4209 2373 4263 Salvatorem
2407 4217 2672 4271 nostrum,
2702 4218 2756 4262 et
2781 4210 2940 4261 Deuut
2968 4209 3292 4263 demonstret
3311 4224 3427 4263 esse
3477 4260 3482 4266 .

1883 4310 1935 4356 et
1963 4302 2253 4354 hominem.
2286 4299 2414 4352 Cum
2446 4299 2584 4352 enim
2625 4298 2770 4364 dicit,
2803 4299 2938 4352 Deus
2965 4309 3011 4351 et
3038 4299 3192 4351 Pater
3223 4299 3429 4352 Domini

1885 4391 2043 4443 nostri
2069 4389 2191 4441 Iesu
2218 4389 2426 4452 Christi,
2457 4389 2622 4441 Deum
2653 4389 2862 4455 quidem
2892 4389 3095 4442 Domini
3123 4389 3246 4443 Jesu
3269 4389 3390 4443 Chri
3409 4417 3423 4426 -

1889 4482 1954 4532 sti
2001 4479 2249 4547 appellat,
2291 4482 2411 4548 quia
2454 4483 2621 4546 ipsum
2670 4470 2943 4533 Dominum
2987 4481 3247 4533 Christum
3278 4521 3292 4545 ,
3332 4483 3425 4533 bo-

1890 4568 2084 4621 minetn
2127 4570 2317 4621 factum
2362 4565 2521 4619 fuisse
2566 4567 2842 4630 meminit;
2876 4568 3077 4620 Patrem
3109 4579 3281 4620 autem
3317 4570 3426 4622 Do-

1890 4658 2015 4711 mini
2065 4661 2225 4711 nostri
2269 4657 2517 4722 nominat,
2566 4658 2682 4725 quia
2725 4658 2966 4712 eumdem
3014 4659 3286 4711 Dominum
3321 4673 3426 4712 no-

1891 4761 2055 4803 strum
2090 4749 2178 4802 Dei
2211 4748 2394 4801 Filium
2425 4761 2630 4814 semper
2657 4746 2916 4801 exstitisse
2942 4763 3042 4800 non
3083 4748 3304 4802 dubitat.

1962 4840 2058 4902 Qui
2097 4840 2366 4890 secundum
2412 4855 2644 4907 magnam
2681 4837 3071 4890 misericordiam
3118 4853 3261 4888 suam
3288 4854 3427 4906 rcge-

1892 4930 2077 4980 ncrauit
2109 4944 2216 4988 nos,
2246 4937 2350 4981 etc.
2382 4926 2507 4980 lure
2539 4927 2862 4979 bonedicitur
2889 4941 2916 4976 a
2952 4926 3098 4978 nobis
3132 4926 3285 4988 Deus,
3317 4927 3421 4994 qui,

1893 5031 2009 5068 cum
2052 5016 2244 5068 nostris
2277 5015 2483 5067 meritis
2515 5013 2750 5082 generati
2783 5013 3060 5066 fuissemus
3089 5013 3152 5066 ad
3183 5026 3424 5079 mortem,

1890 5119 1981 5156 sua
2029 5119 2124 5157 nos
2170 5103 2530 5163 misericordia
2571 5104 2898 5170 regeneravit
2925 5102 2988 5155 ad
3021 5103 3196 5154 vitam.
3242 5103 3303 5154 Et
3331 5104 3429 5155 hoc

1893 5207 1984 5256 per
2009 5191 2445 5242 resurreetionem
2475 5191 2593 5242 Filii
2625 5192 2726 5252 sui,
2756 5205 2871 5242 eum
2901 5191 2951 5243 in
2976 5198 3170 5243 tantum
3195 5199 3426 5245 nostrant

1891 5281 2139 5334 dilexerit
2167 5278 2346 5343 vitam,
2381 5290 2436 5330 ut
2465 5279 2612 5331 illum
2663 5294 2756 5344 pro
2798 5280 2895 5330 bac
2939 5279 3067 5330 mori
3106 5277 3429 5345 disponeret,

1892 5380 2044 5437 atque
2088 5373 2270 5423 eadem
2315 5378 2482 5421 morte
2536 5383 2625 5435 per
2673 5366 3102 5419 resurrectionem
3140 5368 3428 5428 destructa,

1894 5474 2036 5526 spem
2088 5460 2236 5511 nobis
2288 5460 2687 5524 exemplumque
2742 5453 3042 5521 resurgettdi
3091 5465 3430 5507 monstratet.

1899 5549 2130 5600 Mortuus
2183 5562 2410 5612 namque
2450 5556 2548 5608 est,
2579 5559 2644 5596 ne
2677 5558 2771 5596 nos
2805 5545 2935 5596 mori
2970 5543 3287 5595 timeremus.
3323 5543 3421 5593 Re.

1899 5637 2126 5689 surrexit
2163 5650 2221 5687 ex
2266 5635 2506 5697 mortuis,
2557 5641 2612 5682 ut
2641 5644 2689 5684 et
2723 5647 2814 5685 nos
2849 5647 2936 5698 per
2963 5646 3080 5683 eum
3108 5643 3429 5685 resurrectu-

1903 5742 1984 5778 τος
2017 5738 2130 5776 esse
2158 5739 2509 5786 Spet‘uretntts.

3005 5836 3040 5889 ").
