3860 6230
227 461 300 513 tt:
1307 464 1368 518 IN
1409 463 1654 518 l'ltlalnl
1702 463 2067 518 ιςινιδτυωδι
2110 451 2317 520 erant.
2369 531 2371 533 ι
3316 468 3384 527 tr.

219 573 385 623 «rio.
420 571 569 626 Uni»,
601 580 740 640 patet
771 571 888 639 quia
920 573 1056 627 idem
1088 573 1312 642 Spiritus
1339 575 1528 629 (ἶιδτὶειί
1554 587 1664 628 erat
1711 577 1760 629 in
1792 583 1835 635 Λ
1865 578 1950 645 qui
1986 577 2202 632 Domino
2232 594 2286 630 se
2318 579 2518 646 placere
2547 595 2646 634 non
2676 584 2838 644 novit,
2873 586 3054 639 merito
3079 601 3169 655 spe
3212 588 3380 641 honoa

214 662 493 728 prophetis
517 664 676 728 prius.
698 662 782 729 qui
809 664 1137 730 postmodum
1161 666 1212 718 in
1237 665 1513 734 apostolis;
1543 665 1764 734 ideoque

211 748 464 802 eamdem
498 750 653 802 ﬁdem
683 752 940 816 passionis
969 754 1162 808 Christi
1192 764 1247 808 et
1287 758 1607 822 posteriores
1639 759 1763 825 glo-

212 838 354 901 rias,
384 841 593 905 utrique
631 841 837 908 populis
885 842 1254 909 pratdicahant,
1284 845 1392 898 illic
1441 846 1609 898 adhuc
1638 860 1760 898 ven-

210 934 419 992 turam,
447 929 529 981 isti
555 929 664 997 jatn
692 946 930 996 venisse;
963 948 1024 985 ac
1071 949 1162 1001 per
1189 933 1289 987 hoc
1319 951 1472 988 unum
1513 951 1631 989 esse
1661 938 1757 990 lic-

205 1015 456 1078 clesiam,
515 1018 662 1085 cujus
711 1033 831 1085 pars
883 1021 1142 1074 carnalem
1198 1022 1398 1074 Domini
1449 1023 1755 1077 adventum-

204 1107 571 1172 praecesserit,
603 1123 716 1173 pars
742 1110 808 1160 sit
836 1110 995 1163 altera
1020 1120 1218 1164 secuta.
1728 1096 1736 1104 ’

293 1199 321 1249 Ῑ
335 1216 362 1250 u
389 1216 530 1266 quem
557 1200 842 1253 desiderant
868 1203 1038 1270 angeli
1065 1205 1362 1270 prospicere.
1391 1202 1604 1256 Constat
1634 1218 1754 1269 pro-

205 1288 361 1340 fecto
397 1289 517 1352 quia
552 1299 689 1340 tanta
729 1290 843 1356 ejus
887 1290 972 1357 qui
1016 1305 1197 1356 passus
1225 1301 1442 1358 est_pro
1488 1293 1635 1346 nobis
1667 1293 1755 1341 ho.

205 1379 376 1428 minis
425 1379 548 1430 Jcsu
599 1378 788 1430 Christi
844 1384 1099 1444 posterior
1143 1381 1305 1443 gloria
1357 1382 1641 1446 successit,
1700 1389 1758 1433 ut

199 1467 372 1516 etiam
431 1466 678 1533 angeierc
719 1469 765 1518 in
796 1468 929 1520 cado
955 1467 1190 1529 virtutes,
1243 1485 1359 1523 cum
1403 1474 1509 1526 sint
1553 1481 1750 1526 aeterna

201 1553 464 1606 fclicitatc
507 1555 767 1619 perfectae,
809 1571 911 1607 non
939 1557 1105 1609 solum
1149 1558 1492 1610 immortalem
1541 1559 1751 1612 Deitatis

204 1645 686 1710 nmgniticentiant,
732 1644 823 1697 sed
863 1654 916 1698 et
962 1659 1237 1713 assumpta:
1285 1648 1612 1702 humanitatis
1639 1648 1752 1716 ejus

203 1731 515 1784 claritatem
548 1748 754 1799 semper
785 1734 1020 1801 aspicere
1066 1737 1378 1802 gaudebant.
1415 1736 1600 1788 Verum
1631 1736 1752 1790 dili-

196 1822 418 1884 genti-ts
447 1820 748 1872 intuendum
776 1825 1038 1890 quomodo
1085 1823 1226 1876 dicat
1256 1825 1391 1892 quod
1431 1827 1479 1876 in
1511 1840 1630 1878 eum
1661 1825 1750 1877 de-

203 1908 456 1959 siderent
485 1909 653 1976 angeli
683 1911 998 1977 prospicere,
1025 1925 1143 1964 cum
1166 1913 1486 1966 desiderium
1511 1914 1614 1968 dici
1643 1929 1746 1966 non

198 1996 381 2047 soleat
424 1996 537 2064 ejus
577 1999 648 2050 rei
677 2013 830 2066 quam
878 2001 1146 2064 habemus,
1188 2002 1279 2054 sed
1324 2017 1474 2067 quam
1506 2003 1745 2056 volumus

205 2081 438 2144 habere,
470 2100 586 2136 nam
622 2100 774 2138 nemo
799 2086 1063 2140 desiderat
1105 2089 1240 2154 quod
1271 2089 1442 2144 habet.
1476 2089 1744 2155 Quomodo

203 2186 345 2240 ergo
368 2174 420 2225 in
441 2167 701 2228 Christum
730 2179 1026 2244 prospicere
1048 2178 1364 2240 desiderant,
1392 2179 1540 2249 cujus
1561 2181 1742 2236 faciem

197 2272 434 2313 cernere
461 2276 719 2330 nunquam
762 2275 992 2327 cessant,
1021 2266 1118 2317 nisi
1148 2267 1516 2332 contemplatio
1558 2267 1744 2322 divina:

197 2349 500 2414 prtrsentia:
539 2354 605 2402 ita
650 2365 890 2418 supernae
930 2355 1120 2420 .p'ttrite
1163 2357 1302 2409 cives
1356 2355 1638 2421 beatiﬁcat,
1690 2366 1743 2410 ut

195 2436 458 2488 ittclTnbili
510 2439 659 2490 nobis
704 2440 888 2493 ordine
937 2451 990 2492 et
1033 2455 1238 2509 semper
1263 2443 1377 2510 ejus
1408 2443 1516 2497 visa
1578 2443 1741 2510 gloria

192 2526 483 2584 satientur,
534 2535 585 2577 et
631 2541 838 2593 semper
867 2529 979 2595 ejus
1007 2530 1338 2585 dulcedinem
1377 2533 1523 2600 quasi
1554 2536 1763 2587 novam

193 2613 568 2668 insatiabiliter
621 2618 897 2669 esuriant?
950 2617 1116 2680 Nam,
1178 2620 1317 2673 sicut
1373 2622 1568 2678 beatus.
1613 2636 1740 2689 papa

198 2701 514 2769 Gregorius,
546 2704 757 2758 delicias
787 2707 958 2759 cordis
1005 2717 1058 2760 et
1100 2708 1333 2774 corporis
1365 2709 1579 2762 miriﬁce
1628 2709 1739 2763 dis-

198 2791 472 2860 tinguens,
504 2794 574 2844 ait
598 2796 894 2862 corporales
929 2795 1145 2862 deliciae,
1176 2811 1290 2852 cum
1323 2813 1424 2851 non
1463 2798 1738 2864 habentur,

195 2894 370 2946 grave
402 2881 450 2931 in
483 2895 539 2933 se
568 2884 877 2936 desiderium
902 2885 1207 2949 accendunt,
1236 2902 1352 2940 cum
1385 2903 1507 2942 vero
1552 2889 1741 2942 habita:

191 2971 470 3033 eduntur,
525 2971 876 3025 cotnedentem
945 2975 1180 3039 protinus
1229 2975 1279 3027 in
1335 2976 1592 3030 fastidium
1648 2992 1741 3045 per

193 3060 498 3112 satietatem
545 3069 775 3113 vertunt.
826 3064 892 3114 At
939 3071 1118 3115 contra
1172 3065 1467 3132 spirituales
1514 3066 1735 3132 delicias,

195 3163 320 3199 rum
371 3164 472 3200 non
503 3149 778 3214 habentur,
813 3151 862 3202 in
907 3149 1118 3204 iastidio
1148 3161 1303 3215 sunt;
1343 3165 1460 3205 cum
1493 3167 1615 3206 vero
1641 3151 1736 3206 ha-

1862 681 1994 728 rum,
2019 681 2202 720 carnes
2227 683 2288 720 ne
2317 669 2466 718 citius
2499 669 2754 732 adveniat,
2786 675 2983 727 metuit.

1935 755 2086 818 Quasi
2114 755 2209 816 lilii
2235 757 2540 815 obedientirc,
2582 768 2681 810 etc.
2713 758 2872 811 Recle
2905 760 3036 813 ﬁlios
3076 764 3384 818 obedientitc

1857 843 1967 894 vult
2012 843 2126 895 illos
2156 844 2396 906 existere,
2425 859 2552 912 quos
2596 847 2646 899 in
2694 848 2991 914 pra'l'atione
3041 853 3089 903 in
3132 852 3379 906 obedien-

1860 929 1980 981 tiam
2009 939 2061 983 et
2091 931 2446 996 aspersionem
2480 935 2741 1001 sanguinis
2782 934 2902 988 Jesu
2949 935 3142 991 Christi
3181 939 3382 992 dixerat

1854 1017 2067 1070 electos.

1925 1109 2027 1162 Sed
2066 1111 2335 1162 secundum
2381 1127 2493 1163 eum
2524 1114 2610 1181 qui
2653 1115 2840 1166 vocavit
2881 1130 2964 1167 vos
2993 1125 3236 1177 sanctum,
3278 1125 3380 1169 etc.

1861 1197 1987 1248 llttic
2015 1199 2183 1252 simile
2206 1205 2287 1250 est
2317 1199 2436 1251 illud
2469 1201 2518 1251 in
2550 1200 2870 1269 Evangelia:
2900 1201 3070 1255 Estote
3114 1203 3266 1273 igitur
3295 1221 3378 1254 vos

1853 1287 2081 1354 perfecti,
2127 1287 2255 1338 sicut
2298 1296 2342 1338 et
2393 1285 2542 1339 Pater
2583 1298 2738 1341 uester
2777 1290 2983 1343 ccclesiis
3020 1290 3268 1357 perfectus
3313 1301 3383 1344 est

1856 1374 2061 1443 (.llatth.
2089 1380 2160 1442 v).

1923 1464 1988 1516 Et
2008 1465 2051 1517 si
2079 1463 2280 1516 Patrem
2322 1465 2558 1532 invocatis
2595 1482 2726 1517 cum.
2757 1466 2984 1518 Dicenda
3014 1483 3062 1520 tn
3095 1469 3334 1522 oratione
3364 1482 3378 1519 :

1852 1551 2005 1606 Pater
2030 1553 2211 1616 noster,
2239 1554 2324 1620 qui
2351 1569 2400 1606 es
2425 1553 2475 1604 in
2503 1539 2638 1606 caelis
2667 1553 2875 1620 (Matth.
2902 1554 2994 1620 Vl).

1922 1640 2020 1705 Qui
2049 1643 2151 1695 sine
2171 1642 2447 1709 acceptione
2475 1655 2791 1710 personarum
2805 1645 3021 1711 judicat,
3052 1656 3152 1698 etc.
3179 1645 3288 1697 Non
3315 1657 3370 1699 ttt

1851 1738 1996 1797 pater
2023 1732 2245 1785 carnalis
2273 1732 2359 1799 qui
2389 1733 2502 1783 liliis
2527 1733 2859 1798 peccantibus
2886 1734 3232 1802 indulgentius
3263 1753 3378 1803 par—

1850 1831 1970 1872 cere
2017 1833 2172 1886 quam
2224 1819 2428 1871 iamulis
2488 1819 2775 1872 consuevit.
2829 1819 2977 1874 Pater
3022 1833 3193 1875 autem
3247 1826 3378 1876 Deus

1780 1895 1824 1954 Β
1856 1915 2011 1960 tanta!
2033 1905 2248 1974 institit:
2281 1914 2335 1960 et
2376 1906 2578 1973 pietatis
2606 1917 2705 1968 est,
2739 1917 2793 1959 ut
2841 1919 2890 1960 et
2932 1913 3366 1964 servosltutuilei

1851 2005 2004 2063 atque
2027 1994 2351 2056 obedientes,
2382 1995 2486 2047 imo
2511 2002 2564 2047 et
2606 1997 2780 2048 hostes
2824 1996 2919 2049 sibi
2953 2011 3160 2049 manum
3193 1999 3371 2051 dantes

1845 2091 2009 2136 mutet
2051 2082 2100 2134 in
2148 2081 2480 2148 adoptionem
2531 2082 2777 2146 filiorum,
2807 2093 2859 2135 et
2905 2101 3108 2138 rursum
3158 2103 3247 2141 eos
3284 2094 3369 2155 qui

1847 2171 2068 2223 ﬁliorum
2112 2171 2321 2224 nomine
2365 2169 2605 2224 videntur
2630 2171 3058 2236 honorabiliores,
3091 2191 3182 2243 pro
3222 2181 3370 2241 culpa

1843 2257 2207 2311 inobedientia:
2255 2271 2465 2324 prorsus
2512 2259 2827 2314 limreditatis
2885 2272 3142 2329 perpetua:
3191 2267 3373 2319 reddat

1845 2354 2100 2400 exsortes.
2393 2345 2415 2369 ί

1915 2432 1977 2486 In
2001 2435 2174 2488 timore
2198 2436 2442 2487 iaculatus
2474 2439 2621 2488 vestri
2653 2446 2871 2506 tempore
2897 2444 3266 2498 convertamini.
3300 2445 3375 2498 Ne

1843 2522 2084 2578 videlicet
2127 2525 2487 2592 perdesidiam
2520 2534 2573 2578 et
2619 2527 2982 2595 negligentiam
3031 2541 3171 2583 tanto
3218 2533 3371 2586 Patre

1841 2613 2077 2670 existatis
2101 2614 2318 2684 indigni,
2343 2625 2395 2668 et
2419 2615 2540 2668 dum
2573 2626 2803 2685 tempore
2828 2621 3097 2683 prtesentis
3122 2621 3374 2676 incolatus

1840 2704 2010 2756 securi
2037 2702 2169 2767 sitis,
2196 2702 2258 2756 ad
2282 2705 2590 2772 promissam
2636 2706 2810 2771 patria:
2853 2706 3220 2761 beatitudinem
3252 2725 3368 2778 pcr-

1839 2788 2021 2842 venire
2052 2805 2153 2843 non
2185 2791 2411 2857 possitis.

1910 2878 2132 2933 Scientcs
2156 2880 2290 2944 quod
2316 2897 2412 2933 non
2439 2885 2860 2951 corruptibilibns,
2893 2902 3016 2937 auro
3044 2890 3120 2939 uel
3148 2901 3372 2958 argento,

1841 2977 1942 3023 etc.
1971 2969 2176 3037 Quanto
2207 2968 2372 3036 majus
2411 2979 2489 3022 est
2530 2972 2752 3037 pretium
2793 2988 2894 3040 quo
2923 2975 3194 3042 redempti
3245 2979 3370 3030 eStis

1840 3071 1869 3110 a
1906 3059 2240 3125 corruptione
2283 3057 2400 3112 vita:
2444 3061 2686 3124 carnalis,
2741 3071 2883 3114 tanto
2933 3065 3158 3130 amplius
3188 3067 3369 3121 timere

1843 3147 2068 3212 debetis,
2099 3164 2165 3202 ne
2203 3148 2334 3202 forte
2376 3150 2440 3202 ad
2485 3154 2828 3218 corruptelam
2884 3155 3126 3210 vitiorum
3180 3173 3370 3212 rever-

199 3241 420 3296 ltetttttr,
473 3238 523 3289 in
569 3237 830 3292 desiderio
869 3249 1022 3303 sunt;
1062 3249 1308 3309 tantoque
1353 3255 1382 3294 a
1431 3243 1738 3296 comedente
1765 3223 1812 3287 C
1844 3238 1996 3290 tendo
2025 3237 2251 3290 animum
2283 3238 2438 3291 vestri
2469 3237 2828 3308 Redemptoris
2856 3243 3152 3297 otl'eudatis.

197 3326 431 3390 amplius
455 3327 774 3390 esuriuntur,
806 3339 999 3396 quanto
1035 3337 1091 3381 et
1133 3331 1199 3381 ab
1224 3329 1488 3384 esuriente
1518 3329 1738 3397 amplius

193 3415 568 3466 comeduntur.
602 3415 652 3467 ln
695 3416 798 3470 illis
827 3419 1086 3485 appetitus
1111 3417 1461 3481 saturitatem,
1494 3419 1741 3472 saturitas

197 3501 473 3554 fastidium
503 3512 750 3570 generat;
793 3505 842 3556 in
887 3506 1003 3559 istis
1033 3514 1206 3558 autem
1247 3505 1505 3572 appetitus
1548 3504 1739 3558 saturi-

197 3602 389 3650 tatem,
421 3595 667 3644 saturitas
705 3594 987 3661 appetitum
1027 3597 1179 3661 parit.
1216 3593 1419 3664 Augcnt
1460 3595 1597 3648 enim
1629 3594 1738 3660 spi-

200 3679 423 3730 rituales
454 3679 652 3731 delicia:
681 3680 996 3734 desiderium
1042 3682 1094 3734 in
1138 3691 1312 3735 mente
1356 3682 1483 3734 dum
1524 3680 1736 3748 satiant,

196 3768 324 3832 quia
356 3782 550 3836 (ιιιέιιιιο
588 3773 748 3838 magis
787 3788 963 3825 earum
1008 3787 1162 3840 sapor
1191 3772 1493 3841 percipitur,
1538 3786 1603 3827 eo
1632 3786 1740 3824 am-

202 3858 344 3924 plius
364 3859 692 3924 cognoscitur
711 3862 846 3926 quod
868 3864 1090 3929 amplius
1112 3871 1329 3916 ametur.
1360 3861 1538 3916 Potest
1562 3873 1736 3916 autem

204 3944 349 4012 quod
404 3945 519 3997 ait:
549 3946 600 3997 ltt
648 3961 797 4012 quem
846 3947 1147 4000 desiderant
1193 3947 1362 4014 angeli
1413 3948 1733 4013 prospicere,

196 4034 363 4087 etiam
395 4033 465 4087 de
491 4034 687 4100 Spiritu
722 4045 901 4086 sancto
944 4043 1087 4088 recte
1126 4035 1364 4103 intelligi,
1392 4034 1458 4086 de
1485 4049 1588 4100 quo
1619 4049 1738 4101 pro-

196 4125 459 4178 miserat:
515 4125 610 4186 Qui
657 4124 1113 4192 erangelizat'erunt
1155 4125 1206 4176 iu
1245 4140 1328 4176 vos
1377 4122 1570 4190 Spiritu
1621 4137 1738 4181 san-

197 4226 280 4267 cto
310 4215 465 4266 misso
498 4215 558 4264 de
607 4215 746 4266 cat-lo.
793 4214 1024 4282 Namque
1068 4214 1166 4266 hoc
1215 4214 1398 4266 beatus
1444 4210 1626 4265 Petrus
1672 4209 1736 4262 ad

201 4303 427 4371 gratiam
483 4301 679 4354 referre
728 4303 914 4355 divina:
955 4303 1160 4368 pietatis
1203 4301 1385 4366 voluit,
1432 4298 1570 4368 quod
1619 4313 1737 4352 eum

198 4391 285 4456 qui
339 4399 501 4441 tantae
546 4390 831 4455 majestatis
873 4399 1030 4442 estet
1061 4390 1259 4458 gloria,
1292 4397 1348 4442 ut
1391 4402 1600 4457 semper
1627 4387 1738 4456 ejus

199 4481 336 4534 visio
387 4481 527 4532 sicut
568 4487 621 4532 et
665 4479 827 4544 ipsius
875 4479 1039 4531 Patris
1067 4491 1118 4533 et
1167 4479 1276 4532 Filii
1305 4479 1445 4547 (quia
1496 4478 1736 4532 nimirum

1916 3325 2098 3380 πειταιὶ
2127 3345 2226 3380 non
2256 3345 2318 3381 ea:
2352 3330 2532 3382 sentina
2561 3333 2884 3397 corruptibili,
2927 3343 3027 3388 etc.
3061 3335 3186 3388 Tale
3206 3342 3285 3388 est
3315 3336 3366 3390 in

1845 3413 2126 3482 Evangelio
2150 3415 2364 3468 Joannis
2403 3437 2416 3469 :
2470 3418 2562 3471 "is
2591 3421 2674 3485 qui
2699 3421 2905 3473 credunt
2935 3425 2984 3474 in
3013 3425 3213 3477 nomine
3236 3429 3368 3494 ejus,

1840 3503 1926 3568 qui
1973 3517 2071 3554 non
2117 3518 2180 3555 ea:
2221 3505 2562 3572 sanguinibns,
2603 3522 2758 3572 neque
2795 3524 2859 3560 ex
2904 3510 3148 3562 voluntate
3183 3515 3368 3574 carnis,

1843 3604 1998 3658 neque
2025 3605 2086 3641 ex
2113 3583 2363 3645 voluntate
2384 3593 2493 3656 viri,
2514 3595 2599 3647 sed
2623 3588 2684 3648 cx
2715 3597 2816 3648 Deo
2844 3598 2949 3648 nati
2976 3610 3086 3650 sunt
3116 3600 3288 3669 (Joan.
3309 3602 3369 3670 t).

1841 3679 1985 3734 Sicut
2017 3697 2144 3750 ergo
2173 3684 2563 3751 incorruptibile
2590 3699 2668 3742 est
2700 3692 2917 3754 pretium
2941 3691 3216 3747 dominica:
3246 3710 3365 3762 pas-

1842 3769 2002 3823 sionis
2027 3786 2131 3837 quo
2160 3772 2413 3840 redempti
2445 3790 2641 3839 sumus,
2677 3779 2742 3829 ita
2786 3779 2938 3831 etiam
2970 3781 3360 3846 incorruptibile

1841 3871 1921 3913 est
1942 3871 2324 3915 sacramentum
2369 3864 2523 3917 fontis
2550 3866 2683 3919 sacri
2730 3882 2834 3936 quo
2874 3870 3212 3924 renascimur.
3240 3872 3367 3938 Qum

1844 3951 1915 4003 ita
1959 3951 2052 4004 sibi
2104 3951 2320 4004 invicem
2350 3960 2747 4018 connectuntur,
2799 3968 2856 4010 ut
2900 3974 3055 4012 unum
3087 3961 3232 4015 nobis
3254 3962 3366 4015 sine

1840 4040 2006 4091 altero
2034 4041 2254 4093 salutem
2285 4041 2522 4094 conferre
2564 4054 2802 4111 nequeat.
2837 4045 2961 4111 Quia
2993 4048 3232 4102 nimirum
3268 4050 3362 4104 Do-

1841 4126 2012 4176 minus
2041 4127 2109 4178 ita
2137 4142 2234 4178 nos
2275 4137 2509 4196 tempore
2537 4130 2908 4186 lncarnationis
2952 4150 3057 4187 sua:
3096 4151 3192 4190 suo
3219 4153 3368 4191 sacro

1839 4211 2090 4277 sanguine
2118 4213 2270 4265 simul
2319 4231 2498 4268 omnes
2531 4217 2776 4281 redemit,
2808 4231 2862 4272 ut
2911 4236 3004 4274 nos
3049 4239 3255 4291 quoque
3283 4241 3367 4278 no-

1838 4306 1950 4351 stro
1981 4309 2214 4365 tempore
2264 4303 2450 4355 viritim
2493 4319 2588 4370 per
2630 4309 3069 4372 regenerationem
3102 4311 3361 4378 baptismi,

1839 4386 1902 4439 ad
1955 4389 2276 4443 consortium
2333 4393 2566 4459 ejusdem
2632 4396 3036 4461 regenerationis
3092 4404 3363 4466 pervenire

1839 4476 2139 4531 debeamus.
2171 4479 2244 4532 De
2271 4496 2369 4548 qua
2406 4469 2794 4549 regenerationis
2839 4488 2968 4540 bene
3012 4488 3200 4543 dicitur
3241 4492 3364 4558 quia

203 4582 308 4620 una
339 4565 630 4634 eademque
659 4541 759 4632 est)
787 4565 1113 4618 desideretur
1153 4568 1219 4618 ab
1245 4541 1442 4634 angelis
1475 4568 1524 4618 in
1566 4565 1731 4626 cclia,
1763 4541 1815 4600 Ῐ)
1839 4579 1939 4616 non
1991 4580 2054 4617 ex
2101 4568 2300 4621 semine
2344 4571 2688 4635 corruptibili,
2727 4575 2818 4625 sed
2871 4589 2958 4640 per
3011 4577 3223 4631 verbum
3273 4579 3363 4632 Dei

206 4668 366 4707 causa
397 4654 585 4706 salutis
632 4652 870 4705 humana:
911 4653 975 4705 ad
1025 4662 1187 4706 terras
1220 4653 1467 4720 Spiritum
1517 4652 1738 4718 miserit,

209 4751 370 4808 atque
399 4741 724 4806 illustrandis
750 4740 974 4795 lidelinm
1001 4740 1261 4795 mentibus
1291 4741 1553 4796 inhtderit.

275 4829 502 4896 Propter
527 4831 660 4896 quod
700 4832 935 4883 succincti
964 4830 1156 4883 lumbos
1193 4830 1369 4883 tuentis
1410 4840 1607 4893 restrar,
1632 4841 1736 4885 etc.
1793 4892 1804 4916 ι

200 4917 335 4984 Quia
369 4917 542 4980 vobis,
572 4917 755 4984 inquit,
792 4918 888 4972 hoc
931 4921 1245 4987 promissum
1285 4930 1386 4983 est,
1432 4931 1488 4972 ttt
1534 4922 1736 4974 revela-

201 5012 402 5064 tionem
432 5009 555 5064 Jesu
584 5009 777 5064 Christi
817 5011 1035 5065 rideatis
1066 5022 1179 5077 post
1217 5012 1351 5067 hanc
1377 5013 1552 5077 vitam,
1579 5032 1732 5083 quam

207 5111 349 5151 nunc
393 5098 573 5164 angeli.
617 5099 813 5164 vident,
843 5109 1039 5168 quanto
1086 5100 1251 5167 major
1279 5111 1361 5153 est
1398 5103 1561 5168 gratia
1589 5103 1736 5157 vobis

207 5185 488 5253 promissa,
513 5193 657 5237 tanto
701 5187 921 5253 amplius
967 5190 1104 5256 digni
1152 5201 1269 5240 esse
1302 5197 1482 5241 curate
1527 5198 1583 5242 ut
1619 5206 1735 5244 eam

207 5277 482 5344 percipere
527 5272 760 5327 valeatis.
802 5277 1065 5346 Suecingit
1111 5279 1312 5338 lumbos
1367 5280 1556 5332 mentis
1582 5319 1597 5344 ,
1646 5282 1734 5349 qui

208 5366 346 5418 hanc
374 5371 430 5418 et
455 5378 483 5416 a
510 5362 824 5432 cogitatione
850 5369 1134 5433 restringit.
1165 5367 1228 5422 Et
1251 5378 1392 5422 recte
1417 5366 1579 5419 dicit:
1606 5369 1735 5436 Spe-

205 5463 308 5506 rate
338 5453 392 5504 in
417 5469 525 5505 eam
549 5468 661 5521 qua
686 5451 892 5518 olertttr
925 5455 1060 5507 vobis
1085 5460 1300 5525 gratiam
1338 5459 1386 5508 iu
1435 5455 1736 5510 rcrelatione

208 5542 329 5592 les-
369 5540 580 5605 Christi,
606 5541 724 5610 quia
763 5541 851 5609 qui
897 5544 1175 5598 succinctis
1219 5545 1407 5598 lumbis
1447 5546 1656 5605 mentis,
1684 5546 1732 5597 id

208 5642 309 5691 est.
362 5640 538 5685 mente
587 5641 642 5685 et
686 5644 905 5698 corpore
949 5639 1146 5695 castus,
1200 5633 1402 5687 Domini
1457 5632 1732 5685 adtcnltttn

216 5727 502 5786 etspectat,
545 5719 755 5784 merito,
794 5723 995 5794 quando
1026 5729 1304 5781 revelatur,
1367 5730 1562 5789 sperat.
1607 5722 1733 5774 Nam

1842 4653 1946 4704 vivi
1977 4661 2029 4706 et
2054 4655 2403 4720 permanentis
2431 4657 2479 4708 in
2503 4670 2752 4712 reternum
2779 4671 2980 4728 agatur,
3011 4675 3061 4715 ut
3103 4665 3222 4718 hinc
3250 4669 3363 4721 col-

1841 4739 2022 4808 ligatur
2049 4743 2168 4810 quia
2216 4744 2350 4797 sicut
2377 4759 2437 4797 es
2487 4748 2686 4800 semine
2732 4752 3052 4818 corruptibili
3099 4767 3221 4806 caro
3245 4771 3363 4824 qum

1835 4830 2182 4896 corrumpitur
2235 4832 2500 4895 nascitur,
2552 4833 2627 4888 sic
2676 4849 2766 4900 per
2819 4849 3002 4903 aquam
3057 4841 3212 4889 verba
3271 4840 3361 4892 Dei

1834 4929 2185 4972 consecratam
2208 4921 2309 4972 vita
2337 4921 2486 4973 nobis
2532 4937 2647 4987 quae
2675 4923 2827 4976 iidem
2870 4925 3064 4977 nesciat
3096 4926 3357 4979 tribuitur.

1835 5010 2004 5074 Quod
2030 5019 2084 5061 et
2131 5018 2250 5077 apte
2296 5012 2596 5077 prophetico
2635 5014 2817 5066 astruit
2845 5013 3156 5081 testimonio,
3197 5019 3350 5084 subji-

1834 5097 1978 5150 ciens
2009 5114 2034 5148 :-

1912 5184 2039 5249 Quia
2067 5185 2226 5235 omnis
2254 5201 2370 5237 caro
2412 5197 2464 5237 ut
2494 5191 2680 5253 renutu,
2711 5199 2811 5243 etc.
2843 5190 2986 5245 Sicut
3025 5206 3149 5259 ergo
3172 5205 3356 5246 corru-

1836 5273 2030 5341 ptibilis
2083 5273 2472 5347 corruptibilem
2535 5291 2657 5330 caro
2727 5293 2938 5347 generat
2983 5295 3232 5345 carnem,
3289 5284 3358 5336 ita

1839 5364 2048 5413 verbum
2085 5361 2315 5423 Domini,
2350 5345 2484 5424 quod
2515 5374 2690 5417 manet
2721 5367 2769 5418 itt
2796 5379 3064 5430 aeternum,
3110 5382 3351 5422 attentam

1841 5447 1920 5499 his
1947 5462 2077 5515 quos
2121 5465 2181 5501 ex
2228 5463 2360 5514 aqua
2408 5461 2606 5502 recreat
2652 5453 2701 5502 irt
2745 5468 2902 5506 carne
2931 5457 3080 5508 simul
3109 5467 3162 5510 et
3187 5461 3356 5509 anima

1838 5540 1994 5586 vitam
2024 5537 2128 5588 dit.
2179 5536 2339 5604 llujus
2384 5539 2664 5589 testimonii
2703 5549 2912 5594 sanctus
2956 5543 3264 5610 Cyprianus,
3302 5546 3356 5597 in

1840 5636 1970 5686 libro
1997 5637 2060 5687 tle
2105 5635 2289 5691 llalntu
2322 5637 2616 5705 Virginum,
2667 5639 2734 5690 ita
2776 5645 3042 5695 meminit:
3080 5660 3100 5693 ι
3137 5643 3358 5709 Clamat,

1836 5723 2034 5784 inquit,
2079 5724 2218 5775 l~aizc
2269 5725 2440 5778 Deus:
2491 5723 2665 5777 Omnis
2703 5741 2816 5779 caro
2859 5729 3054 5794 fenum,
3105 5739 3152 5782 et
3197 5735 3363 5784 omnis
