3860 6230
442 517 505 566 Π
864 514 1057 571 ΙῖΕὓᾹΞ
1102 511 1542 567 ἨὶΝΕΒΑΒΙῌὸ
1580 510 1725 563 ΟΙῬ.
1770 509 1939 562 l'AllS
1984 508 2041 559 Il.
2070 491 2256 561 SECT.
2311 506 2345 558 I.
2377 536 2441 546 —-
2474 504 2851 561 LXEGETICA
2890 506 3205 562 GENUINA.
3559 510 3637 564 68

439 626 641 676 claritas
669 627 776 691 ejus
806 634 856 674 ut
886 626 979 691 [los
1011 624 1129 690 feni.
1164 623 1312 673 Aruit
1354 620 1556 685 fenum,
1590 629 1641 672 et
1691 618 1786 669 llos
1823 619 1974 671 deci-
2003 621 2050 677 Α
2146 615 2224 666 Ad
2254 630 2396 682 queat
2423 615 2703 667 accedentes
2730 615 2946 682 lapidem
2981 616 3162 679 vivum,
3192 624 3292 669 etc.
3336 615 3399 667 Et
3428 616 3525 670 boc
3559 619 3639 671 de

443 716 539 778 dit,
570 727 744 765 sermo
772 720 941 763 autem
986 711 1187 763 Domini
1219 718 1392 761 manet
1421 709 1471 777 ip
1500 717 1773 759 aeternum.
1819 724 1835 755 ι
1881 705 1979 758 Ne-

456 803 646 855 minem
673 802 1027 855 Christianum
1058 800 1229 859 decet,
1258 808 1311 851 ct
1342 797 1562 850 maxime
1595 795 1841 862 virginem
1877 808 1977 846 non

448 894 618 951 decet,
650 890 938 943 claritatem
993 888 1149 939 ullam
1201 895 1502 952 computare
1528 886 1699 937 carnis
1726 892 1781 938 et
1820 884 1981 935 hono-

444 994 586 1041 reni,
618 978 711 1032 sed
757 978 925 1029 solum
966 984 1212 1043 appetere
1260 988 1555 1028 sermonem
1588 974 1699 1036 Dei,
1749 972 1881 1025 bona
1927 972 1979 1025 in

445 1076 693 1120 aeternum
749 1078 991 1117 mansura
1040 1064 1332 1130 complecti.
1384 1066 1485 1115 Aut
1532 1062 1574 1113 εἰ
1623 1061 1673 1112 in
1716 1074 1872 1114 carne
1916 1063 1983 1113 sit

445 1154 794 1223 gloriandum,
827 1163 948 1206 tunc
990 1152 1143 1219 plane
1185 1151 1391 1219 quando
1421 1152 1472 1202 in
1509 1150 1733 1203 nominis
1780 1148 1984 1201 confes-

445 1247 590 1299 sione
634 1244 924 1307 cruciatur,
978 1240 1186 1308 quando
1223 1239 1406 1293 fortior
1449 1238 1640 1291 femina
1697 1236 1821 1289 viris
1870 1244 1979 1289 tor-

450 1330 727 1396 quentibus
758 1329 1053 1382 invenitur:
1084 1327 1290 1394 quando
1320 1326 1497 1392 ignes,
1529 1332 1619 1378 aut
1645 1337 1849 1389 cruces,
1878 1332 1966 1375 aut

450 1426 664 1487 lcrrum,
697 1428 786 1470 aut
832 1418 1025 1469 bestias
1064 1416 1275 1483 patitur,
1309 1425 1363 1467 ut
1393 1423 1693 1467 coronetur.
1745 1412 1835 1464 llla
1864 1419 1986 1465 sunt

448 1512 620 1564 carnis
658 1509 879 1576 pretiosa
911 1506 1142 1569 monilia,
1170 1505 1257 1557 illa
1280 1504 1512 1570 corporis
1540 1510 1843 1557 ornamenta
1874 1516 1984 1555 me-

450 1603 595 1652 liora.
626 1598 736 1650 Non
780 1606 951 1649 autem
990 1595 1162 1648 turbet
1201 1595 1442 1647 lectorem
1473 1594 1610 1659 quod
1657 1592 1709 1643 in
1745 1594 1840 1643 hac
1867 1603 1959 1658 pro

454 1690 623 1757 pheta:
669 1686 950 1749 sententia,
1003 1686 1089 1739 ille
1132 1683 1430 1744 claritatem,
1477 1690 1649 1733 nostra
1700 1679 1990 1731 'l‘ranslatio

452 1781 666 1851 gloriam
703 1781 909 1847 posuit,
962 1789 1183 1844 namque
1230 1791 1291 1828 ex
1346 1790 1448 1826 uno
1491 1774 1691 1834 Grave,
1746 1771 1879 1840 quod
1911 1779 1992 1823 est

449 1870 587 1937 δόξα,
618 1880 893 1937 utrumque
919 1869 1051 1921 solet
1079 1868 1257 1920 Latine
1284 1865 1572 1919 transferri.

1064 1972 1281 2025 CAPUT
1306 1973 1364 2023 ll.

532 2055 832 2123 Deponentes
861 2052 1011 2120 igitur
1040 2066 1232 2102 omnem
1284 2050 1528 2099 malitiam
1576 2060 1623 2101 et
1676 2063 1866 2099 omnem
1895 2048 1987 2099 do-

458 2148 578 2206 lum,
608 2153 709 2196 etc.
742 2143 867 2205 Quia
899 2142 1061 2194 renati
1092 2139 1235 2202 estis,
1268 2139 1453 2206 inquit,
1480 2154 1665 2205 nuper,
1692 2150 1744 2192 et
1775 2139 1863 2191 ﬁlii
1895 2139 1986 2191 Dei

455 2249 546 2302 per
579 2234 891 2301 baptismum
923 2230 1066 2295 lacti,
1100 2229 1229 2283 tales
1262 2229 1417 2282 modo
1446 2236 1613 2283 estote
1641 2243 1735 2295 ptr
1760 2227 1984 2282 studium

454 2324 605 2375 bonae
649 2320 1085 2383 conversationis,
1117 2319 1297 2386 quales
1333 2328 1573 2372 recenter
1613 2318 1732 2370 editi
1764 2318 1986 2369 infantes

455 2424 545 2475 per
582 2418 815 2459 naturam
858 2407 1079 2457 innoxia:
1111 2406 1294 2467 uitatis,
1339 2405 1503 2472 ignari
1546 2404 1788 2457 videlicet
1833 2404 1987 2455 mali-

455 2503 536 2551 tiae
565 2511 616 2552 et
643 2498 769 2561 doli,
813 2497 1077 2563 simulare,
1128 2497 1383 2559 invidere,
1438 2497 1733 2563 detrahere,
1765 2496 1987 2564 aliisque

455 2586 747 2655 huiusmodi
801 2588 937 2639 vitiis
978 2587 1257 2653 mancipari
1305 2585 1616 2638 omnimodis
1664 2585 1981 2651 ignorantes.

386 2702 393 2707 -
452 2679 545 2743 Qui
585 2678 716 2729 sicut
762 2676 839 2726 lac
871 2686 1162 2729 maternum
1217 2675 1521 2727 naturaliter
1567 2674 1883 2738 desiderant,
1934 2681 1988 2725 ut

450 2768 513 2818 ad
541 2780 562 2816 s
605 2777 761 2818 .utem
792 2778 1029 2818 crescere
1085 2774 1238 2829 atque
1279 2765 1341 2814 ad
1383 2758 1566 2830 panem
1610 2759 1984 2815 comedendum

452 2868 540 2917 per
610 2854 719 2905 nire
757 2856 986 2916 γωειιιιιι,
1035 2854 1100 2903 ita
1141 2860 1192 2905 et
1240 2865 1328 2903 vos
1379 2851 1635 2917 simplicia
1688 2850 1804 2902 ﬁdei
1844 2848 1987 2903 rudi-

452 2953 642 3002 menta,
672 2941 839 3006 primo
875 2942 940 2993 de
982 2942 1224 2993 Ecclesia:
1256 2939 1434 2991 matris
1466 2938 1712 2991 uberibus
1742 2940 1980 3003 quaerite,

454 3028 551 3078 hoc
577 3038 655 3078 est
676 3028 740 3081 de
770 3029 1035 3094 utriusque
1080 3027 1398 3090 Testamenti
1440 3025 1762 3086 doctoribus,
1791 3025 1877 3091 qui
1904 3025 1986 3077 di-

455 3118 569 3170 vina
596 3118 801 3185 eloquia
830 3119 907 3170 vel
932 3116 1212 3186 scripsere,
1243 3117 1320 3170 vel
1352 3117 1505 3169 etiam
1533 3116 1643 3169 viva
1674 3116 1823 3170 vobis
1861 3129 1986 3170 voce

458 3206 751 3269 pradicant,
790 3216 843 3258 ut
872 3205 1003 3258 bene
1039 3206 1288 3259 discendo
1318 3206 1626 3273 perveniatis
1651 3206 1716 3257 ad
1747 3204 1985 3258 refectio-

452 3307 566 3346 nem
604 3292 756 3346 Panis
783 3295 882 3347 vivi
922 3294 1005 3361 qui
1037 3294 1101 3346 de
1130 3293 1263 3346 emlo
1304 3293 1592 3356 descendit,
1626 3294 1725 3344 hoc
1770 3300 1850 3343 est
1892 3305 1985 3357 per

454 3390 772 3434 sacramenta
840 3382 1110 3434 dominicae
1158 3381 1547 3443 incarnationis,
1592 3381 1779 3449 quibus
1823 3380 1995 3432 renati

460 3473 582 3523 estis
610 3481 661 3524 et
687 3472 870 3538 quibus
898 3473 1095 3539 nutriti,
1126 3472 1435 3539 prrveniatis
1471 3471 1537 3524 ad
1582 3467 1986 3537 contemplatio-

452 3574 568 3614 nem
599 3559 787 3613 divinm
818 3560 1119 3627 maiestatis.

520 3647 831 3699 liationabile
863 3656 909 3699 et
944 3649 1051 3699 sine
1089 3649 1202 3700 dolo
1234 3649 1310 3699 lac
1329 3654 1677 3711 concupisCite,
1705 3654 1809 3701 etc.
1842 3644 1985 3697 Prm-

452 3746 604 3802 cepto
632 3737 1030 3801 concupiscendi
1073 3737 1151 3789 lac
1198 3736 1339 3790 verbi
1373 3736 1533 3804 tangit
1556 3750 1647 3788 eos
1674 3735 1759 3803 qui
1790 3736 1851 3788 ad
1881 3749 1986 3787 au-

452 3826 662 3880 diendas
713 3826 961 3880 lectiones
1009 3842 1184 3880 sacras
1233 3827 1373 3879 inviti
1431 3837 1484 3880 et
1532 3826 1783 3879 fastidiosi
1831 3825 1989 3878 adve-

453 3918 618 3983 niunt,
650 3919 813 3985 ignari
859 3918 994 3972 illius
1023 3920 1132 3971 sitis
1160 3928 1212 3972 et
1251 3919 1439 3972 esuriei
1492 3919 1558 3971 de
1608 3933 1705 3986 qua
1738 3918 1989 3972 Dominus

453 4009 521 4060 ait
550 4025 560 4057 :
594 4006 737 4059 Beati
766 4008 849 4071 qui
879 4008 1099 4059 esuriant
1129 4017 1173 4059 et
1202 4009 1370 4059 sitiunt
1392 4008 1640 4075 justitiam
1671 4004 1875 4069 (Matth.
1906 4006 1975 4075 v).
2034 4070 2039 4077 ,

454 4096 677 4162 Ideoque
746 4096 942 4149 tardius
988 4097 1049 4147 ad
1100 4096 1381 4163 perfectum
1436 4098 1613 4148 salutis
1657 4106 1978 4151 crementum

455 4188 831 4251 pervenientes,
867 4202 967 4255 quo
996 4189 1194 4254 possint
1220 4188 1387 4241 solido
1412 4188 1553 4241 verbi
1582 4188 1699 4241 cibo
1724 4188 1868 4242 relici
1889 4230 1904 4253 ,
1939 4190 1988 4242 id

455 4286 553 4339 est,
583 4291 765 4329 arcana
792 4290 1100 4343 cognoscere
1123 4278 1314 4342 divina,
1338 4278 1418 4330 vel
1441 4278 1633 4343 majora
1653 4276 1822 4330 facere
1837 4277 1990 4331 bona.

521 4367 580 4420 Si
630 4378 790 4420 tamen
827 4370 1056 4435 gustatis,
1107 4369 1344 4435 quoniam
1395 4368 1559 4419 dulcis
1603 4376 1672 4419 est
1725 4366 1991 4421 Dominus.

454 4457 559 4507 lloc
591 4454 801 4524 (inquit)
852 4467 1001 4521 pacto
1044 4455 1255 4508 dimissa
1304 4463 1457 4522 atque
1495 4456 1767 4507 emendata
1813 4457 1985 4509 cordis

2080 704 2250 768 lapide
2282 704 2637 757 testimonium
2666 706 2826 757 sumit
2871 720 2934 757 ex
2982 707 3199 773 psalmo,
3251 707 3333 759 ubi
3363 709 3631 776 scriptum

2078 801 2158 843 est
2186 808 2199 843 :
2231 790 2467 860 Lapidem
2487 808 2629 861 quem
2658 794 3043 860 reprobatierunt
3071 794 3393 861 wdiﬁcantes,
3435 797 3513 847 hic
3544 800 3634 863 fa-

2082 890 2189 933 rtus
2231 891 2302 933 est
2339 882 2391 933 in
2419 891 2565 950 caput
2594 882 2768 951 anguli
2807 880 2975 950 (Ρδαι.
3022 879 3203 951 cxvii).
3235 882 3378 946 Quod
3408 898 3473 936 ne
3510 889 3641 950 quis

2082 967 2299 1021 Judaieo
2327 982 2480 1022 sensu
2510 979 2717 1036 putaret
2743 969 2809 1023 de
2836 969 3092 1022 materiali
3122 970 3291 1037 lapide
3315 985 3341 1022 a
3371 972 3637 1038 propheta

2080 1067 2368 1119 cantatum.
2399 1059 2483 1126 qui
2517 1059 2567 1109 in
2598 1059 2941 1111 aediﬁcatione
2979 1068 3199 1112 terrena:
3230 1060 3507 1125 cujuslibet
3532 1063 3639 1113 do-

2085 1163 2198 1199 nius
2241 1157 2421 1201 contra
2455 1147 2727 1200 howinum
2782 1147 3174 1215 dispositionem
3206 1148 3383 1202 divino
3431 1150 3640 1214 judicio

2085 1239 2455 1303 imponeremr,
2485 1242 2718 1292 consuite
2772 1238 2971 1293 addidit
3014 1240 3185 1292 vivum
3218 1257 3231 1292 :
3268 1242 3344 1292 Ad
3382 1257 3524 1308 quem
3548 1257 3640 1291 ac-

2084 1324 2327 1389 cedentes,
2361 1328 2619 1394 inquiens,
2652 1328 2867 1394 iupidem
2907 1329 3093 1393 vivum,
3127 1338 3183 1379 ut
3224 1329 3290 1381 de
3316 1329 3525 1381 Christo
3554 1328 3637 1381 di-

2086 1426 2224 1468 ctum
2255 1416 2525 1485 signiﬁcet.
2557 1418 2654 1482 Qui
2682 1427 2821 1471 recte
2848 1417 2980 1485 lapis
3009 1418 3297 1486 appellatus
3326 1428 3425 1478 est,
3459 1419 3546 1485 qui
3581 1419 3633 1470 in

2085 1519 2240 1557 carne
2274 1507 2509 1571 veniens,
2559 1506 2624 1558 ad
2673 1506 3068 1561 aediﬁcationem
3117 1517 3309 1559 sancta:
3357 1507 3634 1569 Ecclesiae,

2088 1608 2188 1659 quo
2220 1594 2353 1647 hanc
2397 1595 2754 1659 conﬁrmaret,
2800 1609 2918 1647 sese
2973 1596 3202 1648 inserere
3246 1594 3485 1662 dignatus
3530 1605 3637 1648 est.

2094 1680 2246 1733 Vivus
2275 1692 2445 1734 autem
2475 1681 2563 1749 qui
2592 1682 2766 1735 dicere
2795 1682 2960 1749 potuit
2988 1698 3001 1734 :
3042 1680 3150 1751 Ego
3177 1697 3285 1733 sum
3325 1683 3424 1745 vin,
3446 1684 3635 1733 veritas

2087 1781 2130 1821 et
2158 1772 2255 1821 vita
2286 1770 2460 1840 (Joan.
2485 1771 2614 1839 xw).
2644 1771 2740 1836 Qui
2766 1770 2832 1823 ab
2862 1771 3158 1823 hominibus
3196 1772 3502 1836 reprobatus
3527 1780 3637 1831 est.

2089 1877 2204 1914 cum
2252 1861 2527 1914 dicerent:
2588 1858 2708 1912 Non
2754 1860 2988 1911 habemus
3031 1875 3195 1927 regent
3240 1860 3337 1912 nisi
3380 1860 3637 1913 Ctesarem

2020 1936 2064 1993 Β
2094 1948 2265 2017 (Joan.
2312 1948 2419 2001 xui
2499 1953 2533 2001 Α
2568 1949 2671 2002 Deo
2720 1958 2892 2001 autem
2923 1949 3137 2010 electus,
3188 1963 3304 2001 cum
3354 1952 3425 2001 ait
3473 1950 3637 2015 ipse:

2094 2038 2199 2108 Ego
2228 2050 2388 2091 autem
2418 2040 2705 2092 ...~istitutus
2745 2054 2854 2092 sum
2898 2055 2983 2092 rex
3027 2041 3089 2091 ab
3140 2056 3195 2091 eo
3240 2039 3407 2101 (Psal.
3452 2042 3532 2107 it),
3587 2051 3636 2093 et

2090 2137 2277 2182 caetera
2331 2130 2395 2181 it
2420 2128 2807 2190 honoriﬁcatus,
2838 2128 3045 2193 quando
3075 2138 3190 2196 pest
3216 2137 3431 2181 mortem
3456 2129 3642 2181 crucis

2090 2215 2222 2269 Deus
2265 2218 2405 2269 illati.
2452 2217 2711 2281 exultavit,
2742 2228 2785 2268 et
2815 2217 3011 2268 donavit
3048 2216 3124 2269 illi
3166 2231 3344 2269 nomen
3386 2219 3519 2283 quod
3565 2228 3644 2269 est

2084 2320 2229 2373 super
2261 2321 2393 2358 ,nine
2420 2320 2592 2357 nomen
2615 2304 2831 2373 (Philip.
2864 2310 2946 2372 tt),
2979 2315 3030 2359 et
3053 2315 3259 2359 caetera.

2159 2392 2222 2445 Et
2254 2395 2349 2462 ipsi
2399 2404 2635 2463 tanquam
2664 2396 2865 2461 lapides
2910 2396 3037 2463 viiii,
3087 2405 3186 2449 etc.
3222 2394 3643 2463 Supcrtediﬁcari

2088 2481 2202 2535 illos
2248 2482 2393 2548 dicit,
2443 2483 2560 2550 quia
2594 2490 2709 2536 sine
2742 2484 2961 2537 Domino
3011 2494 3188 2539 nostro
3238 2484 3361 2539 Jesu
3389 2486 3633 2551 Christo,

2086 2573 2257 2641 lapide
2286 2574 2481 2627 scilicet
2505 2574 2645 2636 vivo,
2680 2574 2815 2626 nulla
2862 2574 3144 2639 spiritualis
3183 2574 3455 2628 aediﬁcatio
3492 2584 3645 2629 stare

2087 2673 2271 2733 potest.
2323 2665 2730 2719 Fundamentum
2776 2669 2915 2721 enim
2960 2667 3101 2721 aliud
3154 2685 3306 2722 nemo
3345 2679 3512 2736 potest
3547 2685 3646 2738 po-

2086 2772 2209 2811 nere
2234 2768 2421 2824 prtter
2448 2757 2615 2824 ipsum
2655 2756 2707 2824 (1
2743 2758 2859 2812 Cor.
2904 2760 3006 2826 Ill),
3047 2760 3194 2825 cujus
3240 2759 3642 2828 participatione

2088 2848 2265 2901 ﬁdeles
2297 2847 2490 2913 lap'des
2528 2847 2629 2899 vivi
2661 2847 2959 2900 efﬁciuntur
2980 2890 2993 2911 ,
3025 2849 3111 2917 qui
3154 2864 3243 2914 per
3272 2849 3641 2904 inﬁdelitatem

2092 2936 2290 3003 lapides
2332 2938 2519 2988 inor'ui
2559 2935 2792 2999 luerant,
2826 2937 2942 2990 duri
2969 2937 3165 2991 scilicet
3193 2948 3246 2992 et
3282 2939 3642 3001 insensnbiles,

2085 3025 2271 3092 quibus
2287 3027 2471 3080 merito
2499 3026 2688 3078 dieitur
2714 3045 2724 3078 :
2756 3026 2997 3093 Auferam
3023 3042 3053 3079 a
3082 3027 3212 3079 vobis
3238 3041 3325 3078 cor
3350 3026 3637 3093 lapideum,

2087 3125 2130 3167 et
2150 3115 2276 3167 dabo
2297 3117 2429 3169 vobis
2450 3133 2533 3169 cor
2552 3133 2783 3169 corneum
2804 3116 3010 3185 (Ezech.
3030 3120 3228 3181 xxxvi).
3245 3116 3348 3169 Sed
3379 3125 3634 3183 tanquam

2094 3205 2285 3271 lapides
2316 3207 2418 3260 vivi
2443 3208 2505 3259 ad
2535 3207 2807 3274 spirituale
2826 3206 3102 3261 aediﬁcium
3130 3216 3394 3275 aptantur,
3420 3209 3649 3276 qui,per

2098 3294 2467 3349 discretionem
2520 3296 2706 3350 eruditi
2751 3296 2980 3350 doctoris
3029 3298 3305 3364 amputatis
3358 3299 3560 3352 aetibus
3589 3308 3649 3351 et

2103 3385 2504 3453 cogitationibus
2529 3384 2825 3453 superﬂuis,
2859 3385 3000 3439 velut
3038 3387 3139 3440 ictu
3195 3387 3519 3453 quadrautur
3545 3400 3646 3440 se»

2098 3472 2259 3525 curis.
2293 3472 2359 3525 Et
2392 3472 2527 3525 sicut
2553 3472 2761 3525 ordines
2792 3473 3019 3539 lapidum
3059 3474 3109 3526 in
3141 3474 3336 3539 pariete
3366 3483 3648 3541 portantur

2104 3559 2189 3611 alii
2217 3559 2282 3612 ab
2310 3561 2447 3623 a’ns,
2474 3560 2541 3611 ita
2567 3560 3041 3627 portantur'ﬁdeles
3066 3559 3253 3628 quique
3278 3575 3305 3613 a
3337 3562 3647 3629 praeceden-

2106 3648 2239 3700 tibus
2256 3648 2303 3701 ii.
2327 3648 2561 3701 Leclesia
2586 3648 2753 3713 iustis,
2770 3658 2977 3717 portant
2996 3661 3047 3703 et
3065 3649 3159 3717 ipsi
3177 3659 3457 3719 sequentes
3472 3651 3649 3719 iustos

2100 3755 2190 3807 per
2203 3742 2341 3794 docti
2358 3742 2436 3794 ina
2448 3758 2495 3793 tu
2509 3750 2560 3795 et
2572 3742 2898 3795 tolerantiam
2914 3757 3077 3809 usque
3088 3742 3151 3794 ad
3167 3743 3404 3795 ultimum
3417 3746 3643 3810 justum.

2092 3830 2186 3895 Qui
2214 3846 2330 3883 cum
2360 3846 2388 3881 a
2422 3832 2677 3897 prioribus
2725 3838 2977 3898 portetur,
3004 3844 3158 3897 quem
3191 3840 3399 3899 portare
3454 3830 3646 3885 debeat

2095 3919 2205 3985 ipse
2236 3930 2535 3987 eUQUt'lle‘l‘l
2568 3936 2673 3973 non
2700 3921 2926 3975 habebit.
2962 3920 3059 3987 Qui
3090 3930 3263 3974 autem
3292 3936 3450 3975 omne
3475 3920 3645 3974 (ediﬁ-

2098 4010 2232 4059 ciuni
2274 4018 2463 4077 portat,
2513 4019 2565 4062 ei
2612 4009 2722 4077 ipse
2766 4024 2795 4063 a
2842 4011 3334 4078 nemiueportatur,
3386 4010 3645 4064 Dominus

2100 4106 2180 4151 est
2206 4097 2466 4161 Christus,
2489 4098 2624 4151 unde
2666 4111 2719 4151 et
2764 4099 2895 4165 lapis
2924 4099 3184 4166 pretiosus
3210 4114 3237 4151 a
3268 4097 3523 4165 propheta
3557 4113 3649 4151 vo-

2094 4196 2242 4240 catur
2297 4188 2347 4239 in
2408 4188 2744 4241 fundamento
2796 4186 3053 4239 fundatus.
3090 4186 3212 4240 ltem
3259 4188 3405 4240 vivos
3445 4187 3646 4255 lapides

2099 4277 2323 4342 appellat
2363 4279 2577 4340 electos,
2637 4286 2692 4329 ut
2728 4288 2969 4329 conatum
3024 4277 3249 4331 insinuet
3280 4278 3431 4330 bona:
3471 4279 3646 4331 inten-

2098 4362 2253 4415 tionis
2319 4370 2399 4416 iie
2425 4363 2647 4417 actionis
2691 4379 2897 4427 eorum,
2928 4380 3030 4431 quo
3073 4366 3425 4433 praeveniente
3478 4383 3537 4422 se
3583 4384 3644 4423 ac

2104 4450 2384 4504 comitante
2412 4452 2504 4504 Dei
2530 4453 2699 4518 gratia
2725 4466 2934 4520 semper
2962 4457 3191 4508 exerceri
3216 4457 3461 4516 debeant.
3500 4458 3641 4511 Mor-

454 4546 610 4596 vestri
643 4543 833 4596 malitia
856 4544 1202 4611 etspurcitia,
1235 4544 1441 4595 vitalem
1467 4542 1661 4593 Christi
1689 4542 1983 4596 alimoniam
2021 4571 2066 4630 ο
2103 4541 2171 4591 tui
2204 4554 2446 4606 namque,
2477 4542 2521 4593 id
2554 4550 2652 4605 est,
2701 4544 2996 4596 materiales
3037 4544 3256 4611 lapides,
3288 4560 3405 4599 cum
3438 4563 3639 4616 praepa-

453 4634 822 4699 concupiscite,
850 4635 893 4686 si
922 4636 1111 4687 divina:
1137 4633 1424 4686 dulcedinis
1453 4645 1643 4698 quanta
1669 4633 1734 4685 sit
1759 4634 1987 4685 ιιιιιιιιιυ-

455 4724 520 4772 do
552 4721 749 4787 sapitis.
781 4721 909 4773 Nam
935 4720 1019 4787 qui
1043 4722 1168 4774 nihil
1198 4723 1261 4775 de
1282 4736 1503 4790 superna
1534 4724 1787 4775 suavitate
1815 4726 1990 4776 animo

457 4821 650 4878 guStat,
684 4825 785 4863 non
815 4819 894 4863 est
921 4810 1105 4863 mirum
1136 4811 1182 4864 si
1212 4810 1347 4863 hunc
1370 4812 1703 4865 terrestribus
1732 4812 1990 4865 illecebris

456 4901 721 4955 sordidare
750 4916 852 4955 non
882 4902 1058 4955 evitat.
1095 4903 1230 4956 Bene
1266 4917 1435 4955 autem
1483 4902 1753 4956 Psalmista
1782 4912 1992 4971 gustare

460 4991 705 5046 admonet
750 5008 903 5061 quam
952 4992 1117 5046 dulcis
1157 4994 1225 5045 sit
1269 4992 1540 5053 Dominus,
1569 4992 1686 5053 quia
1716 5000 1837 5045 sunt
1865 5006 1966 5045 neu

458 5081 580 5132 nulli
609 5083 692 5146 qui
733 5081 798 5135 de
829 5082 933 5135 Deo
963 5085 1224 5145 sentiunt,
1280 5096 1379 5133 non
1411 5081 1545 5147 quod
1580 5080 1728 5134 .lulce
1775 5083 1986 5135 li.l8ll!.‘d

456 5173 643 5241 sapiat,
676 5172 763 5224 sed
812 5174 946 5238 quod
979 5189 1230 5226 excussun
1282 5176 1509 5226 exterius
1538 5185 1705 5227 sonet.
1752 5173 1847 5238 ραι
1894 5174 1992 5225 etsi

460 5270 655 5313 secreta
714 5258 947 5326 quaedam
1004 5262 1332 5327 illlCliig‘Jidl)
1410 5263 1737 5329 percipiunt,
1811 5276 1991 5315 eorum

461 5350 786 5403 dulcedinem
817 5348 1043 5415 es,eriri
1084 5364 1184 5401 non
1233 5363 1466 5417 possunt.
1527 5353 1590 5405 Et
1642 5353 1686 5405 si
1740 5361 1995 5405 noverunt

460 5441 717 5504 quomodo
748 5454 887 5503 sun,
918 5437 1173 5505 ignorant,
1212 5451 1265 5492 ut
1292 5442 1419 5507 dixi,
1467 5442 1731 5509 quomodo
1759 5446 1991 5507 sapiunt.

468 5530 531 5577 lit
554 5527 795 5592 quOniam
829 5527 876 5577 in
916 5528 1026 5593 ipso
1058 5530 1255 5595 psalmo
1286 5531 1344 5581 de
1375 5544 1475 5596 quo
1509 5531 1644 5580 hunc
1675 5529 1990 5581 versiculunt

463 5616 755 5681 assumpsit,
789 5618 1103 5680 put-missurn
1136 5631 1212 5671 est
1239 5638 1249 5670 :
1276 5620 1503 5671 Accedite
1528 5620 1593 5669 ad
1626 5618 1766 5669 illum
1795 5627 1841 5670 et
1873 5618 1993 5670 illu-

463 5706 716 5757 riinamini
756 5703 917 5763 (Psal.
966 5709 1174 5773 uxtit),
1221 5721 1356 5763 recte
1406 5712 1585 5763 beatus
1646 5710 1825 5763 Petrus
1874 5711 1995 5762 sub—

464 5795 608 5851 didit.
640 5797 814 5847 ωροτε
846 5815 853 5821 ·
1399 5798 1403 5803 ’

2102 4639 2281 4681 rantur
2323 4639 2394 4681 ιιι·
2447 4642 2708 4697 ponuntur
2754 4630 2805 4684 in
2853 4631 3093 4697 aedilicio,
3145 4634 3215 4686 nil
3264 4635 3362 4701 ipsi
3410 4637 3641 4689 laborem

2097 4730 2271 4783 operai
2335 4732 2358 4767 ε
2383 4717 2431 4765 in
2455 4731 2581 4782 tare,
2610 4718 2681 4770 nil
2704 4720 2858 4771 etiam
2882 4734 2976 4786 per
2996 4736 3053 4773 se
3071 4722 3168 4773 nisi
3189 4722 3379 4775 cadere
3392 4732 3640 4791 possunt,

2095 4803 2185 4857 sed
2232 4819 2542 4873 quocunqu‘
2569 4820 2617 4859 et
2649 4808 2944 4875 ubicunque
2973 4822 3002 4860 a
3033 4818 3296 4862 structure
3323 4811 3477 4878 positi
3523 4812 3643 4866 lue-

2102 4892 2224 4955 rint,
2272 4893 2339 4945 ita
2388 4893 2575 4946 ibidem
2622 4893 2994 4949 insensibiliter
3025 4895 3333 4964 perdurant,
3360 4908 3449 4951 aut
3478 4900 3642 4967 elapsi

2096 4980 2359 5035 decidunt.
2391 4981 2504 5034 Non
2548 4993 2720 5038 autem
2751 5000 2843 5037 nos
2885 4986 3066 5039 beatus
3116 4986 3306 5040 Petrus
3334 4974 3643 5040 taliutn‘la-

2100 5073 2272 5138 pidum
2315 5072 2555 5126 duritiam
2585 5082 2740 5141 atque
2777 5076 3231 5129 insensibilitatem
3270 5077 3375 5130 vult
3422 5078 3643 5143 imitari,

2096 5165 2185 5218 Sed
2221 5174 2461 5233 tanquam
2485 5165 2685 5233 lapdes
2711 5167 2855 5220 vivos
2886 5166 3220 5221 fundamento
3243 5167 3434 5223 Christi
3464 5184 3639 5236 super-

2095 5251 2339 5304 aediﬁcati
2373 5292 2386 5315 ,
2449 5262 2505 5305 ut
2552 5254 2792 5309 videlicet
2825 5253 3039 5321 juvante
3093 5271 3189 5311 nos
3231 5258 3416 5325 gratia,
3465 5258 3643 5313 sobrie

2096 5354 2141 5387 στ’
2171 5351 2311 5406 Juste
2341 5350 2392 5394 et
2423 5342 2505 5409 pie
2531 5341 2753 5395 vivendo
2782 5357 3145 5410 coopcremur,
3165 5344 3312 5413 juxta
3342 5346 3645 5411 exemplum

2098 5445 2208 5487 .‘tus
2236 5433 2321 5499 qui
2350 5432 2553 5486 dicebat
2576 5450 2586 5481 :
2614 5430 2675 5482 Et
2703 5434 2863 5499 gratia
2888 5436 2996 5503 ejtts
3026 5436 3078 5487 in
3102 5450 3181 5486 me
3204 5448 3359 5486 uacua
3386 5450 3485 5486 non
3519 5437 3644 5504 fuit,

2095 5522 2180 5572 sea‘
2206 5522 2319 5589 plus
2344 5523 2570 5574 omnibus
2591 5519 2696 5571 illis
2720 5521 2937 5574 laboravi
2958 5523 3006 5590 (Ι
3038 5522 3153 5575 Cor.
3183 5522 3287 5591 xv).
3321 5521 3476 5575 Vivus
3500 5540 3657 5578 nam-

2097 5626 2198 5676 que
2228 5613 2354 5679 lapis
2400 5613 2450 5664 in
2506 5610 2853 5666 aediﬁcatione
2883 5620 3075 5665 sanctae
3132 5611 3377 5666 Ecclesiae
3417 5615 3653 5683 exstitit,

2099 5701 2180 5768 qui
2216 5717 2278 5755 ne
2304 5704 2521 5771 gratiam
2554 5702 2640 5756 Dei
2689 5703 2874 5757 frustra
2923 5702 3188 5756 videretur
3235 5703 3529 5770 accepisse,
3554 5720 3633 5759 se

2100 5800 2248 5850 dolus
2288 5794 2527 5851 laborare
2550 5798 2832 5851 contendit.
2870 5796 2932 5848 Et
2980 5811 3044 5851 ne
3072 5797 3264 5862 aliquid
3297 5794 3535 5864 ejusdem
3558 5799 3632 5865 pii
