3860 6230
239 446 271 478 «ιι
285 433 326 477 'o
1369 424 1430 476 1N
1473 419 1727 477 PRIMA“
1774 418 1840 470 iii

1952 417 2144 471 'OLMII
2186 416 2301 468 PE]
2324 416 2403 466 ιιι.
3399 410 3463 462 30

239 540 481 592 nim-ris
538 539 750 592 sibimet
795 535 1034 590 tribuisse
1079 533 1362 595 videretur,
1412 532 1689 597 vigilanter
1736 528 1824 578 ad—
1857 530 1899 581 Α
1929 526 2024 576 vivi
2064 523 2550 591 supermhﬁcamiui.
2598 522 2812 576 Pulchre
2861 530 3029 575 aut‘m
3073 522 3312 574 comcnit
3345 521 3463 573 huic

233 622 457 690 iunxit
482 647 495 681 :
527 627 646 681 Non
668 639 831 679 autcrt
852 641 959 693 ego,
986 625 1069 676 sed
1091 623 1252 692 gratia
1284 621 1375 674 Dei
1407 637 1595 673 mecum
1623 617 1826 687 (Ibid).

245 711 567 786 Tanquam
614 731 724 782 ergt
780 713 906 780 :apis
947 727 1091 763 vius
1129 712 1410 763 :cdilicatur
1455 724 1482 760 a
1529 709 1734 762 Christo
1779 707 1828 759 in

245 802 453 861 dumo
481 807 591 870 ejus
647 804 957 868 quicunque,
987 801 1212 853 donante
1236 813 1280 850 al
1321 807 1533 866 ,uvante
1563 797 1695 863 ipso,
1733 797 1826 848 bo-

247 893 364 945 nis
417 896 706 948 inuetesstxs
747 893 841 944 insi
879 904 985 944 .ere
1027 898 1172 941 curat
1241 888 1468 954 poribus.
1517 888 1585 939 At
1626 902 1709 953 qm
1742 900 1832 951 per

251 984 522 1046 gratiam
544 978 952 1049 regenerationis
984 992 1176 1030 sanan
1202 974 1452 1029 Ecclesia:
1477 961 1834 1040 incorporatus

265 1071 434 1124 nihil
462 1073 686 1138 amplius
715 1083 808 1138 pro
862 1083 954 1120 sua
995 1069 1162 1119 salute
1207 1066 1408 1132 operari
1439 1063 1716 1125 studuerit,
1751 1063 1832 1113 hic

261 1160 453 1223 quasi
484 1158 617 1225 lapis
645 1165 878 1210 mortuus
905 1154 1102 1208 caelesti
1138 1164 1350 1219 prorsus
1377 1158 1457 1203 est
1489 1149 1836 1204 aediﬁcatione

265 1245 570 1313 indignus,
597 1245 820 1311 ideoque
845 1241 1166 1309 abjicieudus
1193 1241 1365 1293 divino
1387 1239 1646 1301 examine,
1680 1248 1836 1298 atque

262 1332 434 1385 alius
465 1347 550 1399 qui
581 1333 766 1398 dignus
794 1340 875 1383 est
919 1331 1031 1381 loco
1078 1330 1190 1394 ejus
1227 1329 1639 1390 substituendus,
1674 1327 1834 1397 ‘jllxln

265 1434 352 1486 pr
373 1429 618 1488 eceptum
652 1419 882 1482 levitici,
916 1420 965 1471 in
1017 1433 1116 1485 quo
1148 1417 1336 1483 leprosi
1394 1418 1666 1470 domorum
1710 1416 1836 1481 lapi-

272 1510 398 1562 des
421 1524 450 1562 a
479 1509 749 1562 sacerdote
782 1508 979 1574 inspici
1018 1516 1088 1570 et,
1122 1523 1160 1558 st
1195 1507 1452 1574 purilicari
1484 1506 1833 1573 nequiverint,

267 1597 401 1659 iam
452 1602 576 1650 inut
610 1599 863 1649 Imlnlll’tlt
895 1633 901 1647 ε
931 1596 1238 1662 computari,
1272 1611 1334 1649 ac
1365 1596 1430 1649 de
1461 1596 1645 1650 ordine
1691 1611 1841 1647 mun-

276 1708 289 1728 ε
328 1700 492 1738 Orum
526 1685 749 1752 lapidum
779 1701 824 1750 ιι
887 1709 906 1736 ι
939 1687 1303 1750 βῖαιιιιιτειιιῗ.
1330 1685 1836 1751 Superwdi/icamini,

277 1775 485 1837 .nquit,
517 1774 688 1827 domos
718 1776 1021 1838 εριι-ιιιιαιίδ.
1054 1773 1124 1826 lta
1172 1774 1284 1825 illas
1313 1781 1495 1828 domos
1541 1773 1840 1838 spirituales

1936 618 2216 684 prOplieti;e
2244 624 2294 668 et
2326 614 2546 681 apostoli
2577 627 2749 666 sermo
2792 627 2894 679 quo
2940 612 3130 666 dicitur
3164 630 3177 664 :
3209 614 3460 665 acceden-

1935 715 2010 760 tes
2037 706 2098 757 ad
2142 704 2364 767 lapidem
2394 705 2563 755 vivum
2595 702 2673 756 vel
2703 701 2975 755 credentes
3003 702 3054 754 in
3096 716 3179 765 eo,
3213 717 3312 754 non
3343 717 3462 753 Cun-

1934 793 2255 854 fundemiui;
2291 792 2531 856 illiusque
2583 791 2764 856 psalmi
2814 792 3090 855 versiculo,
3124 792 3175 843 itt
3207 806 3308 858 quo
3348 804 3462 844 cum

1933 886 2124 937 dictum
2179 892 2315 936 esset
2364 901 2375 933 :
2428 883 2653 934 Accedite
2722 883 2787 933 ad
2849 897 2959 934 eum
3015 891 3057 932 et
3111 882 3469 932 illuminamiui

1938 971 2105 1039 (Psal.
2140 971 2345 1038 χχχιιι),
2392 972 2641 1024 continuo
2689 969 3018 1037 subiunctum
3066 954 3162 1028 est,
3203 969 3262 1020 Et
3306 969 3469 1020 cultus

1935 1062 2080 1113 vestri
2126 1078 2223 1112 non
2265 1061 2544 1113 erubescent
2575 1058 2794 1130 (Ibid).
2844 1059 2938 1112 Cui
2985 1060 3154 1111 simile
3204 1069 3279 1111 est
3333 1061 3467 1126 quod

1935 1148 2160 1202 Joannes
2192 1150 2262 1201 ait
2293 1166 2305 1200 :
2340 1148 2403 1198 Et
2450 1165 2600 1211 nunc,
2633 1145 2796 1212 ﬁlioli,
2849 1159 3035 1200 manete
3075 1149 3124 1198 in
3161 1164 3248 1208 eo,
3285 1157 3335 1197 ut
3364 1162 3472 1198 cum

1937 1242 2242 1308 apparuerit,
2299 1241 2564 1293 habeamus
2593 1242 2849 1304 fiduciam,
2879 1249 2922 1291 et
2966 1255 3061 1291 non
3111 1239 3475 1299 confundantur

1940 1337 1999 1384 ρ’»
2038 1339 2166 1384 eoin
2195 1333 2409 1385 adventu
2434 1333 2496 1399 ej:
2520 1348 2542 1382 s
2569 1328 2618 1381 (1
2647 1329 2797 1381 Joou.
2835 1328 2917 1396 ιι).
3001 1322 3011 1329 ’

2019 1423 2047 1473 ι
2065 1422 2168 1473 υίιι
2192 1423 2342 1490 igitur
2372 1421 2432 1471 hs.
2457 1437 2528 1470 ιον
2557 1418 2882 1470 credentibus.
2911 1417 2997 1468 Ille
3022 1417 3262 1467 nimirum
3288 1419 3474 1478 honor,

1941 1522 1992 1563 ut
2024 1525 2123 1562 nun
2149 1507 2534 1563 confundaniini
2564 1511 2627 1559 ab
2653 1522 2715 1560 eo
2737 1507 2785 1558 in
2811 1514 3028 1556 aitwntu
3060 1505 3191 1571 ejus,
3225 1506 3338 1570 sed,
3373 1506 3471 1558 sic-

1943 1606 1999 1651 ut
2042 1599 2152 1665 ipse
2192 1607 2264 1650 ait
2294 1613 2307 1650 :
2353 1596 2411 1651 Si
2449 1597 2558 1661 quis
2583 1596 2699 1647 mihi
2729 1604 3099 1655 ηιιηιεετηειυιι,
3134 1593 3479 1659 honori/icabit

1943 1703 2054 1739 eum
2082 1684 2237 1738 Pater
2264 1701 2399 1736 meus
2421 1683 2596 1753 (Joan.
2625 1684 2741 1750 xu).

2019 1795 2138 1848 Non
2175 1795 2478 1847 credentibus
2507 1803 2700 1857 autem,
2750 1795 2877 1860 lapis
2917 1808 3057 1858 quem
3100 1791 3361 1857 f'?pl'0bl."t‘
3395 1799 3480 1842 un:

271 1862 428 1915 uicit
477 1859 589 1915 ﬁeri
645 1862 856 1926 debere,
909 1877 1024 1916 cum
1072 1861 1141 1915 sit
1188 1877 1286 1915 una
1318 1862 1504 1915 domus
1535 1861 1729 1915 Christi
1777 1876 1842 1916 ex
1871 1838 1918 1895 Β
1947 1886 2273 1952 (mh-ﬁmum.
2309 1883 2370 1936 ηι
2400 1886 2534 1936 sicut
2564 1838 2705 1936 “Iuv”;
2738 1838 3286 1949 reg,.,,;.‘.emmrwm
3319 1879 3480 1928 ζ..η-ηε,

275 1951 482 2004 electis
523 1951 764 2003 omnibus
815 1951 1012 2019 angelis
1042 1958 1093 2002 et
1134 1950 1432 2003 hominibus
1461 1949 1688 2004 cgndita.
1718 1963 1846 2017 quo-

278 2051 322 2085 Ρ
387 2037 458 2084 ειη
491 2051 608 2088 cum
633 2036 700 2088 sit
729 2048 825 2086 una
854 2034 1083 2088 Ecclesia
1113 2033 1380 2088 Catholica
1430 2043 1541 2088 toto
1586 2034 1713 2088 orbe
1744 2033 1843 2087 dif-

287 2139 362 2174 ριι-
467 2139 605 2191 turpe
656 2125 924 2192 pluraliter
963 2123 1288 2193 appellantur
1333 2125 1570 2179 ecclesia:
1620 2134 1834 2192 propter

283 2227 382 2263 nn.
415 2233 428 2264 ι
457 2213 576 2265 "aria
611 2213 811 2266 scilicet
857 2213 1086 2266 ﬁdelium
1116 2213 1473 2266 conventicula
1494 2253 1508 2276 ,
1558 2215 1718 2266 variis
1756 2214 1847 2266 tri-

287 2304 439 2356 uubu
473 2343 488 2365 ,
537 2302 720 2369 linguis
768 2311 818 2354 et
858 2300 1055 2369 populis
1085 2301 1330 2354 discreta.
1366 2299 1514 2355 Unde
1544 2300 1672 2354 dicit
1699 2302 1842 2368 ipse:

291 2389 410 2460 Ego
433 2391 580 2445 Jesus
609 2393 720 2442 misi
747 2389 979 2460 angelum
1018 2405 1180 2442 meum
1219 2390 1476 2458 testiﬁcari
1513 2390 1648 2443 vobis
1693 2391 1745 2442 in
1769 2405 1847 2443 ec.

291 2481 482 2531 etesiis.
531 2479 637 2532 Nec
698 2477 1120 2546 praetereundum
1169 2478 1305 2545 quod
1352 2477 1566 2546 quidam
1636 2477 1847 2532 codices

294 2568 496 2623 habent
525 2570 574 2622 in
601 2582 818 2622 numero
836 2567 1110 2632 singulari,
1133 2567 1645 2634 Supera’diﬁcamini,
1670 2567 1846 2619 domus

293 2660 574 2724 spmtualis
601 2678 617 2722 ;
648 2660 732 2712 alii
759 2677 770 2711 :
800 2658 1013 2713 Sursum
1060 2658 1389 2726 wdiﬁcamini.
1434 2659 1486 2710 in
1511 2658 1716 2710 domum
1743 2658 1845 2723 spi-

295 2749 556 2800 ritualem.
603 2748 657 2801 In
687 2763 788 2816 quo
816 2749 1057 2801 nimirum
1088 2747 1259 2800 unitas
1287 2749 1418 2813 ipsa
1467 2748 1622 2800 totius
1652 2755 1847 2799 sancta

300 2836 550 2889 ecclesia:
567 2836 796 2904 apertius
809 2836 1225 2890 commendatur.
1249 2835 1377 2890 Cum
1400 2843 1575 2890 autem
1597 2834 1811 2890 dixisset
1833 2855 1844 2886 :

300 2925 368 2974 Si.
387 2925 788 2992 percelli/icamini
817 2926 991 2979 domos
1027 2925 1330 2995 spirituales,
1361 2925 1471 2979 sive
1493 2925 1672 2979 domus
1699 2925 1845 2994 spiri-

299 3015 472 3080 tua'is,
496 3013 690 3066 addidit
713 3031 726 3066 :

372 3104 985 3163 Sacerdotiumsanctum.
1011 3105 1125 3169 Quo
1155 3103 1575 3158 manifestissime
1597 3118 1692 3158 nos
1724 3105 1842 3168 hor-

301 3203 442 3246 tatur
472 3201 534 3248 ιιι
563 3195 909 3248 sacerdotium
939 3203 1172 3247 Sanctum
1203 3195 1299 3262 ipsi
1338 3193 1621 3247 existentes
1658 3208 1842 3260 super-

301 3281 627 3336 :edilicemur
669 3297 826 3350 super
877 3280 1272 3337 fundamentum
1343 3282 1559 3336 Christi.
1627 3283 1845 3335 Omnem

297 3383 426 3438 ergo
467 3370 755 3425 Ecclesiam
786 3373 1136 3427 sacerdotium
1166 3384 1402 3427 sanctum
1427 3373 1679 3440 appellat,
1704 3373 1845 3442 quod

299 3456 413 3510 sola
436 3457 618 3512 domus
645 3460 818 3514 Aaron
852 3460 902 3514 in
947 3462 1062 3529 lege
1088 3475 1274 3514 nomen
1314 3470 1368 3515 et
1395 3461 1624 3515 officium
1649 3461 1844 3515 habuit.

297 3546 428 3614 Quia
459 3549 698 3602 nimirum
728 3565 911 3604 omnes
939 3552 1128 3606 summi
1167 3551 1454 3606 sacerdotis
1490 3553 1726 3623 memer
1751 3568 1838 3604 su-

298 3650 438 3702 mus,
468 3638 641 3690 cuneti
672 3639 789 3691 oleo
833 3638 1026 3694 ltetitize
1053 3640 1340 3708 signamur,
1370 3640 1629 3694 universis
1660 3650 1836 3696 autem

297 3728 538 3795 congruit
562 3728 701 3796 quod
730 3728 959 3782 subdidit
984 3747 995 3781 :

373 3813 564 3878 Ollerre
589 3814 870 3883 spirituales
898 3816 1101 3878 hostias,
1134 3817 1459 3880 acceptabiles
1489 3815 1596 3869 Deo
1633 3832 1720 3882 per
1755 3815 1843 3868 Je-

296 3919 410 3956 sum
434 3902 704 3959 Christum.
728 3904 1032 3971 Spirituales
1055 3916 1223 3958 autem
1247 3905 1441 3957 hostias
1462 3919 1617 3973 opera
1641 3917 1841 3972 nostra,

296 3996 658 4063 eleemosynas
686 4006 738 4048 et
765 4010 947 4061 preces
973 3997 1113 4059 dicit,
1140 3996 1203 4048 ad
1229 3996 1616 4050 distinctionem
1643 4010 1831 4049 carna-

297 4083 424 4136 lium
458 4084 509 4136 in
532 4084 646 4151 lege
681 4082 1027 4137 victimarum.
1056 4085 1205 4150 Quod
1231 4095 1403 4138 autem
1433 4085 1483 4138 in
1505 4086 1843 4140 conclusione

297 4170 445 4235 dicit,
475 4185 561 4238 per
584 4171 757 4222 Iesum
784 4170 1057 4236 Christum,
1088 4172 1150 4224 ad
1178 4181 1362 4226 cuncta
1386 4188 1501 4240 qua:
1522 4174 1848 4239 praemiserat

299 4258 548 4327 pertinet,
574 4260 692 4327 quia
725 4274 816 4328 per
842 4259 1009 4328 ipsius
1038 4261 1256 4329 gratiam
1288 4273 1336 4332 et
1362 4261 1845 4328 superzediticamur

298 4349 353 4402 in
402 4349 494 4402 illo
523 4362 616 4416 per
641 4349 956 4403 architectos
986 4351 1272 4416 sapientes,
1303 4350 1404 4402 hoc
1449 4360 1527 4403 est
1575 4351 1842 4405 ministros

298 4437 425 4491 Novi
455 4437 796 4500 Testamenti,
824 4447 874 4490 et
911 4437 1096 4490 domus
1124 4437 1432 4504 spirituales
1459 4436 1720 4492 efﬁcimur
1745 4454 1842 4507 per
1872 4459 1920 4516 ι)

297 4525 548 4591 Spiritum
579 4524 714 4592 ejus,
745 4534 924 4579 contra
970 4524 1168 4592 pluvias
1190 4565 1205 4590 ,
1236 4535 1439 4590 ventos,
1485 4526 1700 4580 fulmina
1731 4537 1843 4581 ten-

303 4614 554 4666 tationum
582 4614 787 4666 muniti.
821 4613 884 4665 Et
909 4614 1206 4668 sacerdotio
1225 4623 1408 4669 sancto
1438 4614 1769 4683 participare,
1792 4629 1844 4671 et

303 4705 422 4758 boni
449 4705 647 4772 aliquid
670 4705 991 4772 acceptabile
1017 4705 1122 4759 Deo
1146 4720 1349 4774 gerere,
1385 4723 1485 4760 non
1520 4707 1618 4760 nisi
1647 4721 1737 4775 per
1765 4710 1840 4774 ip-

301 4810 414 4848 sum
447 4794 700 4846 valemus.
732 4794 877 4848 Sicut
900 4795 1039 4847 enim
1064 4795 1301 4860 palmites
1329 4810 1431 4848 non
1455 4805 1673 4863 possunt
1703 4796 1841 4851 ferre

301 4885 529 4938 tructum
558 4898 588 4938 a
612 4884 928 4951 semetipsis,
956 4885 1054 4937 nisi
1097 4886 1475 4952 permanserint
1508 4885 1558 4939 in
1589 4889 1736 4952 vite;
1767 4890 1844 4943 sic

303 4996 401 5035 nec
427 4997 520 5034 vos
542 4977 755 5048 (inquit)
786 4979 882 5031 nisi
914 4979 963 5031 in
993 4994 1076 5032 me
1101 4981 1418 5034 ma‘nseritis.

369 5066 583 5136 Propter
607 5069 738 5133 quod
760 5068 975 5119 continet
997 5066 1261 5135 Scriptura
1288 5083 1305 5120 :
1338 5067 1462 5121 Ecce
1487 5084 1619 5135 pono
1641 5071 1691 5122 in
1719 5071 1844 5126 Sion

306 5158 544 5224 lapidem,
585 5165 688 5208 etc.
719 5155 826 5215 lloc
873 5156 1228 5210 testimonium
1273 5158 1338 5211 de
1381 5157 1512 5210 Isaia
1571 5162 1736 5227 ponit,
1779 5162 1842 5213 ad

304 5243 718 5298 conﬁrmandum
748 5243 847 5296 hoc
867 5245 1002 5312 quod
1028 5248 1353 5312 praemiserat
1385 5266 1398 5299 :
1429 5249 1511 5301 Ad
1533 5265 1678 5318 quem
1708 5265 1844 5302 acce-

305 5333 469 5383 dentes
495 5331 712 5398 lapidem
733 5332 915 5396 vivum,
934 5343 1177 5387 astruens
1203 5344 1254 5389 et
1274 5333 1543 5390 afﬁrmans
1568 5336 1842 5390 Dominum

304 5421 630 5478 Salvatorem
658 5430 870 5491 propter
897 5422 1192 5476 ﬁrmitatem
1226 5440 1370 5479 suam
1407 5427 1628 5494 lapidem
1658 5442 1686 5479 a
1717 5440 1835 5495 pro-

305 5513 472 5579 phctis
505 5513 696 5566 vocari.
727 5512 789 5566 Et
814 5515 950 5580 quod
977 5513 1174 5568 addidit
1206 5533 1217 5567 :

380 5603 438 5644 ν’
469 5605 626 5658 .mnis
647 5605 732 5675 qui
757 5605 908 5658 credit
939 5605 989 5657 in
1018 5605 1158 5656 illum
1189 5621 1286 5656 non
1335 5607 1683 5671 confundetur.
1717 5605 1843 5657 Pro-

307 5702 414 5759 rtcr
443 5693 541 5745 hoc
569 5695 712 5761 ponit
737 5696 872 5763 qttod
903 5695 1103 5749 dixerat
1137 5713 1147 5745 :
1179 5694 1239 5747 Et
1267 5713 1348 5748 vos
1381 5705 1616 5761 tanniam
1653 5698 1843 5763 lapides

1948 1981 2127 2028 carent
2154 1982 2298 2024 actus
2340 1986 2485 2034 suos,
2531 1971 2770 2024 nolentes
2808 1985 2925 2022 eum
2975 1984 3167 2036 paucae
3209 1969 3259 2020 in
3301 1966 3479 2020 funda-

1947 2070 2122 2114 mento
2170 2059 2343 2112 cordis
2374 2059 2477 2123 sui,
2520 2058 2590 2111 ita
2632 2067 2684 2111 et
2733 2059 2828 2126 ipsi
2872 2057 3218 2126 reprobentur
3255 2068 3316 2106 an
3345 2070 3408 2106 eo
3434 2055 3481 2107 il:

1945 2150 2171 2203 adventu
2198 2149 2332 2214 ejus,
2364 2149 2572 2202 nolente
2601 2148 2688 2201 illo
2716 2154 2835 2200 tunc
2867 2161 2958 2199 eos
2982 2146 3066 2213 qui
3092 2159 3147 2199 se
3169 2145 3482 2212 reprobave-

1947 2247 2067 2293 runt
2091 2239 2141 2290 in
2173 2235 2573 2290 aediﬁcationem
2599 2237 2838 2303 accipere
2867 2235 3053 2288 domus
3083 2248 3213 2295 suae,
3247 2249 3361 2300 qua:
3403 2243 3484 2285 est

1950 2326 2002 2380 in
2027 2325 2197 2381 caelis.
2234 2326 2295 2379 Et
2327 2325 2438 2378 haec
2467 2324 2731 2379 distinctio
2760 2324 2972 2377 honoris
3009 2324 3352 2386 credentium,
3385 2337 3485 2376 non

1952 2418 2277 2473 credentium
2324 2428 2496 2471 autem
2546 2417 2842 2484 reprobatio
2900 2417 3168 2482 hucusque
3218 2414 3485 2482 pertingit.

1955 2507 2084 2560 llinc
2111 2507 2230 2559 item
2258 2508 2323 2559 de
2344 2504 2678 2575 credentibus
2703 2504 2855 2559 infert
2883 2520 2895 2556 :

2018 2596 2117 2650 Hic
2153 2598 2312 2664 factus
2343 2607 2413 2649 est
2444 2597 2496 2648 in
2524 2606 2673 2661 caput
2702 2597 2897 2663 anguli.
2926 2595 3055 2660 Quia
3084 2595 3328 2649 videlicet
3356 2594 3488 2648 sicut

1945 2690 2079 2756 lapis
2109 2689 2371 2758 angularia
2397 2689 2529 2741 duos
2562 2691 2788 2754 parietes
2815 2688 3101 2755 coniungit,
3136 2687 3204 2738 ita
3242 2685 3488 2738 Dominus

1948 2777 2246 2832 Judteorum
2271 2777 2473 2842 plebem
2496 2787 2548 2830 et
2568 2775 2799 2843 gentium
2831 2777 2878 2828 in
2905 2791 3006 2829 una
3034 2776 3128 2829 sibi
3161 2776 3279 2830 ﬁdei
3319 2777 3482 2828 socie-

1948 2877 2053 2922 tate
2081 2867 2360 2937 copulavit.
2390 2869 2461 2921 Ac
2492 2882 2610 2919 tnux
2640 2866 2704 2920 de
2729 2866 3026 2920 inﬁdelibus
3055 2866 3199 2919 addit
3233 2881 3247 2919 :

2018 2984 2080 3037 Et
2101 2985 2230 3054 lapis
2252 2982 2560 3048 offensionis,
2589 2991 2635 3033 et
2665 2991 2807 3050 petra
2834 2980 3080 3034 scandali.
3115 2980 3245 3032 IIinc
3274 2988 3323 3029 ct
3357 2979 3486 3032 Pau-

1949 3075 2027 3128 lus
2061 3092 2073 3125 :
2102 3072 2228 3137 Nos,
2270 3074 2458 3141 inquit,
2491 3073 2821 3141 pradicamus
2873 3068 3125 3122 Christum
3173 3067 3487 3133 cruciﬁxum,

1876 3151 1919 3214 (ἶ
1949 3170 2140 3222 Judteis
2189 3167 2384 3236 quidem
2414 3183 2509 3221 sca.
2537 3168 2726 3230 dalum,
2756 3164 2979 3235 gentibus
3020 3171 3186 3215 autem
3235 3163 3492 3213 stultitiam

1951 3256 2000 3323 (1
2030 3255 2147 3311 Cor.
2174 3257 2234 3324 t).

2021 3365 2117 3420 His
2156 3366 2242 3436 qui
2287 3365 2549 3432 offendunt
2583 3363 2749 3424 verbo,
2796 3371 2895 3416 etc.
2936 3359 3216 3414 OiTendunt
3241 3360 3399 3410 \crbo
3431 3374 3491 3410 cn

1950 3456 2066 3524 ipso
2091 3456 2227 3524 quod
2258 3455 2471 3510 verbum
2503 3454 2596 3508 Dei
2626 3453 2804 3506 audire
2828 3465 2919 3504 cos
2948 3449 3185 3518 contigit.
3212 3447 3489 3500 (iil‘etulunt

1948 3547 2142 3610 animo,
2167 3545 2289 3599 dum
2336 3545 2520 3598 uolunt
2544 3543 2760 3597 credere
2807 3541 2946 3609 quod
2979 3540 3208 3592 audiunt.
3260 3538 3486 3602 Quorum

1951 3634 2217 3687 Stultitiam
2247 3631 2607 3698 exaggerando
2628 3630 2848 3698 subjecit
2875 3648 2885 3680 :
2923 3628 3031 3681 Nec
3057 3628 3260 3680 credunt
3285 3627 3336 3678 in
3360 3625 3494 3694 quod

1949 3730 1996 3774 et
2024 3721 2171 3787 positi
2208 3728 2346 3772 sunt.
2374 3719 2502 3784 Quia
2530 3719 2581 3772 in
2625 3718 2722 3771 hoc
2766 3717 2939 3784 positi,
2972 3716 3018 3767 id
3062 3723 3161 3778 est,
3193 3715 3242 3766 in
3272 3713 3370 3765 hoc
3400 3726 3490 3778 per

1952 3821 2184 3864 naturam
2214 3808 2333 3862 facti
2374 3818 2493 3863 sunt
2522 3809 2780 3870 homines,
2812 3814 2869 3859 ut
2891 3807 3104 3858 credant
3131 3805 3254 3867 Deo,
3281 3811 3334 3856 ct
3377 3802 3493 3870 ejus

1947 3898 2202 3953 voluntati
2227 3899 2611 3962 obtemperent.
2634 3897 2914 3950 Salomone
2936 3902 3213 3947 attestante
3237 3907 3352 3945 cum
3379 3893 3447 3943 ait

1948 3989 2107 4041 Deum
2146 3987 2284 4050 time,
2336 3995 2381 4039 et
2425 3987 2664 4038 mandata
2708 3987 2820 4056 ejus
2871 4001 3042 4049 serva,
3086 3986 3179 4036 hoc
3222 3993 3293 4035 est
3334 3998 3410 4032 om
3434 4000 3491 4029 n~

1945 4077 2091 4129 homo
2117 4074 2308 4143 (Eccle.
2342 4075 2458 4144 xu).
2489 4073 2542 4128 Id
2586 4082 2688 4137 est,
2735 4075 2784 4125 in
2830 4073 2930 4126 hoc
2969 4072 3278 4124 naturaliter
3327 4079 3490 4122 fictus

1946 4173 2027 4218 cst
2054 4166 2222 4216 omnis
2266 4163 2443 4229 homo,
2469 4172 2524 4216 ut
2549 4163 2711 4216 Deum
2757 4163 2956 4226 timeat,
2986 4160 3204 4228 ejusque
3235 4160 3494 4212 mandatis

1949 4252 2288 4306 ohsecundet.
2320 4251 2538 4316 Quidam
2568 4251 2787 4304 Codices
2818 4250 3011 4302 habent
3040 4264 3054 4300 :
3090 4247 3152 4300 In
3183 4273 3207 4295 ρ·
3232 4263 3278 4299 ιο
3315 4257 3360 4299 et
3402 4264 3493 4312 po-

1948 4341 2031 4392 siti
2058 4347 2191 4401 sunt,
2224 4339 2358 4406 quod
2390 4338 2695 4406 intelligitur
2734 4336 2883 4406 juxta
2915 4335 3013 4398 hoc.
3038 4335 3178 4404 quod
3215 4337 3397 4388 Paulus
3426 4336 3494 4387 de

1951 4430 2056 4483 Deo
2099 4430 2316 4496 loquens
2344 4430 2418 4480 ait
2444 4445 2456 4479 :
2493 4427 2554 4480 In
2582 4431 2692 4498 ipse
2721 4429 2852 4481 enim
2886 4428 2982 4480 vivi
3005 4443 3116 4491 nus,
3148 4452 3158 4470 ο
3222 4440 3490 4483 mouemur,

1948 4528 1991 4570 et
2017 4533 2185 4569 sumus
2216 4517 2348 4585 (Act.
2374 4516 2526 4584 xvtt).

2028 4623 2126 4676 Vos
2167 4631 2333 4675 autem
2374 4638 2527 4692 genus
2556 4624 2784 4685 (lectum,
2813 4622 2978 4691 regale
3005 4622 3318 4673 sacerdotia"

1953 4713 2060 4766 lloc
2089 4712 2255 4764 laudis
2284 4713 2637 4764 testimonium
2663 4713 2922 4780 quondam
2945 4711 3161 4774 antiquo
3186 4711 3276 4765 Dei
3303 4725 3492 4776 populi.

1953 4815 2044 4868 per
2077 4799 2290 4868 Moysen
2322 4798 2498 4852 datum
2521 4808 2621 4865 cst,
2644 4800 2781 4868 quod
2811 4813 2947 4851 nunc
2968 4808 3112 4852 recte
3140 4801 3384 4867 gentibus
3406 4801 3496 4855 dat

1949 4891 2216 4958 apostolus
2248 4891 2461 4952 Petrus,
2495 4892 2609 4956 quia
2659 4889 2904 4943 videlicet
2952 4890 3003 4941 in
3034 4889 3296 4941 Christum
3324 4891 3487 4943 credi-

1946 4984 2152 5047 derunt,
2200 4985 2288 5049 qui
2319 4983 2463 5035 velut
2492 4984 2619 5049 lapis
2657 4984 2918 5049 angularis
2949 4981 3001 5034 in
3031 4997 3143 5034 eam
3174 4997 3328 5050 quam
3358 4984 3407 5034 in
3431 4996 3491 5038 se

1946 5073 2099 5128 Israel
2141 5073 2394 5125 habuerat
2415 5073 2632 5125 salutem
2660 5081 2840 5140 gentes
2869 5070 3135 5124 adunavit.
3167 5073 3304 5136 Quas
3328 5084 3492 5137 genus

1945 5165 2168 5218 electum
2198 5173 2350 5217 vocat
2376 5172 2588 5231 propter
2616 5163 2790 5226 lldem,
2816 5172 2869 5215 ut
2897 5163 3180 5231 distinguat
3203 5161 3267 5213 ab
3293 5160 3370 5214 eis
3400 5161 3489 5225 qui

1944 5251 2167 5321 lapidem
2192 5253 2372 5320 'viynm
2420 5253 2754 5319 reprobando
2783 5253 2899 5304 tacti
2951 5260 3069 5304 sunt
3117 5250 3208 5316 ipsi
3260 5249 3486 5316 reprobi.

1943 5341 2132 5409 Regale
2161 5353 2332 5395 autem
2377 5341 2748 5405 sacerdotium,
2779 5343 2896 5410 quia
2929 5343 3068 5394 illius
3114 5341 3320 5406 corpori
3366 5349 3487 5393 sunt

1944 5431 2094 5493 uniti,
2126 5431 2211 5498 qui
2239 5446 2328 5483 rex
2356 5444 2593 5484 summus
2613 5438 2666 5484 ct
2695 5431 2941 5484 sacerdos
2963 5440 3042 5483 est
3064 5445 3240 5496 verus,
3272 5444 3484 5496 regnum

1943 5521 2049 5571 suis
2080 5520 2312 5572 tribuens
2345 5529 2398 5572 ut
2431 5535 2518 5572 rex
2541 5560 2555 5582 ,
2585 5530 2636 5573 et
2681 5531 2736 5572 ut
2786 5518 3016 5585 pontifex
3051 5534 3228 5572 eorum
3279 5528 3486 5584 peccata

1945 5609 2021 5660 sui
2066 5608 2332 5674 sanguinis
2363 5607 2530 5659 hostia
2576 5607 2854 5661 mundans.
2912 5607 3099 5674 Regale
3142 5604 3484 5657 sacerdOtium

1944 5713 2034 5754 eos
2080 5700 2326 5761 nominat,
2381 5707 2434 5752 ιιι
2480 5709 2530 5765 et
2560 5713 2772 5767 regnum
2819 5712 3027 5765 spcrarc
3074 5705 3395 5764 perpetuum,
3432 5703 3481 5744 ct
