3860 6230
420 436 479 488 lit
834 431 1032 487 BEDJZ
1074 431 1509 490 \‘ENlill.\ltlLlS
1543 434 1689 487 OPP.
1732 433 1906 490 PARS
1943 432 1962 487 Ι

2067 432 2234 490 “secs.
2280 417 2421 487 t.’—
2449 415 2839 487 exeamus"
2869 420 3183 490 acaum.
3520 429 3595 486 εξ

420 544 615 596 hostias
659 545 999 596 titintacutata:
1028 549 1432 596 conversationis
1479 544 1587 597 Deo
1624 557 1831 612 semper
1866 541 1943 597 οἷς
1971 544 2019 603 Α
2047 542 2230 597 tendit.
2267 545 2398 609 Apte
2424 553 2595 598 autem
2623 543 2816 596 liberos
2842 543 3000 598 docet
3038 559 3065 597 a
3096 545 3392 600 carnalibus
3428 547 3596 602 absti-

419 633 587 696 t'cric,
619 631 967 684 meminerint.
1006 630 1146 685 Gens
1171 646 1376 699 quoque
1405 641 1586 685 sancta
1630 641 1682 684 ct
1729 632 1950 698 populus

421 724 778 790 acquisitiouis
807 734 1075 787 vocantur,
1106 728 1252 793 iusta
1281 725 1331 777 id
1357 725 1493 792 quod
1521 725 1786 793 apostolus
1815 724 1950 778 Pau-

419 811 500 863 lus
525 811 787 879 piopheta:
820 815 1127 865 sententiam
1157 826 1423 879 exponens
1461 811 1582 864 dicit
1616 827 1628 862 :
1657 810 1834 864 Justus
1860 828 1948 863 au-

423 914 517 951 tem
547 913 680 950 meus
709 914 770 950 ex
789 898 889 964 ﬁde
914 899 1064 962 vivit;
1083 901 1215 967 quod
1239 899 1282 950 si
1301 898 1600 951 subtraxerit
1621 913 1693 964 se,
1718 912 1816 950 non
1842 898 1954 966 pla-

421 993 543 1044 cebit
577 991 756 1043 animt:
781 1006 900 1043 metu
916 1007 936 1055 ;
964 1007 1052 1044 nos
1075 1002 1260 1054 autem,
1291 991 1486 1058 inquit,
1520 1005 1618 1041 non
1643 1005 1816 1041 sumus
1838 991 1951 1042 sult-

420 1080 673 1132 tractionis
714 1080 765 1130 in
810 1079 1152 1145 perditionem,
1205 1078 1294 1130 sed
1333 1078 1454 1145 ﬁdei
1500 1079 1551 1129 in
1580 1076 1953 1146 acquisitionens

420 1170 602 1221 anima:
630 1167 823 1236 (Hebr.
856 1168 938 1236 ι).
975 1167 1039 1220 Ει
1079 1169 1131 1220 in
1172 1168 1384 1222 Actibus
1431 1169 1806 1236 apostolorum,
1848 1167 1948 1222 Vos

425 1256 643 1326 Spiritus
671 1267 870 1310 sanctus
899 1259 1058 1324 posuit
1082 1259 1334 1325 episcopos
1356 1273 1524 1325 regere
1557 1255 1830 1309 Ecclesium
1860 1255 1957 1308 Do-

425 1352 563 1416 nttni,
587 1366 734 1420 quin:
754 1350 1008 1418 acquisivit
1035 1351 1274 1423 sanguine
1297 1367 1386 1404 suo
1415 1350 1549 1420 (Act.
1579 1348 1698 1417 xx).
1729 1347 1954 1415 Pupulus

425 1460 550 1513 ergo
569 1444 926 1511 acquisitionis
948 1443 1069 1497 facti
1098 1458 1277 1498 sumus
1304 1445 1353 1497 in
1384 1442 1638 1514 sanguine
1661 1442 1826 1498 nostri
1846 1441 1964 1497 'Re-'

424 1533 729 1599 demptnris,
775 1532 910 1600 quod
957 1543 1069 1585 erat
1113 1533 1371 1600 quondam
1419 1531 1640 1602 populus
1685 1531 1839 1584 Israel
1867 1546 1954 1586 re-

420 1624 664 1689 demptus
692 1623 937 1690 sangoine
970 1623 1088 1692 agni
1129 1623 1195 1675 de
1232 1621 1478 1692 Egypto.
1524 1621 1671 1676 Unde
1711 1635 1764 1676 et
1789 1623 1839 1675 in
1868 1637 1957 1676 se-

426 1716 601 1779 quenti
630 1729 836 1784 quoque
876 1716 1134 1770 versiculo
1167 1716 1385 1785 mystice
1434 1717 1625 1770 veteris
1655 1717 1958 1773 recordatus

427 1805 681 1869 historiae,
709 1816 762 1858 et
784 1805 914 1858 hanc
934 1805 1088 1858 etiam
1121 1820 1255 1858 novo
1281 1805 1370 1860 Dei
1396 1805 1587 1874 populo
1617 1804 1959 1873 spiritualiter

425 1897 578 1949 docet
604 1895 941 1962 implendam,
971 1895 1150 1950 dicens
1174 1913 1187 1948 :

500 1983 564 2037 Ut
597 1985 795 2038 virtutes
819 1985 1127 2039 annuntietis
1151 1989 1283 2056 ejus,
1309 1996 1413 2040 etc.
1441 1986 1588 2042 Sicut
1615 1989 1755 2040 enim
1787 1987 1838 2038 ht
1869 1988 1959 2055 qui

427 2076 490 2128 .le
523 2075 761 2144 Egyptia
791 2076 1037 2140 servitute
1065 2076 1262 2132 liberati
1295 2088 1417 2132 sunt
1456 2093 1547 2147 per
1588 2079 1797 2148 Moysen
1839 2094 1957 2133 car-

427 2181 544 2218 tneu
576 2165 882 2233 triumphale
909 2177 1025 2234 post
1054 2169 1327 2223 transitum
1373 2171 1533 2224 maris
1564 2168 1726 2224 Rubri
1768 2182 1822 2225 et
1868 2173 1956 2226 de—

431 2268 658 2306 nnrsum
699 2253 981 2308 Pharaonis
1006 2239 1291 2310 exercitum
1340 2257 1559 2310 Domino
1597 2258 1958 2322 decantarom,

430 2347 496 2397 ita
533 2356 586 2399 et
608 2359 704 2399 nos
732 2355 936 2414 oportet
967 2356 1082 2414 post
1102 2357 1368 2417 acceptam
1399 2350 1450 2402 in
1479 2349 1738 2418 baptismo
1767 2352 1958 2405 remis-

425 2438 627 2490 sionem
660 2445 986 2504 peccatorum
1015 2438 1197 2508 dignas
1235 2439 1500 2496 beneﬁciis
1541 2442 1841 2496 caelestibus
1875 2456 1958 2495 re-

430 2527 652 2592 pendere
677 2529 888 2595 gratias.
929 2528 1159 2595 Namque
1185 2529 1442 2598 IEgyptii,
1472 2531 1556 2599 qui
1589 2533 1834 2598 populum
1870 2531 1957 2585 Dei

429 2615 742 2681 al'l‘ligebant,
769 2615 1031 2682 quietiam
1061 2618 1286 2671 tenebrat
1310 2619 1390 2672 vel
1418 2617 1774 2674 tribulationes
1797 2620 1959 2674 inter-

430 2711 728 2768 pretantur,
771 2712 890 2767 apte
935 2718 1027 2771 per
1075 2705 1343 2773 sequentia
1387 2720 1484 2761 nos
1524 2719 1764 2774 peccata,
1793 2709 1882 2763 sed
1911 2711 1964 2763 in

430 2791 736 2856 baptismate
758 2790 944 2855 deleta,
966 2793 1279 2860 signiﬁcant.
1309 2794 1572 2850 Liberatio
1592 2810 1799 2864 quoque
1829 2795 1963 2849 ﬁlio-

435 2895 546 2932 rum
574 2878 751 2944 lsrael,
783 2889 836 2933 et
854 2882 916 2934 ad
945 2884 1252 2948 promissam
1277 2884 1399 2936 olim
1427 2885 1645 2949 patriam
1673 2885 1962 2952 perductio,

430 2968 670 3036 congruit
697 2969 944 3036 mysterio
973 2981 1163 3024 nostra:
1191 2971 1579 3040 redemptionis,
1609 2988 1698 3041 per
1720 2989 1870 3042 quam
1899 2975 1962 3027 ad

431 3056 596 3109 lueetn
623 3071 861 3123 supernae
884 3057 1184 3122 mansionis,
1211 3059 1505 3114 illustrante
1527 3076 1621 3115 nos
1641 3077 1701 3114 ac
1723 3062 1962 3123 ducente,

429 3143 618 3198 Chrisﬁ
645 3145 826 3213 gratis,
859 3145 1117 3199 tendimus
1149 3165 1160 3198 :
1191 3149 1339 3215 cujus
1382 3149 1549 3202 lucem
1591 3149 1768 3215 gratim
1808 3153 1964 3205 etiam

430 3233 519 3285 illa
564 3235 714 3285 nubis
741 3242 792 3286 et
835 3233 968 3299 ignis
995 3235 1236 3287 columna
1269 3237 1579 3288 monstravit
1605 3254 1618 3300 ;
1647 3253 1763 3305 qua:
1791 3251 1882 3290 eos
1911 3247 1965 3291 et

434 3321 485 3372 in
519 3329 626 3373 toto
652 3322 836 3375 itinere
861 3322 949 3376 illo
972 3337 1000 3375 a
1029 3324 1254 3379 tenebris
1282 3323 1512 3380 defendit
1542 3328 1793 3391 noctium,
1823 3338 1875 3382 et
1900 3328 1965 3382 ad

436 3410 718 3478 promissas
750 3411 929 3477 patria:
961 3413 1113 3466 sedes
1159 3414 1492 3467 inenarrabili
1533 3414 1666 3469 calle
1708 3416 1963 3483 perduxit.

505 3498 600 3560 Qui
628 3498 894 3565 aliquando
923 3515 1020 3550 non
1047 3499 1264 3568 papulas
1296 3499 1420 3562 Dei,
1453 3516 1583 3552 nunc
1611 3511 1773 3554 autem
1803 3519 1964 3571 popu-

433 3587 512 3640 tus
544 3585 656 3648 Dei,
681 3595 784 3640 etc.
817 3588 1011 3640 [ndicat
1052 3600 1230 3654 aperte
1274 3604 1367 3658 per
1409 3590 1505 3642 hos
1533 3591 1814 3645 versiculos
1842 3593 1962 3657 quia

379 3708 387 3716 -
436 3675 515 3726 his
543 3675 629 3742 qui
673 3674 736 3727 de
762 3676 1001 3742 gentibus
1041 3675 1103 3729 ad
1131 3676 1285 3730 ﬁdem
1315 3687 1564 3731 venerant
1593 3678 1728 3732 hanc
1755 3681 1970 3749 scripsit

439 3763 742 3832 Epistolam,
789 3765 868 3830 qui
896 3765 1147 3832 quondam
1189 3766 1394 3818 alienati
1420 3782 1450 3818 a
1478 3768 1843 3820 conversatione
1881 3783 1970 3835 po-

439 3853 544 3918 puli
574 3851 687 3914 Dei,
714 3868 844 3904 nunc
868 3869 954 3920 per
974 3855 1184 3920 gratiam
1214 3857 1330 3922 ﬁdei
1354 3858 1540 3925 papula
1561 3866 1675 3909 sunt
1705 3858 1813 3922 eius
1835 3857 1968 3908 adu-

439 3943 544 3994 nati
568 3980 583 4004 ,
631 3953 688 4007 et_
723 3943 1109 3996 misericordiam
1163 3962 1306 4011 quam
1350 3962 1548 4013 sperare
1593 3964 1692 4000 non
1739 3958 1971 4002 noverant

437 4030 610 4096 adepti
639 4028 846 4101 (Ep/tes.
875 4034 951 4100 tt).
1008 4034 1238 4087 Assumit
1286 4047 1457 4088 autem
1495 4050 1585 4089 cos
1625 4035 1688 4089 de
1720 4022 1968 4104 propheta

437 4117 604 4182 Osee,
636 4119 724 4185 qui
749 4123 814 4172 de
837 4124 1105 4176 vocatione
1129 4125 1358 4191 gentium
1383 4129 1670 4192 praecinctis
1695 4143 1707 4175 :
1741 4124 1964 4186 Vorabo,

437 4207 621 4275 inquit,
647 4224 745 4260 non
770 4210 956 4276 plebem
984 4227 1142 4263 meam
1166 4212 1349 4280 plebem
1375 4229 1554 4277 nteant,
1579 4223 1624 4264 et
1654 4227 1752 4263 non
1779 4213 1972 4264 miseri-

437 4299 660 4349 cordiam
715 4312 1025 4353 consecutam
1075 4301 1460 4356 misericordiam
1510 4312 1837 4355 consecutam.
1904 4300 1970 4354 ει

438 4388 558 4451 erit,
585 4389 637 4440 in
666 4390 773 4441 ltco
804 4392 887 4444 ubi
915 4395 1100 4445 dictum
1127 4408 1196 4448 est
1225 4396 1293 4450 eis
1326 4411 1342 4447 :
1379 4393 1499 4447 Non
1537 4397 1672 4464 plebs
1717 4411 1824 4448 mea
1864 4411 1965 4461 vos,

439 4476 509 4526 ibi
532 4478 836 4531 vocabuntur
863 4482 956 4546 ﬁlii
985 4481 1075 4536 Dei
1102 4486 1196 4536 ι-ἱεὶ
1218 4484 1355 4553 (Ose.
1387 4499 1423 4551 t,
1451 4483 1529 4553 tt).
1836 4543 1837 4546 η

505 4565 813 4632 Cltarissimi,
839 4573 1038 4622 obsecro
1070 4587 1151 4624 ros
1178 4583 1408 4638 tanquam
1436 4574 1651 4625 advenas
1677 4581 1725 4625 et
1752 4575 1966 4644 peregri-

438 4675 524 4710 nos
546 4699 562 4722 ,
589 4667 690 4712 etc.
723 4658 999 4725 llucusque
1030 4659 1208 4714 beatus
1237 4661 1418 4714 Petrus
1443 4663 1756 4729 generaliter
1784 4664 1965 4717 Eccle-

435 4749 566 4801 siam
619 4749 860 4815 instituit,
903 4751 1170 4818 explicans
1218 4752 1296 4804 vel
1343 4752 1591 4807 beneﬁcia
1639 4755 1830 4821 quibus
1876 4769 1969 4807 nos

437 4837 606 4890 divina
637 4841 801 4907 pietas
830 4839 893 4892 ad
915 4838 1133 4894 salutem
1160 4855 1366 4906 vocare,
1398 4841 1478 4896 vel
1501 4844 1634 4895 dona
1657 4843 1846 4910 quibus
1879 4842 1972 4894 ali-

436 4925 642 4989 quando
668 4925 894 4989 Judasos,
930 4943 1064 4982 nunc
1091 4939 1263 4982 autern
1297 4946 1390 4989 nos
1443 4931 1700 4984 honorare
1729 4933 1972 4998 dignatus

436 5023 532 5067 est.
563 5013 690 5066 Hinc
716 5014 946 5067 diversas
991 5017 1219 5072 ﬁdelium
1261 5034 1508 5085 personas
1541 5019 1763 5072 solerter
1797 5021 1975 5072 horta-

436 5119 540 5169 tur,
581 5121 646 5160 ne
672 5121 730 5160 se
764 5117 903 5160 tanta
937 5109 1100 5161 sancti
1131 5108 1351 5174 Spiritus
1380 5110 1543 5177 gratia
1588 5111 1864 5162 carnaliter
1899 5108 1974 5162 vi-

440 5194 607 5271 vendo
649 5197 862 5251 reddant
896 5197 1152 5265 indignos.
1181 5198 1255 5250 Ne
1282 5201 1369 5265 qui
1401 5200 1555 5266 regali
1585 5216 1643 5251 ac
1664 5199 1971 5252 sacerdotali

438 5284 689 5337 vocabulo
719 5297 839 5338 sunt
885 5286 1134 5356 insigniti,
1167 5288 1403 5338 vitiorum
1455 5288 1648 5339 malitia
1693 5290 1912 5352 subacti,
1946 5304 1971 5340 a

439 5378 744 5430 condonata:
786 5380 866 5429 vel
892 5379 1157 5444 promissa:
1186 5379 1306 5432 olim
1337 5376 1433 5430 sibi
1481 5377 1762 5430 nobilitatis
1804 5380 1967 5444 gloria

443 5470 772 5538 degenerem.
819 5472 990 5538 Itaque
1022 5473 1186 5538 primo
1217 5473 1401 5524 liberos
1448 5481 1500 5523 et
1539 5485 1757 5532 servos,
1789 5471 1974 5523 deinde

441 5563 684 5613 mulieres
727 5573 779 5614 et
805 5562 943 5614 viros
972 5561 1265 5627 specialiter
1293 5561 1589 5625 alloquitur,
1624 5578 1682 5613 ac
1730 5571 1842 5626 post
1892 5564 1969 5612 in-

439 5651 828 5704 terlocutionem
872 5651 1125 5716 generalis
1167 5651 1541 5703 exhortationis
1585 5653 1817 5724 seniores
1846 5663 1974 5713 quo-

439 5757 536 5813 que
578 5749 626 5793 ct
656 5737 1004 5792 adolescentes
1031 5737 1248 5804 qualiter
1276 5749 1392 5792 sese
1437 5752 1592 5799 agere
1639 5739 1854 5791 debeant
1887 5751 1972 5788 os-

2053 646 2175 684 nere
2203 631 2506 695 desideriis,
2538 635 2656 698 quia
2684 633 2820 685 solet
2848 634 3063 688 libertas
3109 635 3228 688 vitae
3269 636 3594 692 remissioris

2052 721 2249 789 majora
2301 723 2661 776 ilicet-brorum
2718 723 3036 777 titillantium
3085 724 3310 778 tolerare
3338 728 3592 793 pericula,

2050 824 2166 877 qum
2191 810 2417 864 militant
2443 811 2694 865 adversus
2722 811 2968 866 animam.
2999 813 3126 879 Quia
3166 813 3293 866 dum
3337 818 3597 883 cont-upi—

2050 897 2262 952 scentiis
2286 897 2669 952 blandientibus
2694 913 2818 951 caro
2841 901 3102 954 enerviter
3127 901 3459 969 sultjttgatur,
3482 904 3596 970 jam

2051 985 2291 1040 vitiorum
2333 986 2598 1041 exercitus
2631 986 2846 1041 ﬁrmiter
2884 986 3136 1042 adversus
3168 991 3393 1041 animant
3423 1005 3597 1042 arma-

2052 1088 2157 1131 tur.
2182 1077 2324 1144 Quos
2347 1088 2705 1146 competenter
2731 1079 2959 1133 advenas
2987 1089 3140 1135 vocat
3166 1092 3219 1134 et
3263 1083 3595 1150 peregrinos,

2056 1177 2110 1219 ut
2138 1180 2203 1220 eo
2247 1166 2420 1222 minus
2449 1169 2671 1222 terrenis
2714 1169 2872 1223 rebus
2897 1168 3122 1223 auitnam
3150 1184 3459 1238 supponant,
3491 1187 3600 1236 quo

2052 1269 2112 1310 se
2137 1253 2354 1322 patriam
2384 1256 2436 1309 in
2460 1256 2608 1311 cmlis
2633 1255 2824 1311 habere
2851 1257 3204 1314 meminerint.
3231 1259 3466 1328 Namque
3493 1260 3598 1314 hoc

2056 1346 2250 1400 distare
2277 1344 2330 1399 in
2356 1346 2458 1400 hac
2488 1346 2589 1399 vita
2628 1345 2766 1400 inter
2795 1346 2990 1400 electos
3037 1357 3091 1401 et
3137 1349 3387 1414 reprobus
3435 1349 3598 1402 solet.

2054 1435 2194 1504 quod
2219 1436 2370 1490 electi
2399 1435 2658 1505 peregrini
2691 1451 2830 1490 nunc
2855 1446 2902 1490 et
2930 1437 3141 1489 exsules
3167 1440 3382 1503 patriam
3408 1452 3593 1504 exspe-

2055 1531 2200 1580 ctaot
2227 1527 2279 1580 in
2324 1525 2518 1590 futuro,
2550 1535 2801 1598 tantoque
2831 1529 3001 1580 minus
3030 1529 3082 1581 in
3125 1529 3369 1594 prtesenti
3396 1528 3603 1595 gaudiis

2058 1617 2383 1671 delectantur
2423 1617 2655 1686 caducis,
2701 1626 2896 1686 quanto
2925 1619 3095 1670 futura
3127 1618 3240 1670 sine
3270 1616 3371 1669 ﬁne
3408 1619 3600 1684 gaudia

2055 1718 2115 1759 se
2163 1717 2374 1773 sperant
2413 1707 2688 1776 accipere,
2729 1706 2858 1760 etin
2907 1716 3159 1759 aeternum
3212 1721 3429 1770 regnare
3477 1721 3603 1758 cum

2056 1795 2289 1850 Christo.
2324 1796 2391 1851 At
2417 1811 2541 1850 vero
2570 1796 2774 1863 reprobi
2807 1797 2895 1850 hic
2930 1795 3122 1849 habent
3165 1798 3415 1863 patriam,
3447 1797 3635 1865 cujus-

1990 1863 2038 1922 Β
2062 1885 2230 1938 solum
2267 1887 2385 1946 vita:
2425 1885 2698 1940 desideriis
2735 1895 2925 1939 norunt
2963 1885 3165 1939 inhiare
3187 1927 3199 1949 ,
3233 1887 3452 1954 ideoque
3479 1863 3607 1955 νόει

2062 1977 2194 2030 hanc
2223 1977 2378 2028 vitam
2409 1976 2460 2029 in
2505 1975 2741 2030 exsilium
2772 1973 3140 2041 relegabantur
3163 1984 3480 2042 perpetuum.
3513 1978 3566 2029 nl
3592 1971 3609 2024 i

2059 2066 2264 2122 cunctis
2307 2076 2546 2121 carentes
2576 2065 2925 2133 voluptatibus
2966 2065 3074 2118 sola
3120 2064 3172 2118 itt
3202 2067 3471 2118 tormentis
3505 2082 3609 2131 pa-

2060 2159 2254 2212 tiantur
2282 2156 2519 2210 adversa.

2041 2253 2046 2257 ”
2140 2248 2205 2300 Ut
2233 2250 2282 2299 in
2308 2263 2366 2298 eo
2393 2246 2523 2313 quod
2552 2246 2828 2298 detractant
2856 2248 2917 2297 tle
2936 2247 3068 2298 vobis
3089 2287 3102 2311 ,
3147 2256 3248 2300 etc.
3281 2245 3607 2312 Plerumque

2059 2335 2282 2405 contigit
2311 2345 2370 2389 ut
2397 2334 2579 2403 pagani
2603 2337 2689 2403 qui
2723 2337 2876 2389 ﬁdem
2899 2332 3310 2390 Christianorum
3336 2337 3605 2403 vitupera-

2064 2415 2210 2490 hant,
2258 2424 2381 2493 quia
2430 2424 2559 2478 deos
2607 2437 2732 2479 suos
2787 2423 3211 2489 dercliquissent.
3265 2425 3602 2489 postmodum

2063 2514 2454 2570 considerantes
2494 2519 2689 2564 castam
2736 2525 2914 2565 eorum
2953 2512 3398 2565 conversationem
3438 2522 3491 2564 et
3516 2511 3606 2563 in-

2062 2605 2257 2657 victum
2285 2602 2338 2655 in
2366 2598 2575 2655 Christo
2599 2599 2852 2662 animum,
2895 2609 3172 2654 cessarent
3192 2601 3270 2654 eis
3297 2600 3599 2664 detrahere,

2064 2693 2333 2762 magisque
2388 2691 2547 2744 Deum
2590 2689 2883 2757 gloriﬁcare
2928 2705 2988 2742 ac
3031 2690 3240 2742 laudare
3284 2690 3596 2755 i.:ciperent,

2063 2780 2153 2849 qtti
2180 2779 2412 2834 bonitate
2440 2793 2500 2832 ac
2522 2778 2725 2847 justitia
2753 2778 3014 2856 cultorum
3044 2794 3253 2832 suorum
3281 2781 3447 2831 bonus
3478 2790 3602 2830 esse

2066 2876 2371 2946 probaretur
2397 2884 2452 2929 et
2482 2875 2672 2942 justus.
2699 2858 2988 2941 Cleri/irent
3016 2875 3225 2942 (inquit)
3255 2872 3411 2925 Deum
3436 2873 3488 2922 in
3513 2873 3600 2922 die

2066 2969 2379 3035 uisitationis,
2410 2968 2508 3022 hoc
2538 2977 2618 3021 est
2648 2967 2698 3020 in
2734 2949 2971 3037 tempore
2991 2965 3378 3024 retributionis,
3405 2975 3598 3032 quanta

2066 3060 2134 3112 sit
2160 3058 2304 3111 vobis
2328 3057 2489 3126 gloria
2517 3071 2608 3124 per
2638 3057 2800 3110 Deum
2831 3056 3090 3116 donanda,
3123 3056 3226 3121 jam
3260 3071 3396 3107 nunc
3437 3071 3601 3120 agno-

2068 3157 2216 3200 scznit
2246 3146 2517 3210 increduli,
2565 3160 2682 3198 cum
2731 3158 2825 3198 vos
2864 3144 3115 3197 instanter
3165 3145 3297 3199 inter
3340 3145 3598 3199 olistanti-i

2071 3238 2299 3306 pericula
2323 3235 2469 3289 illum
2500 3235 2647 3301 sequi
2679 3236 3060 3303 perspexerint.

2138 3325 2360 3396 Subjecti
2383 3325 2538 3392 igitur
2559 3332 2710 3377 estote
2737 3323 2872 3375 omni
2895 3326 3125 3375 Ιιιεηιηπιε
3145 3333 3385 3375 creatura
3401 3333 3596 3388 propter

2070 3414 2250 3468 Deum.
2282 3413 2436 3467 Omni
2470 3413 2708 3466 humana:
2728 3423 2977 3466 creaturae
3007 3412 3150 3474 dicit,
3181 3411 3322 3465 omni
3363 3411 3598 3476 dignitati

2073 3505 2362 3566 hominum,
2383 3505 2526 3559 omni
2556 3518 2810 3569 personae,
2837 3503 2978 3556 omni
3010 3504 3339 3570 priucipatui,
3367 3502 3452 3555 cui
3499 3515 3598 3554 nos

2069 3594 2240 3649 divi'na
2273 3592 2541 3660 dispositio
2581 3592 2731 3647 subdi
2763 3592 2996 3644 voluerit.
3034 3591 3140 3644 lloc
3173 3602 3251 3644 est
3278 3591 3413 3644 enim
3461 3591 3598 3657 quod

2070 3683 2142 3735 ait
2172 3699 2188 3736 :
2217 3681 2427 3746 PrOpter
2455 3681 2636 3746 Deum,
2667 3681 2785 3746 quia
2813 3695 2911 3731 non
2939 3689 3006 3730 est
3033 3689 3248 3745 potestas
3288 3679 3384 3731 nisi
3412 3694 3444 3730 α
3471 3677 3597 3732 Deo.

2073 3770 2140 3824 Et
2166 3772 2248 3837 qui
2277 3771 2507 3840 potestati
2531 3770 2734 3834 resistit,
2770 3768 2858 3820 Dei
2891 3769 3191 3823 ordinationi
3215 3770 3392 3822 resistit
3422 3769 3595 3835 (Rom.

2073 3860 2204 3931 sui).
2231 3861 2393 3927 Quam
2421 3868 2708 3913 creaturam
2736 3859 3117 3926 subscquenter
3156 3860 3390 3926 exponit,
3415 3859 3590 3924 adjun-

2069 3965 2235 4020 gens:

2145 4041 2260 4095 Sive
2287 4040 2391 4108 regi
2412 4037 2555 4106 quasi
2587 4037 2911 4104 pra‘cellenti,
2939 4047 3040 4088 etc.
3089 4025 3207 4117 ideo
3255 4039 3362 4104 trgi
3403 4049 3600 4091 tantum

2071 4145 2132 4184 ac
2158 4130 2394 4189 ducibus,
2426 4142 2527 4180 non
2553 4137 2724 4182 autem
2757 4137 2810 4180 et
2834 4127 3060 4180 enininis
3088 4127 3231 4194 dicit,
3272 4131 3392 4196 quia
3423 4129 3474 4180 in
3503 4129 3603 4180 huc

2074 4217 2191 4271 loco
2219 4215 2335 4269 illos
2367 4215 2687 4282 specialiter,
2716 4223 2771 4265 nt
2795 4212 2992 4279 pra-lati
3023 4229 3223 4278 smnus,
3264 4216 3472 4266 instruit
3514 4215 3602 4281 qui

2070 4316 2192 4360 sunt
2219 4304 2415 4358 dotnioi
2443 4318 2739 4358 servorum.
2769 4303 3161 4371 Snbsequenter
3191 4319 3317 4357 vero
3348 4315 3397 4356 et
3422 4320 3604 4360 servos

2072 4393 2333 4466 quomodo
2360 4392 2587 4447 dominis
2638 4392 2953 4446 famulentur
2997 4395 3258 4446 admonet.
3301 4389 3455 4448 Docet
3477 4409 3604 4460 ergo

2074 4487 2252 4541 ﬁdeles
2303 4484 2529 4540 famulos
2556 4483 2795 4538 Videlicet
2820 4484 2999 4535 mterni
3029 4483 3202 4546 Regis,
3235 4483 3392 4535 etiam
3424 4484 3598 4533 mundi

2073 4576 2414 4644 potestatibus
2439 4573 2609 4637 subdi,
2661 4587 2727 4624 ne
2768 4573 2846 4625 vel
2879 4575 2926 4622 in
2958 4573 3055 4623 hoc
3100 4570 3216 4623 ﬁdei
3271 4579 3324 4624 et
3366 4571 3601 4638 religion

2068 4667 2380 4719 Christianae
2413 4663 2574 4732 possit
2601 4661 2827 4724 detrahi,
2875 4663 3009 4728 quod
3059 4675 3150 4728 per
3194 4674 3308 4712 eam
3364 4661 3601 4715 humana:

2069 4753 2382 4806 conditionis
2403 4751 2518 4819 jura
2545 4753 2838 4804 turbentur.
2889 4750 3015 4804 Nam
3055 4761 3109 4802 et
3149 4750 3213 4802 ita
3247 4756 3431 4818 potest
3466 4761 3602 4806 tecte

2070 4845 2285 4914 intelligi
2314 4843 2449 4912 quod
2478 4841 2671 4895 dictum
2698 4852 2798 4906 cst,
2827 4841 2977 4902 Omni
2998 4843 3232 4893 [minante
3256 4853 3522 4904 creaturas,
3549 4852 3600 4894 ut

2071 4936 2397 5004 signiﬁcetur
2421 4946 2473 4987 et
2503 4933 2743 4986 ﬁdelibus
2771 4943 2821 4984 et
2850 4932 3129 4984 incredulis
3157 4946 3329 4983 rerum
3354 4932 3600 4984 dominis.

2145 5026 2220 5076 Ad
2246 5023 2515 5079 vindictam
2541 5021 2940 5089 malefactorem,
2967 5020 3168 5072 laudent
3195 5035 3310 5072 vero
3339 5023 3600 5075 bonorum.

2075 5110 2185 5167 Non
2211 5111 2348 5176 quod
2379 5124 2562 5162 trames
2587 5109 2797 5175 quidem
2827 5122 2975 5173 reges
3006 5118 3095 5160 aut
3121 5109 3280 5160 duces
3325 5109 3407 5160 vel
3453 5109 3599 5160 malc-

2063 5201 2294 5252 .iactv.-res
2331 5197 2509 5264 punire
2532 5196 2612 5247 vel
2639 5195 2846 5248 laudare
2872 5197 3034 5249 honos
3059 5198 3323 5258 noverint,
3368 5196 3459 5248 sed
3488 5211 3599 5264 qua!

2073 5303 2188 5340 esse
2220 5287 2407 5339 dcheat
2454 5286 2592 5358 actio
2636 5284 2755 5336 boni
2801 5283 2988 5349 iudicis
3035 5287 3345 5352 simpliciter
3398 5299 3596 5350 narrat,

2078 5377 2175 5430 hoc
2197 5390 2276 5430 cst
2324 5379 2374 5427 tit
2405 5372 2790 5427 malel'aeientes
2818 5383 3080 5436 coerceat,
3108 5375 3239 5426 liene
3269 5382 3487 5440 agentes
3519 5391 3591 5425 re-

2076 5479 2327 5518 numeret.
2359 5467 2453 5528 Qui
2483 5463 2580 5516 etsi
2607 5462 2793 5530 injuste
2832 5464 2933 5530 agit
2965 5463 3007 5513 si
3040 5462 3202 5512 bonos
3233 5461 3466 5522 damnat,
3517 5463 3609 5513 ni-.

2077 5558 2353 5608 hilominus
2383 5555 2444 5606 ad
2473 5555 2677 5607 laudent
2708 5568 2886 5606 eorum
2917 5551 3192 5618 pertinent,
3241 5568 3355 5618 qua:
3385 5553 3523 5614 facit,
3557 5554 3595 5603 si

2031 5670 2044 5673 --
2074 5648 2324 5712 patienter
2344 5646 2461 5711 ejus
2503 5644 2884 5711 improbitatem
2940 5638 3187 5701 tolerent,
3247 5653 3298 5693 et
3347 5643 3591 5708 patienter

2076 5737 2185 5803 ejus
2223 5735 2451 5790 stultitim
2480 5734 2739 5789 resistant.
2780 5730 2862 5781 l’is
2894 5729 3102 5797 (inquit)
3135 5745 3227 5781 non
3289 5733 3457 5782 timere
3506 5742 3584 5792 po-
