3860 6230
395 477 453 528 5t
809 472 1005 528 BEDJ‘I
1048 472 1482 531 \'ENiill.\lllLlS
1516 474 1661 527 OPP.
1705 472 1879 530 PARS
1916 472 1981 527 ll.
2023 472 2206 530 SEC'I‘.
2252 473 2289 527 i.
2325 501 2393 513 —
2421 470 2799 527 EXEGETICA
2840 470 3153 530 ϐεΝυεΜ.
3491 469 3559 525 εξ

395 585 589 636 hostias
634 586 972 636 innotacutatat
1002 589 1406 636 conversationis
1454 585 1560 637 Deo
1597 598 1803 652 semper
1839 583 1914 638 of.
1943 585 1991 643 Α
2020 582 2201 637 tendit.
2239 585 2369 648 Apte
2396 593 2565 637 autem
2594 584 2787 637 liberos
2814 583 2968 638 docet
3008 599 3035 636 a
3066 584 3361 638 carnalibus
3397 586 3559 640 absti-

393 673 561 736 t’ene,
593 672 940 725 meminerint.
980 670 1119 724 Ceus
1144 686 1350 739 quoque
1378 681 1559 725 sancta
1603 681 1655 724 ct
1702 673 1922 738 populus

395 764 752 831 urqnisitionis
782 774 1048 827 vocantur,
1079 768 1225 832 juxta
1255 766 1305 817 id
1330 765 1467 832 quod
1495 765 1757 833 apostolus
1788 764 1921 819 Pau-

394 852 474 903 lus
500 851 761 919 p:0pheta:
794 856 1101 905 sententiam
1131 866 1396 919 exponens
1435 851 1556 904 dicit
1589 868 1601 902 :
1631 850 1806 904 Justus
1832 868 1920 903 au-

398 954 491 991 tem
521 954 654 990 meus
684 954 744 989 ea:
764 939 863 1004 ﬁde
888 939 1037 1001 vivit;
1057 941 1189 1006 quod
1213 940 1254 991 si
1276 939 1573 991 subtraxerit
1594 954 1666 1003 se,
1692 952 1788 990 non
1815 938 1926 1006 pla-

395 1033 517 1084 cebit
551 1032 731 1083 animle
755 1046 874 1083 mew
890 1048 910 1095 ;
939 1048 1025 1083 nos
1049 1042 1234 1093 autem,
1264 1031 1459 1097 inquit,
1494 1046 1590 1081 non
1617 1045 1789 1082 sumus
1811 1032 1923 1083 sub-

395 1120 647 1172 tractionis
690 1120 739 1170 in
784 1120 1127 1185 perditionem,
1179 1118 1267 1169 sed
1308 1118 1427 1184 ﬁdei
1474 1120 1523 1169 in
1554 1116 1925 1186 acquisitianem

394 1210 577 1261 animat
605 1210 621 1276 (
646 1207 797 1261 llebr.
830 1208 913 1275 ι).
949 1207 1013 1260 Et
1053 1209 1104 1260 in
1146 1208 1358 1261 Actibus
1406 1210 1779 1275 apostolorum,
1821 1207 1921 1262 Vos

400 1297 617 1366 Spiritus
645 1308 845 1350 sanctus
873 1299 1031 1365 posuit
1057 1299 1308 1365 episcopos
1330 1312 1497 1364 regere
1531 1296 1801 1349 Ecclesium
1833 1295 1929 1347 Do-

398 1392 537 1456 mini,
561 1407 627 1459 qu
644 1406 708 1442 nn
729 1391 983 1458 acquisivit
1009 1392 1248 1462 sanguine
1272 1407 1360 1444 suo
1389 1390 1522 1459 (Act.
1553 1389 1671 1456 xx).
1702 1388 1927 1455 Pupulus

400 1501 524 1553 ergo
544 1484 900 1550 acquisitionis
923 1484 1043 1537 facti
1073 1498 1251 1537 sumus
1279 1484 1327 1536 in
1358 1482 1611 1554 sanguine
1635 1482 1798 1537 nostri
1827 1481 1930 1537 Ile-

398 1573 703 1639 demptoris,
749 1572 884 1640 quod
932 1582 1043 1625 erat
1086 1573 1345 1639 quondam
1394 1571 1614 1640 populus
1658 1571 1811 1624 lsrael
1840 1585 1926 1625 re-

395 1664 638 1729 demptus
666 1664 911 1730 sanguine
945 1663 1061 1732 agni
1104 1664 1168 1715 de
1206 1661 1452 1731 Egypto.
1499 1661 1644 1716 Unde
1684 1675 1737 1716 et
1762 1663 1811 1715 in
1841 1677 1929 1716 se-

401 1756 576 1819 quenti
604 1770 810 1824 quoque
851 1756 1108 1810 versiculo
1141 1757 1360 1825 mystice
1408 1757 1598 1810 veteris
1629 1756 1930 1812 recordatus

402 1844 655 1909 historiae.
684 1856 736 1898 et
758 1845 889 1897 hanc
909 1844 1063 1898 etiam
1095 1860 1230 1898 novo
1254 1845 1344 1899 Dei
1370 1845 1561 1913 populo
1591 1844 1932 1912 spiritualiter

400 1937 552 1989 docet
579 1935 915 2001 implendam,
945 1936 1125 1989 dicens
1148 1953 1161 1987 :

475 2023 538 2077 Ut
572 2025 770 2077 rirtutes
793 2024 1101 2078 an’nnntietis
1126 2028 1258 2095 ejus,
1284 2035 1388 2080 etc.
1415 2025 1561 2081 Sicut
1590 2028 1728 2079 enim
1760 2026 1811 2078 ln
1842 2027 1931 2094 qui

401 2116 465 2168 .le
499 2115 736 2184 Egyptia
765 2116 1011 2181 servitute
1039 2116 1237 2172 liberati
1270 2127 1391 2172 sunt
1430 2133 1520 2185 per
1563 2119 1770 2188 Moysen
1812 2134 1929 2172 car-

402 2221 519 2258 men
550 2206 857 2273 triumphale
884 2217 999 2284 post
1029 2209 1301 2263 transitum
1348 2210 1507 2263 maris
1538 2207 1699 2264 Rubri
1741 2222 1795 2264 et
1841 2212 1929 2264 de-

405 2309 633 2346 nnrsurn
673 2293 955 2348 Pharaonis
980 2296 1266 2350 exercitum
1314 2297 1533 2350 Domino
1570 2298 1931 2362 decantarom,
2014 2292 2019 2296 ’

404 2388 470 2437 ita
507 2398 560 2439 et
583 2399 678 2439 nos
706 2396 910 2454 oportet
941 2396 1056 2454 post
1076 2397 1342 2457 acceptam
1374 2390 1424 2442 in
1453 2389 1711 2457 baptismo
1740 2391 1931 2444 remis-

401 2479 602 2531 sionem
634 2486 960 2545 peccatorum
989 2478 1171 2548 dignas
1210 2480 1473 2536 beneﬂciis
1516 2481 1815 2535 ccclestibos
1849 2495 1931 2534 re.

405 2568 626 2632 pendere
652 2570 862 2635 gratias.
903 2568 1134 2635 Namque
1160 2569 1415 2638 Egyptii,
1446 2570 1529 2638 qui
1563 2572 1807 2638 populum
1844 2570 1931 2624 Dei

404 2655 716 2721 at'tligebant,
744 2655 1005 2721 quietiam
1035 2658 1259 2711 tenebrae
1284 2659 1363 2711 vel
1392 2657 1747 2713 tribulatioues
1771 2659 1931 2713 inter-

406 2752 703 2808 pretantur,
745 2752 863 2807 apte
908 2759 1001 2811 per
1050 2745 1317 2812 sequentia
1362 2760 1457 2800 nos
1498 2758 1737 2814 peccata,
1766 2748 1855 2801 sed
1885 2750 1936 2801 in

406 2830 711 2895 baptismate
732 2830 918 2895 deleta,
941 2833 1253 2900 signiﬁcant.
1283 2834 1546 2889 Liberatio
1565 2849 1773 2903 quoque
1803 2835 1935 2888 lilio-

410 2934 521 2971 rum
549 2918 725 2983 lsruel,
758 2928 809 2972 et
829 2922 890 2974 ad
920 2924 1227 2988 promissam
1251 2923 1373 2976 olim
1401 2925 1618 2989 patriam
1646 2924 1934 2990 perductio,

405 3007 644 3075 congruit
671 3008 919 3075 mysterio
948 3021 1137 3064 nostra:
1165 3011 1553 3080 redemptionis,
1582 3027 1844 3081 perquam
1872 3014 1935 3066 ad

405 3096 571 3148 lueem
598 3110 836 3163 superna:
858 3098 1158 3161 mansionis,
1186 3098 1477 3153 illustrante
1500 3116 1595 3153 nos
1615 3117 1674 3153 ac
1697 3102 1935 3163 ducente,

404 3182 593 3237 Christi
621 3184 801 3252 gratia,
835 3186 1091 3239 tendimus
1124 3205 1135 3237 :
1165 3188 1312 3253 cujus
1355 3188 1523 3241 lucent
1565 3189 1741 3255 gratia:
1781 3192 1937 3244 ctiam

405 3272 494 3324 illa
540 3274 689 3324 nubis
717 3283 766 3326 et
811 3274 943 3338 ignis
970 3276 1210 3326 coluuma
1244 3277 1552 3328 monstravit
1578 3294 1591 3339 ;
1622 3292 1735 3344 qua:
1764 3291 1855 3329 eos
1884 3286 1938 3330 et

410 3359 461 3411 in
494 3368 602 3412 toto
628 3361 810 3415 itinere
836 3362 924 3415 illo
947 3377 974 3415 a
1003 3363 1228 3418 tenebris
1256 3362 1485 3419 defendit
1515 3367 1766 3430 noctium,
1797 3377 1847 3421 et
1873 3367 1938 3420 ad

412 3450 693 3515 promissas
726 3450 904 3516 patrize
937 3452 1087 3505 sedes
1132 3454 1465 3506 inenarrabili
1507 3454 1639 3508 calle
1681 3456 1936 3522 perduxit.

482 3536 575 3598 Qui
604 3537 869 3603 aliquando
898 3555 995 3590 non
1022 3539 1239 3607 papulas
1269 3539 1393 3602 Dei,
1426 3555 1556 3591 nunc
1584 3550 1745 3593 autem
1776 3558 1937 3609 popu-

411 3626 489 3679 lus
522 3624 632 3686 Dei,
658 3634 759 3679 etc.
793 3627 985 3679 Iudicat
1027 3640 1204 3693 aperte
1248 3644 1340 3696 per
1383 3630 1478 3681 hos
1506 3629 1787 3682 versiculos
1815 3632 1935 3695 quia

356 3746 363 3754 α
413 3714 491 3765 his
520 3714 606 3781 qui
650 3713 712 3766 de
738 3715 976 3781 gentibus
1016 3714 1078 3767 ad
1106 3715 1258 3768 tidem
1289 3726 1537 3769 venerant
1567 3716 1700 3770 hanc
1728 3719 1943 3787 scripsit

416 3801 719 3871 Epistolatn,
765 3804 845 3867 qui
872 3803 1121 3869 quondam
1163 3805 1367 3856 alienati
1393 3820 1423 3855 a
1452 3806 1816 3858 conversatione
1854 3821 1943 3872 po-

415 3892 521 3957 puli
551 3890 663 3953 Dei,
691 3906 819 3941 nunc
844 3908 929 3958 per
949 3893 1159 3959 gratiam
1188 3894 1304 3959 ﬁdei
1328 3896 1513 3961 papula
1535 3904 1647 3946 sunt
1678 3895 1786 3959 eius
1808 3894 1941 3945 adu-

415 3981 521 4033 nati
545 4018 560 4041 ,
608 3991 664 4043 et,
700 3981 1084 4033 misericordiam
1136 4000 1280 4049 quant
1324 4000 1521 4050 sperare
1566 4001 1663 4037 non
1712 3996 1945 4039 noverant

414 4069 586 4135 adepti
615 4067 821 4139 (Ep/tes.
850 4071 926 4138 tt).
982 4072 1211 4124 Assumit
1260 4085 1431 4125 autem
1468 4088 1558 4127 cos
1598 4073 1661 4128 de
1694 4070 1940 4142 propheta

414 4156 581 4221 Osee,
613 4157 699 4224 qui
726 4161 789 4211 de
813 4162 1079 4213 vocatione
1103 4163 1332 4228 gentium
1356 4167 1642 4229 praecinctis
1669 4182 1680 4213 :
1715 4163 1937 4225 Vocabo,

414 4246 598 4313 inquit,
624 4264 721 4299 non
747 4248 931 4314 plebem
959 4265 1115 4300 meam
1140 4250 1323 4318 plebcnt
1349 4267 1527 4314 nteant,
1552 4260 1597 4301 et
1628 4265 1724 4301 non
1752 4252 1944 4301 miseri-

414 4338 636 4387 cordium
691 4349 999 4391 consecutam
1050 4340 1434 4392 misericordiam
1484 4351 1810 4393 consecutam.
1877 4338 1943 4392 Et

414 4427 535 4489 erit,
562 4428 613 4477 in
643 4429 749 4479 ltco
781 4430 862 4482 ubi
890 4433 1074 4483 dictum
1102 4445 1171 4486 est
1200 4434 1267 4485 eis
1300 4449 1316 4485 :
1355 4431 1472 4485 Non
1512 4435 1646 4502 plebs
1691 4451 1797 4485 mea
1837 4450 1939 4499 vos,

416 4514 485 4564 ibi
509 4516 811 4569 vocabuntur
839 4519 931 4584 ﬁlii
958 4519 1050 4573 Dei
1077 4524 1170 4574 citi
1192 4522 1329 4590 (Use.
1360 4538 1398 4589 ι,
1426 4521 1503 4591 n).
1810 4580 1811 4583 η

481 4602 789 4670 Citarissimi,
814 4611 1013 4660 obsecro
1044 4625 1125 4661 ros
1153 4622 1383 4676 tanquam
1411 4612 1624 4663 advenas
1651 4620 1699 4664 et
1725 4614 1940 4683 peregri-

414 4714 501 4748 nos
524 4736 538 4759 ,
566 4706 666 4750 etc.
699 4696 973 4763 [lucusque
1004 4697 1183 4752 beatus
1212 4699 1393 4751 Petrus
1419 4701 1728 4767 generaliter
1757 4702 1939 4754 Eccle-

411 4788 543 4839 siam
596 4788 835 4853 instituit,
879 4789 1144 4856 explicans
1192 4790 1270 4843 vel
1318 4791 1566 4845 beneﬁcia
1613 4792 1802 4859 quibus
1850 4806 1943 4845 nos

413 4875 583 4927 divina
615 4880 777 4945 pietas
805 4877 869 4930 ad
890 4876 1107 4932 salutem
1134 4893 1340 4944 vocare,
1373 4879 1453 4933 vel
1476 4882 1608 4931 dona
1631 4880 1819 4947 quibus
1852 4881 1946 4932 ali-

412 4962 619 5027 quando
645 4963 869 5026 Judmos,
906 4980 1038 5019 nunc
1065 4976 1237 5020 autem
1271 4984 1364 5021 nos
1418 4968 1673 5022 honorare
1704 4972 1946 5036 dignatus

412 5062 509 5104 cst.
540 5051 667 5104 Hinc
692 5052 921 5104 diversas
966 5055 1193 5109 lidelium
1236 5072 1482 5123 personas
1517 5058 1737 5110 solerter
1771 5059 1948 5109 hortu-

412 5157 515 5207 tur,
557 5158 622 5197 ne
649 5159 706 5197 se
741 5154 879 5196 tanta
912 5147 1074 5197 sancti
1105 5146 1325 5210 Spiritus
1354 5148 1517 5213 gratia
1563 5148 1838 5198 carnaliter
1873 5144 1947 5197 vi-

416 5232 583 5309 vendo
626 5234 837 5287 reddant
872 5235 1125 5302 indignos.
1156 5235 1228 5286 Ne
1256 5237 1343 5301 qui
1376 5237 1530 5302 regali
1560 5252 1617 5287 ac
1639 5235 1944 5289 sacerdotali

415 5322 664 5375 vocabulo
695 5335 814 5375 sunt
860 5322 1107 5392 insigniti,
1141 5324 1377 5373 vitiorum
1430 5325 1621 5375 malitia
1667 5326 1885 5388 subacti,
1919 5340 1944 5375 a

416 5415 718 5467 condonata:
762 5418 839 5467 vel
866 5416 1131 5481 promissa:
1160 5415 1280 5468 olim
1312 5413 1408 5465 sibi
1457 5414 1735 5466 nobilitatis
1778 5416 1940 5479 gloria

419 5508 746 5575 dcgcnerent.
794 5510 963 5575 Itaque
996 5510 1159 5573 primo
1192 5510 1376 5560 liberos
1423 5519 1474 5560 et
1514 5523 1730 5569 servos,
1762 5508 1947 5559 deinde

417 5600 660 5650 mulieres
702 5610 754 5651 et
780 5600 915 5650 viros
946 5598 1240 5664 Specialitet'
1268 5598 1564 5661 alloquitur.
1599 5616 1656 5649 ac
1704 5608 1814 5663 post
1866 5602 1943 5649 in-

417 5688 801 5740 terlocutionent
847 5689 1099 5753 generalis
1140 5688 1516 5739 exhortationis
1559 5690 1791 5760 seniores
1820 5703 1947 5750 quo-

416 5793 512 5847 que
555 5785 602 5829 ct
632 5774 977 5829 adolescentes
1004 5775 1223 5841 qualiter
1251 5786 1365 5828 sese
1412 5789 1567 5835 apere
1614 5775 1827 5826 debeant
1861 5787 1946 5824 (ιε-

2025 686 2147 724 nere
2176 672 2478 735 desideriis,
2510 674 2625 737 quia
2655 674 2790 725 solet
2819 674 3032 727 libertas
3080 674 3197 727 vita:
3238 675 3559 730 remissioris

2025 762 2221 829 majora
2273 763 2632 816 illccrbrarum
2689 762 3006 817 titillantium
3056 764 3278 816 tolerare
3306 766 3560 832 pericula,

2022 864 2137 918 quae
2164 850 2388 904 militant
2414 851 2664 904 adversus
2693 850 2937 905 animam.
2969 853 3097 918 Quia
3137 852 3262 905 dum
3307 855 3564 921 concupi-

2023 938 2234 992 sceutiis
2258 938 2640 992 blandientibus
2664 953 2788 991 caro
2811 940 3072 993 enerviter
3098 939 3427 1007 subiugatur.
3452 943 3564 1008 iam

2024 1026 2263 1079 vitiorum
2305 1026 2569 1081 exercitus
2602 1026 2816 1080 lirmiter
2854 1026 3105 1081 adversus
3138 1030 3361 1081 animant
3393 1044 3566 1081 arma-

2025 1128 2129 1171 tur.
2155 1117 2296 1184 Quos
2318 1127 2676 1185 competenter
2702 1120 2929 1172 advenas
2957 1130 3110 1174 vocat
3136 1132 3190 1173 et
3233 1122 3565 1188 peregrinos,

2029 1217 2083 1259 ut
2110 1220 2175 1259 eo
2219 1206 2391 1261 minus
2420 1209 2643 1261 terrenis
2685 1209 2842 1262 rebus
2869 1208 3092 1263 animam
3120 1222 3427 1277 supponant,
3460 1226 3570 1275 quo

2024 1309 2084 1349 se
2110 1293 2326 1361 patriam
2356 1295 2407 1348 in
2432 1296 2579 1350 caelis
2604 1295 2795 1351 habere
2822 1296 3173 1353 meminerint.
3202 1298 3434 1367 Namque
3462 1300 3570 1352 hoc

2029 1385 2222 1440 distare
2249 1384 2301 1438 in
2328 1385 2429 1438 hac
2460 1386 2560 1438 vita
2600 1385 2736 1439 inter
2766 1385 2960 1440 electos
3006 1396 3061 1439 et
3107 1388 3355 1452 reprobus
3404 1388 3571 1443 solet,

2027 1475 2165 1543 quod
2191 1475 2341 1529 electi
2371 1475 2629 1544 peregrini
2662 1490 2801 1529 nunc
2827 1486 2872 1529 et
2901 1476 3111 1528 exsules
3137 1480 3351 1541 patriam
3378 1490 3566 1542 exspe-

2028 1570 2171 1619 ctant
2200 1566 2250 1620 in
2296 1565 2490 1629 futuro,
2522 1575 2772 1637 tantoque
2802 1568 2971 1619 minus
3000 1567 3052 1620 in
3095 1568 3337 1633 prtesenti
3366 1566 3576 1634 gaudiis

2031 1656 2355 1710 delectantur
2396 1656 2627 1724 caducis,
2673 1665 2866 1725 quanto
2895 1658 3065 1709 futura
3097 1657 3210 1708 sine
3240 1655 3339 1707 line
3379 1657 3573 1723 gaudia

2027 1758 2087 1798 se
2135 1757 2347 1812 sperant
2386 1747 2659 1814 accipere,
2701 1745 2829 1799 etin
2878 1755 3129 1798 cternnin
3181 1760 3398 1809 regnare
3446 1760 3575 1797 cum

2029 1834 2261 1889 Christo.
2296 1835 2362 1889 At
2390 1851 2513 1889 vero
2542 1835 2745 1903 reprobi
2778 1836 2866 1888 hic
2902 1834 3092 1887 habent
3135 1838 3384 1902 patriam,
3416 1836 3605 1903 cujus-

1963 1902 2010 1961 Β
2035 1925 2203 1978 solum
2239 1927 2357 1983 vita:
2396 1902 2669 1979 desideriis
2706 1935 2895 1977 norunt
2934 1925 3170 1988 inhiare,
3203 1926 3421 1994 ideoque
3449 1902 3578 1993 post

2034 2016 2166 2069 hanc
2195 2016 2351 2067 vitam
2382 2015 2432 2068 iu
2478 2014 2713 2069 exsilium
2744 2012 3110 2080 relcgabuntnr
3134 2024 3449 2081 perpetuum,
3481 2018 3536 2067 ul
3562 2010 3580 2063 i

2032 2105 2235 2161 cunctis
2280 2116 2518 2160 carentes
2549 2104 2895 2172 voluptatibus
2937 2105 3044 2157 sola
3091 2103 3142 2157 itt
3172 2106 3440 2158 tormentis
3473 2122 3578 2170 pu-

2033 2198 2226 2251 tiantur
2255 2195 2491 2250 adversa.

2113 2287 2177 2340 Ut
2206 2290 2255 2338 in
2281 2302 2337 2338 eo
2365 2286 2494 2352 quod
2524 2286 2799 2337 detractant
2827 2287 2889 2336 de
2908 2286 3039 2338 vobis
3060 2326 3073 2350 ,
3119 2296 3219 2338 etc.
3252 2284 3576 2351 Plerumque

2032 2375 2254 2444 contigit
2284 2384 2342 2427 ut
2369 2374 2551 2442 pagani
2576 2376 2660 2441 qui
2695 2376 2847 2428 tidem
2870 2371 3279 2429 Christianorum
3306 2376 3574 2442 vitupera-

2037 2464 2183 2529 bant,
2231 2464 2353 2531 quia
2402 2464 2531 2517 deos
2579 2476 2703 2515 suos
2758 2462 3182 2527 dereliquisscnt.
3236 2463 3571 2526 postmodum

2035 2553 2427 2609 considerantes
2466 2559 2661 2603 castam
2708 2564 2886 2603 eorum
2925 2551 3366 2603 conversationem
3407 2559 3459 2602 et
3485 2550 3574 2601 in.

2035 2643 2229 2695 victum
2258 2641 2310 2694 in
2339 2637 2547 2693 Christo
2572 2639 2824 2701 animum,
2866 2647 3142 2692 cessarent
3164 2639 3239 2691 eis
3268 2638 3568 2701 detrahere,

2036 2732 2305 2801 magisque
2361 2729 2520 2783 Deum
2562 2728 2853 2796 gloriﬁcare
2899 2744 2959 2780 ac
3003 2729 3211 2781 laudare
3254 2729 3565 2793 i.:cipereut,

2036 2819 2126 2888 qui
2153 2818 2384 2873 bonime
2414 2831 2473 2871 ac
2494 2817 2696 2885 justitia
2726 2817 2985 2884 cultorum
3015 2833 3223 2870 suorum
3251 2820 3415 2869 bonus
3447 2828 3571 2868 esse

2039 2916 2343 2985 probaretur
2370 2922 2424 2967 et
2455 2914 2644 2981 justus.
2671 2911 2959 2979 Cleri/irent
2987 2913 3197 2979 (inquit)
3225 2911 3379 2963 Deum
3404 2911 3456 2959 in
3482 2910 3568 2960 die

2038 3008 2352 3073 uisitationis,
2383 3007 2481 3060 hoc
2510 3016 2590 3059 est
2621 3005 2669 3058 in
2706 2988 2941 3075 tempore
2973 3004 3347 3062 retributionis,
3374 3013 3567 3069 quanta

2039 3098 2107 3150 sit
2133 3097 2277 3150 vobis
2301 3096 2461 3164 gloria
2489 3110 2580 3162 per
2611 3095 2771 3149 Deum
2803 3093 3061 3155 donanda,
3094 3094 3197 3159 jam
3232 3109 3365 3145 nunc
3406 3109 3572 3158 agno-

2041 3196 2187 3239 sczmt
2219 3185 2489 3248 increduli,
2538 3200 2654 3236 cttm
2703 3196 2796 3236 vos
2835 3182 3086 3234 instanter
3136 3182 3268 3236 inter
3310 3183 3568 3235 obstantia

2044 3277 2271 3344 pericula
2296 3274 2441 3327 illum
2472 3274 2618 3340 sequi
2651 3274 3031 3341 perspexerint.

2110 3365 2333 3435 Subjecti
2356 3364 2510 3431 igitur
2531 3371 2681 3415 estote
2708 3362 2842 3414 omni
2866 3364 3095 3412 lininonw
3116 3371 3353 3412 creatura
3370 3371 3567 3425 propter

2042 3453 2223 3506 Deum.
2255 3452 2408 3505 Omni
2442 3451 2678 3503 ltumanre
2699 3461 2948 3504 creatura:
2977 3450 3120 3511 dicit,
3152 3450 3291 3502 omni
3333 3449 3568 3514 dignitati

2046 3544 2334 3604 hominum,
2356 3544 2497 3597 omni
2528 3557 2780 3607 personae,
2808 3542 2948 3594 omni
2980 3541 3308 3608 principntui,
3338 3540 3420 3593 cui
3468 3554 3570 3592 nos

2042 3632 2213 3686 divi’na
2246 3631 2512 3698 dispositio
2554 3631 2701 3685 subdi
2733 3631 2966 3683 voluerit.
3005 3630 3111 3683 lloc
3144 3641 3221 3683 est
3248 3630 3382 3681 enim
3429 3629 3570 3694 quod

2043 3721 2115 3772 ait
2145 3737 2160 3773 :
2190 3719 2399 3784 I’rOpter
2428 3719 2608 3784 Deum,
2638 3720 2756 3783 quia
2785 3734 2882 3769 non
2910 3729 2976 3769 est
3004 3728 3218 3784 potestas
3257 3718 3352 3769 nisi
3381 3733 3411 3768 a
3441 3716 3569 3770 Dea.

2046 3808 2112 3861 Et
2139 3810 2221 3875 qui
2250 3809 2478 3877 potestati
2504 3808 2705 3872 resistit,
2742 3807 2828 3859 Dei
2861 3808 3161 3861 ordinationi
3186 3808 3359 3860 resistit
3390 3808 3568 3874 (an.

2046 3898 2177 3969 xm).
2204 3899 2365 3964 Quam
2394 3906 2680 3950 creaturam
2708 3898 3088 3965 snbscquentcr
3127 3899 3357 3964 exponit,
3382 3898 3561 3964 adjun-

2043 4003 2208 4057 gens:

2119 4078 2233 4132 Sive
2261 4078 2363 4145 regi
2386 4075 2527 4143 quasi
2559 4076 2883 4142 pra'reltenti,
2910 4085 3010 4126 etc.
3060 4066 3179 4157 ideo
3226 4078 3330 4143 trgi
3371 4088 3569 4129 tantum

2044 4183 2105 4222 ac
2132 4168 2366 4227 ducibus,
2400 4181 2498 4218 non
2526 4175 2697 4219 autem
2730 4176 2782 4218 et
2806 4165 3031 4218 dominis
3059 4164 3203 4232 dicit,
3243 4170 3361 4235 ana
3393 4168 3442 4219 in
3474 4168 3574 4219 huc

2048 4256 2164 4308 loco
2192 4254 2307 4306 illos
2340 4253 2659 4319 Speciulitcr,
2690 4262 2743 4303 ut
2768 4250 2964 4317 praefati
2994 4267 3195 4317 sumus,
3236 4254 3441 4305 instruit
3486 4253 3573 4319 qui

2044 4354 2164 4398 sunt
2193 4342 2388 4395 domini
2417 4356 2711 4395 servorum.
2741 4342 3132 4409 Snbsequenter
3163 4357 3287 4395 vero
3317 4352 3365 4394 ct
3390 4358 3576 4398 servos

2046 4432 2306 4503 quomodo
2334 4430 2559 4485 dominis
2611 4430 2925 4484 famulrntnr
2968 4433 3228 4484 admooet.
3272 4427 3576 4497 Docctergo

2047 4526 2225 4579 lidelcs
2277 4523 2502 4578 famulos
2529 4522 2767 4576 videlicet
2793 4523 2971 4573 mterni
3001 4521 3173 4585 Regis,
3206 4521 3359 4573 etiam
3390 4522 3568 4570 mundi

2046 4616 2386 4683 potestatibus
2412 4612 2582 4675 subdi,
2635 4626 2700 4663 ne
2741 4612 2818 4664 vel
2851 4613 2898 4661 in
2930 4611 3026 4661 hoc
3072 4608 3187 4661 fidei
3241 4618 3292 4661 et
3332 4608 3515 4674 religio
3540 4609 3571 4660 .i

2041 4705 2353 4757 Christianae
2386 4702 2547 4770 possit
2574 4700 2799 4763 detrahi,
2848 4702 2981 4766 quod
3031 4714 3121 4766 per
3166 4713 3277 4749 rant
3331 4698 3572 4752 humana:

2044 4792 2355 4844 conditionis
2376 4790 2491 4856 jura
2519 4791 2811 4843 turbentur.
2861 4788 2986 4842 Nam
3028 4800 3079 4841 et
3122 4788 3184 4840 ita
3218 4799 3383 4855 potest
3430 4798 3573 4844 tecte

2044 4882 2258 4951 intelligi
2286 4881 2422 4950 quod
2452 4880 2645 4934 dictum
2672 4890 2771 4944 est,
2800 4880 2949 4939 Omni
2970 4882 3203 4931 [mutante
3226 4890 3488 4941 creatum,
3518 4890 3572 4931 ut

2045 4974 2370 5042 signiﬁcetur
2395 4986 2446 5025 et
2477 4972 2715 5024 ﬁdelibus
2744 4981 2795 5021 et
2824 4970 3099 5021 incredulis
3128 4983 3297 5020 rerum
3321 4969 3572 5021 dominis.

2119 5063 2192 5113 Ad
2220 5060 2489 5117 vindictam
2516 5059 2912 5123 malefactorum,
2939 5056 3139 5108 laudent
3166 5072 3279 5108 vero
3307 5059 3572 5112 bonorum.

2048 5146 2158 5201 Non
2184 5148 2321 5212 quod
2352 5161 2534 5198 onmes
2560 5144 2769 5210 quidem
2799 5158 2947 5208 reges
2978 5154 3065 5196 aut
3092 5145 3248 5196 dUCt‘S
3292 5144 3371 5194 vel
3416 5146 3572 5195 malc-

2038 5237 2267 5288 .tuctrres
2304 5233 2482 5298 punire
2505 5232 2584 5282 vel
2612 5230 2818 5282 laudare
2845 5232 3005 5285 bonos
3030 5234 3290 5292 noverint,
3334 5231 3423 5281 sed
3453 5246 3574 5299 qua:

2047 5339 2162 5375 esse
2194 5323 2381 5374 debeat
2428 5321 2563 5371 actio
2609 5320 2727 5370 boni
2774 5319 2959 5384 iudicis
3006 5322 3312 5387 simpliciter
3363 5334 3573 5387 narrat,

2052 5414 2149 5466 hoc
2171 5426 2249 5466 cst
2298 5422 2348 5462 ut
2379 5407 2763 5463 malel‘acientes
2791 5418 3050 5472 coerceat,
3079 5410 3209 5461 liene
3239 5418 3455 5475 agentes
3488 5427 3568 5461 re-

2050 5515 2299 5555 tnttnct‘ct.
2333 5502 2426 5563 Qui
2457 5498 2553 5552 etsi
2581 5498 2766 5565 ittjuslc
2805 5500 2905 5565 agit
2937 5498 2979 5548 si
3012 5498 3172 5547 bonos
3202 5497 3435 5558 damnat,
3488 5500 3591 5549 ιιί-.

2051 5595 2325 5645 hilominus
2356 5592 2417 5642 ad
2447 5592 2650 5643 laudent
2681 5604 2859 5641 eorum
2890 5586 3162 5653 pertinent,
3211 5602 3323 5653 quae
3353 5587 3497 5648 facit,
3534 5591 3577 5639 si

2047 5683 2434 5749 patientcrcjus
2477 5681 2857 5747 improbitatem
2912 5673 3157 5735 tolerent,
3217 5687 3267 5727 et
3316 5677 3575 5742 patienter

2050 5774 2157 5839 ejus
2196 5772 2424 5827 Stultitiast
2454 5771 2713 5825 resistant.
2754 5767 2834 5818 l’is
2866 5765 3072 5833 (inquit)
3105 5779 3196 5815 nou
3259 5768 3430 5817 (onere
3485 5781 3552 5829 po
