3860 6230
404 396 471 453 55
823 402 1022 457 usus;
1062 370 1499 489 vénsttantcts
1536 411 1681 465 ore.
1724 412 1893 468 rans

2035 417 2221 474 SECT.
2264 423 2299 475 l.
2345 453 2408 462 —
2452 424 2831 483 EXEGETICA
2872 431 3189 488 GENUINA.
3514 440 3583 493 56

1000 512 1217 583 carur
1257 517 1341 571 lll.

469 596 708 651 Similiter
736 611 780 653 et
806 603 1032 656 mulieres
1059 606 1269 659 subdita:
1293 609 1392 660 sint
1416 612 1518 663 suis
1544 614 1677 677 viris,
1708 622 1807 666 etc.
1834 614 1937 668 No-

401 686 608 737 tandum
638 688 777 755 quod
806 692 988 744 beatus
1022 693 1206 746 l‘etrus
1236 710 1295 748 ea
1340 698 1643 753 conditione
1672 701 1937 755 desiderat

394 773 648 825 mulieres
697 775 861 829 bonas
890 789 943 830 et
982 781 1247 845 honestas,
1280 784 1403 837 viris
1455 786 1734 843 incredulis
1762 792 1930 859 subdi,

396 874 454 915 ut
482 876 583 915 non
612 864 781 917 solum
816 868 941 921 nihil
964 871 1085 943 mali
1116 871 1179 923 ad
1206 873 1479 940 imperium
1510 892 1690 930 eorum
1721 880 1930 943 faciant,

393 962 574 1003 verum
600 953 762 1005 etiam
795 956 844 1006 in
895 935 998 1009 tam
1032 967 1171 1011 casta
1199 964 1600 1018 conversatione
1657 967 1935 1033 persistant

392 1036 791 1104 insuperabiles,
828 1050 883 1093 ut
913 1044 1036 1108 ipsis
1068 1046 1222 1099 etiam
1274 1049 1399 1102 viris
1445 1052 1686 1120 exemplo
1731 1055 1934 1120 possint
2006 1066 2017 1071 ‘

392 1138 508 1178 esse
531 1125 782 1181 castitatis
810 1139 862 1181 et
895 1129 1033 1182 ﬁdei.

461 1214 681 1275 Quarum
710 1216 772 1267 sit
812 1234 909 1269 non
939 1221 1245 1274 extrinsecus
1283 1225 1604 1293 capillatum,
1655 1239 1757 1285 etc.
1781 1230 1929 1296 Quia,

388 1302 517 1356 sicut
547 1305 843 1373 Cyprianus
868 1309 960 1374 ait,
996 1328 1014 1360 ι
1048 1313 1275 1365 sericum
1308 1324 1358 1367 et
1403 1330 1684 1384 purpuram
1741 1320 1927 1374 induta:

387 1388 654 1445 Christum
704 1394 931 1450 induere
953 1392 1333 1466 nonpossunt.
1385 1406 1527 1479 Auro
1556 1415 1608 1459 et
1641 1400 1930 1474 margaritis

386 1489 440 1531 ct
468 1480 747 1536 monilibus
777 1485 1040 1539 adornata:
1070 1500 1374 1542 ornamenta
1406 1494 1580 1546 cordis
1607 1509 1669 1547 ac
1707 1497 1929 1561 pectoris

393 1573 754 1638 perdiderunt.
786 1578 934 1643 Quod
964 1580 1010 1633 si
1067 1581 1250 1635 Petrus
1305 1585 1550 1641 mulieres
1594 1605 1804 1658 quoque
1833 1592 1926 1645 ad-

383 1674 562 1716 monet
594 1668 935 1733 coercendas,
966 1677 1019 1723 et
1043 1670 1106 1723 ad
1138 1672 1548 1733 ecclesiasticam
1597 1678 1925 1746 disciplinam

383 1752 624 1819 religiosa
678 1754 1048 1812 observatione
1099 1761 1462 1828 moderandas,
1508 1780 1626 1831 qua:
1676 1782 1927 1821 excusare
1984 1815 1993 1826 .

380 1847 551 1895 cultus
579 1856 703 1897 suos
749 1845 954 1900 soleant
1008 1863 1101 1915 per
1149 1853 1384 1918 maritos,
1413 1863 1607 1921 quanto
1658 1856 1709 1909 id
1760 1860 1923 1927 magis
1957 1848 1999 1907 Β

367 1931 665 1985 observare
694 1932 952 2001 virginem
983 1936 1057 1989 tas
1087 1947 1190 2002 est,
1242 1941 1325 1993 cui
1358 1943 1493 1995 nulla
1523 1956 1739 1999 ornatus
1780 1960 1924 1999 com-

379 2024 522 2083 petat
546 2019 720 2085 venia,
754 2035 849 2074 nec
869 2021 1093 2078 derivari
1140 2025 1191 2077 in
1244 2028 1464 2081 alterum
1514 2033 1681 2097 possit
1711 2034 1924 2087 menda-

374 2106 517 2158 cium
547 2108 733 2175 culpre,
763 2110 855 2163 sed
884 2111 992 2165 sola
1020 2113 1129 2180 ipsa
1153 2114 1206 2167 in
1237 2118 1455 2172 crimine
1484 2124 1793 2175 remaneat?
1830 2142 1845 2174 ι

449 2199 552 2253 Sed
602 2201 686 2267 qui
740 2204 1063 2259 absconditus
1111 2217 1184 2259 est
1245 2210 1407 2262 cordis
1455 2212 1603 2265 homo
1650 2216 1699 2266 in
1753 2217 1921 2268 incor—

378 2288 705 2355 ruptibilitate
733 2293 885 2359 quieti
912 2302 960 2346 et
999 2296 1209 2348 modesti
1230 2299 1469 2366 spiritus,
1489 2308 1591 2356 etc.
1619 2302 1921 2358 Cztstitatem

375 2377 643 2445 prmdicat,
690 2388 741 2433 et
771 2388 1012 2433 ornatum
1043 2382 1306 2437 interioris
1355 2385 1582 2439 hominis
1630 2388 1683 2440 in
1741 2390 1921 2442 incor-

373 2467 612 2534 ruptione
654 2469 818 2536 quieti
862 2479 914 2523 et
946 2472 1171 2526 modesti
1220 2475 1434 2542 spiritus
1467 2518 1482 2544 ,
1532 2479 1920 2545 quodammodo

373 2556 598 2614 dicens:
627 2558 885 2625 Quoniam
934 2564 1167 2617 exterior
1216 2575 1391 2620 vester
1442 2569 1601 2622 homo
1638 2582 1919 2640 corruptus

375 2658 473 2709 ett.
505 2657 555 2701 et
582 2649 954 2705 beatitudinem
984 2653 1315 2723 integritatis,
1350 2671 1465 2723 quae
1494 2659 1705 2725 proprie
1752 2661 1919 2728 virgi-

373 2752 496 2789 num
515 2747 614 2804 est,
639 2738 833 2794 habere
853 2741 1142 2807 destitistis,
1172 2746 1447 2799 imitamini
1473 2747 1915 2817 incorruptionem

376 2828 593 2894 spiritus
625 2844 718 2897 per
748 2846 985 2885 severam
1026 2833 1418 2901 abstinentiam,
1449 2848 1504 2891 et
1530 2840 1667 2905 quod
1697 2854 1917 2906 corpore

374 2930 475 2969 non
528 2918 762 2983 potestis,
797 2930 971 2973 mente
1023 2931 1288 2987 prtestate.
1340 2925 1444 2977 llas
1490 2927 1631 2979 enim
1677 2926 1916 2984 Christus

372 3006 599 3072 divitias,
639 3016 692 3062 et
721 3024 813 3063 vos
843 3008 931 3074 [Γ.
967 3011 1082 3082 hos]
1114 3025 1298 3066 vestra:
1321 3015 1705 3092 coniunctionis
1731 3021 1917 3087 quaerit

368 3101 603 3147 ornatus.
633 3096 819 3150 Mirum
852 3108 901 3152 et
926 3100 1061 3167 apud
1088 3102 1441 3171 Pythagoram
1467 3108 1722 3162 naturalis
1744 3110 1914 3162 scien-

370 3183 457 3234 tia:
488 3182 601 3253 lege
631 3184 862 3240 dictante
890 3187 1023 3241 hanc
1047 3192 1364 3245 sententiam
1398 3193 1643 3259 inveniri,
1678 3211 1796 3249 vera
1830 3212 1916 3251 or-

372 3281 615 3323 namenta
648 3282 1002 3327 matronarum
1033 3278 1333 3343 pudicitiam
1358 3320 1372 3345 ,
1403 3296 1505 3334 non
1540 3293 1733 3349 vestes,
1776 3300 1913 3342 esse.

445 3356 570 3422 Viri,
602 3362 828 3413 similiter
855 3363 1489 3419 cohabitantessecundum
1510 3371 1787 3433 scientiam,
1811 3383 1912 3426 etc.

369 3446 617 3501 Similiter
669 3450 816 3517 dicit,
873 3452 1013 3506 viros
1069 3455 1133 3507 ad
1184 3455 1531 3511 imitationem
1585 3473 1911 3526 provocans,

364 3534 485 3600 quia
508 3535 614 3601 jam
643 3550 799 3604 supra
832 3539 1082 3592 uxoribus
1115 3554 1457 3609 praeceperat,
1514 3545 1731 3599 dicens:
1781 3547 1915 3601 Con-

363 3623 579 3687 siderent
609 3627 700 3678 viri
740 3627 791 3679 in
838 3629 1015 3682 timore
1054 3630 1149 3688 Dei
1180 3642 1363 3685 castam
1407 3643 1617 3687 vestram
1648 3652 1916 3691 conversa-

364 3711 567 3764 tionem.
602 3713 891 3767 Secundum
933 3718 1190 3771 scientiam
1217 3730 1411 3785 autem,
1445 3731 1501 3776 ut
1524 3725 1766 3777 noverint
1789 3728 1913 3794 quid

366 3800 631 3855 desideret
660 3804 815 3870 Deus,
848 3815 901 3859 et
928 3809 1160 3861 tribuant
1186 3808 1439 3864 honorem
1470 3812 1682 3865 vasculo
1717 3815 1910 3869 mulie-

372 3892 476 3945 bri.
499 3892 551 3947 Si
576 3894 933 3952 abstineamus
962 3913 1058 3952 nos
1086 3912 1112 3950 a
1141 3900 1299 3966 coitu,
1327 3903 1578 3957 honorem
1613 3904 1909 3961 tribuimus.

369 3978 425 4032 Si
451 3995 555 4033 non
582 3982 940 4038 abstineamus
960 4025 975 4050 ,
1015 3989 1348 4056 perspicuum
1379 4002 1460 4043 est
1488 3992 1671 4047 honori
1706 4003 1913 4048 contra-

363 4071 500 4125 rium
531 4086 647 4128 esse
677 4077 1034 4131 concubitum.

434 4160 501 4215 Ut
529 4180 591 4216 ne
619 4165 952 4233 impediantur
984 4174 1233 4223 orationes
1260 4180 1451 4225 vestrm.
1485 4172 1547 4224 Et
1580 4173 1770 4227 Paulus
1800 4176 1871 4226 ait
1898 4192 1909 4225 :

365 4240 535 4321 Nolite
580 4255 820 4321 fraudare
870 4256 1234 4324 invicem,nisi
1287 4263 1419 4328 forte
1454 4277 1515 4313 ex
1560 4278 1801 4315 consensu
1846 4266 1913 4315 ad

364 4352 554 4409 tempus
576 4352 628 4395 ut
652 4348 832 4397 vacetis
859 4349 1075 4401 orationi
1108 4350 1155 4417 (ι
1202 4348 1319 4403 Cor.
1348 4353 1467 4419 vn).
1516 4353 1760 4417 lmpediri
1788 4370 1911 4425 ergo

363 4433 626 4488 orationes
651 4435 831 4488 oflicio
879 4439 1144 4506 conjugali
1194 4452 1594 4506 commemorat,
1626 4445 1744 4511 quia
1776 4460 1909 4511 quo-

366 4521 667 4589 tiescunque
689 4525 840 4576 uxori
874 4525 1105 4579 debitum
1132 4529 1312 4593 reddo,
1349 4544 1499 4582 orare
1531 4546 1635 4583 non
1669 4547 1899 4598 possum.

362 4612 512 4677 Quod
542 4612 584 4664 si
612 4612 761 4680 juxta
792 4614 954 4667 alium
1004 4619 1226 4684 apostoli
1258 4632 1555 4673 sermonem
1609 4621 1724 4673 sine
1752 4622 1911 4675 inter-

369 4706 624 4764 missione
652 4708 907 4760 orandum
947 4719 1047 4770 est,
1083 4725 1343 4774 nunquam
1369 4725 1492 4779 ergo
1516 4712 1638 4764 mihi
1671 4712 1911 4780 eoi-jngio

364 4794 695 4847 serviendum
726 4806 824 4859 est,
854 4811 919 4849 ne
945 4798 1009 4848 ab
1050 4801 1288 4852 oratione
1317 4800 1403 4852 cui
1432 4814 1639 4867 semper
1671 4800 1912 4855 insistere

360 4884 565 4950 jubeor,
596 4886 699 4937 ulla
732 4886 857 4938 hora
888 4889 1201 4955 prmpediar.

433 4971 498 5024 In
528 4974 629 5039 ﬁde
651 4984 818 5027 autem
847 4990 1016 5029 omnes
1056 4981 1338 5043 unanimes,
1384 4982 1755 5046 compatientes.
1782 4981 1910 5045 Quia

363 5061 603 5127 superius
652 5062 890 5115 diversas
941 5081 1215 5132 personas,
1270 5069 1621 5136 conditiones,
1673 5078 1726 5122 et
1756 5086 1912 5122 sexus

364 5163 591 5217 congrua
620 5152 720 5205 sibi
752 5153 1069 5207 discretione
1120 5158 1361 5219 docebat,
1398 5160 1506 5225 jam
1541 5176 1677 5213 nunc
1729 5176 1913 5214 omnes

364 5240 708 5292 communiter
733 5241 981 5295 admonet
1009 5243 1059 5294 in
1086 5243 1205 5297 ﬁdei
1234 5247 1511 5300 dominicae
1540 5263 1719 5315 causa,
1752 5266 1909 5302 unum

365 5340 456 5377 cor
480 5337 530 5377 et
556 5339 708 5378 unam
736 5324 1201 5385 habere'anitnam.
1534 5338 1541 5343 “

440 5413 572 5474 Quia
596 5413 647 5464 in
674 5412 766 5465 hac
786 5419 945 5467 vocati
968 5421 1105 5483 estis,
1131 5430 1184 5471 ut
1208 5420 1597 5475 benedictionem
1621 5427 1913 5479 Ita'reditnte

369 5503 681 5566 possidentis.
731 5506 962 5570 Dicente,
1007 5509 1265 5573 videlicet,
1301 5511 1480 5564 Judice
1518 5532 1525 5563 :
1584 5512 1780 5575 Venite,
1835 5518 1914 5567 le~

371 5591 549 5642 «edicti
588 5591 756 5645 Patris
796 5596 930 5657 mei,
990 5598 1226 5664 percipite
1272 5614 1481 5667 regnum
1513 5601 1728 5663 (Matth.
1766 5605 1911 5666 xxv).

375 5679 544 5734 l‘otcst
577 5680 865 5734 benedicti.)
928 5685 1246 5739 hereditatis
1299 5699 1347 5740 ct
1405 5688 1487 5739 illa
1543 5691 1779 5758 intelligi,
1816 5708 1911 5760 qua

1970 528 2019 584 Α
2049 534 2280 589 Ecclesia
2305 538 2353 589 in
2384 538 2556 593 futura
2606 545 2707 596 vita
2749 557 2998 612 perpetuo
3047 549 3389 605 benedicitur.
3430 554 3582 607 Unde

2038 632 2089 676 et
2119 640 2253 679 nunc
2282 641 2375 693 spe
2405 628 2698 685 futurorum
2726 637 3104 701 gratulabunda
3128 640 3253 692 dicit
3286 656 3299 691 :
3326 638 3579 695 Exultabe

2036 722 2101 774 te,
2134 714 2286 779 Deus,
2312 732 2449 770 meus
2476 736 2584 785 rex,
2611 734 2658 773 et
2680 725 2963 778 benedicam
3004 730 3194 781 nomini
3220 739 3304 784 tuo
3334 732 3385 783 in
3423 748 3581 785 secu-

2034 803 2138 856 lum
2175 816 2219 859 et
2245 808 2293 859 in
2331 811 2568 862 swculum
2614 815 2784 868 surculi
2830 816 2997 885 (Psnl.
3029 824 3231 890 cxuv).
3277 824 3422 888 Quod
3452 840 3580 895 ergo

2034 893 2255 959 quisque
2289 896 2340 948 in
2384 894 2558 951 futuro
2588 899 2822 955 invenire
2851 905 3149 971 desiderat,
3199 910 3299 965 hoc
3345 913 3394 965 in
3443 893 3578 979 prmo

2032 982 2165 1033 senti
2197 984 2432 1038 meditari
2462 996 2512 1039 et
2541 1001 2696 1057 agere
2723 1001 2945 1060 satagat,
2969 1001 3022 1045 et
3042 994 3374 1053 Conditorem
3422 1000 3575 1055 vide-

2033 1072 2155 1127 licet
2185 1084 2236 1130 et
2264 1078 2556 1157 proximum
2606 1082 2810 1136 sincera
2864 1100 2991 1139 voce
3020 1072 3347 1153 benedicere,
3400 1100 3452 1143 et
3496 1104 3575 1144 se-

2032 1162 2204 1230 ipsum
2235 1166 2393 1219 etiam
2423 1168 2599 1222 divina
2634 1173 2827 1236 pariter
2857 1188 2919 1227 ac
2945 1175 3173 1229 fraterna
3217 1179 3575 1232 benedictione

2032 1253 2243 1322 dignum
2270 1258 2523 1311 reddere.,

2104 1364 2237 1428 Quia
2287 1370 2421 1421 oculi
2464 1368 2667 1424 Domini
2690 1388 2838 1438 super
2853 1376 3051 1441 justas,
3081 1384 3185 1430 etc.
3231 1377 3357 1442 Quia
3391 1379 3575 1431 beatus

2034 1451 2221 1506 Petrus
2252 1456 2445 1508 malum
2477 1471 2571 1511 nos
2600 1474 2695 1525 pro
2723 1462 2860 1514 man
2890 1464 3110 1518 reddere
3143 1475 3381 1519 vetuerat
3407 1507 3422 1529 ,
3474 1470 3582 1520 imo

2031 1541 2463 1597 maledicentibus
2499 1548 3075 1616 benedicérejusserat,
3102 1564 3241 1607 recte
3272 1556 3581 1622 prophetico

2031 1631 2331 1684 testimonio
2356 1635 2545 1686 astruit
2568 1650 2791 1703 superna
2822 1638 3147 1705 inspectione
3171 1652 3223 1696 et
3252 1645 3416 1697 bonos
3434 1660 3580 1698 sent-

2032 1730 2125 1781 per
2165 1717 2332 1771 videri
2361 1728 2415 1774 et
2444 1723 2631 1785 malos,
2681 1734 2937 1790 quatenus
2966 1729 3355 1783 meminerimus
3394 1741 3448 1784 et
3476 1748 3579 1784 no-

2029 1812 2190 1856 stram
2225 1805 2521 1871 patientiam
2572 1824 2672 1877 qua
2718 1812 3002 1867 toleramus
3039 1818 3226 1880 malos,
3256 1827 3307 1871 et
3337 1829 3576 1872 nostram

2032 1894 2450 1950 benevolentiam
2505 1913 2603 1966 qua
2636 1904 3072 1969 perSequentibus
3116 1906 3253 1959 bona
3310 1918 3579 1974 optamus,

2028 1993 2225 2036 aeterno
2292 1987 2511 2052 praemio
2565 1993 3049 2055 remunerandum,
3103 2004 3155 2047 et
3210 2006 3581 2063 persecutores

2028 2082 2274 2136 nostros,
2327 2074 2372 2127 si
2399 2077 2654 2139 poenitere
2705 2079 3008 2145 noluerint,
3060 2082 3219 2149 digno
3269 2086 3581 2152 plectendos

2026 2174 2146 2212 esse
2193 2162 2489 2226 supplicio:
2525 2165 2569 2216 si
2628 2180 2752 2219 vero
2811 2168 3177 2234 pcenituerint,
3237 2187 3329 2226 nos
3367 2189 3583 2242 quoque

2026 2262 2119 2314 pro
2151 2249 2381 2313 ipsorum
2414 2252 2580 2305 salute
2602 2293 2615 2317 ,
2660 2269 2813 2319 quam
2844 2256 3258 2323 deprecabamur
3290 2276 3317 2314 a
3354 2263 3581 2316 Domino

2024 2348 2271 2387 coronam
2299 2336 2453 2405 justze
2481 2342 2947 2408 congratulationis
2994 2356 3317 2414 accepturos.

2095 2440 2160 2492 Et
2189 2443 2297 2509 quis
2327 2456 2395 2497 est
2424 2447 2509 2513 qui
2534 2448 2670 2500 vobis
2699 2460 2908 2514 noceat,
2958 2462 3059 2506 etc.
3084 2452 3157 2507 De
3189 2455 3270 2507 his
3299 2456 3423 2509 dicit
3452 2473 3575 2524 quae

2024 2529 2175 2583 nobis
2224 2532 2289 2585 ab
2320 2533 2635 2590 adversariis
2691 2554 2783 2605 per
2814 2541 2967 2594 verba
3014 2544 3429 2609 contumeliosa,
3478 2562 3579 2613 per

2022 2617 2212 2671 damna
2245 2635 2419 2675 rerum
2454 2628 2822 2692 temporalium
2845 2668 2859 2689 ,
2908 2644 2999 2696 per
3046 2639 3302 2684 tormenta
3337 2638 3580 2699 corporis

2023 2708 2286 2761 accidunt.
2315 2709 2435 2764 Haec
2457 2714 2594 2765 enim
2619 2724 2672 2768 et
2717 2715 3012 2784 hujusmodi
3046 2720 3217 2772 omnia
3248 2735 3368 2774 cum
3398 2722 3575 2777 ﬁdeli-

2025 2794 2123 2848 bus
2158 2797 2475 2866 irroganmr,
2513 2801 2595 2854 his
2649 2803 2903 2857 duntaxat
2952 2806 3035 2871 qui
3068 2806 3188 2859 boni
3240 2809 3577 2863 armulatores

2022 2892 2164 2949 sunt,
2196 2895 2248 2938 et
2278 2885 2377 2939 hoc
2424 2890 2713 2943 secundum
2772 2893 3042 2946 scientiam
3070 2934 3082 2957 ,
3133 2910 3463 2964 nequaquam
3494 2898 3574 2951 eis

2022 2987 2215 3026 nocere
2243 2986 2493 3045 possunt,
2527 2980 2617 3033 sed
2642 2980 2870 3047 palmam
2905 2984 3069 3049 magis
3103 2986 3362 3049 patientiae
3391 3002 3579 3052 equa-

2024 3063 2236 3117 nimiter
2266 3066 2615 3120 tolerantibus
2655 3070 2899 3135 afferunt,
2926 3082 2979 3126 et
3017 3084 3199 3127 contra
3252 3076 3355 3127 illis
3383 3077 3474 3143 qui
3504 3076 3577 3128 ir-

1948 3160 1991 3221 ε
2027 3165 2215 3221 rogant
2246 3169 2451 3220 ptenam
2482 3160 2858 3212 accumulando
2885 3172 3136 3216 aeternam
3170 3165 3451 3231 plurimum
3476 3182 3574 3219 no-

2027 3247 2167 3290 cent.
2200 3238 2258 3293 Si
2286 3243 2402 3309 quis
2446 3251 2621 3295 autem
2652 3245 2949 3312 hujusmodi
2980 3248 3215 3301 adversis
3252 3250 3422 3302 victus
3445 3251 3575 3303 deli-

2019 3330 2111 3391 cit,
2143 3344 2245 3382 non
2280 3332 2401 3385 huic
2423 3333 2512 3386 ille
2542 3334 2629 3399 qui
2654 3336 2845 3388 malum
2881 3338 3073 3401 intulit,
3102 3340 3191 3391 sed
3224 3341 3333 3406 ipse
3359 3342 3457 3393 sibi
3486 3343 3573 3409 qui

2023 3417 2123 3470 hoc
2170 3420 2429 3485 patienter
2477 3422 2613 3477 ferre
2661 3426 2921 3478 recusavit
2968 3429 3163 3480 nocuit.
3209 3428 3388 3496 Neque
3434 3430 3570 3482 enim

2016 3505 2203 3560 domus
2235 3523 2388 3575 quam
2422 3512 2498 3564 vir
2539 3511 2747 3578 sapiens
2776 3514 3078 3581 aediﬁcavit,
3132 3517 3249 3569 ideo
3299 3532 3403 3569 non
3436 3519 3573 3570 ceci-

2017 3598 2240 3665 ditquia
2287 3600 2566 3655 violentias
2619 3612 2991 3669 tempestatum
3045 3618 3146 3657 non
3196 3607 3431 3671 pertulit,
3479 3609 3569 3660 sed

2019 3688 2140 3756 quia
2184 3690 2392 3741 luridata
2451 3701 2564 3743 erat
2612 3704 2767 3759 soper
2815 3703 3039 3760 petram.
3091 3694 3197 3747 Nec
3248 3710 3453 3763 rursum
3508 3711 3567 3748 ea

2014 3796 2170 3848 quam
2194 3783 2383 3833 stultus
2411 3784 2567 3835 stulte
2600 3784 2903 3849 fabricavit,
2936 3785 3053 3839 ideo
3082 3786 3271 3839 cecidit
3292 3787 3412 3853 quia
3445 3787 3561 3853 pul-

2014 3879 2125 3920 sata
2156 3871 2553 3936 tempestatibus
2586 3871 2695 3934 fuit,
2749 3872 2841 3925 sed
2870 3872 2987 3939 quia
3040 3888 3197 3940 super
3225 3888 3439 3927 arenam
3472 3890 3561 3942 po-

2014 3960 2112 4011 sita
2171 3968 2303 4012 erat.
2359 3960 2641 4028 Utramque
2698 3965 2890 4014 etenim
2949 3964 3219 4031 mqualitcr
3273 3966 3564 4018 adversitas

2015 4046 2211 4101 feriens
2254 4052 2493 4112 tentavit,
2546 4051 2635 4102 sed
2677 4052 2761 4101 uni
2796 4051 3017 4104 ﬁrmitas
3053 4048 3374 4105 fundamenti
3412 4067 3566 4105 coro-

2015 4150 2134 4189 nam
2171 4137 2583 4201 perseveranliae
2615 4140 2816 4202 tribuit,
2848 4139 3065 4192 alteram
3100 4140 3300 4207 fragilis
3332 4150 3564 4194 structu-

2014 4242 2086 4279 ra:
2107 4226 2325 4279 stultitia
2352 4230 2557 4281 stravit.
2590 4212 2704 4283 Non
2746 4232 2884 4285 enim
2929 4231 3214 4298 perfectura
3247 4231 3370 4284 boni
3403 4247 3567 4284 temu-

2019 4318 2239 4370 latorem
2271 4331 2423 4371 casus
2466 4320 2681 4387 aliquis,
2709 4321 2787 4374 vel
2819 4337 2846 4373 a
2878 4321 3111 4387 diabolo,
3142 4322 3222 4374 vel
3252 4323 3319 4374 ab
3351 4322 3571 4374 homine

2017 4408 2280 4474 improbo,
2312 4410 2393 4460 vel
2424 4410 2660 4477 generali
2693 4426 2869 4462 rerum
2903 4410 3189 4463 labentium
3215 4412 3425 4463 turbine
3456 4410 3567 4463 illa-

1941 4474 1987 4532 ί)
2018 4505 2119 4560 tus,
2156 4496 2344 4550 lzedere
2375 4474 2567 4561 potest.
2599 4498 2859 4551 Caeterum
2906 4500 3161 4565 plurimos
3189 4507 3401 4552 constat
3445 4499 3565 4552 boni

2011 4586 2345 4637 aemulatores
2398 4586 2551 4639 laesos
2597 4600 2713 4638 esse
2744 4588 2808 4638 ab
2857 4587 3003 4650 aliis,
3056 4586 3185 4639 dum
3237 4588 3287 4639 in
3337 4588 3569 4641 veritatis

2015 4686 2172 4737 quam
2206 4672 2429 4740 diligunt
2459 4666 2731 4728 scientiam
2767 4677 2901 4727 male
2941 4675 3303 4727 instituuntur.
3334 4676 3566 4742 Quantos

2012 4764 2148 4815 enim
2200 4766 2456 4817 catholice
2483 4766 2534 4817 in
2566 4766 2731 4819 Deum
2762 4768 2999 4829 credere,
3032 4776 3084 4820 et
3112 4776 3258 4820 recte
3296 4768 3349 4819 in
3381 4767 3561 4819 Eccle-

2011 4851 2086 4902 sia
2120 4852 2295 4904 vivere
2351 4855 2643 4919 cupientes,
2698 4856 2807 4907 Arii
2837 4856 3066 4916 vesania,
3108 4865 3335 4920 quantos
3390 4855 3566 4907 Sabel-

1974 4942 1977 4945 ’
2013 4940 2088 5003 lii,
2131 4940 2421 4993 aliorumve
2460 4942 2825 4994 hmrelicqrum
2858 4943 3089 5009 nequitia
3139 4943 3438 4995 nescientes
3481 4956 3565 4995 sc-

2011 5031 2189 5083 duxit?
2251 5032 2390 5099 Lege
2444 5032 2629 5084 librum
2691 5032 2909 5097 Joannis
2958 5025 3359 5100 ClirySOStomi,
3410 5048 3558 5099 quem
3640 5050 3653 5055 '

2012 5119 2219 5184 scripsit
2267 5120 2332 5172 de
2373 5136 2434 5171 eo
2469 5138 2479 5169 :
2514 5121 2780 5174 Neminem
2830 5136 2984 5189 posse
3010 5122 3130 5175 lmiri
3175 5124 3242 5174 ab
3272 5123 3379 5173 alio
3409 5123 3503 5173 nisi
3534 5136 3560 5172 a

2014 5210 2315 5274 semetipso.

2086 5316 2190 5367 Sed
2216 5327 2260 5368 et
2294 5317 2336 5367 si
2359 5318 2480 5383 quid
2511 5321 2770 5381 patiamini
2793 5301 2994 5387 propter
3008 5324 3283 5385 justitiam,
3313 5326 3442 5375 beati
3464 5339 3561 5375 ert-

2015 5405 2097 5456 tis.
2132 5406 2239 5457 Non
2264 5408 2431 5459 solum
2464 5410 2674 5478 (inquit)
2708 5411 2833 5465 nihil
2868 5413 3014 5464 vobis
3049 5420 3221 5475 nocet,
3250 5415 3337 5479 qui
3370 5416 3557 5466 bonum

2018 5493 2326 5548 facientibus
2376 5500 2507 5549 mala
2560 5500 2770 5567 irrogat,
2804 5502 2894 5553 scd
2950 5513 3144 5554 etcum
3202 5517 3294 5555 vos
3352 5514 3560 5570 propter

2020 5583 2148 5635 bona
2182 5600 2295 5650 cpta:
2321 5600 2623 5642 exsecratur
2646 5591 2808 5643 hostis
2838 5594 3142 5658 insequitur,
3170 5608 3381 5647 causam
3416 5595 3557 5646 vobis

2021 5672 2231 5738 majoris
2282 5674 2613 5730 beatitudinis
2665 5688 2874 5746 pnestat
2919 5695 3036 5733 cum
3072 5685 3342 5748 patentia:
3377 5692 3553 5736 vestra:
