3860 6230
325 362 396 415 57

1407 363 1465 416 IN
1507 363 1760 418 PlllMAll
1806 365 2180 420 EPISTULA“
2227 368 2446 422 PETRI.
3419 372 3518 436 {if-.3

322 481 470 532 vires
509 487 749 540 exercet,
788 478 934 542 juxta
987 477 1111 528 illud
1165 476 1518 543 evangelicum
1554 496 1564 528 :
1604 475 1746 528 Beati
1784 477 1870 543 qui
1900 481 1944 533 Α
1975 489 2056 530 sto
2095 480 2337 540 intravit;
2388 481 2472 545 qui
2514 494 2609 533 nec
2644 480 2779 534 inter
2804 480 3008 550 ﬂagella
3050 483 3255 538 desisti,
3282 500 3309 538 ε,
3334 487 3520 555 culpis.

322 569 723 636 persecutionem
749 569 1007 633 patiuntur
1029 575 1234 632 propter
1246 567 1519 636 justitiam.

405 661 672 712 Dominum
701 670 866 710 autem
914 656 1168 709 Christum
1214 656 1521 720 sanctiﬁcate
1558 655 1610 706 in
1649 653 1879 705 cordibus

320 755 520 804 vestris.
550 751 684 815 Quid
718 758 797 803 est
845 747 1120 801 Dominum
1154 747 1479 802 Sanctiticare
1529 745 1581 796 in
1629 744 1877 796 cordibus

322 840 544 903 nostris,
571 841 668 892 nisi
696 840 1026 891 sanctitatem
1051 837 1166 902 ejus
1194 848 1348 900 quam
1372 830 1878 900 incomprehensibi-

321 934 397 986 lis
419 933 595 1000 glorire
617 933 705 993 sit,
733 929 917 982 intimo
939 926 1111 979 cordis
1150 925 1336 978 allecto
1366 923 1594 976 intueri?
1617 922 1872 987 Quantam

321 1024 379 1076 in
415 1037 472 1075 se
515 1020 850 1086 sperantibus
901 1015 1262 1070 fertitudinem
1299 1012 1536 1064 vincendi
1565 1011 1691 1063 dare
1718 1010 1872 1072 valet,

319 1111 475 1179 cujus
523 1105 904 1163 inaestimabilis
936 1103 1186 1158 sanctitas
1217 1101 1418 1166 fulget?

399 1200 579 1252 Parati
607 1213 798 1266 semper
821 1196 886 1248 ad
920 1194 1314 1261 satisfactionem
1355 1188 1489 1241 omni
1520 1186 1742 1256 poscenti
1791 1200 1874 1238 vos

317 1291 592 1349 rationem,
625 1295 728 1341 etc.
767 1284 974 1338 Duobus
1023 1281 1190 1334 modis
1220 1279 1285 1333 de
1324 1292 1417 1344 Spe
1446 1288 1498 1330 et
1549 1274 1650 1328 ﬁde
1697 1283 1871 1327 nostra

316 1379 582 1431 rationem
616 1374 953 1444 poscentibus
982 1371 1202 1424 reddere
1231 1368 1509 1426 debemus,
1554 1374 1609 1415 ut
1638 1371 1690 1415 et
1709 1362 1872 1428 justas

311 1466 430 1530 spei
455 1480 514 1516 ac
549 1463 672 1516 ﬁdei
716 1471 908 1515 nostra:
949 1474 1134 1513 causas
1165 1457 1405 1509 omnibus
1434 1454 1732 1506 intimemus
1763 1451 1872 1504 sive

314 1555 551 1608 ﬁdeliter
597 1555 708 1604 sive
740 1550 1022 1603 inﬁdeliter
1053 1547 1410 1615 quaerentibus
1431 1588 1444 1610 ,
1471 1553 1523 1596 et
1554 1544 1719 1609 ipsam
1753 1540 1870 1592 ﬁdei

310 1660 380 1696 ac
427 1642 536 1710 spei
571 1652 763 1694 nostra:
816 1637 1196 1702 professionem
1255 1634 1505 1684 illibatam
1540 1644 1749 1696 semper
1799 1638 1870 1681 te-

308 1749 561 1798 neamus,
593 1733 752 1786 etiam
786 1732 921 1784 inter
955 1739 1229 1795 presseras
1258 1723 1669 1786 adversantium,
1692 1729 1870 1772 osten-

1978 567 2248 619 sinistrum
2291 568 2523 620 imitatur
2578 569 2850 636 latronem,
2908 574 2993 640 qui
3041 584 3254 640 promer
3311 590 3520 644 peccata

1975 655 2211 709 ascendit
2241 657 2290 710 in
2343 673 2575 721 crucem,
2614 668 2669 713 et
2699 669 2816 726 post
2861 676 3067 717 crucem
3109 666 3211 726 ruit
3257 667 3306 718 iu
3337 667 3522 720 Tarta-

1976 758 2111 797 rum.
2154 745 2275 798 ldeo
2325 755 2497 800 autem
2544 746 2810 803 Christum
2869 755 3031 806 semel
3087 767 3205 807 esse
3258 766 3522 809 mortuum

1974 844 2388 899 commemorat,
2435 847 2489 888 ut
2519 837 2669 891 nobis
2691 853 2900 906 quoque
2949 842 2998 894 in
3031 857 3339 897 memoriam
3368 860 3524 900 revo-

1974 932 2080 984 cet,
2127 925 2250 990 quia
2297 927 2647 993 temporaneis
2696 929 2890 982 nostris
2939 932 3266 996 passiouibus
3322 949 3524 988 mercem

1973 1012 2211 1065 redditur
2240 1022 2461 1068 interna.

1975 1177 1981 1184 _
2046 1100 2109 1153 Ut
2126 1117 2216 1154 nos
2233 1102 2432 1167 o/ferret
2453 1102 2557 1156 Deo
2574 1106 2900 1171 mortiﬁcatos
2917 1108 3114 1173 quidem
3142 1125 3311 1175 carne,
3329 1117 3430 1163 etc.
3453 1111 3525 1162 Im

1975 1190 2073 1243 hac
2117 1191 2518 1246 mortiﬁcatione
2573 1198 2746 1247 carnis
2790 1202 2844 1248 et
2881 1196 3230 1250 viviﬁcatione
3265 1199 3476 1263 spiritus
3501 1238 3518 1264 ,

1972 1292 2125 1345 quam
2153 1279 2345 1333 habent
2385 1280 2436 1334 hi
2466 1281 2554 1350 qui
2584 1295 2680 1350 pro
2713 1283 2935 1336 Domino
2983 1298 3072 1350 per
3105 1285 3404 1351 patientiam
3439 1289 3516 1339 la-

1973 1369 2179 1433 borant,
2210 1369 2340 1422 dicit
2365 1380 2413 1423 et
2442 1371 2709 1438 apostolus
2732 1371 2923 1424 Paulus
2953 1388 2963 1422 :
2993 1371 3102 1424 Etsi
3130 1373 3347 1425 exterior
3377 1375 3523 1426 homo

1971 1470 2138 1509 noster
2163 1459 2523 1524 corrumpitur,
2561 1460 2648 1510 sed
2670 1468 2832 1510 tamen
2873 1460 2913 1512 is
2941 1461 3024 1526 qui
3046 1460 3177 1513 intus
3215 1471 3289 1513 est
3312 1477 3520 1512 renova-

1972 1557 2053 1598 tur
2080 1549 2140 1599 de
2167 1549 2247 1599 die
2268 1548 2320 1600 in
2351 1549 2481 1600 diem
2510 1546 2595 1614 (ΙΙ
2642 1548 2757 1601 Cor.
2794 1549 2885 1616 tv).
2924 1549 3087 1603 Olfert
3130 1566 3253 1619 ergo
3285 1567 3375 1605 nos
3412 1552 3522 1606 Deo

1971 1638 2109 1691 Patri
2139 1638 2418 1704 Christus,
2461 1655 2577 1693 cum
2613 1656 2703 1707 per
2733 1639 3185 1694 mortiﬁcationem
3216 1643 3390 1695 carnis
3423 1658 3515 1705 pru

1972 1727 2064 1781 illo
2091 1728 2352 1782 immolari
2379 1729 2691 1797 gaudemus,
2733 1729 2781 1781 id
2812 1738 2912 1792 est,
2958 1730 3114 1781 vitam
3146 1737 3374 1782 nostram
3408 1730 3518 1780 latt-

308 1827 502 1880 dentes
532 1839 626 1892 per
671 1824 974 1892 patientiam
1020 1834 1175 1887 quam
1207 1813 1590 1871 rationabiliter
1619 1826 1734 1866 eam
1760 1826 1871 1864 δεῖ·
1902 1802 1947 1861 Β
1973 1815 2199 1869 dabilem
2222 1817 2272 1869 in
2295 1827 2576 1884 conspectu
2604 1819 2769 1871 Patris
2793 1818 3040 1872 ostendit.
3075 1818 3162 1871 Vel
3200 1828 3344 1872 certe
3370 1817 3520 1873 offert

305 1915 540 1967 vaudam
569 1912 940 1972 didicerimus,
984 1922 1078 1976 pro
1105 1907 1257 1974 cujus
1302 1918 1481 1958 amore
1512 1917 1608 1956 nec
1652 1901 1868 1954 adversa

303 2005 424 2070 pali
452 2018 546 2055 nec
576 2011 799 2054 mortem
838 2001 1015 2052 subire
1044 1995 1405 2049 l‘mmidemus.

387 2091 514 2143 Cum
557 2090 800 2144 modestia
839 2097 884 2141 et
914 2089 1090 2140 timore
1129 2085 1482 2138 conscientiam
1530 2070 1760 2133 habentes
1783 2078 1869 2131 bo-

304 2199 456 2235 nam.
492 2182 543 2234 In
575 2182 683 2246 ipsa
739 2179 993 2232 doctrinm.
1045 2176 1261 2231 scientia
1308 2176 1613 2244 qualitatem
1647 2172 1868 2227 docendi

303 2279 500 2324 monet
515 2271 819 2332 observare,
838 2278 889 2320 ut
913 2267 1158 2320 videlicet
1178 2265 1597 2330 humilitas,quze
1621 2262 1867 2329 magistra

302 2373 402 2417 est
423 2363 655 2417 omnium
687 2372 955 2429 materque
975 2361 1244 2423 virtutum,
1276 2367 1326 2411 et
1353 2355 1618 2425 loquendo
1640 2354 1861 2420 dicatur,

300 2468 365 2509 ct
402 2455 623 2508 videndo
652 2462 990 2506 monstretur.

397 2545 460 2598 Ut
491 2546 540 2597 in
564 2561 621 2598 eo
642 2544 776 2612 quod
799 2543 1066 2595 detrahunt
1093 2541 1155 2592 de
1193 2540 1326 2592 vobis
1347 2549 1581 2603 tanquam
1607 2537 1672 2588 de
1709 2536 1865 2587 ntale-

305 2634 615 2703 factoribus,
645 2643 749 2686 etc.
781 2633 844 2687 Ut
870 2633 957 2699 qui
989 2631 1142 2684 ﬁdem
1166 2642 1227 2682 ac
1254 2642 1401 2697 spem
1427 2627 1722 2681 ctelestium
1745 2639 1862 2694 qua:

306 2725 500 2777 videre
556 2732 824 2790 nequeunt
874 2723 924 2774 in
979 2719 1125 2772 vobis
1167 2720 1409 2781 irrident,
1461 2717 1858 2784 videaut'opera

300 2824 482 2868 vestra
530 2813 689 2876 bona,
714 2820 766 2865 et
808 2825 902 2878 per
942 2811 1052 2862 hsce
1099 2809 1488 2863 confundantur
1515 2821 1634 2872 qua:
1682 2813 1861 2873 aperte

297 2917 430 2956 esse
461 2904 596 2955 bona
640 2915 832 2970 negare
889 2913 992 2952 non
1047 2900 1244 2951 valent.
1279 2894 1380 2949 Vel
1423 2904 1566 2948 certe
1617 2896 1684 2946 ita
1737 2909 1858 2946 sen-

299 2993 547 3043 tiendum
579 3010 590 3041 :
623 2992 837 3055 Curate,
863 2987 1271 3048 benefacientes,
1304 2996 1356 3037 ut
1379 2985 1465 3054 qui
1489 2995 1679 3038 vestrae
1710 2983 1857 3036 home

295 3079 693 3133 conversntioni
748 3077 1064 3139 detrahunt,
1124 3076 1437 3129 adveniente
1491 3084 1725 3139 tempore
1775 3087 1857 3126 re-

297 3169 608 3221 tributionis
662 3169 866 3232 luturzn,
900 3167 1308 3226 confundantur,
1351 3168 1588 3216 videntes
1623 3179 1709 3214 ms
1736 3178 1856 3215 cum

295 3257 518 3311 Christo
559 3258 821 3319 coronari,
864 3270 981 3310 scsz:
1011 3267 1183 3308 autem
1210 3268 1327 3305 cuiu
1361 3251 1567 3303 diabolo
1599 3252 1853 3302 damnari.

378 3350 559 3402 Melius
588 3359 660 3400 est
685 3349 816 3400 enim
860 3348 1242 3412 benei‘acientes,
1277 3345 1318 3394 si
1339 3344 1453 3394 ret’it
1482 3341 1707 3393 voluntas
1741 3339 1851 3401 Dei,

293 3437 433 3503 pati,
455 3452 604 3503 quam
632 3435 1020 3498 malefacieutes.
1054 3432 1175 3484 llaec
1204 3433 1464 3483 sententia
1497 3429 1700 3480 illorum
1725 3427 1854 3479 stul-

267 3593 270 3595 _
302 3527 476 3578 titiam
497 3524 765 3592 eleganter
789 3524 979 3590 arguit,
1006 3522 1092 3588 qui
1121 3535 1238 3572 cum
1264 3534 1358 3586 pro
1381 3518 1548 3584 culpis
1567 3525 1854 3583 arguuntur

295 3630 329 3666 a
365 3613 636 3677 fratribus,
687 3613 769 3665 vel
801 3612 961 3665 etiam
1014 3611 1182 3677 paruis
1235 3617 1566 3669 coercentur,
1601 3607 1854 3671 patienter

295 3702 519 3754 omnino
550 3701 804 3762 tolerant;
831 3710 882 3751 at
904 3715 1020 3751 cum
1055 3701 1249 3765 absque
1273 3698 1444 3762 culpa,
1474 3697 1551 3748 vel
1578 3693 1850 3746 verborum

295 3790 673 3854 contumelias,
707 3789 786 3840 vel
818 3789 1004 3838 damna
1032 3803 1226 3846 .eruin,
1258 3786 1336 3837 vel
1385 3785 1601 3836 adversa
1633 3796 1851 3848 quicque

297 3883 621 3949 patiuntura
655 3879 928 3946 proximis,
977 3893 1093 3927 tnox
1127 3876 1191 3927 ad
1240 3873 1560 3927 iracundiam
1613 3885 1849 3938 pret-um-

297 3980 454 4038 punt,
485 3981 539 4024 et
568 3970 654 4037 qui
689 3972 940 4021 hactenus
971 3967 1277 4019 videbantur
1310 3959 1526 4022 innoxii,
1561 3976 1653 4028 per
1683 3961 1848 4027 impa-

297 4060 543 4115 tientiam
575 4075 632 4110 se
660 4067 714 4110 et
763 4055 1233 4110 murmurationem
1283 4053 1474 4105 noxios
1508 4050 1754 4103 reddunt.
1786 4049 1849 4101 Ut

297 4161 476 4205 autem
539 4149 857 4217 ﬂagellorum
914 4147 1162 4198 distantia
1211 4144 1262 4195 in
1311 4141 1609 4208 disparibus
1649 4139 1849 4196 meritis

299 4242 458 4309 longe
487 4240 666 4306 dispar
695 4246 966 4303 appareat,
997 4234 1264 4286 videamus
1292 4247 1392 4283 una
1424 4232 1721 4295 eademque
1750 4243 1848 4279 (ω-

297 4334 472 4386 citzttis
523 4331 757 4384 molestia
809 4329 1050 4391 Tobiam,
1102 4327 1340 4384 Saulttnt,
1397 4324 1627 4390 Elymum
1689 4318 1848 4370 fuisse

1972 1920 2068 1958 nos
2096 1905 2222 1968 Deo,
2255 1919 2375 1958 cum
2408 1906 2677 1960 absolutos
2711 1921 2871 1961 carne
2910 1909 2959 1960 in
3014 1917 3266 1960 aeternum
3315 1921 3410 1959 nos
3440 1922 3519 1959 rs-

1967 2009 2127 2062 gnunt
2171 1995 2475 2049 introducit.
2505 1997 2643 2050 Sane
2675 2001 2772 2050 hoc
2824 1997 2964 2064 quod
3009 1997 3243 2050 dicitur:
3288 1995 3515 2062 Vini/ica-

1967 2092 2043 2135 tos
2069 2091 2236 2134 autem
2281 2082 2479 2152 Spiritu
2509 2099 2527 2136 :
2572 2096 2785 2137 sanctus
2838 2083 3155 2137 Athanasius
3185 2083 3517 2137 Alexandria:

1969 2169 2227 2240 pontifex,
2272 2188 2374 2226 nou
2405 2176 2470 2226 ad
2503 2174 2730 2229 hominis
2758 2175 3023 2242 sp'ritum,
3070 2173 3156 2242 qui
3204 2173 3517 2227 mortilicata

1967 2275 2124 2317 carne
2155 2262 2344 2316 melius
2374 2261 2686 2329 viviﬁcatur,
2739 2265 2949 2332 dicente
2993 2265 3248 2333 propheta
3302 2264 3370 2318 de
3416 2264 3519 2317 Do-

1964 2353 2109 2406 mino
2158 2370 2171 2403 :
2225 2353 2292 2407 Ut
2345 2356 2554 2421 viviﬁcet
2593 2357 2823 2420 spiritum
2866 2357 3172 2418 humilium,
3222 2364 3268 2410 et
3312 2357 3518 2424 viviﬁcet

1967 2460 2054 2498 cor
2109 2448 2435 2500 contritorum
2476 2446 2644 2518 (lsai.
2680 2464 2778 2502 Lvn
2804 2449 2851 2515 ),
2904 2451 2998 2503 sed
3041 2451 3104 2502 ad
3144 2443 3374 2519 gratiam
3421 2466 3518 2518 po-

1967 2537 2068 2589 tius
2099 2537 2257 2591 refert
2284 2537 2510 2606 Spiritus
2557 2541 2742 2602 sancti,
2792 2540 2878 2606 qui
2932 2538 3368 2594 mortiﬁcantibus
3393 2553 3514 2592 car-

1965 2638 2083 2677 nem
2139 2639 2285 2678 suam
2346 2627 2506 2679 vitam
2559 2627 2738 2680 tribuit
2792 2636 3064 2681 aeternam.
3151 2627 3321 2682 Utitur
3371 2628 3514 2681 enim

1962 2725 2015 2770 et
2067 2716 2168 2770 hoc
2221 2718 2520 2771 testimonio
2565 2727 2748 2772 contra
2791 2717 3033 2782 Arianos,
3087 2717 3174 2786 qui
3230 2716 3515 2786 aequalitati

1961 2816 2157 2861 sancta:
2201 2808 2474 2862 Trinitatis
2518 2809 2920 2870 contradicunt,
2977 2818 3219 2862 astruens
3259 2808 3377 2877 quia
3431 2809 3516 2862 in-

1962 2896 2168 2948 dividua
2236 2899 2424 2950 divinae
2477 2897 2796 2964 Operationis
2859 2901 3053 2951 unitate
3125 2912 3226 2966 qua
3288 2897 3516 2952 viviﬁeat

1964 2986 2136 3049 Pater,
2185 2985 2413 3039 viviﬁcet
2465 2985 2671 3049 Filius,
2721 2985 2948 3039 viviﬁcet
3001 2987 3226 3052 Spiritus
3278 2997 3513 3040 sanctus.

1962 3075 2115 3128 Pater
2141 3075 2382 3129 videlicet
2429 3083 2481 3130 et
2532 3075 2719 3142 Filius,
2749 3076 2867 3143 quia
2897 3075 3155 3140 scriptum
3202 3084 3281 3128 est
3321 3092 3332 3124 :
3365 3074 3513 3128 Sicut

1963 3166 2098 3217 enim
2117 3166 2267 3219 Pater
2292 3167 2509 3219 suscitat
2538 3175 2775 3220 mortuos
2797 3175 2850 3220 et
2878 3165 3128 3230 viriﬁcat,
3159 3165 3236 3218 sic
3265 3175 3317 3218 et
3347 3165 3512 3218 Filius

1963 3271 2089 3321 quos
2126 3254 2231 3306 vult
2287 3254 2535 3306 vivilical.
2592 3254 2818 3322 Spiritus
2874 3269 2998 3308 vero
3046 3265 3277 3316 sanctus,
3310 3264 3362 3306 ut
3413 3253 3512 3306 hoc

1960 3349 2260 3400 testimonio
2289 3346 2586 3400 declaratur
2610 3387 2624 3409 ,
2681 3362 2788 3415 quo
2816 3350 3006 3401 dicitur
3035 3349 3101 3401 de
3130 3347 3282 3409 Filio,
3332 3357 3386 3398 ut
3417 3363 3508 3400 nos

1958 3435 2155 3499 o/Terret
2183 3435 2306 3499 Deo,
2332 3437 2656 3502 morti/iactos
2683 3437 2883 3502 quidem
2922 3452 3090 3499 carne,
3120 3436 3392 3502 vivi/icatos
3413 3451 3506 3487 au-

1955 3536 2050 3576 tem
2083 3526 2314 3592 Spiritu;
2346 3526 2565 3593 ideoque
2602 3539 2822 3592 quorum
2876 3541 2978 3578 una
3027 3526 3264 3588 operatio
3289 3535 3387 3590 est,
3417 3527 3509 3578 bo-

1957 3633 2067 3669 l’tltit
2099 3617 2276 3681 dispar
2305 3631 2424 3670 esse
2469 3615 2760 3668 substantia
2809 3617 2886 3668 vel
2920 3615 3148 3668 essentia
3181 3628 3284 3668 non
3318 3619 3501 3681 possit.

2025 3708 2087 3761 In
2111 3725 2210 3776 quo
2238 3717 2280 3761 et
2308 3709 2369 3762 iis
2393 3709 2478 3776 qui
2517 3707 2742 3760 in'carne
2779 3708 2998 3759 conclusi
3041 3715 3219 3774 erant,
3252 3716 3350 3759 etc.
3402 3705 3503 3771 Qui

1954 3799 2144 3850 nostris
2174 3800 2494 3864 temporibus
2522 3797 2571 3848 iu
2600 3813 2758 3849 carne
2784 3798 3001 3850 veniens
3025 3798 3123 3849 iter
3152 3796 3273 3848 vitze
3301 3794 3496 3849 mundo

1953 3891 2108 3956 ιιΓζΒιΙί
2146 3889 2274 3950 avit,
2307 3891 2416 3950 ipse
2464 3890 2619 3939 etiam
2651 3897 2774 3941 ante
2813 3887 3064 3940 diluvium
3111 3885 3188 3938 eis
3239 3886 3328 3952 qui
3380 3895 3503 3938 tunc

1950 3977 2202 4030 increduli
2243 3983 2395 4029 erant
2435 3984 2488 4028 et
2530 3977 2810 4027 carnaliter
2855 3974 3121 4034 vivebant,
3157 3973 3352 4037 Spiritu
3415 3991 3500 4024 vc-

1950 4068 2098 4120 niens
2131 4065 2451 4132 praedicavit.
2512 4063 2627 4131 Ipse
2656 4063 2794 4116 enim
2840 4078 2932 4131 per
2976 4061 3227 4128 Spiritum
3258 4070 3496 4114 sanctum

1949 4164 2060 4207 erat
2087 4156 2135 4207 in
2167 4154 2272 4206 Noe
2302 4154 2610 4217 casterisque
2637 4153 2724 4218 q‘ui
2755 4162 2880 4204 tunc
2913 4150 3056 4204 fuere
3082 4150 3299 4213 sanctis,
3323 4157 3374 4201 et
3401 4164 3494 4216 per

1947 4259 2128 4298 eorum
2189 4245 2379 4297 bonam
2446 4245 2898 4298 conversationem
2973 4242 3144 4310 pravis
3205 4241 3345 4295 illius
3396 4242 3491 4293 ει·νί

1949 4333 2264 4386 hominibus.
2321 4342 2377 4385 ut
2427 4334 2492 4386 ad
2547 4333 2766 4387 meliora
2827 4340 3261 4386 converterentur
3309 4331 3496 4398 pzzedi-

300 4436 600 4488 PCI'CUSSOS-
647 4421 748 4476 Sed
779 4419 992 4473 TObiattt
1023 4418 1091 4470 οὺ
1122 4416 1218 4468 huc
1239 4455 1254 4478 ν
1287 4425 1344 4466 ιιι
1374 4415 1539 4464 "illus
1587 4409 1848 4478 Ρθιίθηιῖω
1877 4448 1927 4507 ι)
1953 4426 2108 4479 cavit.
2147 4425 2434 4478 Couclusos
2467 4439 2691 4492 namque
2741 4426 2791 4477 in
2823 4439 2980 4478 carne
3026 4423 3152 4477 dicit
3199 4423 3496 4476 carnalibus

296 4516 413 4582 ejus
443 4516 599 4568 latius
643 4515 692 4567 in
723 4512 1019 4578 exemplum
1072 4508 1275 4562 cunctis
1307 4506 1661 4564 claresceret;
1715 4502 1847 4554 Sau-

299 4607 405 4656 lum
437 4607 505 4657 ob
554 4605 686 4667 hoc,
734 4614 792 4658 ut
837 4604 902 4656 de
940 4602 1101 4655 Saulo
1143 4608 1478 4667 perSccutore
1526 4598 1575 4647 in
1627 4595 1844 4644 l’aulum

301 4705 594 4751 mutaretur
622 4694 911 4760 apostolum
934 4709 948 4754 ;
974 4693 1209 4759 Elymatu
1234 4703 1357 4741 vero
1378 4728 1392 4752 τ
1425 4697 1498 4750 ιιι,
1531 4687 1712 4754 dignas
1738 4698 1845 4735 sua:

301 4785 534 4854 perﬁdia:
566 4797 747 4851 ptenas
774 4783 944 4843 luens,
987 4779 1054 4831 ab
1081 4793 1260 4831 eorum
1313 4791 1520 4844 quoque
1544 4777 1629 4843 qui
1678 4772 1845 4841 credi-

301 4876 401 4929 turi
445 4886 597 4929 erant
639 4874 1030 4930 dementatiOne
1058 4867 1309 4924 cessaret.
1341 4870 1406 4923 Et
1435 4868 1560 4921 mihi
1608 4869 1650 4920 si
1694 4866 1846 4916 ditur

300 4971 467 5034 optio,
502 4965 678 5017 malim
708 4979 826 5017 cum
881 4972 1025 5015 tanto
1071 4961 1219 5012 Patre
1244 4961 1353 5011 sive
1380 4957 1568 5010 divinis
1604 4971 1697 5009 seu
1747 4957 1843 5007 ltit-

303 5059 468 5108 Inanis
496 5052 945 5122 sttbjacerejustis
977 5048 1301 5110 verberibus,
1341 5061 1495 5112 quam
1536 5046 1604 5097 ob
1636 5044 1842 5110 injusti-

304 5146 422 5196 tiam
455 5144 730 5197 verberum
762 5143 810 5191 vi
843 5138 906 5190 ad
955 5139 1174 5205 justitia:
1203 5139 1374 5190 studia
1409 5136 1559 5188 trahi.
1590 5137 1845 5188 Rursum-

301 5247 399 5296 que
421 5233 599 5285 malim
642 5247 670 5284 a
701 5231 869 5298 culpis
896 5227 1102 5294 ﬂagello
1130 5228 1347 5290 retrahi,
1377 5242 1528 5292 quam
1563 5244 1656 5294 pro
1697 5231 1841 5281 insa-

303 5322 452 5373 nabili
486 5321 716 5388 pondere
737 5327 1070 5387 peccatorum
1099 5327 1312 5370 aeternae
1343 5317 1524 5369 ultioni
1556 5317 1765 5383 subjici.

373 5412 500 5474 Quia
524 5425 567 5463 et
592 5409 816 5463 Christus
844 5408 995 5460 semel
1028 5423 1119 5474 pro
1147 5409 1362 5472 peccatis
1389 5409 1570 5460 nostris
1613 5418 1840 5459 mortuus

303 5512 392 5567 est,
418 5512 520 5555 etc.
546 5504 644 5566 Qui
680 5517 805 5568 ergo
829 5502 1002 5568 justus
1035 5500 1246 5566 patitur,
1270 5501 1537 5554 Christum
1570 5500 1800 5551 imitatur
1825 5517 1833 5554 :

304 5593 382 5657 qui
416 5591 465 5643 in
516 5589 739 5656 ﬂagellis
782 5588 1086 5654 corrigitur,
1123 5588 1397 5650 latronem,
1448 5591 1535 5654 qui
1594 5589 1643 5640 in
1686 5603 1839 5638 cruce

305 5681 558 5734 Christum
588 5679 847 5744 cognovit,
877 5687 927 5731 et
952 5694 980 5729 a
1012 5692 1172 5732 cruce
1202 5678 1494 5745 paradisum
1541 5692 1654 5728 rut."
1689 5676 1838 5731 Clui-

1951 4515 2222 4568 desideriis
2280 4515 2617 4569 vehementer
2668 4527 2997 4584 aggravatos.
3072 4514 3221 4569 Unde
3275 4516 3339 4567 de
3389 4515 3491 4566 illis

1949 4607 2211 4671 Scriptura
2237 4607 2342 4658 ait:
2376 4605 2508 4668 Quia
2533 4607 2691 4657 omnis
2722 4623 2840 4658 raro
2870 4616 3160 4674 corruperat
3192 4605 3323 4655 viam
3349 4618 3490 4653 suam

1949 4693 2095 4759 (Ceu.
2128 4693 2224 4761 v1).
2257 4694 2404 4758 Quod
2433 4706 2605 4746 autem
2633 4696 2790 4755 dicit,
2819 4695 2870 4744 in
2901 4710 3016 4758 quo,
3053 4693 3311 4758 signiﬁcat
3343 4693 3394 4744 in
3425 4707 3490 4744 eo

1946 4782 2082 4849 quod
2114 4784 2453 4849 praemiserat,
2481 4792 2530 4832 ut
2557 4799 2646 4833 nos
2674 4781 2871 4847 θίγω-νει
2901 4782 3024 4833 Deo.
3058 4782 3188 4845 Quia
3217 4789 3272 4833 et
3295 4789 3418 4832 tunc
3443 4780 3488 4832 si

1947 4870 2032 4937 qui
2065 4871 2125 4922 ad
2157 4872 2572 4936 prazdieationem
2608 4874 2831 4934 Domini,
2863 4888 3017 4940 quam
3046 4889 3137 4940 per
3166 4873 3325 4925 vitam
3361 4871 3486 4924 lide-

1947 4958 2072 5010 lium
2101 4960 2475 5025 praetendebat,
2495 4962 2714 5012 credere
2739 4961 3042 5025 voluissent,
3065 4971 3117 5014 et
3137 4961 3277 5027 ipsos
3298 4959 3489 5011 olTerrc

1948 5048 2054 5099 Deo
2085 5047 2222 5098 Patri
2252 5047 2528 5113 gaudebat.
2581 5047 2635 5101 Si
2679 5049 2765 5115 qui
2815 5059 2989 5102 autem
3031 5049 3374 5102 detrahebant
3421 5047 3488 5099 du

1946 5139 2093 5193 bonis
2122 5150 2361 5208 tanquam
2384 5141 2450 5194 de
2468 5141 2912 5204 maletactoribus,
2941 5142 2991 5193 ltl
3018 5143 3258 5192 venienti.-
3287 5138 3483 5192 diluvio

1943 5230 2410 5285 cunl‘undehantur.
2467 5229 2591 5283 Nam
2622 5240 2668 5284 et
2701 5231 2766 5284 dc
2797 5243 3012 5298 utroque
3043 5238 3215 5295 potest
3260 5229 3480 5296 intelligi

1942 5320 2077 5388 quod
2104 5319 2212 5382 ait,
2239 5321 2291 5372 in
2334 5336 2452 5385 quo,
2495 5319 2544 5372 id
2587 5329 2684 5376 est.
2713 5330 2764 5373 et
2796 5321 2844 5369 in
2874 5320 2947 5370 eis
2972 5318 3057 5386 qui
3090 5319 3140 5368 in
3166 5331 3322 5371 carne
3351 5331 3477 5369 eon-

1940 5409 2068 5462 clusi
2098 5418 2266 5474 erant,
2295 5409 2492 5476 Spiritu
2523 5410 2738 5469 veniens
2780 5408 3102 5474 praedicavit,
3134 5418 3185 5457 ut
3225 5420 3312 5471 per
3337 5420 3478 5461 eam-

1940 5501 2053 5549 dem
2105 5511 2246 5548 suam
2300 5496 2763 5564 prmdicatiouem,
2798 5507 2853 5549 et
2897 5492 3230 5549 credentibus
3282 5508 3474 5548 corona

1941 5588 2132 5648 laudis,
2162 5598 2209 5640 et
2239 5589 2299 5638 iis
2329 5588 2411 5654 qui
2448 5589 2494 5638 in
2529 5587 2889 5641 incredulitate
2923 5583 3270 5648 perstitissent
3294 5627 3305 5645 ,
3339 5599 3466 5637 cm-

1939 5678 2068 5733 lusio
2101 5687 2418 5732 nasceretur.
2453 5678 2671 5740 Quidam
2704 5675 2917 5729 Codices
2952 5672 3140 5726 habent
3172 5689 3181 5724 :
3213 5670 3273 5723 Ῑέ
3301 5690 3395 5734 quo
3424 5691 3466 5726 et
