3860 6230
426 363 495 417 ω
838 358 1036 414 BLD/IS
1074 355 1515 411 VENEBADILIS
1549 353 1696 410 Ol’i’.
1738 348 1907 419 PARS
1944 346 2005 400 Il.
2049 346 2241 405 SECT.
2283 346 2322 401 Ι.
2363 372 2429 386 -ο
2460 342 2845 400 EXEGETICA
2883 340 3204 398 GENUlNA.
3522 339 3591 389 ΕΟ

415 478 479 527 tia
516 471 606 539 qui
644 474 697 525 in
744 486 938 524 carcere
964 478 1120 531 erant,
1168 467 1366 536 Spiritu
1394 467 1591 520 veniens
1636 462 1938 533 pradicattit.
1970 462 2015 519 Α
2054 457 2334 525 licatun
2358 457 2421 509 ad
2450 455 2889 523 comparationem
2937 453 3261 522 pereuntium
3289 452 3589 522 gentilium,

418 559 565 626 Quod
623 560 689 615 ad
738 560 972 615 eamdem
1017 574 1288 628 pravorum
1355 564 1511 624 atque
1558 552 1942 607 increduiorum

417 649 757 703 intentionem
816 648 1068 717 respicit,
1136 646 1224 712 qui
1278 642 1521 713 quoniam
1582 639 1807 695 tenebris
1852 639 1946 692 ob-

416 745 679 790 scuratum
755 737 947 789 habent
1010 747 1217 787 sensun
1246 774 1261 795 ,
1288 732 1495 797 (merito
1541 730 1697 785 etiam
1753 729 1803 779 in
1849 726 1946 779 Itac

417 822 525 875 vita
553 824 605 877 in
632 836 845 877 carcere
887 821 1111 875 conclusi
1139 833 1257 873 esse
1286 820 1547 872 dicuntur.
1593 817 1646 869 ln
1672 831 1774 884 quo
1802 814 1945 868 vitle-

413 910 536 965 licet
578 924 807 975 carcere,
837 908 1169 963 interioribus
1216 910 1389 961 adhuc
1437 905 1684 968 tenebris,
1714 905 1813 956 hoc
1841 911 1942 965 est,

411 999 646 1053 caecitate
667 1001 855 1053 mentis
877 1008 927 1052 et
949 997 1191 1066 operibus
1208 994 1415 1065 injustis
1439 1001 1739 1064 gravantur,
1755 991 1941 1053 donec,

410 1104 571 1144 carne
598 1089 774 1153 soluti,
801 1088 853 1141 in
904 1088 1145 1142 tenebras
1185 1086 1473 1141 exteriores
1518 1093 1569 1137 et
1598 1086 1651 1138 in
1680 1094 1943 1135 carcerem

410 1180 748 1247 proiiciantur
793 1187 1005 1230 ueterum
1052 1173 1436 1237 damnationis;
1465 1173 1531 1227 de
1555 1186 1659 1235 quo
1691 1169 1944 1222 Dominus

410 1269 464 1321 in
494 1266 775 1335 Evangelia
798 1281 814 1318 :
840 1265 901 1318 Et
917 1265 1082 1336 judcx
1111 1262 1326 1334 (inquit)
1358 1262 1523 1315 tradat
1550 1272 1597 1313 tc
1624 1260 1868 1325 ministro,
1897 1267 1945 1310 ct

412 1359 465 1410 in
492 1371 736 1410 carcerem
764 1354 979 1408 mittaris
1007 1352 1222 1420 (Matth.
1254 1354 1331 1417 ν).
1361 1348 1607 1417 Quamvis
1633 1349 1788 1403 etiam
1819 1362 1944 1401 san-

418 1446 489 1496 cti
518 1443 570 1496 in
602 1442 698 1496 bac
727 1444 829 1495 vita
859 1457 917 1496 se
956 1442 1009 1494 in
1049 1454 1261 1495 carcere
1310 1440 1524 1506 positos,
1556 1452 1673 1492 cum
1699 1437 1943 1506 gaudium

410 1545 646 1599 superna:
700 1532 879 1597 patrize
931 1529 1157 1594 sitiunt,
1188 1528 1375 1583 merito
1427 1528 1773 1596 proclament,
1797 1526 1944 1594 juxta

410 1620 535 1674 illud
578 1620 902 1675 Psaltnistaez
931 1617 1074 1671 Edttc
1108 1618 1169 1671 de
1198 1634 1394 1671 carcere
1431 1619 1651 1670 animam
1692 1631 1850 1671 meatu
1876 1616 1945 1668 ad

407 1712 740 1779 conﬁtendum
774 1712 963 1765 nomini
990 1721 1077 1763 tuo
1105 1710 1276 1781 (Psnl.
1308 1710 1475 1777 cui).
1528 1709 1694 1761 Distat
1723 1720 1946 1775 namque

2046 545 2368 612 Judteorum,
2395 546 2755 599 ltmreticorotn
2776 553 2832 599 et
2869 542 3119 598 falsorum
3144 544 3394 607 ﬁdelium,
3416 546 3589 598 multo

2046 636 2254 691 brevior
2284 648 2365 709 est
2410 650 2656 690 numerus
2696 636 3004 689 electorum.
3058 634 3206 689 Unde
3251 635 3320 687 de
3361 643 3590 702 angusta

2046 734 2192 792 porta
2215 733 2268 779 et
2302 735 2444 778 arcta
2476 723 2558 775 via
2583 762 2599 787 ,
2624 736 2741 790 qum
2768 721 2911 775 ducit
2938 722 3001 773 ad
3029 721 3215 787 vitam,
3248 721 3439 774 dicitur
3470 741 3482 773 :
3518 720 3589 773 Et

2044 814 2190 880 pauci
2213 822 2325 865 sunt
2345 813 2429 881 qui
2458 812 2710 865 inveniunt
2735 826 2842 863 eant
2874 808 3086 878 (Matth.
3119 812 3233 873 vn).
3265 808 3330 861 Et
3354 810 3539 862 iter-tui
3571 824 3588 861 :

2046 900 2218 954 Nolite
2261 903 2449 966 timere,
2476 901 2690 971 pusillus
2739 915 2897 970 grex,
2928 900 3045 968 quia
3088 898 3386 965 complacuit
3438 895 3592 949 Patri

2046 1004 2202 1046 vestro
2248 992 2374 1043 dare
2409 991 2544 1044 vobis
2585 1007 2790 1061 regnum
2819 989 2969 1059 (Luc.
3003 989 3121 1048 sit).
3166 989 3239 1043 De
3262 1003 3368 1057 quo
3397 989 3589 1056 pusillo

2045 1095 2205 1148 grege
2231 1091 2285 1132 et
2314 1079 2399 1133 bic
2422 1089 2539 1147 apte
2568 1078 2934 1147 subiungitur:

2051 1204 2055 1207 -
2114 1165 2236 1222 Non
2281 1168 2449 1221 carnis
2492 1168 2733 1236 depositio
2776 1169 3018 1232 sordium,
3046 1178 3149 1225 etc.
3200 1166 3294 1221 Ubi
3336 1168 3474 1219 enim
3503 1177 3589 1217 est

2044 1255 2363 1312 conscientia
2412 1258 2580 1322 bona,
2612 1258 2711 1311 nisi
2761 1258 2844 1311 ubi
2888 1270 2969 1311 est
3015 1269 3069 1312 et
3120 1258 3249 1310 lldcs
3280 1273 3383 1310 non
3415 1258 3536 1309 licta
3562 1258 3589 1307 2

2045 1348 2207 1403 Docet
2235 1362 2457 1415 namque
2500 1349 2767 1415 apostolus
2814 1348 3001 1401 Paulus
3043 1348 3161 1414 quia
3210 1350 3321 1409 ﬁnis
3352 1351 3586 1415 prter-apti

2043 1447 2115 1490 est
2142 1438 2359 1491 charitas
2387 1438 2448 1492 dc
2477 1437 2625 1489 corde
2653 1453 2796 1504 puro,
2824 1448 2869 1489 et
2906 1438 3209 1489 conscientia
3236 1438 3383 1499 bona,
3405 1447 3450 1489 et
3481 1437 3588 1503 ﬁde

2047 1544 2144 1580 non
2168 1528 2283 1593 [icta
2315 1525 2365 1594 (I
2394 1526 2525 1591 Tim.
2559 1524 2621 1595 t).
2652 1527 2800 1592 Quod
2824 1507 2948 1596 ergo
2973 1540 3107 1595 aqua
3134 1526 3316 1579 diluvii
3347 1540 3449 1577 nou
3479 1525 3585 1575 sal-

2045 1618 2187 1670 vavit
2231 1629 2372 1669 extra
2418 1630 2589 1669 arcum
2640 1615 2866 1683 positos,
2894 1614 2987 1669 sed
3034 1614 3242 1677 occidit,
3278 1617 3392 1667 sine
3418 1614 3582 1665 dub'o

2047 1704 2407 1774 prmﬂgurabat
2459 1718 2669 1758 omnem
2726 1702 3068 1766 bereticum,
3128 1704 3251 1756 licet
3301 1702 3585 1753 habentem

410 1773 629 1853 Inuitum
657 1800 791 1852 inter
817 1811 1095 1866 utrumque
1112 1773 1408 1860 carcerem,
1437 1773 1703 1864 siquidem
1736 1773 1942 1861 reprobi
1976 1773 2019 1842 Β
2048 1773 2375 1861 baptismatis
2420 1782 2824 1855 sacramentum,
2854 1806 2954 1846 non
2988 1793 3124 1855 aliis,
3155 1792 3249 1845 sed
3282 1792 3406 1856 ipsis
3434 1792 3587 1856 aquis

410 1885 463 1939 in
494 1900 707 1941 carcere
720 1893 845 1940 sunt
869 1896 1201 1954 peccatorum
1228 1896 1280 1940 et
1309 1885 1640 1953 ignorantiae,
1661 1884 1789 1951 justi
1822 1897 1945 1937 vero

411 1977 463 2031 in
506 1991 718 2045 carcere
764 1976 896 2054 licet
934 1977 1326 2031 tribulationum
1378 1976 1551 2044 positi,
1582 1976 1699 2029 luce
1738 1986 1948 2041 semper

406 2066 621 2134 iustitia:
646 2066 867 2121 dilatato
910 2066 961 2121 in
1006 2065 1171 2121 Deum
1203 2064 1363 2121 corde
1413 2063 1784 2134 perfruuntur;
1812 2074 1943 2131 quos

411 2154 819 2223 designaverunt
863 2155 1084 2221 apostoli
1131 2156 1324 2209 Paulus
1352 2163 1406 2207 et
1444 2153 1604 2217 Silas,
1632 2168 1749 2206 cum
1776 2150 1945 2206 media

412 2254 566 2296 nocte
594 2242 644 2295 in
674 2243 859 2295 intimo
888 2242 1115 2297 carceris
1162 2241 1405 2307 horrore,
1435 2240 1599 2295 vincti
1630 2242 1751 2295 licet
1774 2249 1824 2293 et
1854 2239 1947 2293 lla-

410 2331 606 2401 gellati,
626 2331 873 2400 hymnum
900 2331 1006 2385 Deo
1032 2330 1199 2385 laudis
1229 2330 1494 2385 laetissima
1513 2344 1646 2385 voce
1665 2328 1943 2383 canebant.

408 2419 628 2485 Quidam
654 2419 791 2472 hunc
816 2419 985 2472 locum
1017 2417 1089 2472 ita
1120 2420 1489 2486 interpretatus
1515 2427 1616 2486 est,
1647 2417 1783 2488 quod
1808 2432 1945 2472 cono

413 2507 720 2561 solutionem
750 2508 893 2561 illam
934 2508 1000 2561 dc.
1042 2524 1137 2576 qua
1185 2509 1313 2562 dicit
1350 2498 1600 2575 apostolis
1652 2508 1945 2562 Dominus:

415 2597 467 2650 ιι
477 2597 569 2648 ulti
593 2598 848 2666 propheta:
873 2607 916 2650 et
936 2597 1068 2667 justi
1094 2598 1349 2664 cupierunt
1381 2599 1544 2650 videre
1568 2612 1678 2662 qua:
1703 2611 1786 2649 eos
1807 2595 1946 2649 vidc-

417 2685 501 2746 tis,
531 2694 575 2739 ct
602 2696 700 2738 non
726 2684 969 2750 uiderunt,
999 2695 1045 2737 ct
1070 2686 1248 2738 audire
1274 2701 1385 2753 qua:
1421 2685 1628 2747 auditis,
1651 2692 1697 2738 et
1727 2699 1825 2735 non
1853 2698 1950 2734 att-

413 2776 606 2828 dierunt
639 2773 857 2841 (Matth.
880 2774 1016 2843 snt);
1035 2776 1100 2828 de
1121 2790 1220 2843 qua
1241 2784 1293 2829 et
1319 2775 1587 2828 Psalmista
1612 2791 1623 2825 :
1655 2773 1950 2843 Dcfcccrunt

414 2863 547 2915 oculi
570 2863 665 2917 mei
691 2862 743 2914 in
767 2862 1020 2929 eloquium
1051 2872 1205 2919 tuum.
1240 2861 1459 2914 dicentes
1482 2875 1501 2913 :
1525 2859 1739 2925 Quando
1777 2875 1951 2914 conso-

414 2953 595 3006 labcris
637 2967 714 3004 me
764 2949 932 3023 (Psul.
970 2952 1200 3021 cvwn)?
1231 2949 1394 3004 sancti
1428 2951 1753 3017 quiescentes
1781 2950 1833 3002 in
1862 2949 1953 3003 in-

414 3044 562 3097 ferno
580 3042 1033 3102 desideraverunt,
1046 3042 1185 3110 quod
1212 3042 1345 3103 base,
1364 3040 1715 3094 descendente
1731 3039 1953 3092 Domino

415 3134 467 3185 ln
497 3132 691 3184 inl‘erna
715 3170 730 3194 ,
758 3132 914 3184 etiam
957 3131 1039 3182 bis
1074 3131 1161 3196 qui
1207 3131 1256 3181 in
1285 3143 1500 3182 carcere
1527 3139 1674 3181 erant
1704 3140 1755 3181 et
1782 3129 1949 3182 incre-

416 3220 524 3273 duli
550 3219 811 3287 quondam
844 3217 1050 3272 fuerant
1076 3218 1127 3271 in
1157 3217 1343 3271 diebus
1382 3216 1515 3283 Noe,
1543 3218 1832 3271 consolatio
1864 3216 1947 3271 vel

418 3307 713 3361 esltortatio
745 3308 1019 3374 praedicata
1052 3306 1221 3361 luerit.
1256 3305 1317 3359 Et
1346 3307 1456 3360 haec
1500 3306 1586 3360 ille
1613 3306 1827 3369 dixerit,
1858 3304 1951 3360 sed

419 3397 675 3449 catholica
726 3396 854 3450 lldes
905 3397 1081 3460 habet,
1109 3393 1601 3464 quiadescendeus
1647 3395 1711 3447 ad
1754 3395 1952 3449 interna

420 3486 672 3539 Dominus
693 3500 795 3539 non
819 3487 1117 3542 incredulos
1146 3486 1395 3551 inde,sed
1426 3486 1605 3540 ﬁdeles
1626 3488 1956 3541 solummodo

420 3590 543 3629 suos
569 3576 816 3641 edocens,
845 3576 907 3629 ad
939 3577 1173 3630 rmtcstia
1218 3591 1402 3629 secum
1433 3591 1590 3638 regna
1631 3576 1952 3645 perduxerit,

421 3678 591 3731 neque
611 3666 781 3719 exutis
802 3679 1023 3731 corpore
1043 3664 1333 3726 animabus;
1367 3675 1410 3719 δι
1433 3666 1716 3720 inferorum
1736 3660 1948 3720 carcere

420 3751 675 3805 scelerum
719 3751 958 3815 inclusis,
989 3752 1082 3805 sed
1134 3752 1183 3804 in
1214 3752 1311 3805 bac
1342 3753 1442 3805 vita
1464 3753 1557 3805 vel
1600 3768 1693 3821 per
1722 3753 1951 3819 seipsum

422 3842 504 3895 vel
533 3855 626 3909 per
650 3856 859 3895 suorum
886 3842 1121 3909 exetnpla
1172 3841 1283 3895 sive
1322 3844 1476 3896 verba
1509 3844 1763 3910 tidelium,
1787 3842 1958 3910 quotio

423 3931 509 3986 die
552 3933 708 3985 vitam
736 3932 851 3986 vitae
877 3931 1218 3986 demonstret.
1252 3932 1323 3986 De
1349 3934 1535 4002 quibus
1561 3934 1695 3988 bene
1724 3934 1913 3987 dicitur
1940 3948 1954 3986 :

493 4012 595 4087 aut
620 4021 867 4074 increduli
909 4018 1110 4089 fuerant
1156 4022 1446 4088 aliquando,
1486 4032 1589 4077 etc.
1625 4021 1749 4073 Nam
1774 4029 1825 4073 et
1849 4020 1956 4087 ipsa

427 4107 522 4167 Del
548 4112 794 4179 patientia
816 4112 1115 4177 praedicatio
1141 4125 1250 4167 erat
1276 4113 1406 4180 ejus,
1438 4126 1556 4165 cum
1589 4110 1714 4171 Noe,
1736 4122 1947 4162 centum

426 4202 578 4255 annis
603 4214 740 4253 arcte
768 4203 1011 4268 operibus
1035 4202 1308 4263 insistens,
1341 4202 1460 4269 quid
1491 4200 1685 4253 mundo
1729 4201 1959 4252 futurum

425 4298 566 4340 esset
589 4286 886 4354 quotidiana
904 4289 1078 4356 operis
1098 4289 1434 4344 exsecutio-te
1453 4288 1791 4345 monstrabat.
1811 4288 1961 4343 Unde

2042 1883 2107 1937 ad
2146 1882 2345 1937 interna
2387 1881 2725 1950 mergendum
2753 1921 2770 1945 ,
2803 1879 2985 1950 quibus
3025 1896 3145 1936 arca
3189 1882 3490 1935 sublevatur
3521 1882 3585 1929 ait

2044 1973 2253 2028 ctelum.
2302 1972 2419 2041 Ipse
2440 1985 2646 2043 quoque
2683 1973 2983 2026 octonarius
3013 1988 3261 2026 numerus
3289 1973 3587 2025 ωιίιιιηισιιίιι

2040 2078 2159 2133 qua:
2183 2064 2340 2117 salva:
2365 2061 2515 2116 factae
2538 2071 2662 2117 sunt
2686 2076 2778 2131 per
2806 2076 2991 2129 aquam
3022 2063 3283 2128 signiﬁcat
3314 2062 3433 2127 quia
3464 2078 3586 2111 suu-

2028 2152 2124 2205 ’σω
2169 2150 2404 2204 Ecclesia
2435 2150 2485 2203 in
2511 2159 2897 2204 sacramentum
2928 2149 3201 2203 dominica:
3230 2155 3586 2205 resutrccti-a-

2045 2241 2126 2296 nis
2153 2240 2394 2309 baptismi
2422 2241 2686 2296 lavacrum
2732 2244 2989 2311 percepit,
3024 2253 3077 2296 ut
3106 2242 3237 2297 sicut
3266 2244 3377 2309 ipse
3409 2260 3586 2296 resur-

2045 2331 2177 2386 rexit
2207 2345 2235 2385 a
2256 2332 2480 2388 mortuis
2508 2346 2600 2402 per
2616 2333 2834 2402 gloriam
2865 2331 3050 2394 Patris,
3085 2334 3151 2385 ita
3177 2344 3229 2385 et
3253 2348 3367 2395 nos,
3396 2349 3585 2394 expur-

2043 2420 2148 2489 gati
2174 2435 2204 2474 a
2232 2420 2461 2489 peccatis
2483 2433 2574 2488 per
2595 2433 2785 2488 aquam
2815 2421 3252 2487 regenerationis,
3280 2422 3331 2473 in
3356 2422 3589 2474 tlUt’iL‘tlc

2047 2507 2164 2561 vitte
2189 2507 2517 2561 ambulemus
2544 2505 2717 2577 (Rom.
2749 2505 2846 2576 vr).
2877 2507 3073 2561 Octava
3099 2522 3325 2576 namque
3353 2509 3461 2573 die,
3487 2513 3585 2563 hoc

2045 2606 2127 2651 est
2153 2604 2270 2665 post
2306 2598 2579 2666 septimam
2618 2596 2832 2652 Sabbati
2853 2639 2868 2661 ,
2902 2598 3173 2665 Dominus,
3200 2614 3228 2649 a
3256 2608 3477 2653 mortuis
3506 2619 3579 2651 re.

2047 2703 2290 2756 surgens,
2322 2698 2372 2742 et
2400 2688 2692 2758 exemplum
2740 2689 2890 2743 nobis
2932 2687 3116 2743 futura:
3162 2692 3583 2749 resurrectionis,

2044 2786 2099 2832 et
2144 2776 2448 2848 mysterium
2493 2792 2641 2831 novze
2693 2776 3145 2839 conversationis,
3173 2791 3272 2844 qua
3326 2777 3380 2827 in
3438 2779 3589 2829 terris

2050 2867 2206 2937 positi
2247 2865 2531 2921 caelestem
2565 2869 2721 2921 vitam
2765 2880 3082 2934 ageremus,
3126 2868 3378 2920 ostendit.
3442 2868 3587 2931 Quod

2047 2958 2206 3013 etiam
2238 2956 2348 3023 ipse
2376 2956 2560 3009 Petrus
2588 2955 2904 3022 exponendo
2930 2954 3227 3022 subiungit,
3260 2955 3443 3005 dicens
3470 2972 3479 3004 :

2122 3046 2223 3100 Per
2268 3046 2675 3099 resurrectionem
2717 3042 2837 3097 Jesu
2885 3042 3087 3106 Christi,
3116 3052 3218 3096 etc.
3255 3044 3405 3096 Sicut
3453 3046 3587 3094 enim

2053 3138 2163 3203 ipse
2191 3147 2469 3203 resurgens
2488 3148 2515 3185 a
2546 3133 2763 3186 mortuis
2784 3131 3021 3186 ascendit
3045 3132 3093 3184 in
3124 3132 3339 3192 cretum,
3365 3143 3417 3183 et
3448 3134 3592 3182 sedet

2047 3237 2079 3276 a
2106 3223 2307 3277 dextris
2338 3222 2462 3287 Dei,
2491 3222 2567 3275 sic
2598 3221 2753 3274 etiam
2784 3231 2835 3274 et
2875 3219 3023 3273 nobis
3054 3234 3143 3288 per
3168 3221 3425 3285 baptisttta
3457 3222 3586 3269 visui

2048 3313 2229 3370 salutis
2253 3326 2315 3367 ac
2356 3312 2498 3382 regni
2546 3312 2772 3366 caelestis
2820 3314 3088 3365 introitum
3130 3321 3306 3377 patere
3339 3310 3580 3376 signavit.

2055 3406 2193 3460 Bene
2216 3412 2390 3457 autem
2420 3401 2529 3455 ait:
2557 3401 2844 3470 Degluticus
2874 3410 3107 3463 mortem;
3142 3400 3279 3468 quod
3330 3399 3468 3452 enim
3501 3400 3590 3453 de-

2056 3491 2326 3562 glutimus,
2355 3488 2557 3559 agimus
2588 3501 2641 3541 ut
2688 3488 2878 3541 virtute
2920 3489 3083 3541 nostri
3130 3489 3365 3555 corporis
3392 3503 3585 3539 assum-

2056 3589 2200 3647 ptum
2236 3593 2497 3647 nunquam
2528 3588 2729 3649 pareat.
2760 3577 2824 3631 Et
2853 3575 3126 3645 degiutivit
3168 3589 3388 3628 mortem
3420 3575 3593 3628 "nilli-

2056 3684 2173 3732 nus,
2199 3682 2352 3736 quam
2381 3683 2417 3721 rt
2442 3683 2661 3735 surgens
2690 3682 2718 3719 a
2748 3668 2973 3721 mortuis
2998 3669 3062 3718 itzt
3093 3654 3329 3718 luntlttns
3353 3682 3593 3718 ριιιιειι.ιιο

2056 3759 2178 3827 psit,
2210 3769 2265 3812 ut
2295 3757 2427 3812 nihil
2468 3768 2651 3811 contra
2696 3773 2753 3810 se
2801 3760 2932 3809 tlilru
2970 3776 3058 3823 per
3088 3768 3335 3809 attactum
3369 3759 3587 3820 :t‘itztgus

2055 3848 2398 3916 corruptionis
2425 3847 2642 3909 valeret,
2670 3862 2754 3905 ac,
2787 3861 3032 3897 manente
3062 3864 3238 3909 Silt'th‘
3271 3849 3376 3896 tuti
3403 3865 3478 3891 tu;
3499 3860 3587 3907 pn-

2056 3944 2149 4007 ris,
2179 3943 2383 3997 abesset
2424 3954 2639 4008 prorsus
2670 3938 2812 3990 labes
2843 3938 3011 3988 (ιω-,ἰν
3042 3935 3223 4001 prisce
3276 3938 3586 4002 fragilitatis.

2056 4031 2203 4097 Quod
2232 4031 2399 4099 ipsum
2427 4035 2481 4081 et
2505 4027 2655 4079 nobis
2704 4029 2753 4077 itt
2801 4026 2900 4077 line
2952 4029 3265 4092 promittitur
3315 4028 3547 4078 futurum
3574 4064 3590 4088 ,

2058 4120 2263 4173 dicente
2307 4116 2578 4184 Apostolo,
2611 4131 2729 4168 cum
2772 4118 2837 4167 de
2881 4127 3055 4168 ttOslra
3104 4119 3487 4169 resurremiuuc
3520 4118 3593 4166 io-

2058 4216 2306 4278 queretur
2331 4225 2343 4259 :
2369 4206 2509 4259 Tunc
2546 4206 2629 4274 ﬁet
2667 4222 2827 4257 sermo
2861 4209 2950 4275 qui
2976 4209 3185 4275 scrip'tts
3214 4217 3285 4258 est
3314 4222 3330 4258 :
3356 4208 3595 4273 Absorpfa

2060 4308 2132 4353 est
2158 4314 2290 4352 more
2314 4299 2366 4351 in
2394 4296 2596 4350 victoria
2622 4294 2673 4363 (Ι
2704 4297 2820 4348 Cor.
2860 4305 2969 4361 xv).
3020 4296 3157 4349 Bene
3196 4299 3452 4363 absorpta.
3485 4298 3595 4361 quia

431 4374 621 4428 huius
662 4375 737 4429 θίι
765 4393 778 4427 ε
804 4378 879 4429 Αη
936 4379 1134 4447 ίσηοταε
1182 4381 1419 4448 «naniam
1473 4381 1709 4446 Ραιὶεηίὲα
1752 4378 1849 4449 θεέ,
1895 4380 1961 4431 ad
1991 4418 2036 4475 ο
2062 4403 2178 4441 cum
2206 4396 2258 4441 et
2286 4401 2380 4440 nos
2405 4383 2525 4439 vitae
2554 4396 2762 4439 aeternae
2805 4383 3080 4449 participes
3112 4384 3363 4435 fuerimus
3409 4386 3594 4441 ωτι-ευ,

430 4464 764 4543 penitentiam
790 4476 834 4520 te
852 4468 1054 4520 adducit
1078 4467 1250 4538 (Rom.
1270 4469 1367 4537 tt)?
1393 4479 1493 4524 etc.
1525 4470 1636 4522 Alia
1660 4469 1956 4522 Translatio

433 4556 571 4608 nunc
622 4554 791 4608 locum
820 4554 888 4609 ita
932 4557 1368 4609 Italiet:CItristus
1410 4559 1557 4609 semel
1602 4574 1691 4619 pro
1742 4560 1956 4625 peccatis

430 4645 611 4696 nostris
641 4656 860 4697 mortuus
888 4655 981 4709 cst,
997 4645 1164 4714 justus
1193 4662 1283 4713 pro
1313 4650 1327 4697 Α
1377 4648 1535 4711 "tritis,
1562 4660 1611 4698 ut
1634 4666 1719 4701 nos
1741 4648 1957 4700 adducat

430 4738 496 4787 ad
538 4735 734 4801 Deum,
762 4738 1093 4803 morti/iratus
1143 4754 1344 4807 corpore
1369 4782 1381 4803 ,
1412 4740 1498 4791 sed
1540 4741 1672 4790 vivus
1714 4744 1869 4803 factus
1912 4742 1960 4790 in

433 4826 629 4888 spiritu.
671 4824 734 4876 lu
757 4842 853 4893 quo
888 4828 1067 4892 spiritu
1095 4838 1139 4880 et
1164 4830 1234 4881 eis
1260 4829 1342 4894 qui
1369 4829 1420 4880 it
1448 4844 1641 4880 carcere
1668 4837 1808 4880 erant
1834 4844 1960 4894 prte-

437 4913 643 4975 diravit,
674 4913 759 4978 qui
799 4916 1049 4979 quondam
1090 4932 1189 4968 non
1237 4933 1283 4968 cr
1297 4917 1545 4968 ediderant
1574 4917 1621 4967 in
1649 4917 1815 4968 diebus
1842 4917 1960 4979 ill's,
1996 4905 2001 4907 ν

436 5016 551 5053 cum
577 5009 913 5068 exspectarent
939 5001 1029 5052 Dei
1058 5005 1347 5067 patientiam
1373 5006 1425 5056 in
1448 5003 1617 5056 diebus
1643 5003 1769 5067 Noe,
1794 5013 1893 5057 clc.

507 5087 570 5143 In
588 5107 680 5157 qua
697 5094 864 5158 pauci,
877 5090 930 5142 id
949 5100 1039 5154 est,
1056 5102 1163 5144 octo
1180 5095 1357 5146 animae
1374 5097 1527 5146 salva:
1548 5095 1689 5161 tacta:
1705 5102 1839 5158 sunt,
1860 5104 1960 5146 etc.

439 5177 677 5233 Formam
723 5182 963 5249 baptismi
1006 5181 1342 5233 assimilatant
1392 5183 1516 5235 dicit
1564 5200 1696 5234 meo
1739 5195 1789 5236 et
1816 5184 1966 5250 aquis

437 5267 719 5324 diluviLEt
743 5281 880 5325 recte
908 5272 1140 5333 omnino,
1164 5272 1281 5339 quia
1308 5281 1359 5322 et
1389 5272 1495 5339 ipsa
1526 5272 1668 5323 lubuit
1690 5275 1791 5324 alio
1827 5288 1961 5325 arcae

435 5358 502 5411 ile
528 5357 675 5425 lignis
694 5359 938 5428 laevigatis
956 5358 1395 5413 constructionem
1420 5359 1669 5426 signiﬁcat
1694 5362 1958 5421 περιθεῖεν,

435 5466 549 5511 una-
582 5450 635 5501 lit
662 5449 725 5503 de
755 5452 1062 5503 collectione
1091 5452 1378 5501 animarum
1412 5448 1632 5499 lideliuut
1670 5466 1753 5515 per
1788 5450 1963 5501 archi-

436 5548 601 5590 tectos
629 5540 787 5591 verbi.
839 5540 901 5591 Et
944 5538 1080 5603 quod
1125 5548 1366 5603 pereunte
1411 5539 1532 5590 orbe
1565 5550 1689 5599 toto,
1719 5541 1885 5600 pauci,
1918 5538 1965 5588 ili

433 5638 534 5685 νει.
567 5636 682 5681 octo
709 5628 916 5691 animo,
946 5629 1100 5681 salvto
1134 5630 1277 5680 facta;
1306 5640 1419 5679 sunt
1452 5645 1540 5691 per
1577 5643 1782 5693 aquam,
1811 5630 1955 5688 siaut-

2062 4481 2128 4531 ita
2159 4478 2400 4531 nimirum
2432 4476 2600 4529 virtus
2628 4477 2860 4541 corporis
2892 4472 3199 4526 immortalis
3229 4488 3385 4522 uiuite
3418 4482 3593 4535 [inuic-

2060 4572 2171 4620 riue
2191 4564 2537 4631 corruptionis
2562 4562 2739 4614 vitium
2762 4562 2924 4616 tollet.
2942 4559 3203 4627 quomodo
3222 4559 3357 4611 solet
3380 4557 3580 4608 ﬂ.tttt:tt:t

2064 4654 2193 4721 .gnis
2220 4653 2503 4704 itntuissatu
2533 4650 2629 4703 sibi
2654 4663 2801 4706 auum
2826 4658 3022 4709 guttam
3054 4648 3257 4701 ardoris
3284 4646 3363 4699 sui
3395 4661 3583 4699 cottsn-

2061 4757 2204 4797 utere
2232 4743 2438 4795 virtute.
2957 4781 2964 4789 .
3012 4779 3025 4790 .

2135 4812 2396 4877 Profectus
2421 4809 2633 4877 (inquit)
2666 4810 2716 4862 in
2748 4812 2941 4869 ctutum,
2972 4820 3075 4862 etc.
3106 4808 3238 4858 Nulli
3270 4809 3489 4859 dubium
3522 4818 3589 4857 est

2062 4907 2186 4970 quin
2218 4902 2349 4956 Filio
2387 4902 2473 4955 Dei
2504 4914 2710 4967 semper
2752 4899 2944 4951 luerint
2990 4896 3158 4963 angeli
3201 4906 3251 4948 et
3300 4913 3487 4950 omnes
3518 4913 3595 4961 p.1-

2066 4989 2433 5062 triloctelestis
2474 4989 2687 5040 virtutes
2714 5002 2777 5037 ac.
2808 4994 3087 5050 potestates
3118 4985 3373 5052 Subiecta:
3400 5025 3414 5045 ,
3448 5000 3593 5049 quem

2062 5094 2179 5144 cum
2209 5078 2359 5131 Patr:
2389 5088 2439 5130 et
2466 5077 2661 5144 Spiritu
2690 5086 2867 5127 sancto
2896 5089 3050 5125 unum
3083 5076 3195 5127 sine
3244 5076 3395 5126 initio
3429 5074 3585 5124 Deum

2064 5165 2297 5226 laudant,
2318 5174 2565 5225 tremunt,
2591 5164 2823 5213 adorant.
2858 5164 2960 5214 Sed
2992 5176 3289 5214 incenssarto
3315 5162 3593 5213 admonen-

2064 5256 2187 5307 dum
2217 5255 2396 5307 beatus
2426 5255 2606 5305 Petrus
2630 5254 2900 5305 :BSlllltaVii
2932 5254 3066 5320 quini
3115 5261 3378 5315 assumpta
3415 5252 3586 5301 ltttttta.

2068 5343 2198 5395 nitas
2221 5343 2270 5394 in
2304 5351 2494 5394 tantam
2523 5342 2591 5393 sit
2618 5341 2834 5407 gloriam
2868 5324 3188 5406 resurgendo
3217 5340 3519 5401 sublimata,
3547 5354 3591 5390 ttl
3618 5370 3627 5381 ο

2069 5432 2459 5499 incomparabili
2490 5432 2711 5483 culmine
2739 5433 2879 5482 ontni
2932 5429 3177 5495 angelica:
3204 5427 3469 5493 dignitatis
3504 5447 3590 5493 pn-

2071 5526 2240 5576 tculim
2290 5524 2610 5587 praeferetur.
2656 5520 2805 5573 Jttxla
2853 5522 2986 5586 quod
3038 5527 3086 5567 cl
3143 5515 3446 5578 i‘snltttisln,
3481 5536 3590 5567 tum

2067 5616 2259 5668 diceret
2289 5618 2352 5667 dt:
2383 5635 2413 5679 τι
2437 5629 2490 5667 so
2534 5614 2666 5665 l‘ttlt‘i
2695 5632 2704 5664 ;
2739 5611 2966 5662 .ilinttisti
3005 5626 3109 5660 cum
3156 5611 3307 5673 paulo
3353 5608 3594 5664 minttyan
