3860 6230
308 402 374 456 6|
1389 403 1449 456 ΙΝ
1491 404 1746 459 PRIMA.“
1787 397 2162 460 Ei‘iSTOLMl
2205 406 2422 463 PETlil.
3421 421 3484 478 ελ

307 516 505 587 augetis
536 512 705 584 (Psat.
737 515 884 582 vni);
913 513 1156 568 continuo
1197 513 1412 582 subjecit
1443 533 1454 564 :
1479 514 1651 575 Gloria
1688 523 1731 564 et
1758 510 1923 596 Ito—.A
1952 512 2080 562 rivos
2104 530 2162 565 ac
2200 527 2436 570 mortuos.
2482 518 2601 573 ideo
2625 520 2832 590 (inquit)
2863 525 3034 578 minus
3061 537 3262 592 curate,
3303 531 3479 585 minus

270 621 437 658 ,ποτε
471 605 720 657 coronnsti
759 619 888 664 rum,
927 613 973 656 et
1012 605 1309 655 constituisti
1356 620 1466 654 eum
1512 619 1661 668 super
1699 617 1848 668 opera

309 711 554 746 manuum
601 703 834 756 tuarum;
879 694 1046 748 omnia
1087 694 1336 762 subjecisti
1371 694 1460 746 sub
1508 694 1714 759 pedibus
1741 694 1849 759 cjtts

306 781 523 851 (tua).

907 870 1129 925 CAPUT
1157 866 1277 924 IV.’
1506 927 1509 931 ,

383 960 580 1016 Christo
608 961 758 1029 igitur
788 955 935 1027 passo
959 960 1008 1011 in
1030 974 1198 1020 carne,
1226 965 1327 1012 etc.
1361 957 1635 1025 Postquam
1663 968 1843 1008 exent-

305 1051 456 1116 plum
507 1047 904 1103 resurrectionis
943 1048 1218 1102 dominicae
1255 1055 1309 1099 et
1348 1044 1625 1098 abbttionis
1652 1051 1846 1095 nostra:

303 1153 434 1204 qua:
463 1140 517 1190 tit
546 1139 598 1190 in
639 1136 898 1203 baptismo
919 1177 932 1199 ,
959 1136 1025 1188 de
1052 1149 1186 1188 arca
1226 1148 1287 1188 ac
1314 1131 1492 1186 diluvii
1520 1139 1846 1186 sacramento

307 1235 634 1286 astruxerat.
667 1225 943 1279 revertitur
984 1223 1047 1274 ad
1081 1222 1179 1274 ttoc
1222 1221 1359 1289 quod
1387 1221 1563 1272 dicere
1589 1227 1842 1282 ceperat,

316 1315 690 1379 ut,itnitatttes
733 1328 863 1379 opus
906 1310 1266 1376 Redemptoris
1311 1308 1508 1373 nostri,
1535 1309 1669 1360 inter
1711 1307 1842 1359 bona

306 1418 431 1471 qua:
461 1402 701 1462 iacimus,
735 1401 989 1467 patienter
1039 1399 1291 1453 malorum
1336 1397 1617 1465 nequitiam
1647 1395 1841 1448 tolere-

303 1505 451 1544 mus.
480 1489 770 1542 Notandum
816 1498 1015 1552 autem,
1047 1486 1181 1554 quod
1207 1485 1452 1539 distincte
1481 1485 1702 1550 loquens
1728 1483 1842 1535 :tit':

251 1596 254 1599 '
306 1581 509 1632 Christo
547 1580 699 1649 igitur
733 1594 880 1648 passo
906 1577 957 1628 in
985 1592 1154 1629 carne.
1195 1575 1322 1641 Quia
1348 1575 1478 1627 sicut
1504 1575 1686 1627 beatus
1715 1576 1840 1626 Am-

306 1669 518 1724 brosius
544 1673 617 1723 ait
652 1687 668 1726 :
699 1688 717 1720 ι
746 1682 869 1722 caro
897 1667 1009 1732 eius
1057 1673 1137 1720 est
1177 1679 1347 1733 passa,
1377 1664 1624 1716 Divinitas
1664 1671 1842 1716 autem

307 1757 496 1812 mortis
523 1759 685 1812 libera
706 1797 719 1820 ,
749 1756 974 1823 passioni
1006 1769 1198 1822 corpus
1228 1763 1426 1808 natura:
1457 1756 1698 1807 humana:
1730 1751 1842 1817 lege

1948 601 2143 668 delete,
2171 606 2214 656 si
2260 606 2640 662 benefacientcs
2681 609 3104 678 blaspbetnautiui
3134 631 3162 669 a
3202 620 3470 686 reprobis.

1947 697 2066 758 quia
2114 695 2208 746 etsi
2258 709 2349 747 vos
2389 700 2668 764 tacueritis,
2698 715 2802 754 non
2849 709 3021 755 tamen
3061 705 3271 768 tacebit,
3302 723 3472 774 neque

1947 793 2303 848 compescetur
2348 786 2479 839 Deus
2504 789 2658 853 jndex
2706 790 2884 858 utique
2906 791 3113 858 justus,
3163 796 3333 860 quiet
3371 797 3474 849 illis

1949 869 2277 936 blasphemia:
2307 889 2431 938 suae,
2474 887 2527 930 et
2569 877 2829 941 patientia:
2853 891 3038 934 vestra:
3065 881 3210 938 vobis
3258 885 3469 951 przt-tttia

1946 959 2099 1026 digna
2131 963 2385 1015 restituet.

2015 1045 2230 1111 Propter
2258 1050 2350 1101 hoc
2375 1053 2502 1103 enim
2529 1062 2575 1106 et
2610 1059 2816 1109 mortuis
2841 1058 3227 1126 eoangetisntum
3252 1069 3343 1121 est.
3365 1071 3471 1115 etc.

1943 1134 2107 1188 Tanta
2139 1138 2243 1190 Deo
2265 1154 2410 1204 cura,
2433 1149 2605 1196 tantus
2626 1158 2793 1210 amor,
2819 1155 3013 1200 tantum
3044 1157 3124 1200 est
3148 1149 3466 1204 desiderium

1945 1242 2039 1281 nos
2068 1228 2365 1282 tnortiticari
2396 1244 2566 1293 carne,
2594 1232 2837 1286 viviticari
2865 1245 3037 1288 autem
3063 1237 3273 1303 spiritu,
3301 1249 3356 1290 ιιι
3385 1241 3466 1291 Itis

1943 1337 2145 1389 quoque
2175 1323 2264 1389 qui
2310 1324 2592 1390 majoribus
2638 1325 2940 1380 criminibus
2995 1328 3208 1382 ittvoluti
3239 1339 3384 1394 sunt,
3416 1341 3469 1381 nt

1945 1409 2080 1462 inter
2107 1419 2337 1462 mortuos
2360 1410 2472 1476 iure
2498 1413 2816 1477 nominandi,
2842 1417 3055 1468 lnxnriis
3081 1417 3341 1481 videlicet,
3376 1418 3470 1472 de-

1943 1497 2162 1558 sideriis,
2197 1497 2509 1560 vinolentiis,
2555 1503 3018 1556 comessatiouibus
3047 1543 3062 1567 ,
3094 1503 3464 1569 potationibus,

1943 1595 1997 1642 et
2023 1587 2214 1644 illicitis
2242 1589 2493 1642 idolorum
2523 1591 2744 1644 cultibus
2763 1631 2777 1652 ,
2809 1593 3024 1646 verbum
3057 1593 3174 1648 iitlci
3204 1594 3466 1664 evangelio

1943 1690 2060 1728 zare
2108 1679 2427 1743 praeceperit.
2476 1689 2732 1742 quatenus
2760 1691 2814 1733 et
2854 1681 2924 1734 illi
2964 1681 3226 1747 iudicatis,
3264 1683 3313 1736 id
3354 1694 3455 1748 est,

1941 1765 2128 1832 spretis
2154 1773 2209 1819 et
2248 1765 2463 1832 abiectis
2492 1768 2788 1823 carnalibus
2816 1769 3090 1823 desideriis
3119 1771 3455 1837 spiritualitcr

304 1851 588 1904 concessit.
619 1867 638 1900 ι
693 1848 770 1901 An
822 1862 945 1900 vero
991 1848 1122 1900 mori
1155 1845 1415 1899 Divinitas
1468 1853 1678 1909 potest,
1713 1857 1830 1894 cum

1939 1856 2148 1922 vivant,
2174 1871 2377 1925 unaque
2421 1872 2538 1910 cum
2583 1859 2659 1911 eis
2702 1873 2833 1927 quos
2880 1859 3179 1914 innocenter
3223 1862 3458 1924 viventes

304 1940 484 1990 anima
516 1951 618 1990 non
649 1935 848 2004 possit?
879 1933 1066 1998 Nolite,
1101 1933 1286 1999 ittqttit,
1306 1935 1476 1984 timere
1498 1945 1580 1983 eos
1608 1931 1692 1998 qui
1718 1930 1840 1982 occi-

303 2027 438 2078 dunt
487 2041 684 2092 corpus,
726 2024 949 2076 animum
1001 2033 1163 2074 autem
1214 2037 1312 2071 non
1360 2028 1565 2087 possunt
1619 2018 1842 2071 occidere

309 2117 524 2182 (liattlt.
559 2115 633 2181 ι).
682 2114 736 2168 Si
780 2129 904 2182 ergo
931 2114 1100 2165 anima
1149 2109 1309 2164 occidi
1352 2125 1450 2164 non
1483 2117 1672 2177 potest,
1708 2123 1838 2176 qun-

305 2203 466 2255 tttutlu
495 2203 534 2256 D
546 2205 748 2256 ivinilus
777 2200 982 2269 potest?

384 2292 516 2356 Quia
552 2293 638 2359 qui
667 2307 842 2360 passus
868 2299 940 2343 est
981 2293 1031 2343 in
1061 2307 1211 2344 carne
1237 2290 1380 2342 desiit
1404 2305 1434 2348 a
1469 2288 1706 2354 peccatis,
1729 2300 1835 2340 etc.

303 2380 554 2448 Quisquis
573 2389 868 2444 sanctorum
898 2391 1087 2446 corpus
1111 2393 1260 2431 suum
1289 2379 1350 2430 ad
1385 2377 1691 2447 martyrium
1721 2392 1832 2444 per-

305 2476 606 2522 secuturum
655 2466 912 2519 violentia.-
962 2466 1220 2530 subdidit,
1272 2466 1399 2519 nulli
1447 2465 1664 2519 dubium
1714 2465 1836 2532 quin

305 2574 473 2626 usque
497 2558 560 2611 ad
588 2559 706 2612 vitat
733 2572 840 2611 suae
872 2558 1167 2622 terminum,
1197 2572 1444 2626 quantum
1471 2559 1711 2613 humanm
1744 2574 1835 2613 na-

305 2655 440 2696 turae
465 2644 709 2712 possibile
739 2654 818 2698 est
842 2685 856 2709 ,
889 2660 1004 2699 sese
1033 2661 1060 2698 a
1089 2646 1316 2714 peccatis
1343 2646 1671 2700 abstinuerit.
1701 2646 1833 2712 Quid

301 2735 449 2787 enim
492 2735 557 2788 de
601 2738 795 2800 peccati
847 2738 1230 2804 perpetratione
1249 2779 1266 2804 ,
1291 2739 1412 2806 quid
1442 2738 1505 2792 de
1535 2739 1832 2792 carnalibus

299 2822 580 2877 desideriis
607 2825 854 2890 cogitare,
885 2826 1004 2891 quid
1055 2826 1151 2880 nisi
1197 2829 1509 2882 voluntatem
1542 2828 1629 2881 Dei
1664 2825 1833 2894 potuit

299 2914 479 2968 animo
525 2927 752 2973 versare.
786 2915 871 2980 qui
917 2917 995 2967 vel
1031 2915 1168 2979 ligno
1212 2914 1433 2981 al‘lixus,
1467 2917 1549 2971 vel
1599 2916 1827 2983 lapidum

297 3003 490 3058 ictibus
530 3005 914 3066 circumdatus,
948 3006 1026 3059 vel
1065 3007 1356 3059 bestiarum
1403 3008 1661 3060 morsibus
1702 3006 1827 3058 sult-

297 3104 470 3155 actus,
500 3093 582 3144 vel
611 3091 807 3160 ignium
833 3094 1054 3148 ﬂammis
1083 3097 1459 3164 superpositus,
1484 3098 1563 3150 vel
1594 3096 1827 3162 scorpio-
1861 3141 1901 3164 η

1859 3149 1901 3201 C
1934 3185 2027 3237 bus
2052 3181 2264 3247 vigilare
2291 3181 2531 3247 jubentur
2553 3220 2568 3241 ,
2596 3189 2651 3232 ttt
2674 3193 2793 3233 eum
2821 3188 3016 3232 stamus
3045 3179 3109 3231 ad
3141 3179 3448 3244 orationem,

300 3199 427 3236 num
470 3183 642 3252 ﬂagris
691 3185 974 3250 perfossus,
1006 3186 1088 3238 vel
1136 3187 1239 3240 alio
1282 3189 1509 3254 quolibet
1556 3203 1828 3256 prunarum

302 3288 497 3338 genere
539 3275 775 3338 aiiectus,
822 3274 922 3327 ltoc
953 3276 1305 3328 tantummodo
1334 3275 1636 3330 desiderare
1665 3291 1832 3345 Coge-

306 3361 478 3424 battn-,
515 3372 568 3413 ut
594 3363 736 3415 tinito
765 3363 1049 3417 certamine
1077 3378 1320 3417 coronam
1351 3363 1466 3416 vita:
1498 3365 1834 3434 perciperet?

303 3451 510 3504 Talium
537 3467 660 3521 ergo
680 3462 903 3506 mentem
931 3467 1022 3506 uos
1047 3454 1224 3508 beatus
1249 3455 1428 3507 Petrus
1455 3455 1596 3521 cupit
1622 3470 1834 3521 semper

305 3541 519 3608 imitari,
541 3556 682 3606 cum,
706 3543 967 3608 proposito
985 3542 1258 3596 dominica!
1281 3545 1537 3608 passiOnis
1561 3543 1826 3609 exemplo,

305 3643 403 3681 nos
429 3629 609 3682 eadem
635 3631 945 3699 cogitatione
989 3644 1168 3686 contra
1213 3632 1491 3700 nequitiam
1547 3647 1826 3699 pravorum

294 3728 585 3787 contraque
615 3721 852 3773 vitiorum
903 3723 1278 3776 oblectamenta
1328 3724 1560 3790 pratcipit
1607 3723 1819 3787 armati,

297 3809 485 3861 volens
530 3808 745 3874 intelligi
792 3811 926 3874 quod
960 3810 1113 3865 etiam
1164 3828 1258 3866 nos
1305 3814 1353 3864 itt
1404 3827 1530 3876 pace
1579 3814 1830 3870 Ecclesia:

294 3898 639 3962 quiescentes,
670 3896 714 3950 si
759 3896 988 3950 habitum
1035 3900 1276 3967 patientis
1323 3899 1604 3966 induimus,
1637 3902 1785 3956 facile
1813 3945 1826 3965 ,

294 3984 573 4051 adiuvante
619 3983 856 4050 Domino,
884 3986 1058 4054 lapsus
1103 3989 1324 4041 vitamus
1357 4000 1684 4054 peccatorum
1715 4004 1828 4042 out-

297 4072 438 4124 nium
461 4079 748 4139 cunctaque
771 4073 1030 4127 desideria
1056 4075 1246 4128 divinae
1273 4075 1554 4131 voluntatis
1581 4075 1826 4144 snl‘jngn-

295 4178 408 4218 ntus
455 4161 704 4228 intperiis.
739 4162 973 4231 Denique
1018 4173 1071 4216 et
1101 4163 1369 4216 Psalmista
1401 4164 1677 4217 Dominunt
1711 4179 1828 4232 pre-

293 4263 438 4306 catur
464 4251 673 4304 dicens:
691 4247 853 4318 Ittﬁge
879 4241 1054 4302 timore
1079 4261 1165 4304 tuo
1187 4268 1362 4327 carnes
1385 4270 1539 4317 meas,
1568 4271 1598 4306 a
1622 4256 1828 4320 indiciis

295 4347 422 4398 enim
443 4342 542 4397 tuis
571 4343 712 4396 timui
733 4342 898 4411 (Psal.
918 4342 1118 4412 csvttt).
1147 4342 1208 4396 Et
1236 4346 1515 4412 Apostolus
1539 4361 1555 4398 :
1583 4346 1680 4410 Qui
1705 4362 1822 4411 ergo

1939 1943 2204 2015 Evangelii
2245 1946 2410 2014 gratia
2459 1947 2698 2013 invenit,
2754 1948 2910 2004 vitam
2965 1958 3268 2018 esspectcnt
3311 1961 3465 2005 mter-

1935 2029 2078 2066 nam.

2008 2101 2240 2153 Omnium
2265 2111 2426 2154 autent
2465 2102 2581 2168 ﬁnis
2622 2105 3056 2173 appropinquabit.
3088 2105 3164 2160 Ne
3192 2106 3287 2158 sibi
3312 2105 3458 2173 quis-

1937 2207 2036 2258 que
2080 2193 2398 2256 blandiretur
2439 2194 2506 2248 de
2547 2193 2922 2264 longinquitate
2969 2185 3128 2251 futuri
3168 2197 3371 2267 iudicii,
3402 2198 3454 2252 in

1935 2300 2039 2354 quo
2081 2285 2224 2337 vivos
2247 2293 2300 2337 et
2327 2296 2558 2338 mortuos
2584 2285 2787 2341 dixerat
2827 2302 2945 2342 esse
2968 2288 3300 2357 iudicandos.
3329 2304 3455 2343 con-

1935 2377 2072 2428 sulte
2099 2376 2367 2438 admonet,
2395 2377 2512 2442 quia
2539 2378 2636 2430 etsi
2667 2377 2892 2431 incertus
2913 2389 2991 2432 est
3017 2374 3241 2433 extremi
3266 2379 3450 2434 discri-

1937 2465 2090 2518 minis
2116 2463 2386 2528 adventus,
2411 2474 2605 2518 certunt
2635 2475 2802 2519 tamen
2829 2477 3030 2520 constat
3053 2467 3294 2521 omnibus
3315 2468 3452 2536 quod

1936 2553 1988 2607 in
2020 2552 2118 2608 bac
2143 2554 2343 2607 mortali
2372 2555 2473 2606 vita
2497 2553 2584 2606 ditt
2608 2554 2892 2607 subsistere
2917 2563 3197 2620 nequeunt.

2008 2641 2174 2697 Estote
2195 2643 2358 2710 itaque
2382 2645 2647 2712 prudentes
2671 2684 2684 2706 ,
2713 2657 2814 2699 etc.
2847 2645 2905 2697 Et
2932 2642 3181 2696 Dominus
3210 2645 3259 2696 in
3289 2643 3458 2697 Evan-

1934 2731 2102 2800 gelio,
2134 2747 2229 2785 nos
2257 2733 2439 2786 incerti
2466 2735 2580 2787 tiuis
2620 2735 2803 2787 intuitu
2829 2749 3036 2801 semper
3066 2750 3216 2788 orare
3243 2743 3296 2789 et
3326 2736 3453 2805 vigi-

1937 2823 2043 2876 lare
2074 2823 2338 2892 pra‘cepit.
2385 2825 2468 2878 Ait
2496 2838 2716 2891 namque
2737 2867 2750 2888 ,
2785 2826 2997 2893 loquens
3021 2826 3086 2880 de
3114 2825 3197 2879 die
3234 2825 3452 2893 indicii:

1942 2912 2337 2986 Vigilateitayne
2359 2954 2373 2974 ,
2421 2916 2551 2966 omni
2581 2925 2795 2981 tempore
2829 2931 3026 2967 oratt'es
3050 2955 3064 2978 ,
3110 2925 3163 2967 ut
3185 2915 3327 2985 digni
3371 2915 3457 2968 Ita-

1934 3003 2147 3056 beamini
2168 3005 2338 3072 fugere
2366 3004 2532 3055 omnia
2551 3020 2658 3069 quae
2701 3016 2901 3056 ventura
2925 3015 3037 3055 sunt
3062 3043 3074 3064 ,
3105 3013 3150 3056 et
3170 3013 3301 3056 stare
3341 3015 3459 3057 ante

1939 3093 2127 3147 Filium
2150 3093 2361 3144 Itont’nis
2392 3093 2408 3160 (
2435 3091 2557 3144 Luc.
2587 3107 2671 3144 ιιι
2694 3091 2733 3155 ).
2761 3088 2898 3144 Bene
2927 3102 3097 3143 autem
3133 3093 3183 3143 itt
3210 3091 3454 3145 orationi-

1933 3271 2180 3339 cogitatio
2199 3269 2371 3321 omnis
2400 3268 2622 3321 carnalis
2651 3277 2702 3320 ct
2729 3268 2993 3322 smcularis
3035 3267 3280 3320 abscedat
3299 3309 3313 3329 ,
3356 3283 3452 3321 nec

1935 3370 2054 3411 tttnc
2069 3357 2346 3425 quidquam
2376 3356 2577 3407 animus
2603 3365 2790 3422 praeter
2818 3354 2866 3406 id
2895 3355 3062 3407 solutn
3085 3353 3280 3422 cogitet
3314 3357 3450 3423 quod

1936 3457 2194 3514 precatur.
2238 3444 2466 3511 Subripit
2493 3444 2630 3497 enim
2662 3443 2955 3510 frequenter
2979 3442 3174 3517 hostis,
3205 3450 3259 3498 et
3283 3443 3450 3509 subti-

1932 3535 2048 3588 liter
2070 3536 2250 3588 t‘allcns
2279 3549 2456 3601 preces
2494 3542 2696 3587 nostras
2723 3531 2856 3585 adeo
2879 3538 3098 3594 avocat,
3127 3532 3336 3586 utaliud
3363 3532 3454 3584 ita-

1931 3627 2144 3681 beamtts
2175 3626 2225 3678 in
2254 3625 2409 3678 corde
2442 3634 2494 3676 et
2536 3623 2673 3675 aliud
2703 3622 3026 3690 proferamus
3053 3621 3103 3676 itt
3132 3621 3259 3676 vnce
3280 3663 3294 3685 ,
3333 3637 3452 3676 cum

1931 3714 2214 3767 intentione
2259 3711 2455 3765 sincera
2509 3710 2670 3765 Deum
2707 3709 2895 3764 debeat
2938 3726 3042 3764 non
3082 3723 3240 3765 sonus
3269 3710 3444 3774 vocis,

1929 3803 2019 3856 sed
2047 3803 2237 3855 animm
2261 3816 2449 3856 sensus
2482 3816 2651 3856 orare.

1997 3916 2120 3965 Ante
2145 3915 2310 3965 omnia
2333 3922 2496 3966 autem
2527 3923 2744 3966 mutuam
2772 3897 2822 3966 in
2842 3912 3196 3978 vobismcttpsis
3236 3909 3443 3962 charito-

1927 4015 2023 4058 tem
2069 3999 2348 4058 continuam
2402 4007 2649 4059 habentes.
2697 4007 2836 4060 Bene
2885 4005 3081 4058 addidit
3121 4007 3402 4056 continuam
3431 4043 3448 4066 ,

1925 4096 2042 4163 quia
2084 4108 2291 4162 semper
2329 4094 2543 4162 diligere
2570 4094 2835 4160 valemus,
2868 4107 3073 4160 semper
3114 4101 3280 4144 autem
3313 4091 3446 4159 vigi-

1927 4183 2037 4238 lare
2064 4182 2112 4234 itt
2141 4182 2459 4236 orationibus
2492 4181 2764 4251 fragilitate
2792 4183 2964 4236 carnis
2990 4183 3229 4234 obstante
3260 4179 3446 4250 ncqui-

1925 4287 2038 4325 mus
2063 4288 2078 4334 ;
2102 4285 2308 4335 semper
2336 4272 2414 4323 bis
2444 4287 2557 4340 quae
2584 4272 2849 4339 subjuugit
2877 4272 3150 4325 virtutibus
3203 4272 3440 4325 insistere

1925 4359 2137 4412 minime
2167 4359 2458 4423 valeamus,
2497 4359 2545 4411 id
2576 4369 2657 4412 est
2680 4401 2694 4420 ,
2727 4360 3059 4425 ltospitalitati
3088 4401 3102 4422 ,
3154 4362 3404 4415 doctrina:
3433 4399 3448 4422 .

293 4432 478 4486 Christi
505 4440 618 4484 sunt
653 4430 863 4501 (inquit)
911 4448 1110 4485 carnem
1149 4450 1294 4487 suam
1330 4435 1684 4499 cruciﬁxcrttnt
1710 4451 1823 4488 cum

1936 4445 2364 4501 administrationi
2412 4447 2731 4511 gratiarum,
2788 4450 2865 4500 vel
2919 4451 3309 4517 communiunt,
3367 4453 3444 4503 vel

295 4521 420 4573 uitiis
459 4530 506 4573 et
545 4519 956 4587 concupiscentiis
982 4518 1176 4587 (Galat.
1208 4522 1284 4592 v).
1331 4522 1427 4588 Qui
1474 4538 1597 4592 ergo
1633 4525 1818 4579 timore

293 4610 598 4672 iudiciorum
614 4609 904 4664 caelestium
927 4611 1166 4663 carnales
1181 4611 1230 4662 iit
1254 4621 1426 4665 mente
1447 4614 1823 4681 concupiscen-

296 4697 392 4749 tias
434 4696 734 4764 exstinguit,
764 4701 869 4764 jam
916 4698 1033 4750 talis
1073 4699 1323 4751 cruciﬁxo
1372 4714 1432 4752 ac
1480 4702 1691 4767 patienti
1728 4716 1823 4769 pro

295 4786 498 4840 Cltristo
524 4787 729 4849 similis,
755 4785 901 4852 quasi
933 4793 1170 4839 mortuus
1192 4793 1423 4843 existens
1450 4778 1698 4854 peccatis,
1735 4792 1820 4845 Dei

296 4885 487 4927 tantum
515 4875 730 4928 servitio
751 4874 892 4929 vivit.

363 4962 423 5014 1η
467 4979 563 5029 quo
607 4965 942 5028 admirantur,
974 4979 1071 5017 non
1111 4967 1513 5020 concurrentibus
1539 4969 1692 5033 vobis,
1716 4980 1815 5022 etc.

293 5054 415 5117 Quia
445 5066 655 5104 carnem
681 5051 894 5120 (inquit)
920 5064 1144 5107 vestram
1174 5054 1501 5107 crucilixistis
1528 5071 1646 5108 cum
1682 5058 1821 5112 vitiis

294 5152 345 5194 et
384 5141 836 5208 concupiscentiis.
867 5144 1042 5195 evenit
1087 5144 1316 5211 proiecto
1362 5156 1413 5198 ιιι
1464 5149 1560 5200 etsi
1599 5145 1820 5215 propter

296 5245 436 5282 suam
465 5231 733 5295 perfidiam
762 5246 853 5283 vos
885 5231 1263 5297 blaspltetneut.
1300 5245 1356 5287 ιιι
1377 5248 1494 5300 pote
1521 5251 1819 5306 segregatos

296 5323 358 5372 ab
379 5335 561 5373 eorum
602 5322 888 5386 consortio,
920 5322 970 5373 itt
1008 5331 1176 5376 vestra
1224 5337 1394 5378 tamen
1425 5331 1819 5384 conversatione

297 5424 499 5476 semper
528 5425 684 5476 opera
712 5411 923 5477 iustitia!
949 5422 1001 5464 et
1048 5414 1253 5478 pietatis
1305 5416 1528 5481 videant,
1562 5435 1672 5485 quae
1706 5436 1816 5472 tne-

298 5498 390 5550 tito
412 5497 764 5562 admirentur,
806 5511 858 5554 et
903 5518 994 5565 pro
1033 5503 1212 5566 quibus
1262 5505 1414 5556 tidem
1443 5508 1558 5571 jure
1609 5510 1815 5563 laudent

298 5601 352 5638 ac
381 5595 687 5638 venerentur
711 5589 1076 5642 Christianam.

363 5677 458 5739 Qui
502 5673 702 5728 reddent
744 5680 984 5728 rationem
1031 5684 1070 5730 ct
1114 5697 1193 5736 :(ttt
1239 5691 1438 5744 putatus
1479 5697 1546 5736 ist
1587 5691 1818 5749 judicare

1927 4537 2228 4602 specialinut
2251 4535 2302 4587 in
2330 4535 2589 4601 proximos
2609 4575 2623 4597 ,
2652 4537 2959 4604 caatcrisque
2988 4538 3299 4605 IllljUSIIIOtil.
3319 4542 3445 4605 Quia

1926 4625 2038 4680 ltarc
2067 4625 2307 4678 nimirum
2336 4632 2388 4676 et
2417 4639 2509 4690 per
2537 4624 2761 4677 cilicium
2793 4627 3025 4693 corporis
3054 4669 3067 4688 ,
3100 4638 3152 4681 et
3196 4644 3287 4694 per
3316 4639 3442 4680 tem-

1926 4729 2046 4781 pora
2078 4724 2361 4782 opportuna
2407 4712 2516 4763 tieii
2548 4728 2759 4766 necesse
2788 4725 2886 4766 est.
2929 4715 3039 4781 Ipsa
3069 4725 3240 4767 autem
3270 4716 3445 4765 chari-

1928 4814 2004 4854 tas
2045 4801 2195 4868 cujus
2247 4800 2488 4853 instinctu
2536 4802 2792 4855 luccioris
2837 4813 3087 4868 aguntur,
3139 4801 3257 4866 quia
3307 4803 3441 4855 inte-

1925 4891 2044 4944 rinri
2076 4889 2270 4943 homini
2291 4890 2564 4959 pratsidet,
2600 4904 2802 4956 semper
2822 4890 3008 4943 ibidem
3043 4891 3218 4945 haberi
3256 4903 3444 4960 potest,

1921 4981 2156 5049 quamvis
2188 4980 2236 5033 itt
2269 4981 2469 5048 publico
2502 4997 2602 5033 non
2636 4994 2842 5046 semper
2869 4983 3070 5035 ostendi
3099 4983 3260 5048 possit

1999 5071 2127 5134 Quia
2151 5071 2365 5122 charitas
2394 5072 2607 5137 coeperit
2637 5071 3001 5124 multitudinem
3029 5083 3359 5141 peccatorum.
3391 5073 3443 5125 1ιι

1920 5175 1984 5213 co
2015 5161 2238 5213 maxime
2264 5201 2277 5223 ,
2317 5176 2434 5213 cunt
2478 5164 2732 5215 veraciter
2756 5163 2859 5215 Deo
2887 5163 3108 5215 dicitur:
3141 5160 3204 5212 Et
3257 5164 3451 5217 dimitte

1922 5253 2057 5303 nobis
2083 5253 2245 5302 debita
2271 5263 2469 5312 nostra,
2500 5253 2624 5304 sicut
2647 5263 2691 5305 et
2720 5269 2807 5305 nos
2837 5253 3124 5304 dimittimus
3145 5254 3441 5308 debitoribus

1922 5342 2100 5391 nostris
2122 5340 2327 5408 (Matth.
2346 5343 2437 5406 vn).
2471 5343 2531 5392 ῐεῖι
2558 5342 2761 5408 quidem
2792 5351 2970 5393 cuncta
2999 5356 3153 5408 Opera
3177 5345 3310 5397 bona
3332 5362 3440 5411 qua“

1923 5431 2138 5481 facituus
2185 5431 2361 5497 culpas
2408 5447 2534 5496 quas
2568 5433 2782 5483 fecimus
2824 5432 3018 5486 diluere
3073 5443 3125 5484 et
3177 5436 3443 5498 cooperire

1921 5527 2120 5570 certum
2176 5529 2300 5581 est,
2335 5521 2425 5570 sed
2469 5522 2565 5573 hoc
2598 5522 2713 5574 ideo
2740 5523 3028 5589 specialiter
3080 5525 3142 5575 de
3190 5525 3439 5580 citaritate

1923 5605 2111 5656 dicitur
2153 5619 2244 5669 per
2286 5622 2437 5669 quam
2497 5609 2744 5674 proximis
2800 5613 2990 5663 nostris
3019 5625 3076 5660 ea
3125 5625 3240 5675 qua:
3294 5614 3438 5665 nobis

1925 5693 2113 5746 debent
2146 5695 2433 5759 donamus,
2469 5699 2584 5763 quia
2632 5699 2969 5765 justissitnum
3000 5710 3075 5752 ρει
3113 5700 3244 5767 apud
3287 5702 3445 5754 Deum
