3860 6230
328 363 397 419 63
742 358 937 412 BENE
977 354 1411 411 VENEllABlLIS
1448 353 1592 407 OTP.
1634 353 1804 406 PARS
1852 351 1912 406 ll.
1958 350 2141 404 SECT.
2185 352 2224 402 l.
2271 380 2335 390 —
2366 349 2747 404 E’XEGETICA
2787 344 3102 401 GENUINA.
3485 336 3563 385 εἴ

330 484 386 529 ut
425 474 563 540 juxta
596 483 890 523 nieusiiram
924 467 1130 533 pictatis
1159 480 1258 534 qua
1294 467 1457 519 .iscnsi
1489 468 1740 519 lLertmus
1779 480 1858 515 re-
1890 468 1934 522 Α
1967 459 2074 511 Dei.
2109 459 2214 512 Duo
2247 468 2360 511 mut
2383 458 2577 525 judicia
2621 459 2711 509 Dei
2744 471 2836 522 per
2864 455 3160 521 Scripturas
3196 471 3244 505 ιε·
3283 453 3511 540 initiata
3549 459 3562 492 :

332 537 575 619 metiatur
600 563 767 610 nobis.
794 558 935 611 Sicut
965 572 992 608 e
1018 564 1197 608 contra
1222 555 1527 618 terribiliter
1551 555 1859 607 dun-icordes
1962 564 2120 600 unum
2163 549 2445 608 occultum,
2487 549 2710 599 alterum
2741 544 3087 598 titanifestum.
3118 542 3422 596 Oecuztum
3447 537 3561 601 ,ἰη-

333 653 413 704 vir
456 663 660 717 sapiens
709 644 912 712 arguit,
954 644 1133 695 dicens
1183 658 1196 693 :
1251 641 1414 692 llomn
1463 643 1650 692 lin-nini
1696 653 1860 694 servat
1961 637 2151 689 dicium
2182 647 2263 690 est
2294 651 2466 703 pinna,
2497 651 2594 701 qua
2648 634 3174 701 ntmc'unusquisque
3229 632 3566 685 hominum

330 738 480 802 iram,
505 746 548 788 et
591 751 621 785 α
667 733 766 784 Deo
788 731 963 799 quierit
992 729 1235 781 medelam
1271 727 1706 796 (Eccli.xxvtn)‘?
1753 730 1857 780 Nec
1962 735 2052 779 aut
2097 738 2370 780 exercetur
2406 725 2469 777 ad
2529 723 2910 792 purgationem,
2960 733 3049 774 aut
3097 722 3446 775 admonetur
3481 718 3566 768 ad

333 827 675 881 dubitandum
709 822 844 888 quod
878 822 927 872 in
959 834 1024 874 eo
1049 832 1256 887 quoque
1283 818 1369 884 qui
1421 834 1512 885 per
1554 818 1858 870 cliarituem
1961 818 2378 879 conversionem,
2418 827 2526 879 aut,
2586 815 2630 868 si
2677 814 3055 879 contempserit
3081 813 3443 867 vocationem
3500 817 3569 860 et

333 915 587 984 quidquid
634 913 768 965 valet
797 925 916 978 erga
950 909 1329 975 correptionem
1360 910 1620 974 proximi,
1673 909 1867 961 admo-
1964 903 2291 969 disciplinam
2343 903 2460 966 Dei,
2504 909 2798 955 exerceatur
2827 901 2892 953 ad
2922 901 3331 954 danmationem.
3364 896 3570 952 Judi-

334 1005 526 1069 uendo,
550 999 886 1068 increpando,
909 997 1208 1065 castigando
1228 1007 1495 1064 operatur,
1517 998 1862 1065 cbaritasipsa
1965 995 2098 1046 cium
2123 1002 2294 1044 autem
2335 990 2666 1044 manifestum
2689 999 2787 1051 est,
2814 1004 2917 1057 quo
2941 998 3192 1043 venturus
3219 1000 3298 1042 est
3329 985 3569 1041 Domi-

335 1093 603 1157 cooperiat
643 1086 1028 1139 multitudinem
1079 1095 1448 1152 peccatorum,
1495 1081 1691 1140 Jacobo
1737 1096 1867 1138 auc-
1969 1096 2066 1132 nus
2092 1078 2325 1145 judicare
2357 1078 2501 1131 vivos
2529 1087 2579 1131 et
2625 1087 2879 1130 mortuos.
2930 1076 3078 1130 Nunc
3102 1086 3274 1129 autem
3318 1077 3569 1129 dicitur

336 1188 522 1240 stante,
547 1174 630 1244 qui
659 1178 764 1229 ait:
796 1176 1038 1239 Quoniam
1075 1178 1157 1240 qui
1184 1174 1399 1227 converti
1442 1175 1613 1242 fecerit
1639 1186 1865 1242 peccato~
1967 1182 2083 1221 8588
2112 1178 2316 1234 lemplls
2365 1168 2415 1220 ill
2446 1181 2550 1234 (ιιιο
2597 1166 2806 1234 ἱηείρὶειι
2829 1166 3082 1233 ,ἱυάίοίυῐῐι
3112 1166 3180 1219 de
3206 1166 3371 1219 ἀοιιὶυ
3427 1165 3568 1217 90³

335 1282 436 1318 rem
459 1267 519 1317 ab
548 1281 711 1318 errore
730 1267 820 1318 rite
846 1281 948 1318 sua:
976 1267 1181 1318 salt'abit
1205 1266 1426 1317 animant
1466 1268 1574 1332 ejus
1596 1281 1625 1315 a
1669 1276 1828 1318 morte
1850 1303 1866 1329 ,
1970 1257 2182 1321 mini,id
2208 1258 2388 1321 est,de
2409 1257 2659 1318 Ecclesia,
2684 1271 2800 1324 quae
2832 1270 2923 1324 per
2942 1255 3247 1309 exercitium
3275 1269 3562 1321 praesen—

334 1364 379 1407 et
409 1355 562 1421 operit
590 1353 962 1404 multitudinem
983 1366 1288 1412 peccatorum
1315 1351 1444 1418 (Jac.
1484 1355 1558 1419 v).
1973 1347 2098 1400 tium
2170 1347 2511 1400 aiﬂictionum
2561 1345 2623 1397 ad
2678 1343 2850 1396 futura
2916 1342 3103 1409 gaudia
3165 1352 3560 1408 praeparatur.

407 1442 465 1494 Si
492 1443 600 1505 quis
623 1441 839 1506 loquitur
865 1441 1004 1505 quasi
1030 1454 1276 1492 sermones
1309 1439 1417 1491 Dei.
1442 1439 1651 1492 Timens
1675 1439 1864 1493 videli-
1970 1437 2202 1506 Namque
2257 1437 2465 1504 reprobi
2496 1444 2641 1489 tanto
2669 1434 2965 1488 securiOres
2997 1446 3132 1485 nunc
3171 1442 3224 1486 et
3262 1433 3378 1485 sine
3416 1431 3562 1484 ullo

338 1538 417 1580 cet
443 1569 457 1586 ,
489 1543 551 1579 ne
594 1537 780 1593 prmtcr
824 1528 1138 1580 voluntatem
1190 1529 1319 1592 Dei,
1376 1530 1453 1581 vel
1488 1538 1678 1598 praeter
1731 1530 1868 1598 quod
1970 1513 2211 1584 vindicta:
2238 1528 2454 1582 verbere
2473 1528 2630 1581 vitam
2675 1526 3030 1578 transitoriam
3063 1525 3279 1588 ducunt,
3312 1531 3562 1592 quanto

341 1616 390 1669 in
423 1615 701 1682 Scripturis
726 1617 923 1669 sanctis
951 1617 1217 1670 evidenter
1241 1619 1534 1685 prmeipitur
1557 1658 1573 1682 ,
1619 1619 1698 1672 vel
1729 1618 1872 1671 dicat
1972 1620 2047 1672 eis
2092 1618 2145 1671 in
2197 1617 2370 1669 futuro
2399 1616 2528 1668 nihil
2559 1615 2657 1669 nisi
2688 1615 2922 1668 vindicta
2973 1622 3156 1675 restat,
3205 1614 3358 1680 juxta
3386 1611 3558 1665 illud

338 1703 529 1771 aliquid
556 1706 632 1758 vel
659 1705 896 1773 impegi,
915 1714 968 1758 et
987 1706 1282 1759 inveniatur
1305 1715 1543 1773 tanquam
1575 1707 1739 1760 falsus
1768 1716 1872 1761 tes-
1975 1707 2109 1761 beati
2132 1705 2257 1760 Job:
2284 1705 2483 1758 Ducunt
2522 1707 2573 1758 in
2615 1705 2754 1758 bonis
2783 1705 2887 1757 dies
2911 1720 3051 1769 suos,
3079 1712 3125 1756 et
3154 1705 3206 1756 in
3233 1714 3426 1768 puncto
3466 1703 3560 1753 ad

341 1795 406 1846 tis
435 1793 526 1846 Dei
551 1835 565 1854 ,
587 1802 677 1846 aut
697 1794 977 1860 sacrilegus
1005 1833 1018 1856 ,
1048 1793 1130 1847 vel
1164 1793 1497 1848 introducens
1526 1795 1718 1862 aliquid
1747 1798 1862 1857 alie-
1902 1773 1949 1831 Β
1978 1799 2171 1866 inferna
2196 1797 2518 1851 descendunt.

344 1897 466 1934 num
498 1897 527 1933 a
563 1881 797 1934 doctrina
823 1882 1026 1936 Domini
1056 1923 1072 1948 ,
1110 1884 1188 1938 vel
1217 1894 1359 1938 certe
1388 1872 1801 1954 subreliuqueus
1820 1897 1874 1942 et

342 1969 644 2035 prteteriens
690 1968 880 2036 aliquid
910 1986 1089 2024 eorum
1142 1986 1257 2039 qua:
1319 1972 1424 2025 Deo
1477 1974 1673 2040 placita
1717 1984 1877 2040 sunt,

344 2071 462 2109 cum
526 2057 635 2124 ipse
702 2058 1118 2112 manifestissime
1179 2061 1605 2128 prmdicatohbus
1649 2063 1883 2117 veritatis

2052 1889 2109 1942 Si
2131 1897 2296 1940 autem
2337 1887 2552 1956 primum
2577 1903 2608 1938 a
2643 1887 2806 1946 nobis,
2849 1901 2955 1950 quis
2988 1885 3102 1948 ﬁnis
3128 1883 3348 1941 illorum,
3378 1895 3505 1935 σεο.
3529 1882 3556 1930 1'

1983 1977 2112 2030 llinc
2154 1974 2417 2043 colligitur
2474 1974 2743 2026 districtus
2795 1971 2959 2024 iudex
2991 1980 3182 2039 quanta
3232 1971 3335 2022 illic
3365 1971 3558 2020 fu-‘zat

1983 2063 2307 2116 districtione
2333 2077 2462 2128 quos
2505 2063 2770 2129 reprobat,
2820 2062 2865 2115 si
2913 2060 2996 2114 hic
3041 2061 3121 2113 sic
3165 2060 3356 2112 erm-im
3388 2075 3554 2125 quos

346 2146 412 2199 de
438 2146 519 2199 bis
546 2161 678 2214 quos
707 2148 770 2201 ad
800 2148 957 2201 vitam
1009 2149 1288 2204 imbuerint
1326 2151 1609 2218 praecipiat,
1655 2153 1878 2208 dicens.

349 2233 593 2288 Docentes
622 2252 704 2289 eos
732 2252 928 2290 serva'e
951 2239 1118 2290 omnia
1156 2255 1454 2310 quacunque
1481 2243 1720 2295 mandavi
1751 2244 1886 2295 vobis

351 2322 560 2392 (Matth.
593 2324 794 2392 xxvut).
840 2325 892 2376 E:
934 2340 994 2379 ea
1018 2326 1153 2378 enim
1182 2342 1297 2395 quae
1320 2329 1430 2396 ipse
1461 2331 1760 2395 mandavit,
1790 2346 1887 2386 nos

349 2412 445 2464 alia
472 2453 485 2474 ,
519 2422 570 2466 et
601 2412 712 2466 lucc
740 2428 840 2466 non
890 2429 952 2468 ex
981 2425 1127 2481 parte
1153 2457 1167 2477 .
1217 2417 1307 2471 sed
1339 2419 1513 2472 omnia
1543 2419 1651 2474 suis
1680 2421 1885 2476 audito.

355 2501 499 2554 ribus
525 2502 851 2555 observanda
880 2503 1070 2557 trader.
1108 2505 1270 2571 jubet.

428 2589 486 2642 Si
523 2591 636 2659 quis
679 2591 946 2655 ministrat,
971 2606 1068 2644 etc.
1115 2591 1284 2647 Tanto
1333 2593 1577 2649 humilius
1628 2599 1894 2666 impendat

355 2678 575 2746 quisque
606 2679 842 2747 proximo
884 2694 1040 2735 omne
1066 2681 1256 2735 bonum
1288 2686 1424 2751 quod
1477 2698 1666 2755 potest,
1696 2699 1891 2759 quanto

355 2769 646 2823 certissime
669 2771 810 2824 novit
834 2770 970 2840 quod
998 2786 1026 2825 a
1053 2777 1336 2842 semetipso
1361 2792 1463 2831 non
1492 2788 1664 2846 potest
1700 2781 1894 2838 habere

352 2857 491 2927 quod
522 2859 800 2924 impendat.

435 2945 504 3001 Ut
547 2949 596 2999 in
627 2949 856 3002 omnibus
879 2950 1233 3017 honori/iretur
1257 2953 1390 3008 Deus
1417 2974 1504 3026 per
1535 2956 1710 3016 desum
1752 2962 1895 3017 Chri-

361 3051 515 3096 stum,
541 3055 639 3091 ec.
667 3039 817 3092 Juxta
843 3039 1003 3108 ipsius
1043 3042 1166 3096 .lesu
1213 3044 1406 3100 Christi
1440 3062 1759 3117 prxeeptum
1794 3072 1896 3122 quo

362 3129 470 3180 ait:
520 3127 732 3180 Videant
756 3138 915 3181 vestra
960 3130 1086 3183 bona
1110 3149 1258 3200 opera
1279 3174 1290 3196 ,
1325 3145 1373 3187 et
1394 3137 1670 3204 glorificent
1695 3140 1897 3195 Patrem

359 3225 572 3267 vestrum
617 3215 702 3281 qui
755 3215 806 3268 in
845 3219 977 3268 caelis
1016 3228 1085 3270 est
1134 3219 1343 3288 (Matth.
1393 3225 1464 3290 v).
1517 3225 1900 3284 llonorilicatur

361 3320 486 3372 ergo
523 3305 658 3358 Deus
683 3304 731 3358 in
764 3306 962 3360 actibus
1012 3309 1222 3373 nostris,
1256 3326 1372 3364 ειιεη
1431 3329 1586 3369 omne
1641 3319 1893 3386 quidquid

364 3399 492 3451 bene
530 3412 593 3450 ac
627 3397 911 3452 secundum
959 3403 1272 3455 voluntatem
1318 3403 1430 3472 ejus
1488 3405 1704 3461 facimus
1731 3450 1746 3474 ,
1797 3426 1902 3465 nou

370 3488 469 3538 hoc
521 3485 711 3540 nostris
757 3488 995 3551 meritis,
1076 3490 1168 3543 sed
1219 3490 1332 3556 ejus
1381 3493 1559 3562 gratia:
1608 3497 1900 3563 tribuimus,

372 3583 581 3628 econtra
638 3583 808 3628 autem
874 3577 1008 3630 mala
1062 3593 1179 3645 qua:
1223 3581 1453 3647 gerimus
1501 3593 1693 3640 nostra:
1735 3589 1902 3643 solum

376 3664 585 3719 malitiae
615 3667 695 3720 \el
720 3671 1025 3736 ignorantia;
1052 3669 1380 3736 deputamus.

445 3756 735 3809 Charissimi
759 3799 775 3823 ,
807 3759 960 3812 nolite
1007 3761 1183 3814 mirari
1211 3766 1261 3815 in
1289 3766 1501 3830 fervore,
1531 3777 1633 3820 etc.
1687 3770 1904 3834 Quidam

369 3843 586 3899 Codices
615 3846 805 3899 habent
828 3864 840 3897 :
872 3846 1044 3900 Nolite
1065 3853 1376 3920 peregrinari
1395 3855 1447 3905 in
1470 3858 1681 3922 fervore.
1705 3859 1906 3914 Utrius—

369 3950 472 4001 que
509 3943 682 3988 autem
714 3936 856 3990 verbi
883 3952 1068 3993 sensus
1109 3941 1158 3993 in
1191 3955 1430 4011 promptu
1451 3956 1565 4006 est.
1595 3950 1711 4017 quia
1743 3966 1910 4019 neque

374 4023 548 4077 mirari
597 4023 765 4078 ﬁdelis
792 4024 1012 4093 quisque
1039 4025 1198 4081 debet
1223 4044 1382 4098 quare
1425 4031 1476 4084 in
1510 4033 1620 4096 .Lac
1649 4036 1750 4090 vita
1801 4039 1907 4091 ler-

370 4129 548 4169 vorcm
580 4116 803 4180 patiatur
823 4116 1215 4172 tribulationum
1243 4161 1256 4182 ,
1284 4121 1372 4190 qui
1403 4135 1541 4178 certa
1567 4127 1770 4180 ratione
1793 4128 1910 4182 ideo

374 4217 511 4257 nunc
539 4198 960 4260 tribulationibus
989 4217 1239 4272 tentatur,
1263 4219 1340 4274 ut,
1368 4225 1486 4263 cum
1516 4214 1764 4278 probatus
1795 4215 1908 4270 lue-

369 4294 458 4357 rit,
487 4292 552 4344 ad
577 4292 758 4346 futura:
782 4293 903 4346 vitae
922 4308 1168 4348 coronam
1201 4299 1588 4365 percipiendam
1612 4303 1797 4372 dignus
1818 4306 1909 4359 ha-

1984 2166 2145 2208 amat.
2190 2154 2245 2208 Si
2271 2153 2409 2207 enim
2440 2152 2762 2217 ﬁngebantur
2793 2152 2905 2208 lilii.
2937 2152 3060 2215 quid
3089 2151 3279 2205 debent
3304 2167 3380 2216 Spt
3403 2170 3427 2192 ι·
3479 2168 3552 2187 ναι

1986 2241 2125 2293 servi
2156 2239 2454 2307 nequissimi
2478 2239 2499 2290 ?

2065 2329 2126 2382 Et
2179 2333 2222 2381 si
2258 2332 2416 2394 iustus
2457 2328 2649 2397 quidem
2697 2328 2780 2382 vix
2831 2328 3097 2381 salvabitur
3128 2368 3144 2391 ,
3187 2337 3286 2380 etc.
3332 2327 3550 2380 Nolunt

1989 2419 2206 2473 credere
2232 2417 2490 2472 Pelzw’ani
2512 2417 2649 2486 quod
2673 2418 2724 2470 in
2757 2431 2862 2469 uno
2892 2417 3098 2468 lion-ine
3127 2425 3234 2469 tota
3263 2427 3544 2485 estgene-

1991 2512 2064 2564 ris
2113 2509 2323 2563 humani
2353 2521 2522 2562 massa
2561 2507 2762 2573 vitiata,
2813 2512 2866 2559 et
2914 2514 3016 2559 tota
3055 2505 3316 2560 damnata.
3351 2511 3389 2560 A
3420 2522 3549 2572 quo

1992 2601 2116 2656 vitio
2142 2601 2297 2653 unius
2321 2598 2546 2652 hominis
2574 2607 2627 2652 et
2655 2596 2986 2651 damnatione
3001 2599 3110 2650 sola
3138 2607 3284 2652 sanat
3311 2608 3364 2650 et
3392 2598 3542 2650 libe-

1994 2698 2078 2744 rat
2099 2686 2263 2756 gratia
2289 2686 2503 2741 Christi.
2527 2685 2698 2751 Quare
2724 2686 2861 2739 enim
2886 2685 3054 2751 justus
3083 2686 3165 2734 vis
3209 2685 3495 2736 salva-bitur
3514 2686 3539 2733 ‘3

1996 2777 2236 2847 Nunquid
2266 2777 2488 2831 liber're
2512 2777 2706 2845 justum
2737 2776 2882 2830 labor
2929 2785 3008 2828 est
3037 2774 3179 2826 Deo?
3223 2774 3392 2827 Absit.
3419 2772 3538 2848 Sed

1999 2879 2056 2924 ut
2100 2869 2399 2923 ostendatur
2447 2869 2582 2919 quod
2619 2867 2809 2920 merito
2859 2864 3009 2918 lucri.
3041 2862 3279 2915 damnata
3321 2871 3543 2924 natura.

2001 2975 2101 3013 non
2124 2958 2231 3012 vult
2262 2958 2408 3011 lacilc
2472 2961 2516 3010 le
2547 2963 2688 3008 tanto
2721 2954 2855 3005 malo
2909 2967 3003 3005 nec
3055 2953 3161 3017 ipse
3207 2954 3545 3018 )mnipotens

2001 3048 2244 3101 liberare.
2277 3046 2484 3111 Pr0ptet
2539 3042 2674 3110 quod
2705 3049 2984 3108 etpeccata
3040 3057 3146 3107 ιιι-ο(
3167 3040 3278 3091 livia
3309 3049 3451 3101 sunt,
3482 3049 3544 3091 et

2001 3135 2258 3188 laboriosa
2282 3134 2505 3199 ill-tilla,
2566 3134 2660 3184 nisi
2691 3131 3003 3184 amantibus.
3031 3130 3131 3184 Sed
3170 3130 3394 3183 cliaritas
3416 3142 3546 3196 quae

2001 3230 2096 3276 hos
2142 3231 2380 3276 amantes
2435 3220 2576 3282 latit,
2620 3235 2683 3274 ex
2745 3219 2849 3274 Deo
2896 3229 3000 3273 est.
3032 3217 3321 3271 Nomadum
3359 3219 3542 3268 autem

2000 3315 2138 3382 quod
2171 3314 2303 3366 hanc
2331 3315 2646 3366 sententiam
2688 3311 2869 3363 beatus
2917 3311 3100 3363 Petrus
3129 3309 3195 3361 de
3244 3306 3545 3360 Proverbiis

1999 3400 2458 3469 Salomonisjuxta
2490 3408 2717 3453 veterem
2740 3399 2988 3452 duntaxat
3015 3397 3304 3451 Editioncm
3335 3410 3543 3448 assum—

2005 3491 2123 3558 psit,
2155 3505 2246 3558 pro
2292 3505 2388 3558 qua
2427 3491 2476 3543 in
2523 3505 2693 3542 imara
2734 3504 2852 3558 quze
2883 3488 2948 3542 de
2996 3486 3262 3540 llebraicze
3303 3485 3545 3539 veritatis

2005 3578 2149 3636 fonte
2181 3581 2474 3646 descendit,
2507 3579 2759 3638 scriptum
2787 3587 2902 3632 est:
2952 3579 3009 3628 Si
3031 3579 3199 3640 justus
3225 3577 3274 3627 in
3303 3585 3432 3625 terra
3459 3590 3540 3624 re-

2006 3674 2146 3736 cipit,
2176 3679 2364 3738 quanto
2391 3672 2549 3738 magis
2595 3671 2779 3735 impius
2809 3679 2849 3718 et
2875 3685 2906 3734 p
2939 3675 3102 3718 crater
3132 3663 3392 3733 (Prorerb.
3429 3665 3500 3720 λι)
3520 3663 3545 3711 Ῥ

2005 3760 2152 3824 Quod
2201 3768 2282 3813 est
2328 3767 2510 3827 aperte
2538 3758 2740 3811 dicere:
2774 3757 2828 3809 Si
2858 3765 2994 3808 tanta
3025 3765 3106 3808 est
3152 3756 3266 3806 vita:
3308 3759 3490 3804 mOI'l't'
3520 3775 3546 3801 ι»

2007 3853 2280 3922 fragil'tas,
2312 3862 2370 3906 ut
2401 3866 2465 3905 ne
2491 3852 2616 3920 justi
2647 3849 2855 3914 quidem
2887 3849 2972 3915 qui
3024 3861 3073 3899 in
3099 3846 3232 3898 coelo
3259 3842 3543 3896 cotouandi

2009 3957 2158 4009 sunt,
2189 3944 2322 3996 hanc
2352 3942 2466 3995 sine
2498 3939 2829 3995 tribulatione
2855 3943 3066 4005 propter
3097 3938 3418 3987 innumeram
3463 3932 3544 3983 vi—

2011 4035 2148 4087 tiatae
2191 4043 2391 4086 naturae
2436 4031 2610 4084 labem
2641 4035 2929 4091 transeant,
2961 4034 3154 4094 quanto
3194 4028 3355 4092 magis
3381 4025 3430 4076 lii
3456 4024 3546 4091 qui

2010 4121 2242 4176 (celestis
2268 4131 2387 4174 sunt
2413 4120 2596 4185 gratia:
2626 4128 2868 4173 extorres
2894 4125 3094 4170 certum
3144 4130 3254 4168 sou:
3283 4121 3549 4182 perpetuas

2009 4209 2359 4263 damnationis
2391 4209 2590 4261 exitum
2612 4207 2957 4274 exspectant?

2614 4291 2847 4360 emtor
2879 4306 2939 4359 v.

375 4381 596 4446 beatur;
627 4397 796 4450 neque
823 4397 883 4437 se
918 4384 1109 4452 aliquis
1141 4386 1259 4440 ideo
1293 4390 1622 4458 peregrinum
1660 4408 1712 4449 et
1740 4405 1910 4449 extra-
1942 4420 1991 4480 ι)
2087 4396 2319 4450 Scuiores
2355 4412 2469 4464 ergo
2500 4396 2585 4461 qui
2636 4411 2686 4447 in
2727 4395 2857 4447 rubis
2887 4412 3001 4447 sum
3050 4397 3245 4454 -'<ecro,
3282 4425 3288 4429 -
3319 4407 3384 4445 .e.
3431 4391 3554 4442 Iden

376 4485 530 4523 neum
574 4486 602 4524 a
656 4471 846 4525 Christi
893 4473 1143 4528 membris
1194 4477 1496 4532 existimare
1545 4481 1734 4546 debet,
1789 4487 1906 4552 quia

377 4560 650 4624 prteseutis
698 4562 875 4613 szeculi
919 4562 1136 4616 feriatur
1164 4565 1431 4633 adversis,
1474 4583 1590 4621 cum
1625 4581 1678 4622 et
1709 4573 1914 4627 Domini

379 4650 552 4701 exitus
588 4649 772 4701 mortis
802 4649 971 4718 (Psal.
999 4654 1180 4719 van),
1207 4666 1257 4705 et
1289 4654 1339 4706 in
1369 4656 1483 4723 ejus
1520 4656 1751 4713 Ecclesia
1785 4679 1916 4716 nuu-

382 4752 558 4804 quam,
582 4752 609 4789 a
646 4746 1024 4807 protomartyre
1057 4739 1181 4793 Abel
1213 4756 1376 4810 usque
1404 4745 1468 4798 ad
1492 4745 1726 4801 ultimum
1783 4752 1916 4804 elec-

386 4840 490 4880 tum
516 4830 601 4895 qui
649 4829 699 4881 in
753 4830 854 4883 line
893 4831 1068 4882 saeculi
1120 4832 1413 4886 nasciturus
1462 4845 1571 4900 est,
1630 4839 1918 4894 inﬁdelium

383 4921 673 4983 persecutio
721 4922 1021 4972 cessaverit.
1093 4920 1240 4975 Unde
1290 4923 1422 4979 bene
1463 4941 1580 4980 cum
1658 4929 1917 4999 dixisset,

382 5009 554 5063 Nolite
580 5009 750 5061 mirari
777 5011 827 5062 in
850 5011 1034 5077 fervore
1052 5052 1067 5072 ,
1098 5012 1293 5067 addidit
1325 5032 1335 5067 :

449 5101 604 5161 Quasi
657 5101 770 5152 nevi
794 5100 985 5169 aliquit
1014 5105 1147 5157 vobis
1188 5107 1459 5174 contingat.
1492 5110 1621 5177 Quia
1652 5115 1802 5168 valde
1843 5127 1923 5169 est

387 5193 653 5256 antiquum
686 5203 737 5245 et
765 5191 1034 5262 frequens,
1059 5200 1251 5253 electos
1280 5201 1371 5254 Dei
1394 5204 1510 5256 vite
1536 5210 1810 5262 urazsentis
1839 5211 1925 5264 ad-

390 5293 538 5332 versa
567 5295 659 5344 pro
686 5292 879 5336 :eterna
908 5285 1074 5337 salute
1103 5280 1347 5342 tolerare.

463 5369 624 5423 Nemo
638 5381 801 5422 autem
819 5386 1029 5427 vestrum
1052 5377 1269 5444 patiatur
1287 5387 1522 5447 tanquam
1543 5384 1806 5449 homicida,
1822 5397 1919 5441 etc.

394 5462 658 5528 Tanquam
693 5462 973 5517 maledicus
1003 5468 1138 5519 enim
1172 5470 1362 5534 patitur
1399 5471 1483 5533 qui
1513 5476 1767 5538 passionis
1816 5492 1923 5528 sum

397 5560 634 5614 tempore
662 5553 713 5603 in
738 5553 812 5604 sui
845 5553 1079 5617 injuriatn
1113 5561 1458 5620 persecutoris
1481 5561 1781 5615 elleenatur.

464 5639 712 5702 Quoniam
759 5650 947 5706 tempus
977 5651 1044 5692 est
1076 5653 1124 5692 ut
1154 5643 1360 5710 incipiat
1409 5649 1645 5711 melicium
1698 5668 1726 5702 a
1783 5655 1926 5705 domo

2019 4487 2259 4541 videlicet
2290 4489 2456 4548 testis,
2481 4488 2618 4554 quad
2658 4501 2888 4553 praisens
2918 4487 2930 4538 i
2958 4486 3010 4538 lo
3040 4487 3230 4552 pauc.“
3253 4502 3264 4518 ι
3292 4483 3473 4545 astitit,
3503 4503 3516 4524 ο
3541 4495 3548 4502 ·

2015 4591 2199 4630 cuneta
2239 4583 2295 4629 ut
2338 4576 2653 4644 gerebantur
2710 4576 2936 4640 aspexit.
2991 4574 3079 4626 Vel
3135 4585 3278 4625 certe
3326 4577 3444 4637 quia
3504 4583 3558 4623 et

2017 4668 2127 4733 ipse
2156 4675 2364 4733 proater
2419 4680 2609 4717 nomen
2642 4663 2870 4728 Christi,
2901 4676 3166 4715 carcerem
3189 4703 3202 4727 ,
3254 4661 3459 4715 \incula
3499 4677 3557 4713 ac

2024 4758 2241 4808 verbera
2289 4768 2472 4821 passus
2501 4759 2601 4807 est.
2653 4762 2710 4804 ut
2754 4753 2804 4804 in
2835 4753 3184 4819 aposmlorum
3234 4752 3445 4806 Actibus
3485 4754 3558 4803 le-

2021 4842 2206 4911 gimus.

2093 4932 2187 4998 Qui
2209 4941 2253 4984 et
2281 4933 2391 5000 ejus
2417 4948 2528 4997 qna:
2557 4933 2605 4984 in
2636 4944 2801 4984 'uturo
2825 4931 3088 4982 revelanda
3117 4941 3186 4982 es:
3209 4929 3385 4997 gloriae
3421 4947 3556 4982 coru-

2021 5026 2317 5076 municator.
2349 5026 2490 5078 Tum:
2516 5027 2758 5077 nimirum
2787 5038 2901 5076 cum
2935 5025 2986 5074 in
3020 5034 3201 5077 monte
3231 5033 3415 5076 saneto
3443 5021 3562 5088 glo-

2021 5116 2148 5167 riam
2191 5116 2361 5169 vultus
2400 5117 2512 5182 ejus
2536 5117 2802 5170 cretestem
2847 5128 2966 5166 cum
3016 5114 3212 5167 .lavobo
3253 5124 3308 5165 et
3357 5109 3566 5166 Joanne

2022 5209 2314 5274 conspexit,
2359 5209 2470 5262 sive
2519 5223 2637 5259 cum
2693 5206 3087 5259 resurrectionis
3140 5211 3193 5256 et
3245 5205 3568 5257 ascensio“.

2023 5295 2134 5361 ejus
2175 5297 2460 5362 potentiam
2513 5310 2631 5347 cum
2688 5297 2892 5352 caeteris
2940 5299 3026 5364 qui
3077 5291 3566 5360 aﬂuerediscipults

2025 5383 2167 5436 vidit.

2099 5472 2297 5527 Pascite
2325 5478 2408 5540 qui
2437 5475 2485 5526 in
2510 5475 2640 5528 vobis
2672 5487 2740 5528 est
2775 5493 2966 5544 gregem
2993 5474 3102 5527 Dii.
3147 5475 3294 5526 Sicut
3324 5475 3565 5528 Dominus

2030 5567 2180 5619 beato
2213 5565 2368 5617 Petro
2397 5566 2553 5619 totius
2582 5568 2758 5634 gregis
2788 5567 2919 5630 ejus,
2969 5565 3066 5616 hoc
3095 5573 3176 5615 est
3205 5563 3450 5617 Ecclesia:
3474 5580 3561 5612 ru-

2002 5669 2137 5707 ’tam
2191 5655 2380 5709 habere
2432 5657 2632 5723 jussit,
2694 5659 2759 5707 ita
2823 5656 2930 5718 ipse
2989 5655 3169 5708 I'ctrus
3232 5654 3564 5719 sequentibus
