3860 6230
281 403 358 454 65
1376 393 1436 446 ΙΝ
1481 392 1737 447 PliIMAM
1783 389 1851 442 El

1962 387 2154 441 (ΝΛΜ
2198 384 2310 438 l'lﬂl
2332 384 2414 435 Ri.
3424 373 3489 428 6-3

285 510 542 566 Ecclesiae
597 506 889 574 pastoribus
938 504 1051 570 jure
1099 502 1309 553 mandat
1359 511 1411 552 ut
1450 515 1570 552 eum
1623 501 1840 566 quisque
1875 509 1914 562 Α
1949 498 2172 548 intrante
2203 510 2265 546 eo
2307 494 2620 556 CarSaream,
2645 488 2918 541 Cornelius
2955 499 3240 545 occurrens
3269 485 3488 552 pedibus

285 602 382 668 qui
436 612 613 653 secum
662 605 764 660 est,
818 607 1027 661 gregem
1091 591 1179 643 Dei
1213 590 1436 642 sollicita
1467 590 1843 657 gubernatione

288 701 511 744 tutetur.

367 779 693 830 Providentes
737 791 833 826 non
876 781 1064 833 coacte,
1096 772 1179 824 sed
1209 779 1496 840 spontanee,
1522 781 1623 822 etc.
1652 767 1843 823 Coacta

289 875 463 934 pascit
484 880 696 934 gregem
737 865 824 916 Oei
852 874 903 915 et
935 863 1170 930 providet
1200 861 1285 912 ille
1311 861 1399 926 qui
1433 867 1632 924 propter
1670 873 1842 909 rerum

291 956 664 1019 temporalium
731 950 979 1018 ienuriam
1026 964 1126 999 non
1174 947 1370 999 habens
1407 946 1544 998 unde
1570 947 1726 1006 vi'at,
1761 943 1839 994 id-

291 1045 439 1095 circo
471 1042 710 1108 praedicat
763 1038 1118 1103 Evangeltum,
1154 1045 1208 1087 ut
1251 1036 1316 1086 de
1360 1032 1608 1100 Evangeli
1669 1031 1844 1083 vivere

293 1136 482 1201 possit.
520 1137 818 1200 Spontanee
851 1143 972 1180 vero
1000 1138 1051 1179 et
1073 1127 1357 1179 secundum
1387 1125 1572 1188 Deum,
1603 1142 1630 1176 ιι
1659 1125 1688 1174 ii
1730 1121 1844 1173 nul-

295 1223 402 1275 lius
442 1232 664 1272 terrente
695 1235 736 1270 rt
758 1218 792 1279 ',
825 1217 916 1269 scd
948 1226 1146 1266 tantum
1195 1228 1433 1280 superna:
1484 1212 1738 1265 mercdis
1769 1210 1846 1262 in-

295 1312 433 1360 tuitu
467 1308 680 1359 verbum
732 1305 824 1357 boi
854 1302 1124 1370 prreditat.
1159 1302 1308 1365 Quod
1340 1312 1619 1367 utrumque
1662 1299 1846 1351 distin-

298 1413 466 1466 guens
496 1397 559 1447 ab
606 1396 737 1446 invic
780 1410 825 1445 .n
853 1393 1119 1457 apostolus
1155 1390 1378 1441 Paulus:
1427 1388 1487 1441 Si
1516 1389 1647 1440 enim
1679 1387 1847 1439 volens

300 1484 513 1552 (inquit)
547 1489 636 1536 hoc
667 1501 740 1550 agt
833 1482 1102 1532 mercedem
1133 1480 1320 1540 habeo;
1348 1479 1389 1530 si
1436 1489 1601 1529 autem
1643 1477 1844 1538 invitus,

297 1573 602 1638 dispensatio
643 1553 762 1623 mihi
810 1570 994 1621 credita
1052 1577 1141 1620 est.
1197 1567 1524 1635 Dispensatio
1568 1567 1760 1633 quippe
1798 1564 1845 1617 ei

299 1664 498 1715 credita
543 1661 750 1721 dicitttr,
807 1661 896 1728 qui
947 1660 1020 1712 rei
1069 1668 1298 1711 externae
1327 1672 1504 1711 curam
1546 1657 1610 1709 ad
1643 1666 1847 1723 tempus

305 1753 497 1804 habere
530 1752 850 1817 praecipitur.
878 1749 1031 1800 Verbi
1062 1749 1222 1814 gratia
1244 1787 1258 1808 ,
1283 1748 1368 1814 qui
1394 1747 1618 1798 triticum
1647 1745 1844 1797 domini

297 1841 384 1890 sui
435 1837 699 1889 conservis
749 1838 798 1889 in
848 1848 1082 1903 tempore
1136 1834 1397 1901 dispertiri
1433 1833 1675 1900 jubetur,
1729 1833 1848 1885 huic

299 1928 623 1978 assiinilatur
651 1925 740 1994 qui
782 1941 882 1977 non
927 1934 1233 1991 spontanee,
1265 1922 1356 1976 scd
1407 1919 1598 1975 invitus
1626 1934 1845 1989 evange-

299 2018 450 2070 lizat.

388 2104 556 2171 Neque
585 2103 746 2169 turpis
771 2104 900 2155 lucri
930 2109 1112 2170 gratia,
1133 2100 1220 2152 sed
1239 2098 1534 2150 voluntarie.
1558 2097 1748 2164 Turpis
1773 2098 1851 2150 lu—

302 2193 390 2244 cri
420 2195 584 2260 gratia
615 2194 853 2257 providet
885 2191 1028 2259 gregi
1061 2188 1176 2249 Dei,
1206 2189 1293 2254 qui
1354 2197 1567 2254 pmpter
1594 2197 1849 2253 questum

297 2291 365 2335 et
393 2266 595 2334 terrena
618 2278 889 2331 commoda
938 2277 1206 2344 przedicat,
1237 2291 1354 2329 cum
1399 2277 1654 2342 religioni:
1697 2287 1852 2341 opera

295 2382 496 2423 cuneta
528 2375 817 2433 spontanee
862 2366 973 2418 fieri
1022 2366 1265 2418 debeant.
1315 2364 1468 2417 Juxta
1504 2365 1627 2416 illud
1657 2379 1706 2416 c.
1733 2379 1850 2416 em-

299 2457 451 2524 ptum
509 2453 915 2507 constructicnis
963 2451 1300 2513 tabernaculi,
1352 2452 1488 2518 quod
1540 2462 1850 2517 prtesentem

304 2545 565 2600 Ecclesia:
603 2545 1051 2597 consuuctior-em
1082 2542 1457 2609 praztendebat,
1489 2542 1574 2595 ubi
1604 2552 1655 2593 et
1684 2544 1854 2594 onmis

312 2635 598 2688 multitudo
623 2634 843 2687 filiorum
872 2632 1029 2686 Israel
1062 2631 1246 2683 obtulit
1276 2641 1449 2684 mente
1472 2631 1854 2698 promptissima

304 2735 467 2792 atque
493 2727 679 2777 devota
710 2724 964 2790 primitias
1016 2722 1236 2775 Domino
1279 2721 1342 2774 ad
1383 2720 1675 2775 faciendum
1724 2736 1855 2788 opus

308 2811 656 2875 tabernaculi,
693 2821 880 2878 sponte
910 2811 1117 2878 prapria
1157 2819 1342 2863 cuncta
1389 2809 1646 2874 tribuens,
1757 2810 1853 2877 ipsi

303 2901 535 2955 artiﬁces
574 2909 760 2970 sponte
806 2914 899 2953 sua
955 2899 1254 2954 obtulerunt
1311 2913 1370 2955 se
1442 2899 1508 2951 ad
1560 2899 1852 2951 iacit-dum

303 3007 458 3060 opus.
1083 3023 1090 3029 κ
1262 2978 1271 2989 ’

382 3083 552 3150 Neque
595 3092 648 3134 ut
699 3083 1009 3135 dominantes
1052 3097 1103 3133 tn
1148 3084 1311 3142 cleris,
1345 3090 1448 3134 etc.
1509 3079 1576 3133 Ut
1615 3082 1853 3134 vidulicet

307 3175 691 3236 humilitatem,
716 3189 871 3240 quam
898 3172 1136 3226 subditos
1161 3179 1214 3225 et
1252 3178 1314 3224 ad
1341 3185 1434 3224 vos
1463 3180 1515 3224 et
1536 3173 1599 3224 ad
1630 3170 1850 3225 iuvarem

311 3264 510 3317 habere
537 3262 868 3326 desideratis,
900 3263 997 3329 ipsi
1029 3264 1174 3329 prius
1201 3271 1256 3316 et
1293 3269 1410 3315 actu
1437 3260 1761 3327 monstretis,
1802 3269 1854 3314 et

307 3356 371 3406 in
421 3354 598 3407 animo
649 3354 868 3408 servetis
914 3354 1135 3421 integro,
1175 3354 1324 3421 juxta
1351 3352 1476 3407 illud
1507 3352 1850 3406 dominicum:

311 3442 470 3497 Scitis
495 3445 609 3510 quia
653 3442 704 3493 Ιιέ
742 3443 826 3509 qui
857 3442 1082 3494 videntur
1107 3442 1383 3510 principari
1427 3443 1673 3510 gentibus,
1704 3442 1856 3493 domi-

311 3539 500 3581 nantur
529 3532 618 3592 eis,
645 3538 688 3580 et
716 3530 963 3598 principes
994 3545 1164 3580 eorum
1197 3540 1480 3595 potestatem
1509 3531 1689 3582 habent
1724 3533 1855 3598 ipso-

309 3635 449 3670 rum.
485 3618 603 3670 Non
625 3629 789 3669 autem
817 3619 885 3670 ita
912 3619 1000 3669 erit
1019 3619 1068 3668 in
1097 3618 1252 3679 vobis,
1280 3619 1367 3669 sed
1387 3621 1662 3685 quicunque
1683 3619 1856 3671 volue-

306 3710 384 3760 rit
411 3709 518 3774 ﬁeri
550 3710 731 3777 major,
763 3711 854 3759 erit
884 3719 1037 3759 uester
1079 3707 1332 3772 minister;
1376 3717 1421 3760 et
1466 3709 1746 3777 quicunque
1773 3725 1857 3761 vo-

311 3799 468 3849 luerit
491 3799 542 3850 in
564 3798 697 3848 vobis
722 3798 910 3862 primus
937 3812 1062 3861 esse,
1101 3801 1194 3851 erit
1217 3801 1438 3850 omnium
1458 3814 1622 3852 servus
1648 3797 1853 3868 (Matth.

315 3888 494 3956 χχιιι).
539 3887 682 3952 Quod
731 3887 920 3940 Paulus
953 3887 1225 3952 imperium
1257 3889 1534 3955 diligenter
1576 3891 1859 3944 obServaus

310 3980 432 4032 ait:
491 3979 609 4030 Non
659 3977 786 4030 enim
837 3979 1161 4044 nosmetipsos
1188 3979 1529 4045 pra’dicanms,
1565 3981 1651 4031 sed
1685 3977 1859 4032 Iesum

312 4069 570 4119 thrzstztni
604 4064 870 4118 Dominum
896 4077 1142 4131 nostrum,
1173 4083 1262 4118 nos
1292 4078 1458 4120 autem
1487 4084 1647 4120 servos
1675 4083 1857 4121 vestros

307 4176 403 4226 per
429 4157 623 4210 Jt'sum.

387 4247 669 4309 Similiter,
717 4245 1087 4311 adolescentes,
1139 4247 1319 4298 subditi
1368 4255 1518 4301 estote
1557 4249 1852 4302 senioribus.

310 4335 594 4401 Postquam
623 4335 855 4386 seniores
878 4335 1141 4400 quomodo
1170 4344 1459 4402 praessent
1485 4337 1681 4399 docuit,
1698 4352 1857 4404 opor-

1946 600 2002 637 se
2023 587 2136 649 ejus
2167 582 2425 634 humiliter
2447 580 2721 644 stravit,et
2743 580 2828 631 ille
2862 578 3110 630 humilius
3140 577 3486 642 levaviteunt,

1942 679 2154 730 dicens:
2189 677 2372 743 Surge,
2406 682 2449 724 ct
2477 689 2567 741 ego
2594 673 2738 724 homo
2767 686 2896 734 sum,
2932 671 3059 723 sicut
3086 680 3131 721 et
3170 679 3222 722 tu
3252 669 3390 739 (Act.
3413 673 3487 736 ι).

1943 769 2007 820 Ει
2060 769 2269 835 quidem
2329 766 2604 818 Cornelius
2647 763 2868 817 necdum
2911 773 3120 815 renatus
3171 764 3221 815 in
3261 762 3486 828 Christo,

1944 860 2162 910 necdum
2207 855 2453 908 Eccesice
2497 864 2610 906 erat
2661 853 2910 906 membris
2957 851 3333 920 incorporatus.
3366 852 3490 905 0m-

1944 961 2037 999 nes
2086 963 2212 1012 ergo
2263 946 2606 997 humilitatem
2678 944 2872 997 habere
2923 944 2986 994 ad
3044 947 3351 995 alterutrum
3409 940 3490 998 vel

1943 1036 2192 1100 exemplo
2221 1035 2394 1097 docet,
2419 1033 2498 1087 vel
2522 1034 2674 1087 etian.
2711 1035 2868 1086 -.-erbo
2916 1033 3162 1095 insinuat,
3193 1032 3310 1098 quia
3338 1033 3490 1083 nimi-

1943 1138 2058 1177 rum
2109 1123 2352 1175 omnibus
2403 1123 2667 1188 superbia:
2731 1107 2933 1174 vitium_
2984 1118 3119 1186 quod
3167 1118 3375 1185 angelos
3425 1119 3490 1172 de

1945 1211 2081 1264 cmlo
2134 1209 2344 1276 dejecit,
2396 1219 2611 1261 noverat
2658 1224 2699 1261 ιε.
2729 1223 2779 1262 ae
2831 1207 3143 1273 cavendum,
3173 1219 3355 1258 omnes
3394 1207 3488 1258 ad-

1942 1300 2120 1368 juncta
2147 1300 2442 1353 Salomonis
2481 1300 2734 1353 sententia
2763 1307 2920 1353 terret
2946 1298 3225 1352 salubriter
3256 1309 3316 1349 ac
3344 1299 3482 1353 refo-

1947 1401 2055 1451 vet,
2089 1391 2306 1444 dicens:

2019 1481 2147 1544 Quia
2179 1480 2312 1532 Deus
2341 1480 2569 1546 superbis
2607 1481 2810 1544 resistit,
2841 1487 2941 1531 etc.
2979 1479 3038 1529 fit
3065 1492 3180 1546 qua:
3207 1480 3276 1530 sit
3303 1477 3484 1531 eadem

1946 1574 2111 1640 gratia
2141 1587 2294 1639 quam
2352 1570 2553 1624 confert
2582 1569 2865 1622 humilibus
2907 1569 3065 1633 Deus,
3110 1580 3492 1635 consequenter

1909 1677 1917 1683 '
1954 1661 2190 1728 exponit,
2223 1674 2340 1712 cum
2372 1658 2702 1710 admonendo
2728 1658 3019 1726 subjuugit:

2034 1746 2388 1798 llumiliann'ni
2415 1747 2566 1813 igitur
2586 1748 2673 1797 sub
2702 1746 2891 1812 potenti
2917 1761 3068 1797 manu
3092 1744 3204 1810 Dei,
3236 1743 3492 1798 cte.llanc

1952 1854 2075 1906 ergo
2104 1839 2319 1906 gratiam
2353 1837 2634 1890 humilibus
2662 1838 2858 1902 tribuit,
2891 1849 2946 1890 ut
2987 1852 3089 1904 quo
3129 1838 3291 1904 magis
3321 1837 3491 1889 humi-

1949 1929 2056 1981 liati
2093 1928 2282 1980 fuerint
2309 1939 2523 1995 propter
2568 1930 2760 1994 ipsum,
2800 1936 3034 1995 tempore
3063 1928 3384 1990 certaminis,
3429 1941 3492 1981 eo

1949 2017 2228 2083 gloriosius
2260 2018 2558 2071 exaltentur
2588 2017 2654 2070 ab
2685 2017 2797 2083 ipso
2829 2026 3064 2082 tempore
3112 2017 3492 2070 retributionis.

1951 2105 2128 2156 Potest
2149 2116 2326 2158 autem
2349 2104 2643 2156 humiliatio
2668 2104 2767 2157 hoc
2791 2104 2841 2156 in
2867 2094 2979 2158 loco
3001 2104 3280 2158 multifaria
3306 2105 3494 2172 accipi,

1951 2193 2050 2245 lmc
2079 2209 2121 2247 (ιδ
2142 2207 2179 2255 t,
2210 2204 2261 2247 et
2289 2209 2349 2247 ea
2379 2209 2481 2262 qua
2512 2193 2766 2262 incipit-nt;
2797 2195 3017 2263 quisque
3060 2196 3196 2248 viam
3245 2195 3491 2249 virtutum

1952 2297 2045 2349 pro
2099 2283 2372 2337 abluendsz
2421 2297 2538 2350 qute
2564 2284 2902 2337 commiserat
2943 2283 3167 2349 jeccatis
3221 2283 3496 2336 salubriter

1951 2375 2217 2438 atteritur,
2249 2381 2300 2424 et
2325 2371 2413 2424 illa
2444 2387 2560 2440 qua:
2590 2382 2871 2440 spontanea
2917 2375 3106 2426 mentis
3149 2373 3428 2427 devotione
3468 2389 3495 2425 a

1954 2460 2348 2527 pcrl‘ectinribus
2373 2464 2478 2516 Deo
2501 2463 2580 2515 vel
2609 2463 2857 2528 proximis
2885 2464 2934 2516 in
2966 2477 3093 2530 pace
3114 2463 3390 2517 exhibetur
3413 2477 3494 2516 re—

1953 2565 2065 2602 rum
2097 2550 2564 2616 circumstantium,
2608 2564 2810 2604 necnon
2858 2562 2910 2603 et
2937 2566 2997 2603 ea
3026 2565 3148 2618 qua,
3181 2551 3496 2604 incursanti-

1953 2638 2047 2690 bus
2078 2639 2495 2705 perst-cutionum
2524 2625 2840 2703 turbinibus,
2869 2640 3094 2692 invictus
3126 2654 3216 2706 per
3233 2640 3493 2706 patientins

1953 2738 2193 2780 virtutem
2243 2730 2451 2782 animus
2503 2739 2752 2783 armatur.
2786 2729 2938 2782 Omni
2988 2740 3152 2782 intem
3181 2728 3357 2797 generi
3390 2727 3496 2781 Deo

1954 2818 2164 2869 devota:
2215 2817 2520 2869 ltu.~iilitatis
2566 2833 2765 2871 merces
2797 2819 3028 2870 succedit
3058 2818 3161 2878 illa,
3211 2827 3262 2868 ut
3308 2815 3395 2883 qui
3437 2828 3496 2869 se

1958 2915 2192 2971 tempore
2234 2907 2666 2972 peregrinationis
2692 2920 2799 2960 suas
2839 2905 3128 2970 ltumiliaut,
3163 2915 3393 2974 tempore
3414 2908 3494 2961 vi-

1956 2996 2216 3045 sitationis
2239 2995 2351 3059 ejus
2381 2996 2693 3048 exaltentur.

2028 3081 2197 3134 Sobrii
2226 3092 2377 3133 estote
2402 3091 2445 3132 et
2471 3083 2692 3149 vigilate,
2719 3092 2819 3135 etc.
2870 3082 2922 3134 In
2972 3082 3126 3150 hujus
3167 3083 3493 3150 expositione

1957 3173 2255 3234 sementim,
2285 3186 2388 3225 non
2417 3182 2618 3235 nostra,
2672 3187 2849 3225 verum
2901 3172 3036 3225 beati
3086 3171 3329 3241 Cypriani
3358 3174 3493 3225 dicta

1953 3280 2232 3333 ponamus.
2271 3282 2288 3313 ι
2319 3264 2568 3316 Circumit
2616 3263 2829 3332 (inquit)
2884 3263 2970 3316 ille
3018 3279 3111 3316 nos
3160 3262 3414 3331 singulos,
3445 3273 3498 3317 et

1956 3366 2203 3422 tanquam
2228 3354 2399 3406 hostis
2416 3353 2626 3405 clausos
2665 3354 2916 3404 obsidens
2947 3367 3123 3404 muros
3162 3352 3403 3420 explorat
3444 3362 3498 3405 et

1959 3454 2148 3505 teutat,
2177 3458 2240 3494 an
2264 3441 2329 3494 si:
2363 3456 2480 3507 pars
2507 3442 2681 3507 aliqua
2713 3441 3066 3493 membrorum
3099 3456 3270 3493 nnnus
3291 3440 3496 3494 Stabilis

1956 3532 2202 3584 etminus
2233 3532 2369 3594 lida,
2418 3531 2569 3598 cujus
2590 3531 2732 3584 adittt
2770 3531 2831 3582 ad
2881 3532 3127 3584 Interiora
3178 3540 3495 3599 pcnetretur.

1957 3622 2121 3675 OlTert
2143 3623 2309 3673 oculis
2356 3621 2551 3674 formas
2578 3622 2742 3674 illices
2784 3633 2835 3674 et
2882 3623 3062 3676 laetles
3092 3623 3406 3689 voluptates,
3441 3634 3498 3675 ut

1958 3713 2065 3764 visu
2091 3713 2326 3764 destruat
2356 3712 2668 3763 castitatem.
2717 3712 2884 3764 Aures
2929 3725 3019 3778 per
3065 3726 3253 3764 canora
3302 3713 3496 3764 musica

1959 3810 2143 3865 tontat,
2190 3811 2246 3854 ut
2293 3801 2406 3853 soni
2459 3800 2705 3854 dulciorts
2757 3800 2935 3852 auditu
2982 3799 3148 3852 solvat
3195 3807 3249 3853 et
3299 3802 3498 3852 molliat.

1956 3895 2308 3948 Christianum
2339 3893 2596 3959 vigorem.
2634 3891 2884 3959 Linguam
2938 3893 3177 3944 convicio
3229 3900 3493 3957 provocat,

1957 3997 2162 4034 ruanum
2194 3981 2396 4046 injuriis
2431 3981 2810 4035 lacessentibus
2851 3979 2917 4031 ad
2964 3980 3306 4046 petulantiam
3340 3980 3496 4032 cardus

1957 4069 2164 4134 instigat
2184 4084 2198 4130 ;
2219 4078 2273 4119 ιιι
2298 4069 2651 4119 fraudatorem
2675 4069 2846 4129 faciat,
2880 4067 3022 4119 lucra
3044 4070 3257 4134 opponit
3281 4066 3494 4134 injusta;

1958 4168 2013 4210 ιιι
2046 4158 2276 4209 animam
2332 4155 2551 4223 pecunia
2584 4155 2775 4223 capiat,
2810 4155 3002 4223 ingerit
3033 4155 3323 4224 perniciosa
3351 4169 3498 4208 com-

1957 4247 2161 4315 pendia.
2189 4246 2424 4299 llonores
2449 4257 2686 4298 terrenos
2712 4244 2991 4311 promittit,
3030 4255 3087 4297 ut
3111 4245 3354 4299 caelestes
3377 4244 3491 4298 adi-

1955 4345 2081 4389 mat.
2109 4334 2357 4388 Obtendit
2389 4333 2539 4398 falsa,
2561 4342 2619 4387 ut.
2639 4349 2758 4386 vera
2791 4333 3067 4401 subripiat.
3099 4335 3162 4387 lit
3189 4349 3306 4385 cum
3330 4333 3497 4386 laten-

309 4422 456 4476 tebat
487 4429 550 4473 ut
573 4421 728 4472 etiam
753 4421 982 4487 juniores
1011 4421 1075 4473 ad
1113 4421 1460 4474 obedicndum
1492 4431 1722 4488 paterna:
1755 4438 1855 4477 eo-
1880 4444 1931 4502 υ
1962 4434 2041 4476 ter
2067 4440 2168 4476 non
2220 4411 2389 4490 potest
2440 4424 2616 4477 fallere
2640 4463 2656 4488 ,
2710 4412 2896 4489 aperte.
2935 4423 3178 4482 minatur,
3239 4433 3491 4475 terrorem

310 4525 428 4565 rum
459 4509 747 4578 provisioni
779 4509 1078 4565 instrueret.
1111 4509 1223 4562 Non
1266 4520 1439 4564 autem
1466 4524 1596 4576 Opus
1634 4521 1741 4564 er...‘
1778 4513 1854 4565 eis

315 4604 462 4670 plura
493 4601 652 4669 loqui,
669 4601 759 4654 sed
790 4608 988 4654 tantum
1013 4601 1264 4668 subjectis
1277 4601 1355 4654 nis
1371 4600 1497 4654 dare
1518 4617 1827 4669 priet-cptum

315 4692 445 4756 Quia
479 4691 720 4744 nimirum
753 4690 1048 4745 senioribus
1100 4699 1420 4759 praeceperat
1450 4697 1506 4742 ut
1543 4693 1706 4744 forma
1737 4693 1854 4745 facti

315 4795 497 4840 essent
523 4786 768 4848 subditis,
813 4797 866 4839 et
918 4785 1212 4840 sufliciebat
1237 4784 1479 4852 iuniores
1508 4800 1572 4838 au
1603 4785 1854 4853 majorum

315 4879 448 4929 bene
496 4875 757 4942 agentium
813 4879 1047 4940 exempla
1103 4874 1382 4939 respicere,
1413 4884 1465 4928 et
1513 4874 1625 4926 haec
1669 4873 1852 4927 devota

317 4965 529 5016 imitari.
560 4964 661 5018 Sed
705 4979 770 5018 ne
810 4965 920 5017 haec
948 4964 1222 5017 audientes
1266 4964 1463 5029 prrelati
1499 4972 1745 5028 putarent
1772 4978 1856 5016 so-

320 5054 586 5108 lummodo
610 5054 833 5107 subditis
862 5055 1061 5118 suis,et
1090 5068 1196 5106 non
1228 5054 1384 5106 etiam
1415 5052 1516 5106 sibi
1544 5053 1734 5106 debitte
1764 5056 1858 5106 bu-

321 5147 551 5199 militatis
595 5145 712 5212 jura
762 5159 878 5198 esse
934 5149 1211 5211 servanda,
1256 5147 1503 5200 continuo
1544 5147 1857 5214 generaliter

322 5237 650 5291 admonendo
671 5235 890 5302 subjecit
910 5252 932 5286 :-

393 5326 571 5378 Omnes
598 5336 763 5377 autem
793 5326 997 5377 inuicem
1028 5327 1362 5379 humilitatem
1383 5327 1858 5381 tnsittuate.0mnes

329 5419 522 5468 etenim
553 5416 698 5479 dicit,
721 5427 769 5468 et
790 5418 1022 5468 seniores
1050 5425 1100 5468 et
1131 5416 1508 5478 adolescentes,
1529 5417 1615 5483 qui
1640 5415 1857 5470 invicem

327 5505 566 5570 iubentur
599 5505 903 5558 humilitatis
953 5505 1220 5558 insinuare
1263 5507 1520 5571 virtutem,
1556 5515 1605 5557 et
1637 5507 1686 5557 lti
1718 5507 1860 5558 vide-

327 5595 441 5647 licet
490 5598 738 5662 regendo,
789 5607 840 5649 et
891 5595 964 5648 illi
1011 5597 1349 5661 obsequendo
1401 5597 1678 5649 humiliter.
1711 5597 1858 5662 Quod

329 5687 459 5750 apud
490 5687 657 5748 ipsum
684 5687 913 5750 Petrum,
945 5689 1064 5741 etin
1090 5688 1201 5749 ipso
1233 5687 1422 5736 factum
1463 5687 1698 5755 lt-gimus,
1720 5703 1857 5750 eum,

1957 4513 2178 4565 turbida:
2220 4513 2600 4579 persecutionis
2669 4511 2968 4573 intentans,
3033 4509 3098 4561 ad
3155 4502 3492 4564 debellandos

1955 4618 2139 4657 servos
2172 4603 2262 4655 Dei
2292 4601 2552 4670 inquietus
2581 4615 2790 4663 semper
2823 4609 2874 4652 et
2905 4613 3112 4665 semper
3150 4595 3390 4654 infestus.
3435 4600 3488 4652 In

1955 4710 1987 4763 p
2021 4708 2079 4747 ce
2109 4693 2387 4756 subdolus,
2431 4691 2500 4745 .in
2549 4692 2906 4758 persecutione
2953 4690 3232 4744 violentus.
3300 4692 3493 4756 Quam-

1953 4786 2131 4838 obrem
2207 4793 2388 4836 contra
2451 4797 2633 4834 omnes
2693 4781 2884 4833 diaboli
2950 4779 3304 4832 veliallaces
3364 4779 3492 4831 insi-

1915 4883 1917 4888 ‘
1955 4874 2066 4924 dias
2089 4871 2169 4924 vel
2198 4877 2402 4938 apertas
2427 4870 2597 4921 minas
2638 4878 2778 4921 stare
2832 4867 2987 4918 debet
3037 4866 3323 4917 instructus
3370 4865 3484 4919 ani-

1960 4975 2074 5014 mus
2100 4971 2153 5014 et
2195 4969 2447 5023 armatus,
2481 4968 2582 5010 tam
2615 4969 2822 5025 paratus
2857 4972 3064 5024 semper
3086 4956 3150 5009 ad
3192 4970 3488 5024 repugnan-

1957 5053 2103 5111 dum,
2149 5065 2303 5118 quam
2332 5051 2502 5103 estad
2564 5047 2970 5116 tmpugnandum
3023 5062 3229 5116 semper
3275 5056 3486 5115 paratus

1958 5151 2219 5190 llilllilCUS.
2253 5153 2271 5186 ι

2027 5226 2119 5279 Cui
2145 5227 2353 5277 resistite
2379 5226 2527 5290 fortes
2571 5227 2620 5275 in
2649 5225 2768 5291 ﬁde,
2804 5235 2901 5278 etc.
2930 5227 3096 5278 Tanto
3128 5224 3341 5292 (inquit)
3389 5225 3494 5278 for-

1962 5319 2118 5370 tiores
2145 5324 2311 5367 estote
2345 5315 2393 5365 ιιι
2427 5315 2547 5376 title,
2595 5324 2736 5366 tanto
2785 5315 3034 5380 majorem
3071 5315 3314 5369 habetote
3366 5319 3494 5368 ndu-

1959 5410 2092 5461 ciam
2118 5409 2179 5457 ad
2205 5405 2533 5471 superandas
2559 5405 2751 5456 diaboli
2772 5408 3049 5470 versutias,
3074 5418 3267 5471 quanto
3292 5416 3494 5460 constat

1959 5497 2075 5563 quia
2108 5508 2210 5546 non
2239 5508 2333 5545 vos
2362 5494 2458 5544 soli
2488 5493 2779 5557 tentamini,
2806 5492 2895 5545 sed
2924 5507 3033 5558 ipsa
3061 5500 3235 5560 passo
3257 5511 3372 5562 qua:
3404 5511 3496 5551 vos

1962 5589 2139 5654 fatigat
2169 5586 2214 5638 ei
2241 5599 2446 5652 quoque
2479 5600 2591 5648 qua":
2625 5598 2713 5648 per
2739 5593 2899 5637 totum
2933 5587 3180 5638 mundum
3211 5599 3289 5639 est
3316 5588 3501 5641 Eccle~

1962 5684 2049 5735 Slill
2078 5678 2289 5730 Christi.
2322 5683 2510 5728 vestrae
2546 5674 2786 5730 videlicet
2838 5677 3162 5739 fraternitati,
3190 5680 3489 5732 commuuis
