3860 6230
362 344 425 399 6-7
804 342 1003 398 ΒΕΒΛΕ
1045 341 1484 400 VENERABlLlS
1524 344 1668 400 UPP.
1713 344 1881 398 PARS

2009 346 2198 404 SECT.
2241 351 2276 405 l.
2317 381 2383 393 —
2424 344 2797 403 EXEGETICA
2836 343 3150 401 GENUINA.
3474 341 3554 397 68

360 466 459 509 est.
486 452 701 522 thuod
726 467 752 504 a
777 453 1145 507 constitutione
1176 454 1352 505 mundi
1379 469 1586 521 semper
1610 453 1748 519 passi
1770 462 1886 505 sunt
1922 455 1961 511 Λ
1994 456 2223 512 Marcum
2271 456 2638 512 Alexandriam
2667 454 2733 508 de
2777 453 2938 506 Roma
2967 453 3032 506 ad
3061 453 3553 519 evangelizanduut

354 539 515 606 justi,
548 542 737 610 pudeat
765 554 860 594 vos
887 541 1026 594 solos
1056 556 1161 607 pra:
1200 543 1443 595 omnibus
1486 544 1744 596 sustinere
1788 557 1889 593 non

362 646 535 699 posse.

431 719 530 774 Per
556 720 832 789 Sylvanum
861 720 996 772 vobis
1039 720 1240 787 ﬁdelem
1267 723 1493 788 fratrem,
1516 729 1617 771 etc.
1646 717 1792 783 Quod
1823 720 1893 771 ait

363 812 649 864 obsecrans
676 821 843 876 potest
872 810 935 862 ad
966 810 1234 875 superiora
1262 810 1467 876 referri,
1500 809 1617 876 quia
1651 808 1892 864 videlicet

362 900 591 954 breviter
618 899 909 964 scripserit,
937 914 1040 951 non
1066 899 1353 965 imperans,
1385 899 1476 951 sed
1498 899 1775 950 obsecrans
1798 911 1892 951 eos

362 988 525 1041 fortes
572 988 623 1039 in
670 986 773 1039 lide
818 986 1118 1051 persistere.
1197 986 1374 1038 Potest
1415 996 1468 1037 et
1513 986 1575 1035 ad
1623 983 1889 1052 sequentia

369 1089 511 1132 recte.
539 1076 787 1144 copulari.
814 1084 871 1128 ut
898 1075 1215 1142 intelligatur
1261 1089 1363 1127 non
1395 1073 1564 1127 solum
1604 1072 1891 1126 contestari

370 1171 502 1217 banc
556 1178 670 1217 esse
712 1179 887 1217 veram
937 1178 1115 1216 eorum
1164 1164 1382 1231 gratiam
1432 1177 1585 1227 quam
1617 1160 1891 1214 scribendo

365 1253 632 1321 praulicat,
656 1254 775 1320 quia
802 1251 1045 1304 nimirum
1088 1266 1190 1304 non
1220 1259 1301 1302 est
1332 1250 1381 1300 in
1404 1250 1509 1302 alio
1531 1249 1705 1317 aliquo
1729 1251 1889 1312 salus,

363 1342 414 1393 in
463 1356 565 1409 quo
588 1349 829 1407 oporteat
854 1354 947 1391 nos
973 1338 1146 1391 salvos
1170 1338 1280 1391 lieri
1319 1340 1452 1407 (Act.
1478 1337 1573 1407 tv),
1604 1338 1694 1392 sed
1728 1340 1889 1390 etiam

360 1430 637 1482 obsecrare
658 1442 771 1490 eos,
791 1437 845 1477 ut
866 1420 997 1478 hanc
1025 1438 1143 1479 esse
1171 1440 1348 1478 veram
1379 1441 1526 1478 suam
1560 1426 1778 1493 gratiam
1810 1424 1890 1473 fa-

362 1519 525 1579 ciant,
554 1531 652 1585 qua
677 1516 857 1568 imbuti
880 1524 1000 1570 sunt
1023 1515 1073 1568 in
1097 1516 1323 1568 Christo.
1346 1514 1523 1567 Gratia
1540 1516 1679 1567 enim
1698 1513 1889 1566 Christi

363 1622 541 1660 eorum
586 1608 640 1658 lit
669 1608 851 1675 gratia,
899 1606 984 1673 qui
1028 1606 1159 1658 hanc
1181 1606 1371 1657 mundo
1393 1604 1551 1657 corde
1580 1604 1889 1671 suscipiunt.

365 1696 490 1747 Nam
518 1694 609 1763 qui
656 1693 871 1761 gratiam
916 1694 1007 1746 Dei
1038 1694 1254 1756 spernit,
1304 1708 1409 1746 non
1458 1694 1621 1761 ipsam
1670 1692 1890 1760 gratiam

1994 550 2245 615 mitteret,
2278 548 2562 615 Epistolam
2615 545 2746 597 hanc
2797 542 3025 611 scripsit.
3054 544 3315 607 Tempore
3348 553 3551 596 autem

1992 637 2195 691 Claudii
2263 636 2513 705 principis
2568 644 2621 689 et
2651 634 2832 688 Petrus
2858 642 2909 687 et
2945 632 3147 687 Marcus
3176 635 3400 686 Romam
3445 648 3553 687 ve—

1993 733 2200 786 nerunt,
2261 735 2311 779 et
2368 724 2478 793 ipse
2536 724 2755 783 Marcus.
2794 720 3061 789 descripto
3114 720 3294 776 Roma:
3356 722 3554 776 Eran-

1993 816 2130 884 gelio
2174 828 2296 877 suo,
2326 811 2692 868 Alexandriam
2742 812 2932 865 missus
2976 820 3075 865 est.
3132 811 3279 866 Unde
3324 812 3556 881 colligi-

1994 914 2077 954 tur
2126 903 2243 972 quia
2276 902 2559 970 Epistulam
2615 901 2749 953 hanc
2799 896 2985 951 Petrus
3011 897 3133 951 dum
3158 898 3410 966 quaeritur
3444 898 3548 949 ubi

1990 990 2071 1043 vel
2121 991 2333 1059 quando
2390 987 2685 1055 scripserit,
2740 987 2883 1041 locus
2927 996 3039 1039 erat
3083 985 3265 1051 Itonia,
3318 997 3550 1055 tempus

1990 1076 2189 1131 Claudii
2216 1078 2457 1132 thsaris.

2063 1167 2295 1221 Salutate
2318 1166 2523 1220 invicem
2542 1170 2598 1218 in
2626 1165 2810 1218 osculo.
2841 1175 3033 1217 sancto.
3089 1163 3277 1217 osculo
3306 1170 3539 1223 sancto,

1992 1257 2171 1309 osculo
2192 1268 2333 1315 vero,
2360 1255 2543 1307 osculo
2569 1252 2809 1322 paciﬁco,
2839 1253 3020 1305 osculo
3052 1252 3371 1314 columbino,
3422 1266 3542 1303 non

1991 1341 2231 1403 subdolo,
2262 1355 2367 1394 non
2390 1341 2607 1407 polluto,
2638 1339 2775 1406 quali
2818 1352 2942 1391 usus
2980 1346 3059 1391 est
3098 1336 3231 1391 Joab
3272 1337 3335 1390 ad
3379 1340 3541 1389 occ:-

1994 1420 2221 1483 deudum
2254 1432 2519 1491 Amasam,
2564 1428 2703 1493 quali
2758 1427 2919 1481 ludas
2957 1426 3021 1478 ad
3072 1426 3379 1479 tradendum
3409 1426 3543 1479 Sat-

1993 1526 2225 1570 vatoretu
2252 1555 2267 1580 ,
2330 1517 2469 1584 quali
2528 1523 2742 1568 utuntur
2797 1515 2849 1566 bi
2894 1514 2983 1582 qui
3022 1512 3303 1580 loquuntur
3340 1526 3537 1580 pacem

1993 1618 2111 1657 cum
2152 1603 2398 1670 proximo
2427 1617 2545 1667 suo,
2584 1600 2715 1655 mala
2744 1612 2917 1655 autem
2945 1610 3067 1653 sunt
3096 1601 3148 1652 in
3178 1601 3422 1653 cerditins
3444 1616 3542 1650 e0-

1995 1706 2109 1745 runi
2131 1689 2296 1758 (Μαι.
2314 1688 2497 1750 xxvn).
2523 1688 2595 1741 Illi
2614 1702 2737 1756 ergo
2749 1686 2926 1740 osculo
2948 1695 3128 1739 sancto
3146 1686 3371 1739 salutant
3392 1683 3538 1737 invio

365 1783 568 1845 niinuit,
595 1781 687 1835 sed
712 1783 845 1834 hanc
871 1795 1017 1834 suam
1040 1796 1141 1833 non
1166 1795 1305 1841 esse,
1331 1781 1380 1833 id
1402 1791 1502 1845 Cal,
1530 1781 1629 1834 sihi
1650 1780 1772 1833 facit
1788 1794 1888 1832 non
1923 1764 1966 1821 Β
1996 1793 2130 1841 cem,
2163 1777 2250 1843 qui
2279 1791 2381 1829 non
2402 1776 2621 1843 diligunt
2640 1774 2800 1827 verbo
2823 1788 2992 1831 neque
3014 1775 3211 1843 lingua,
3240 1775 3333 1827 sed
3365 1786 3537 1840 opere

366 1871 635 1939 prodesse.

432 1958 633 2011 Salutat
662 1973 746 2010 vos
777 1956 1001 2009 Ecclesia
1032 1972 1144 2025 qua:
1190 1967 1262 2011 est
1304 1959 1356 2010 in
1388 1958 1643 2026 Babylone
1663 1957 1890 2021 collecta,
1954 1968 1962 1979 ‘

362 2055 464 2101 etc.
497 2045 810 2115 Babylonem
844 2046 1012 2112 typice
1043 2044 1257 2097 Romam
1281 2044 1425 2109 dicit,
1484 2044 1729 2098 videlicet
1772 2059 1894 2112 pro-

363 2142 477 2200 pter
514 2132 869 2186 conlusionem
904 2133 1203 2200 multiplicis
1254 2133 1585 2187 idololatrize.
1642 2133 1699 2185 In
1743 2131 1893 2198 cuius

363 2223 537 2275 medio
564 2231 741 2274 sancta
786 2221 1015 2275 Ecclesia
1036 2221 1144 2290 jam
1177 2221 1323 2275 rudis
1361 2234 1414 2275 et
1445 2225 1694 2289 perparv'a
1720 2220 1893 2290 fulge-

363 2313 471 2373 bat,
518 2311 665 2378 justa
693 2312 987 2377 exemplum
1038 2312 1203 2377 plebis
1227 2310 1547 2378 Israelitica,
1579 2326 1692 2378 qum
1718 2326 1890 2379 quon-

363 2402 505 2465 dam,
530 2414 683 2467 parva
708 2414 925 2469 numero
947 2408 997 2452 et
1023 2403 1276 2467 captivata
1296 2415 1449 2467 super
1469 2400 1678 2453 ﬁumina
1712 2402 1884 2469 Baby-

365 2490 499 2543 lonis
525 2489 717 2542 sedens
738 2529 754 2551 ,
784 2490 1074 2543 absentiam
1104 2500 1297 2545 sancta:
1324 2500 1477 2544 teme
1504 2488 1749 2552 dcﬁcbat,
1793 2503 1889 2543 nec

370 2577 629 2629 canticum
677 2576 884 2629 Domini
931 2577 982 2629 in
1040 2585 1174 2629 terra
1223 2577 1389 2628 aliena
1439 2586 1648 2628 cantare
1693 2563 1895 2628 valebat

368 2661 536 2731 (Psal.
558 2663 794 2732 cum).
822 2663 881 2717 Et
901 2666 1033 2718 bene
1055 2664 1233 2718 beatus
1257 2664 1440 2717 Petrus
1459 2663 1578 2717 dum
1609 2679 1730 2718 suos
1750 2665 1894 2717 audi-

367 2762 508 2807 tores
528 2754 589 2807 ad
624 2755 950 2809 tolerantiam
998 2757 1631 2811 bortaturadversitatum
1666 2770 1893 2823 pra-sen-

365 2839 516 2904 tiunt,
548 2841 674 2894 dicit
702 2852 753 2894 et
778 2843 1065 2896 Ecclesiam
1095 2859 1210 2911 qua:
1240 2859 1417 2897 secum
1447 2854 1526 2897 est
1558 2843 1607 2895 iu
1630 2842 1893 2910 Babylone

371 2927 731 2990 constitutam,
760 2928 811 2980 id
843 2938 941 2992 est,
976 2929 1026 2981 in
1057 2930 1357 2992 conlusiouc
1387 2929 1795 2983 tribulationum.
1830 2929 1896 2983 Et

365 3026 534 3068 tamen
562 3016 832 3070 collectam
862 3031 978 3070 eam
1030 3032 1142 3072 es~e
1190 3020 1482 3083 conﬁrmat,
1537 3028 1594 3070 ut
1644 3018 1894 3071 ostendat

369 3111 603 3155 sanctam
654 3103 742 3156 Dei
780 3104 1041 3158 civitatem
1089 3107 1137 3157 iu
1168 3107 1263 3159 hac
1288 3106 1392 3158 vita
1421 3120 1447 3157 a
1479 3106 1812 3173 permistione
1841 3114 1895 3158 et

372 3206 611 3256 pressura
641 3193 865 3247 civitatis
892 3194 1078 3248 diaboli
1106 3238 1120 3262 ,
1154 3211 1312 3263 quam
1369 3196 1652 3265 Babylonia
1701 3196 1891 3263 signat,

370 3279 649 3335 immunem
699 3298 816 3338 csse
846 3300 946 3338 non
999 3300 1170 3352 posse.
1228 3286 1452 3339 Marcum
1510 3294 1683 3339 autem
1733 3285 1893 3339 lilium

368 3384 521 3425 suum
568 3375 941 3441 evangelistam
982 3376 1152 3439 dicit,
1207 3377 1293 3443 qui
1342 3377 1454 3442 ejus
1500 3377 1550 3426 in
1591 3374 1897 3441 baptismate

371 3462 555 3515 dicitur
584 3463 721 3518 ﬁlius
764 3464 998 3520 eﬂectus.
1049 3465 1198 3519 Unde
1245 3473 1389 3531 patet
1433 3464 1568 3531 quod
1600 3465 1895 3531 priusquam

1995 1876 2047 1921 et
2072 1869 2311 1920 veritate.

2065 1956 2237 2009 Gratia
2266 1956 2401 2007 vobis
2422 1955 2650 2007 omnibus
2677 1956 2760 2022 qui
2808 1957 2922 2007 estis
2976 1956 3027 2007 in
3066 1955 3262 2008 Cltristo
3297 1952 3438 2007 Iesu.
3481 1957 3531 2009 Α

1992 2046 2155 2111 gratia
2185 2044 2343 2110 carpit
2367 2042 2675 2110 Epistulam,
2700 2043 2751 2094 in
2777 2040 2940 2109 gratia
2969 2042 3374 2107 consummavit,
3410 2056 3526 2094 me-

1993 2134 2129 2186 diam
2154 2132 2317 2199 gratia
2348 2131 2615 2200 respersit,
2650 2141 2705 2184 ut
2729 2148 2965 2187 errorem
3014 2133 3347 2201 Pelagianam
3378 2131 3528 2184 omni

1994 2222 2382 2275 locutionissute
2404 2230 2547 2288 parte
2570 2223 2861 2295 damnaret,
2881 2220 3165 2274 Ecclesium
3185 2235 3308 2273 vero
3325 2220 3528 2272 Christi

1996 2326 2098 2364 non
2122 2312 2216 2364 nisi
2241 2326 2330 2380 per
2352 2312 2568 2379 gratiam
2615 2313 2726 2379 ejus
2750 2310 2939 2365 salvari
2996 2324 3150 2377 posse
3195 2310 3427 2364 doceret.
3456 2310 3522 2362 Et

1996 2403 2235 2455 consulte
2272 2416 2389 2455 cum
2424 2402 2620 2456 diceret
2652 2420 2663 2452 :
2692 2400 2871 2454 Gratia
2892 2402 3046 2466 vobis,
3078 2402 3317 2454 addidit:
3351 2401 3527 2454 Omni-

1996 2489 2084 2541 bus
2109 2489 2193 2557 qui
2217 2494 2330 2541 estis
2352 2486 2403 2539 in
2438 2489 2636 2541 Christo
2657 2488 2798 2550 Jcsu,
2824 2498 2879 2540 ut
2904 2503 2963 2542 ea
2985 2502 3100 2555 qua:
3127 2489 3306 2554 paucis
3337 2489 3526 2541 Eccle-

1996 2578 2108 2639 siis,
2140 2579 2187 2629 id
2217 2586 2317 2641 est,
2349 2578 2517 2641 Ponti,
2548 2577 2786 2641 Galatiae,
2848 2575 3209 2644 Cappadociae,
3267 2576 3425 2638 Asiae,
3469 2586 3527 2629 et

1998 2666 2249 2735 Bithynia
2274 2666 2501 2734 scripsit,
2559 2666 2765 2719 cunctis
2796 2680 2889 2732 per
2916 2665 3097 2717 orbem
3125 2662 3312 2717 Christi
3344 2664 3524 2716 Eccle-

1996 2756 2088 2809 siis
2116 2770 2170 2805 se.
2192 2756 2425 2809 scribere
2453 2755 2709 2823 designet.
2736 2753 2885 2807 Sicut
2912 2764 2965 2806 et
2987 2752 3215 2806 Joannes
3243 2753 3294 2805 in
3322 2755 3517 2821 Apoca-

1998 2845 2151 2912 lypsi,
2182 2858 2298 2897 cum
2328 2853 2534 2910 septem
2564 2842 2704 2896 Asia:
2743 2841 3005 2897 Ecclesiae
3031 2841 3327 2909 singulatim
3372 2848 3521 2909 prout

1994 2933 2322 2997 competehat
2346 2931 2681 2994 admoneret,
2704 2929 2936 2998 adjun‘xit
2955 2944 3045 2997 per
3061 2928 3286 2997 singula,
3310 2927 3379 2980 ita
3403 2940 3519 2979 con-

1994 3020 2240 3076 cludens:
2264 3022 2361 3087 Qui
2389 3022 2531 3073 habet
2562 3036 2708 3074 aures
2732 3019 3008 3082 audiendi,
3028 3018 3198 3071 audiat
3226 3018 3344 3087 quid
3365 3017 3524 3085 Spiri-

1999 3125 2075 3164 tus
2096 3112 2246 3167 dicat,
2271 3112 2507 3164 Ecclesiis
2544 3110 2723 3178 (Apoc.
2755 3110 2836 3178 ιι),
2882 3120 3059 3175 aperte
3106 3109 3372 3163 insinuans
3407 3109 3520 3174 quia

1994 3211 2180 3256 cuncta
2206 3217 2322 3269 quae
2350 3200 2654 3255 unicuilibet
2677 3201 2922 3255 Ecclesia!
2945 3200 3153 3267 scripsit
3172 3199 3413 3253 omnibus
3434 3198 3521 3265 qui

1994 3292 2228 3345 auditum
2251 3290 2511 3345 salubrem
2537 3291 2783 3344 haberent
2808 3298 2863 3343 ct
2880 3290 3133 3343 universis
3152 3288 3376 3343 ﬁdelium
3393 3286 3519 3340 scri-

1994 3383 2143 3453 beret
2175 3381 2447 3435 Ecclesiis.

1110 3758 1215 3834 IN
1271 3755 1798 3834 SECUNDAM
1860 3752 2427 3832 EPISTOLAM
2481 3752 2803 3829 PETRI.

875 3962 1093 4020 CAPUT
1132 3966 1406 4024 PRIMUM.

441 4070 614 4124 Simon
646 4067 845 4135 Petrus,
873 4087 1037 4124 servus
1062 4082 1108 4125 et
1135 4076 1390 4143 apostolus
1412 4074 1534 4128 Iesu
1556 4074 1766 4141 Christi,
1792 4082 1897 4129 etc.

374 4158 643 4226 Sciiptum
675 4169 759 4213 est
797 4161 847 4212 in
871 4162 1207 4228 sequentibus
1263 4164 1416 4231 hujus
1460 4164 1703 4230 Epistolte
1731 4181 1742 4214 :
1775 4161 1903 4215 Ecce

385 4247 687 4312 Itanct'obis,
737 4249 1037 4313 charissimi,
1087 4253 1353 4303 secundum
1395 4252 1555 4303 scribo
1600 4248 1899 4317 Epistolam.

2010 3937 2165 3992 Opera
2185 3923 2394 3991 iustitiae
2415 3928 2683 3978 exercent.
2711 3921 2836 3991 Ejus
2862 3921 3103 3978 videlicet
3136 3923 3352 3990 iustitiae
3376 3938 3524 3993 quant

2011 4027 2113 4066 non
2142 4014 2363 4067 humana
2394 4014 2666 4081 prudentia
2689 4013 2901 4080 reperit,
2932 4028 3027 4066 nec
3051 4013 3235 4081 legalis
3266 4015 3518 4067 institutio

2007 4101 2198 4163 docet,
2224 4101 2314 4154 sed
2347 4116 2441 4168 per
2468 4101 2797 4175 Evangelium
2826 4102 3042 4170 loquens
3073 4102 3323 4155 Dominus
3349 4112 3400 4155 et
3423 4102 3527 4157 Sal-

2007 4198 2154 4241 vator
2176 4197 2356 4242 noster
2380 4174 2623 4254 ostendit,
2650 4204 2766 4243 cum
2796 4189 2868 4241 ait
2896 4205 2909 4241 :
2937 4188 3051 4242 Nisi
3080 4189 3403 4243 abundaverit
3432 4174 3531 4258 ju-i

2011 4278 2144 4330 stitia
2164 4286 2320 4330 vestra
2340 4279 2449 4344 plus
2475 4294 2621 4347 quam
2644 4277 2929 4332 Scribarum
2952 4288 2995 4329 et
3019 4278 3408 4342 Pltariscom,
3433 4295 3524 4330 non

376 4336 522 4433 9³⁸9⁸
540 4339 893 4433 ίῖθ¹¹³ί³ίλ⁶¹⁰ί³
942 4340 1078 4433 hanc
1102 4339 1316 4433 'egi‘de‘"
1343 4340 1529 4433 ‘ll'ibus
1670 4340 1895 4433 "loer
1934 4371 1988 4431 ι)
2013 4365 2265 4418 intrabitis
2288 4336 2572 4433 in'regn'um
2601 4366 2830 4417 calorum
2868 4365 3074 4433 (Matth.
3102 4365 3171 4432 τ).
3208 4365 3273 4417 Et
3302 4336 3481 4418 iterum
3511 4382 3520 4415 :

377 4428 661 4495 Epistulam
709 4428 962 4495 miserat,
1005 4431 1187 4484 electis
1228 4431 1531 4498 proselytis,
1562 4430 1904 4496 dispersionis

383 4515 569 4578 Ponti,
611 4513 861 4578 Galatiae,
900 4515 1277 4585 Cappadociae,
1329 4518 1468 4570 Asia:
1525 4527 1580 4570 et
1629 4518 1903 4586 Bithynae,

380 4604 592 4671 scripsit
630 4602 931 4670 Epistolam.
997 4606 1138 4670 Quos
1191 4608 1481 4673 coazquales
1531 4605 1631 4659 sibi
1679 4621 1901 4668 cognos-

381 4691 490 4755 cit,
530 4705 632 4743 non
670 4692 786 4758 quia
825 4690 1274 4745 circumcisionem
1314 4707 1378 4745 ex
1417 4692 1531 4760 lege
1570 4706 1907 4761 acceperant,

377 4795 533 4847 quam
584 4782 709 4851 ipse,
744 4790 799 4834 ut
849 4792 1029 4834 natura
1082 4782 1288 4836 Judarus
1338 4783 1598 4848 habebat,
1653 4787 1744 4839 sed
1791 4786 1906 4852 quia

379 4868 615 4921 eatudem
671 4885 824 4937 quam
876 4870 987 4938 ipse
1017 4872 1306 4927 illustrante
1358 4872 1549 4927 Christi
1609 4876 1770 4943 gratia
1817 4892 1905 4928 ac—

381 4964 592 5021 ceperat
637 4960 806 5011 sortiti
839 4969 959 5012 sunt
1006 4960 1183 5014 ﬁdem.
1232 4960 1343 5015 Non
1397 4964 1535 5017 enim
1583 4965 1908 5019 cirumcisio

389 5043 588 5109 legalis,
645 5042 741 5095 sed
769 5047 874 5097 sola
906 5057 987 5098 est
1017 5048 1142 5101 ﬁdes
1170 5051 1486 5118 evangelica,
1532 5068 1647 5119 quae
1679 5056 1906 5121 gentium

388 5134 609 5198 populos
635 5134 859 5199 antiquas
908 5136 993 5189 Dei
1045 5139 1179 5204 plebi
1230 5142 1515 5196 consociet.
1562 5142 1750 5194 Verum
1789 5145 1905 5209 quia

392 5221 517 5272 ﬁdes
546 5222 724 5275 cadent
753 5224 866 5276 sine
894 5224 1139 5290 Operihus
1162 5228 1364 5280 salvare
1419 5245 1518 5281 non
1549 5238 1739 5294 potest,
1771 5241 1908 5282 recte

386 5309 625 5362 subditur
656 5328 667 5359 :

458 5417 522 5471 In
542 5420 740 5488 justitia
768 5418 856 5470 Dei
878 5430 1032 5474 nostri
1058 5434 1103 5475 et
1124 5423 1404 5477 Saluatoris
1431 5422 1550 5475 Jcsu
1575 5422 1779 5474 Christi.
1807 5423 1909 5475 lilis

396 5520 520 5574 ergo
542 5508 721 5561 scribit
748 5507 1049 5574 Epistulam,
1074 5513 1189 5565 illos
1208 5513 1400 5567 salutat
1422 5512 1686 5578 apostolus
1703 5510 1906 5574 Petrus,

387 5598 474 5661 qui
497 5600 813 5665 cotequnlem
863 5597 959 5649 sibi
986 5602 1155 5652 sortiti
1208 5610 1328 5654 sunt
1357 5601 1533 5658 ﬁdem.
1561 5610 1613 5653 et
1642 5603 1771 5652 hanc
1818 5614 1907 5667 per

2010 4456 2233 4508 Audistis
2260 4456 2377 4522 quia
2410 4457 2594 4507 dictum
2632 4464 2703 4507 est
2738 4456 2976 4525 antiquis,
3022 4453 3137 4507 Nan
3165 4458 3381 4509 occides.
3427 4455 3526 4525 Ego

2008 4556 2172 4593 autent
2198 4542 2306 4593 dice
2327 4542 2483 4606 vobis,
2510 4551 2610 4597 etc.
2633 4541 2838 4611 (Ibid.).

2078 4629 2249 4681 Gratia
2278 4631 2408 4684 vobis
2432 4641 2475 4683 et
2508 4647 2607 4695 pax
2627 4632 2982 4697 adintpleatur,
3010 4639 3111 4682 etc.
3138 4645 3189 4682 .n
3220 4630 3385 4694 prima
3411 4631 3525 4699 Ep:-

2007 4718 2135 4767 stola
2189 4717 2396 4783 scripsit
2452 4733 2462 4766 :
2517 4717 2694 4770 Gratia
2752 4718 2885 4771 vobis
2929 4728 2976 4770 et
3020 4735 3121 4783 pas:
3178 4720 3527 4792 multiplicetur

2010 4807 2057 4871 (Ι
2090 4806 2226 4858 Petr.
2258 4808 2315 4876 ι).
2343 4809 2390 4860 ln
2426 4808 2521 4863 hac
2548 4821 2719 4864 autem
2751 4830 2762 4863 :
2793 4810 2971 4864 Gratia
2996 4814 3131 4865 vobis
3170 4821 3214 4865 et
3243 4830 3346 4880 pas
3370 4815 3527 4867 adivn—

2010 4899 2222 4965 pleitur,
2248 4901 2362 4966 quia
2393 4901 2638 4953 nimirum
2671 4902 2809 4954 illam
2839 4902 3225 4966 incipientibus,
3249 4904 3382 4955 hanc
3412 4918 3503 4967 per

2010 4992 2305 5045 tectioribus
2327 4992 2532 5060 scripsit
2552 4992 2861 5059 Epistolam.
2888 4992 3250 5059 Mulliplicatnr
3267 4995 3405 5045 enim
3432 5010 3525 5058 pax

2009 5088 2059 5128 et
2081 5083 2240 5143 gratia
2264 5080 2396 5133 bene
2440 5079 2828 5148 proﬁcientibus
2854 5081 2905 5133 in
2936 5078 3034 5133 bac
3063 5081 3165 5134 vita
3214 5096 3305 5145 per
3351 5081 3529 5143 tidem,

2009 5165 2372 5232 adimplehitur
2398 5177 2570 5220 autem
2607 5168 3033 5237 pervenientibus
3086 5170 3137 5219 in
3180 5167 3280 5217 alia
3307 5167 3411 5219 vita
3443 5184 3537 5235 per

2010 5252 2252 5315 speciem.
2288 5253 2432 5307 Unde
2461 5256 2595 5308 bene
2620 5268 2739 5307 cum
2766 5255 2987 5308 diceret:
3013 5254 3188 5307 Gratia
3212 5254 3345 5306 vobis
3365 5264 3410 5306 et
3435 5273 3535 5323 pax

2010 5340 2358 5407 adimpleatur,
2398 5344 2595 5395 addidit
2635 5360 2646 5392 ε
2694 5340 2757 5394 In
2809 5344 3089 5411 cognitione
3124 5341 3321 5394 Domini
3379 5346 3536 5395 nostri

2008 5418 2359 5479 Jesu‘CItristi.
2396 5430 2525 5493 Quia
2558 5431 2660 5482 hac
2697 5439 2767 5482 est
2806 5432 2903 5483 vita
2955 5441 3143 5484 ctcma
3201 5430 3440 5499 (inquit),
3480 5450 3532 5482 ut

2012 5527 2310 5585 agnoscant
2332 5527 2378 5570 te
2402 5534 2555 5570 unum
2594 5530 2639 5570 et
2673 5536 2838 5572 verum
2887 5520 3063 5585 Dentis,
3098 5530 3146 5574 et
3169 5536 3315 5590 quem
3359 5520 3529 5572 misisti

2008 5605 2180 5655 Jrsum
2204 5607 2453 5659 Clu-istum
2479 5605 2650 5674 (Joan.
2678 5612 2827 5673 xvu).
2845 5606 2907 5660 Et
2924 5606 3108 5659 iterum
3132 5626 3144 5656 ι
3175 5616 3233 5658 δι
3258 5623 3337 5655 διο.
3363 5607 3523 5659 Filias
