3860 6230
268 342 333 389 i3
1300 336 1360 388 IN
1399 334 1757 392 SECUNDAM
1799 330 2169 387 EPISTULA.“
2213 332 2425 391 PETRI.
3405 347 3468 400 70

267 453 572 512 tiberaoait,
595 467 704 505 vere
727 452 868 503 liberi
899 451 1053 511 eritis,
1075 459 1121 501 et
1138 451 1442 515 cognoscetis
1463 449 1734 510 veritatem,
1768 456 1813 497 et
1846 446 1895 504 Α
1921 442 2096 498 Gratia
2122 446 2258 497 vobis
2281 454 2328 496 et
2353 462 2454 513 pax
2479 447 2530 499 in
2570 463 2627 500 eo
2663 449 3000 518 adimpleatur
3025 492 3041 517 ,
3086 460 3142 506 ut
3169 451 3243 506 sic
3270 468 3465 524 cogno-

267 545 453 595 νει-ηαδ
475 540 700 593 liberabit
722 555 805 593 ros
825 538 999 608 (Joan.
1023 539 1157 607 vui).

347 629 614 692 Quomodo
657 630 825 679 omnia
870 625 1009 678 nobis
1062 625 1245 677 divini:
1285 629 1478 678 virtutis
1526 638 1653 685 sum,
1713 631 1817 675 etc.

272 719 476 772 Pendet
505 718 619 770 haec
638 715 894 770 sententia
934 729 963 767 a
990 707 1369 780 superioribus.
1408 714 1497 766 Est
1527 716 1669 765 enim
1700 717 1820 764 sen-

269 822 365 863 aus
390 825 402 859 :
425 808 598 860 Gratia
616 808 749 859 vobis
771 815 817 857 et
839 820 937 873 pax
959 803 1296 871 adimpleatur
1343 803 1393 854 in
1441 816 1533 863 eo,
1568 811 1621 853 ut
1648 800 1819 851 Domi-

271 912 401 949 num
429 905 664 948 nostrum
693 893 869 948 Jesum
902 892 1167 945 Christum
1204 889 1431 958 perfecte
1461 888 1813 957 cognoscatis.

271 989 341 1041 Et
367 989 463 1039 hoc
484 1000 691 1055 quoque
714 999 806 1051 per
830 998 949 1037 eum
978 983 1329 1049 cognoscatis,
1356 978 1620 1048 quomodo
1634 972 1814 1031 oinnia

270 1078 427 1130 nobis
468 1078 655 1127 divina:
685 1073 889 1127 virtutis
919 1088 1027 1125 sure
1056 1072 1247 1124 donata
1276 1082 1395 1123 sunt
1423 1086 1513 1138 per
1544 1071 1661 1135 ejus
1697 1085 1816 1137 gra-

271 1167 420 1225 tiam,
452 1182 567 1230 qua:
588 1165 651 1216 ad
678 1163 836 1214 vitam
866 1162 1199 1215 obtinendam
1232 1171 1282 1212 et
1329 1162 1570 1234 pietatem
1603 1173 1818 1211 conser—

269 1256 493 1305 vandam
517 1252 801 1303 sufﬁciunt.
834 1248 979 1303 Unde
1007 1249 1077 1301 ait
1108 1267 1119 1299 :
1157 1250 1285 1310 Quia
1311 1249 1474 1298 mimia
1498 1263 1805 1315 quotcunque

264 1344 486 1395 auitiria
514 1341 665 1392 l’atre
687 1355 794 1391 meo
816 1349 931 1392 nota
960 1340 1052 1407 [cci
1078 1340 1209 1390 vobis
1229 1336 1401 1405 (Jostn.
1433 1337 1538 1402 xv).
1566 1337 1627 1387 lit
1652 1335 1771 1386 alibi
1795 1350 1814 1386 :

266 1433 336 1484 Et
378 1450 465 1501 ego
498 1432 775 1484 claritatem
817 1446 967 1498 quant
1005 1429 1186 1480 dedisti
1224 1428 1365 1487 milii,
1413 1428 1525 1477 dedi
1546 1429 1616 1477 eis
1644 1424 1812 1484 (Joan.

265 1524 425 1589 xvn}.
470 1519 616 1585 Quod
657 1520 699 1571 si
724 1521 925 1586 legatur
953 1525 1011 1570 ut
1057 1517 1266 1581 quidam
1314 1516 1531 1569 Codices
1581 1514 1812 1565 habent:

268 1614 402 1678 Qui:
422 1615 488 1662 ad
513 1613 663 1663 vitam
691 1620 735 1663 et
757 1610 989 1675 pietatem
1022 1608 1207 1659 donata
1238 1616 1329 1669 est,
1361 1604 1442 1657 bic
1470 1624 1515 1657 ei
1533 1607 1569 1655 it
1590 1618 1776 1655 sensus
1799 1618 1813 1654 :

268 1702 339 1753 Ut
369 1702 696 1769 cognoscatis
764 1696 1031 1765 quomodo
1077 1695 1329 1749 Dominus
1391 1703 1567 1751 noster
1640 1694 1811 1744 omnia

1923 534 2081 587 scalis
2107 535 2379 587 Dominum
2405 544 2637 589 nostrum
2660 538 2839 592 Iesum
2863 540 3153 606 Christum,
3171 541 3328 597 etiam
3351 560 3463 607 vos,

1924 626 2059 675 sicut
2090 622 2241 675 nobis
2268 638 2363 690 per
2387 624 2532 676 illum
2561 626 2734 679 omnia
2758 612 2949 681 divinae
2978 631 3183 683 virtutis
3212 645 3321 684 sure
3347 648 3465 698 pro-

1924 710 2083 765 missa
2115 712 2193 765 vel
2217 728 2456 777 munera,
2477 730 2591 778 qua:
2620 715 2684 767 ad
2710 717 2864 768 vitam
2894 728 2946 770 et
2976 719 3221 784 pietatem
3245 719 3468 789 ducunt,

1924 802 2113 855 donata
2144 812 2285 856 sunt.
2331 802 2397 856 Ut
2423 803 2557 856 sicut
2587 819 2681 858 nos
2714 806 2969 868 promissa
2999 806 3065 859 ab
3092 807 3181 860 illo
3208 809 3344 861 dona
3377 810 3464 864 vel

1921 894 2220 959 accepimus
2240 932 2255 955 ,
2285 894 2365 946 vel
2396 904 2699 958 accepturos
2731 911 2827 947 nos
2855 910 2975 948 esse
3003 896 3118 951 sine
3144 898 3246 950 ulla
3273 899 3461 954 dubie-

1925 993 2027 1036 tate
2054 983 2366 1036 confidimus
2391 1022 2405 1046 ,
2457 985 2523 1037 ita
2573 985 2726 1037 etiam
2760 1001 2853 1038 vos
2892 988 3169 1042 credentes
3206 990 3270 1041 de
3312 989 3464 1044 donis

1922 1072 2036 1140 ejus
2062 1088 2164 1123 non
2192 1072 2427 1126 existatis
2453 1072 2622 1124 dubii.

1993 1160 2259 1228 Fugientes
2286 1164 2393 1231 ejus
2417 1204 2431 1226 ,
2464 1178 2571 1227 quae
2607 1163 2657 1212 in
2685 1162 2871 1214 mundo
2910 1173 3003 1226 est,
3050 1166 3463 1231 concupiscentia

1921 1251 2306 1314 corruptionem.
2338 1251 2477 1301 Bene
2507 1249 2633 1302 dicit
2659 1237 3141 1315 concupiscmttiam
3166 1256 3343 1306 mundi
3371 1257 3462 1304 ba-
3490 1266 3493 1269 ‘

1923 1337 2049 1391 bere
2075 1340 2467 1405 corruptionem
2495 1380 2510 1402 ,
2544 1338 2766 1403 ideoque
2796 1340 3089 1409 fugiendam
3119 1356 3234 1397 esse
3255 1383 3270 1408 ,
3310 1344 3455 1410 juxta

1921 1441 2039 1480 cum
2087 1427 2173 1493 qui
2224 1429 2351 1478 dixit
2381 1446 2391 1478 :
2426 1428 2586 1491 Quasi
2629 1444 2659 1478 a
2699 1429 2829 1496 [aiie
2868 1430 3061 1482 colubri
3103 1431 3220 1501 fuge
3262 1446 3460 1497 peccata

1921 1512 2107 1583 (Eccli.
2142 1516 2276 1579 ut).
2311 1517 2430 1582 quia
2461 1524 2543 1567 est
2568 1528 2620 1567 et
2650 1517 3061 1581 incorruptibilis
3089 1520 3460 1588 concupiscen-

1921 1601 2013 1662 tia,
2040 1602 2105 1652 de
2137 1617 2232 1666 qua
2264 1604 2469 1654 eauitur
2494 1621 2506 1655 :
2531 1601 2828 1671 ,Concupivit
2870 1615 2917 1656 et
2957 1605 3133 1673 defecit
3163 1610 3327 1660 anima
3354 1627 3462 1663 mea

1917 1692 1969 1741 in
1994 1693 2127 1742 atria
2157 1689 2359 1743 Doinini
2384 1690 2551 1759 (Psat.
2581 1694 2820 1761 uuln).
2851 1694 2922 1747 De
2946 1710 3044 1763 qua
3072 1699 3225 1749 etiam
3252 1698 3302 1751 in
3329 1699 3462 1753 libro

267 1792 429 1843 nobis
455 1789 645 1841 divinae
668 1786 877 1841 virtutis
901 1799 1009 1839 suae
1036 1784 1170 1839 dona
1192 1785 1335 1852 juxta
1363 1782 1573 1835 modum
1607 1779 1812 1847 capaci-
1842 1762 1892 1823 Β
1918 1779 2198 1845 Sapientiae
2222 1796 2320 1846 per
2352 1783 2566 1849 tiguram
2602 1781 2879 1835 locutionis
2910 1798 3025 1850 qua:
3052 1783 3229 1838 Grmce
3258 1787 3457 1853 uh‘yai,

265 1883 395 1934 tatis
448 1889 642 1934 nostra:
699 1879 1039 1946 priestiterit,
1095 1890 1211 1945 qua:
1266 1874 1509 1927 videlicet
1550 1872 1712 1924 vinus
1751 1869 1813 1923 ad

276 1974 429 2023 .‘itam
472 1971 622 2025 nobis
650 1981 702 2022 et
743 1969 990 2035 pietatem
1021 1964 1442 2033 consequendam
1490 1962 1681 2014 donata
1712 1967 1812 2013 est.

271 2061 371 2113 llic
421 2061 615 2113 etenim
667 2058 853 2111 modus
918 2055 1195 2109 locutionis
1245 2052 1529 2118 Scripturis
1575 2059 1659 2104 est
1709 2050 1815 2101 usi-

262 2152 588 2211 tatissimus;
637 2157 690 2201 et
750 2146 1041 2215 appellatur
1104 2157 1131 2194 a
1179 2140 1530 2209 grammaticis
1581 2136 1812 2203 ellipsis,

263 2240 319 2291 id
383 2249 502 2302 est,
541 2238 780 2291 defectus
836 2231 1149 2288 necessariae
1206 2229 1472 2291 dictionis,
1531 2226 1683 2294 quale
1733 2232 1814 2276 est

259 2338 315 2387 in
372 2336 569 2400 psalmo
598 2348 611 2381 :
640 2330 767 2394 Quia
822 2334 976 2392 neque
1029 2324 1091 2375 ab
1129 2326 1353 2383 oriente,
1411 2335 1567 2385 neque
1618 2319 1677 2370 ab
1725 2332 1812 2369 oc-

257 2425 478 2479 cidente.
509 2435 661 2486 neque
689 2435 721 2470 a
747 2417 952 2469 demtis
996 2413 1262 2465 montibus.
1310 2408 1627 2463 Subauditur
1670 2406 1811 2459 enim

262 2520 406 2575 patet
436 2510 515 2561 via
552 2506 777 2572 fugiendi
804 2543 820 2567 ,
851 2504 1088 2573 quoniam
1139 2500 1270 2551 Deus
1316 2496 1497 2563 ultique
1534 2494 1698 2563 judea:
1741 2503 1812 2545 est

255 2598 432 2663 (Ρωι.
467 2595 666 2660 Lutv).

343 2686 438 2739 Per
466 2686 795 2753 cognitionem
824 2699 951 2748 ejus,
978 2698 1059 2746 qut
1087 2684 1273 2734 voravit
1299 2696 1385 2731 nos
1414 2682 1618 2745 propria
1647 2674 1810 2743 gloria

252 2790 305 2829 et
336 2780 531 2829 tirtnte.
567 2774 630 2825 Et
674 2777 770 2825 iiOC
816 2788 843 2823 a
876 2771 1237 2839 superioribus
1282 2771 1510 2837 pendet,
1552 2768 1667 2834 quia
1718 2781 1811 2833 per

265 2869 623 2934 cognitionem
656 2861 857 2915 Domini
887 2872 939 2915 et
970 2861 1253 2914 Salvatoris
1280 2859 1440 2911 nostri
1474 2859 1647 2909 etiinia
1675 2856 1812 2909 divi-

258 2958 442 3017 nitatis
486 2956 595 3023 ejus
640 2952 882 3023 mysteria
911 2992 924 3014 ,
973 2952 1159 3018 quibus
1187 2951 1513 3001 salvaremur
1542 2986 1555 3009 ,
1600 2944 1811 3014 agnovi-

278 3059 404 3097 nus.
437 3044 531 3108 Qui
568 3057 661 3094 nos
691 3040 893 3106 proiiria
921 3039 1082 3104 gloria
1116 3045 1170 3090 et
1201 3037 1390 3089 virtute
1420 3031 1656 3095 vocavit,
1688 3033 1806 3099 quia

260 3151 374 3186 non
404 3133 640 3199 angelum
672 3131 733 3182 ad
764 3128 1109 3182 salvationem
1144 3134 1375 3178 nostram
1405 3165 1418 3185 ,
1450 3138 1552 3177 non
1583 3122 1806 3175 art-han-

253 3222 439 3289 gelum
484 3220 665 3275 misit.
700 3232 802 3269 non
834 3216 884 3269 in
916 3216 1065 3267 nobis
1109 3213 1301 3281 aliquid
1345 3213 1519 3265 meriti
1566 3211 1685 3266 boni
1718 3226 1810 3278 pro

251 3330 374 3382 quo
404 3313 727 3367 salvarcmur
758 3308 979 3372 invenit,
1010 3306 1134 3372 quin
1169 3303 1338 3370 potius
1380 3304 1615 3354 infirmos
1641 3311 1693 3353 et
1722 3300 1811 3352 in-

250 3404 459 3466 glorios
486 3414 727 3463 cernens,
756 3412 849 3451 sua
874 3409 969 3447 nos
990 3392 1184 3445 virtute
1204 3391 1533 3455 recuperavit
1552 3399 1604 3442 et
1623 3390 1807 3455 gloria.

253 3491 402 3543 llinc
428 3488 621 3542 etenim
663 3486 827 3538 dicit:
880 3482 997 3536 Non
1031 3496 1115 3534 vos
1162 3495 1239 3532 me
1287 3477 1500 3547 elegistis
1526 3518 1541 3542 ,
1589 3478 1678 3529 sed
1718 3493 1809 3545 ego

249 3579 389 3648 (legi
416 3593 499 3629 vos
527 3575 703 3646 (Joan.
734 3577 842 3635 xv).

342 3644 436 3722 ᾖεν
475 3644 623 3735 quam
670 3668 886 3721 maxima
916 3674 960 3718 et
994 3644 1210 3727 pretiosa
1246 3662 1385 3716 nobis
1432 3658 1675 3729 promissa
1720 3658 1807 3707 do-

252 3758 420 3811 nauit.
454 3757 555 3809 Per
582 3772 735 3821 quam
760 3796 773 3817 ,
818 3770 911 3822 per
938 3755 1284 3820 cognitionem
1314 3751 1429 3817 ejus
1476 3748 1599 3800 dicit
1626 3788 1639 3812 ,
1688 3746 1807 3812 quia

255 3856 458 3915 quanto
487 3844 601 3911 quis
630 3842 913 3909 perfectius
942 3840 1101 3894 Deum
1132 3838 1421 3905 cognoscit,
1472 3846 1615 3887 tanto
1649 3834 1805 3883 altius

258 3934 642 4003 promissmum
671 3930 785 3998 ejus
815 3927 1226 3997 magnitudinem
1257 3934 1433 3978 sentit.

336 4023 400 4077 Ut
449 4039 535 4085 per
578 4021 681 4074 Itwc
729 4019 1006 4087 efficiamini
1069 4018 1249 4069 divina:
1296 4022 1542 4066 Consortcs
1591 4019 1801 4064 natura.

256 4115 424 4166 Mutat
459 4122 676 4176 repente
699 4123 999 4177 personam,
1031 4117 1085 4161 et
1123 4107 1209 4175 qui
1253 4107 1392 4175 prius
1422 4105 1487 4157 de
1512 4117 1570 4155 se
1597 4102 1806 4167 suisque

256 4206 502 4257 dixerat:
541 4201 777 4255 Pretiosa
803 4198 946 4251 nobis
976 4198 1220 4265 promissa
1249 4196 1489 4257 donavit,
1520 4203 1806 4247 conversus

255 4294 528 4360 extemplo
572 4291 636 4343 ad
681 4304 771 4343 eos
806 4287 993 4356 quibus
1020 4287 1365 4355 loquebatur:
1416 4284 1481 4337 Ut
1530 4299 1619 4352 per
1655 4282 1802 4345 lta'c,

1917 1869 2101 1925 Latine
2130 1872 2363 1941 gradatio
2392 1883 2611 1925 vocatur
2636 1913 2653 1937 ,
2687 1871 3038 1940 pulcherrime
3065 1875 3318 1929 refertur:
3352 1876 3461 1928 lni-

1917 1961 2037 2013 tiunt
2063 1961 2280 2030 (inquit)
2308 1964 2569 2031 sapientia:
2597 2002 2612 2026 ,
2653 1964 2910 2016 verissima
2934 1975 3004 2017 est
3033 1966 3315 2034 disciplina:
3336 1984 3458 2020 con-

1916 2051 2224 2116 cupiscentia
2256 2054 2273 2114 (
2298 2052 2424 2118 Sap.
2454 2067 2502 2103 vt
2526 2053 2569 2119 ).
2599 2053 2733 2106 Cura
2776 2068 2902 2122 ergo
2930 2055 3219 2123 disciplinas
3248 2060 3460 2112 dilectio

1915 2148 1995 2189 est
2021 2178 2036 2201 ,
2068 2148 2119 2190 et
2153 2138 2363 2191 dilecuo
2393 2139 2630 2192 custodia
2661 2142 2830 2210 legum
2872 2144 3009 2196 illius
3039 2153 3138 2198 est.
3168 2145 3459 2201 Custoditio

1913 2235 2085 2279 autem
2117 2227 2287 2295 legum
2310 2228 2693 2282 consummatio
2723 2230 3127 2297 incorruptiunis
3156 2245 3253 2287 est.
3288 2236 3460 2289 Incor-

1916 2312 2283 2378 ruptio‘auteui
2313 2315 2433 2368 facit
2460 2331 2576 2370 esse
2601 2319 2893 2383 proximum
2921 2320 3049 2373 Deo.
3077 2320 3461 2387 Concupiscet!-

1918 2404 1987 2455 tia
2018 2405 2192 2470 itaque
2220 2405 2491 2471 sapientia:
2519 2406 2732 2459 deducit
2761 2410 2824 2460 ad
2854 2424 3067 2474 regnum
3100 2421 3428 2478 perpetuum.

1997 2492 2091 2545 Vos
2136 2505 2299 2546 autem
2328 2511 2499 2547 curam
2544 2512 2734 2550 omnent
2773 2499 3035 2567 inferentes
3059 2541 3073 2562 ,
3106 2502 3380 2556 ministrate
3404 2503 3457 2555 in

1913 2585 2013 2653 ﬁde
2040 2599 2199 2637 vestra
2228 2587 2481 2637 virtutem.
2532 2588 2788 2641 Virtutem
2820 2589 2917 2642 hoc
2948 2591 3062 2643 loco
3095 2606 3196 2645 non
3227 2607 3323 2661 pro
3351 2594 3458 2647 for-

1913 2672 2146 2727 titudine
2174 2688 2235 2726 ac
2267 2675 2528 2727 miraculis
2553 2716 2568 2739 ,
2619 2676 2710 2728 sed
2755 2692 2850 2745 pro
2893 2683 3289 2736 conversatione
3319 2683 3454 2736 bona

1914 2765 2087 2830 posuit
2114 2779 2129 2825 ;
2160 2778 2276 2831 qua:
2308 2762 2426 2816 fidei
2458 2774 2599 2818 recte
2626 2765 2891 2835 jungeuda
2938 2779 3039 2832 est,
3081 2782 3148 2825 ne
3188 2772 3299 2825 sine
3326 2789 3457 2838 ope-

1912 2852 2054 2903 ribus
2099 2854 2268 2905 0tio~a
2314 2852 2383 2904 sit
2434 2863 2488 2905 et
2534 2866 2780 2909 mortua:
2830 2857 2884 2910 in
2929 2873 3033 2924 quo
3072 2860 3212 2913 recte
3246 2876 3455 2916 omnem

1910 2954 2088 2992 curam
2121 2941 2401 2994 subinlerri
2434 2946 2684 3012 prtccepit
2708 2986 2723 3011 ,
2774 2947 2892 3014 quia
2937 2951 3024 3015 qui
3056 2951 3231 3003 mollis
3271 2962 3322 3005 et
3349 2953 3457 3006 dis.

1914 3031 2113 3084 solutus
2158 3038 2241 3083 est
2288 3032 2337 3085 in
2382 3048 2543 3100 opere
2571 3048 2668 3087 suo
2692 3073 2706 3097 ,
2744 3036 2903 3088 frater
2940 3048 3021 3090 est
3063 3053 3155 3091 sua
3183 3057 3339 3109 opera
3366 3044 3456 3096 de-

1913 3128 1979 3173 sti
1995 3119 2183 3174 uentis.

1982 3207 2047 3262 In
2068 3214 2248 3262 t'irtute
2268 3219 2433 3262 autent
2456 3213 2683 3265 scientia.
2720 3210 2873 3266 Juxta
2905 3213 3031 3267 illud
3057 3214 3236 3270 Isaize:
3271 3215 3456 3273 Discite

1910 3299 2030 3352 bene
2052 3300 2233 3366 facere,
2266 3302 2469 3366 quaerite
2484 3302 2758 3369 judicium.

1985 3386 2046 3439 In
2067 3388 2271 3439 scientia
2297 3397 2459 3439 autem
2484 3389 2852 3443 abstinentiam.
2888 3391 2950 3444 Ut
2979 3407 3095 3446 cum
3120 3394 3253 3448 bona
3286 3394 3455 3451 facere

1910 3475 2222 3541 didicerint,
2256 3491 2372 3528 mox
2404 3490 2430 3527 a
2462 3477 2615 3527 malis
2644 3477 2940 3533 abstineant
2962 3519 2978 3545 ,
3035 3494 3103 3535 ne
3145 3482 3195 3534 in
3236 3496 3454 3537 vacuum

1909 3568 2127 3619 scientia
2156 3568 2454 3621 cmlestium
2483 3568 2633 3621 cadat
2660 3609 2673 3633 ,
2722 3570 2765 3623 si
2808 3586 2867 3625 se
2894 3573 2959 3625 ab
3000 3574 3262 3629 illecebris
3292 3586 3455 3630 terre-

1909 3656 2105 3710 stribus
2136 3659 2250 3721 quis
2275 3660 2548 3712 continere
2580 3660 2891 3727 neglexerit.

1980 3744 2042 3797 In
2072 3745 2371 3799 abstinentia
2401 3758 2565 3800 autem
2597 3752 2907 3817 patientiam.
2954 3752 3330 3809 Abstinentiam
3362 3772 3452 3811 ne-

1908 3849 2057 3887 cesse
2086 3844 2167 3888 est
2214 3850 2422 3903 semper
2449 3878 2463 3901 ,
2508 3850 2563 3893 ut
2607 3841 2851 3905 patientia
2902 3844 3180 3897 comitetur
3203 3884 3219 3911 ,
3251 3858 3304 3901 ut
3333 3849 3451 3916 qui-

1906 3938 2113 3991 cunque
2142 3941 2168 3975 a
2202 3927 2555 3992 voluptatibus
2601 3931 2779 3983 tnuudi
2819 3946 2878 3986 se
2916 3933 3186 3989 continere
3226 3936 3449 4005 didicit,

1906 4011 2019 4079 ejus
2045 4027 2251 4081 quoque
2278 4015 2494 4067 adversa
2518 4018 2680 4071 corde
2710 4020 2861 4073 ﬁrmo
2894 4025 3168 4085 sustineat,
3202 4039 3228 4077 a
3252 4027 3450 4083 dextris

1906 4101 2151 4155 videlicet
2192 4108 2244 4155 et
2290 4117 2319 4153 a
2363 4103 2589 4159 sinistris
2636 4123 2726 4174 per
2774 4123 2919 4163 arma
2962 4111 3176 4179 justitia!
3219 4120 3452 4173 munitus

1905 4190 1990 4259 (ll
2021 4192 2137 4246 Cor.
2166 4192 2263 4263 vr).

1976 4282 2038 4335 In
2066 4287 2302 4353 patientia
2331 4296 2496 4339 autent
2527 4290 2783 4354 pietatem.
2835 4290 2901 4345 Ut
2929 4305 3050 4361 erga
3079 4309 3171 4349 eos
3200 4311 3329 4364 quos
3360 4311 3449 4363 pl-

257 4383 447 4449 inquit,
492 4379 772 4448 e/ﬁriumini
799 4378 982 4429 divinis
1008 4386 1260 4429 consortes
1283 4386 1495 4427 naturae.
1524 4374 1671 4437 Quod
1700 4387 1801 4424 non
1833 4396 1885 4456 υ
1912 4372 2101 4425 tienter
2130 4375 2315 4427 tolerat
2339 4416 2355 4439 ,
2386 4375 2542 4427 etiam
2576 4375 2689 4443 pius
2718 4379 2949 4445 existat,
2989 4380 3139 4449 juxta
3168 4382 3295 4437 illud
3321 4399 3447 4454 apo-

258 4474 502 4536 fortuitu,
534 4472 623 4526 sed
657 4468 996 4539 providenter
1015 4467 1140 4534 agit.
1170 4466 1291 4519 Ideo
1316 4466 1530 4534 (inquit)
1555 4464 1804 4516 Dominus

258 4565 433 4627 nobis,
465 4564 553 4633 qui
584 4574 766 4616 natura
794 4557 958 4614 Judazi
986 4599 999 4621 ,
1047 4557 1138 4626 qui
1177 4557 1273 4611 sub
1303 4557 1417 4625 lege
1454 4569 1636 4609 sumus
1676 4553 1799 4617 nati,

257 4652 353 4721 qui
403 4652 707 4720 magisterio
758 4651 921 4718 ipsius
971 4647 1128 4702 etiam
1176 4648 1521 4714 corporaliter
1574 4644 1801 4704 imbuti,

258 4726 433 4791 omnia
464 4740 656 4791 divina:
688 4738 896 4791 virtutis
939 4751 1050 4789 sua:
1092 4746 1294 4789 secreta
1342 4734 1634 4796 reseravit,
1684 4732 1803 4785 ideo

259 4828 435 4893 nobis,
477 4829 588 4881 suis
615 4827 863 4881 videlicet
891 4823 1179 4889 discipulis,
1208 4827 1432 4877 maxima
1478 4832 1533 4878 et
1576 4822 1801 4890 pretiosa

262 4916 490 4983 Spiritus
522 4916 599 4967 sui
630 4915 884 4981 promissa
913 4912 1148 4973 donavit,
1188 4918 1245 4963 ut
1275 4925 1365 4977 per
1392 4910 1505 4964 haec
1530 4912 1687 4964 etiam
1712 4924 1802 4962 vos

263 5002 347 5068 qui
392 5016 454 5055 ex
483 5003 726 5070 gentibus
770 5003 895 5056 estis
920 5043 934 5065 ,
966 5002 1055 5070 qui
1086 5014 1206 5054 eum
1250 4998 1593 5066 corporaliter
1623 4997 1803 5052 videre

265 5092 572 5158 nequivistis
599 5134 612 5156 ,
661 5089 852 5144 divina:
883 5108 991 5145 suae
1022 5103 1223 5145 natura:
1248 5090 1469 5143 donaret
1495 5103 1615 5143 esse
1643 5092 1804 5157 parti-

266 5180 425 5245 cipes,
459 5180 611 5232 nobis
642 5182 845 5234 scilicet
873 5194 965 5232 vos
995 5196 1112 5247 quae
1141 5182 1208 5233 ab
1237 5181 1350 5246 ipso
1375 5177 1669 5230 audivimus
1707 5179 1802 5229 do-

266 5266 525 5328 centibus,
542 5282 635 5321 vos
663 5283 753 5335 per
774 5269 887 5333 ejus
909 5270 1159 5334 mysteria
1185 5266 1631 5324 consecrantibus.
1651 5264 1803 5320 Unde

268 5354 555 5407 rectissime
585 5358 719 5422 quod
750 5370 903 5409 suura
934 5354 1041 5408 ait:
1072 5354 1251 5408 Gratia
1272 5356 1405 5409 vobis
1434 5363 1481 5407 et
1509 5370 1608 5419 pax
1634 5354 1797 5405 adim-

270 5444 459 5510 plcatur
484 5444 537 5497 in
562 5448 809 5515 agnitione
838 5442 1039 5497 Domini
1068 5448 1223 5498 nostri
1249 5449 1373 5502 Jesu
1412 5446 1599 5500 Christi
1620 5486 1636 5508 ,
1668 5461 1800 5513 quo-

270 5534 419 5586 modo
446 5537 618 5587 omnia
648 5535 798 5589 nobis
824 5535 1013 5586 divina:
1037 5535 1243 5589 virtutis
1270 5552 1378 5589 sua:
1403 5551 1521 5605 qua:
1547 5534 1612 5589 ad
1644 5537 1799 5590 vitam

272 5635 319 5676 et
356 5624 601 5691 pietatem
631 5625 821 5678 donata
852 5631 974 5677 sunt
1000 5660 1017 5688 ,
1049 5631 1219 5690 potest
1247 5624 1323 5679 ita:
1355 5626 1551 5679 dictum
1594 5624 1796 5692 accipi:

1903 4462 2022 4515 stoli
2044 4463 2183 4516 Pauli
2205 4482 2216 4514 :
2238 4463 2467 4516 Charitas
2483 4465 2676 4532 patiens
2693 4477 2786 4528 est,
2801 4467 3012 4540 benigna
3026 4480 3097 4524 est
3110 4470 3160 4537 (1
3178 4470 3295 4527 Cor.
3310 4475 3444 4545 stu).

1971 4550 2035 4604 In
2066 4553 2247 4618 pietate
2272 4561 2436 4607 autem
2463 4570 2682 4608 amorem
2710 4559 3063 4625 fraternitatis.
3094 4560 3161 4616 Ut
3188 4577 3290 4617 non
3317 4565 3448 4619 alte-

1900 4644 2009 4698 rius
2030 4644 2104 4697 rei
2130 4644 2316 4697 intuitu
2342 4646 2550 4712 pietatis
2571 4660 2729 4715 opera
2758 4648 2867 4699 suis
2887 4650 3111 4719 quisque
3131 4652 3446 4708 adversariis

1900 4736 2187 4804 impendat,
2223 4737 2321 4791 nisi
2353 4736 2599 4791 frnternte
2625 4747 2827 4805 tantum
2852 4739 3167 4795 dilectionis.
3198 4742 3335 4808 Hoc,
3365 4746 3446 4798 vi-

1886 4826 2110 4895 delicet,
2132 4836 2235 4879 tota
2261 4826 2312 4880 in
2338 4828 2621 4893 teoratione
2644 4841 2951 4898 procurans,
2975 4839 3031 4883 ut
3052 4846 3185 4901 quos
3205 4834 3443 4890 docendo

1902 4915 2070 4967 solum
2104 4916 2183 4967 vel
2218 4914 2578 4982 redarguendo
2604 4918 2783 4984 nequit
2810 4917 2919 4979 ,ω
2961 4917 3202 4973 allectum
3234 4920 3442 4986 pietatis

1899 5002 2099 5056 orando
2124 5002 2205 5056 vel
2242 5003 2372 5057 bene
2398 5001 2638 5057 faciendo
2664 5015 2953 5059 convertat.

1968 5090 2033 5144 In
2054 5107 2223 5145 arnore
2242 5100 2407 5145 autem
2427 5094 2773 5163 fraternitatis,
2790 5094 3099 5149 charitatetn.
3119 5094 3438 5151 Cliaritatem

1902 5183 2003 5237 hoc
2031 5184 2145 5238 loco
2167 5183 2392 5253 appellat
2416 5185 2714 5253 specialiter
2737 5202 2853 5242 eam
2876 5203 2975 5257 qua
3004 5185 3337 5242 Conditorem
3359 5190 3428 5243 di-

1906 5272 2133 5341 l’gimus,
2163 5288 2298 5341 qute,
2330 5276 2725 5342 proﬁcientibus
2754 5278 3003 5331 virtutum
3031 5276 3297 5344 gradibus.
3328 5293 3431 5332 me.

1903 5366 2004 5417 rito
2034 5365 2197 5417 amori
2243 5364 2581 5420 fraternitatis
2624 5366 2962 5435 adjuugilnr,
3011 5366 3127 5435 quia
3162 5380 3256 5420 tn-c
3301 5366 3434 5421 Deus

1903 5453 2017 5505 sine
2051 5453 2311 5519 proximo,
2342 5466 2440 5505 nec
2466 5453 2579 5505 sine
2612 5452 2717 5504 Deo
2752 5455 3022 5519 proximus
3049 5453 3275 5523 perfecte
3301 5454 3431 5507 valet

1902 5544 2088 5597 amari.
2138 5543 2199 5595 Et
2242 5542 2449 5610 quidem
2481 5543 2572 5598 Dei
2602 5558 2752 5601 amor
2777 5545 3117 5602 excellentior
3144 5553 3227 5599 est
3256 5560 3434 5602 amore

1903 5634 2280 5702 proximorum,
2306 5634 2425 5700 quia
2448 5634 2566 5690 illos
2586 5635 2723 5691 sicut
2748 5650 2864 5703 nos,
2899 5636 3057 5689 Deum
3087 5648 3215 5691 vero
3239 5649 3302 5689 ex
3327 5644 3436 5690 toto
