3860 6230
460 390 513 440 τι
872 394 1065 448 BEDJL
1109 398 1538 456 VENERABILIS
1577 403 1718 458 OPP.
1767 403 1935 459 PARS
1975 402 2035 456 ll.
2077 403 2263 461 SECT.
2309 413 2343 462 l.
2387 442 2452 450 —
2482 413 2853 469 EXEGETICA
2898 417 3211 474 GltNUlNA.
3563 428 3590 474 7

3572 450 3583 477 t

449 502 649 564 corde,
702 512 806 554 tota
854 507 1024 559 anima
1054 546 1066 568 ,
1102 517 1203 562 tota
1240 511 1427 566 virtute
1472 513 1689 581 diligere
1737 516 1979 583 jubemur
2011 514 2054 570 A
2156 519 2363 587 Propter
2404 527 2536 591 quod
2566 528 2814 589 incipiam
2856 547 2937 585 vos
2981 548 3173 600 semper
3217 551 3538 589 commouerc
3565 542 3627 591 ds

449 594 639 664 (Marc.
675 597 791 663 sit),
823 597 911 649 sed
945 606 1113 651 tamen
1148 604 1526 657 consuetudine
1551 609 1744 660 amoris
1769 608 1983 662 fraterni

453 693 662 748 Oportet
710 700 803 737 nos
848 686 910 739 ad
955 703 1187 741 amorem
1218 689 1513 746 Conditoris
1541 698 1842 751 ascendere.
1887 700 1983 762 Qui

444 780 573 832 enim
600 796 697 831 non
724 780 885 849 diligit
912 782 1116 847 fratrem
1144 800 1284 835 suum
1313 802 1455 854 quem
1483 788 1631 853 videt,
1657 788 1817 843 Deum
1842 808 1983 857 quem

442 885 539 922 non
568 872 697 922 videt
724 875 970 939 quomodo
1002 884 1155 940 potest
1186 877 1389 946 diligere
1411 877 1461 946 (1
1488 879 1643 933 Joan.
1679 882 1793 947 Iv)?

516 982 641 1034 Ilmc
670 986 798 1035 enim
823 986 991 1037 omnia
1014 989 1057 1037 si
1082 988 1332 1040 vobiscum
1358 991 1520 1042 adsint
1540 1002 1586 1043 et
1609 1003 1854 1056 superent,
1880 1010 1979 1045 non

442 1088 622 1124 vacuos
649 1115 662 1136 ,
691 1084 795 1127 etc.
828 1075 881 1125 Si
908 1089 1138 1139 superent
1168 1078 1325 1142 dixit,
1359 1080 1400 1131 si
1431 1081 1702 1134 adversum
1738 1084 1867 1136 bella
1899 1084 1979 1135 vi-

442 1165 630 1215 tiorum
668 1164 855 1229 potiori
887 1166 1075 1218 virtute
1108 1151 1491 1232 pra‘valuerint.

506 1274 599 1327 Cui
625 1276 754 1327 enim
781 1293 878 1328 non
905 1288 1085 1344 prazsto
1114 1290 1227 1330 sunt
1248 1280 1373 1345 hwc,
1405 1296 1562 1334 cwcus
1588 1292 1677 1343 est,
1708 1293 1809 1337 etc.
1842 1285 1978 1337 Ocu—

435 1365 518 1418 lus
548 1366 815 1419 scientiam
837 1406 852 1431 ,
902 1384 1088 1423 manus
1118 1371 1474 1437 operationem
1504 1372 1761 1440 designat.
1793 1375 1977 1427 Cazcus

433 1464 514 1508 est
536 1464 708 1509 autem
739 1466 792 1509 et
817 1472 972 1509 manu
1004 1466 1226 1523 tentans,
1254 1461 1362 1525 qui,
1385 1461 1655 1515 scicntian
1676 1472 1832 1517 recta:
1854 1478 1978 1530 ope-

435 1545 653 1597 rationis
684 1562 787 1598 non
820 1547 1018 1599 habens
1045 1590 1057 1610 ,
1101 1549 1371 1616 quidquid'
1395 1553 1492 1605 sibi
1543 1564 1743 1607 rectum
1773 1556 1977 1609 videtur

435 1644 679 1699 operatur
702 1675 717 1699 ,
751 1645 803 1688 et
833 1637 1003 1688 lumen
1038 1640 1271 1692 veritatis
1305 1642 1551 1707 ignorans
1590 1645 1737 1710 quasi
1768 1660 1973 1698 manum

434 1722 499 1774 ad
550 1736 678 1789 epus
728 1725 862 1791 quod
915 1741 1014 1779 non
1049 1728 1186 1781 videt
1218 1732 1489 1795 extendit,
1538 1749 1752 1801 gressus
1793 1737 1843 1788 in
1876 1737 1973 1789 iter

434 1814 570 1879 quod
600 1829 700 1865 non
734 1816 984 1882 praevidet
1014 1819 1246 1885 attollit,
1297 1821 1517 1890 ideoque
1557 1833 1770 1891 repente
1815 1829 1973 1881 miser
2004 1834 2048 1893 Β

427 1905 477 1955 in
511 1906 713 1959 ruinam
747 1908 1073 1973 perditionis,
1110 1925 1260 1975 quam
1293 1915 1538 1977 pra‘scire
1567 1918 1847 1983 nequibat,
1882 1920 1971 1971 itt-

426 1993 573 2047 cidit.
627 1996 766 2050 Talis
806 2006 978 2050 autem
1012 2011 1091 2052 est
1119 2004 1292 2054 omnis
1329 2005 1411 2056 cui
1456 2020 1558 2058 non
1614 2017 1805 2075 DI'IBSIO
1851 2020 1971 2063 sunt

430 2084 545 2139 haec
571 2101 685 2155 qum
716 2085 898 2142 Petrus
923 2090 1165 2157 loquitur,
1198 2093 1313 2159 quia
1348 2108 1437 2161 per
1465 2096 1781 2152 incrementa
1809 2100 1969 2152 virtu-

430 2183 539 2228 tum
570 2177 918 2243 spiritualium
944 2179 1007 2231 ad
1033 2182 1353 2235 consortium
1381 2183 1667 2240 divinitatis
1696 2190 1967 2255 pervenire

428 2279 522 2318 nos
548 2269 847 2320 conveniat.
877 2272 943 2321 At
966 2280 1143 2323 contra
1166 2272 1411 2325 Salomon
1434 2276 1720 2343 sapientem
1746 2293 1966 2334 monens

424 2353 714 2406 auditorem
744 2376 757 2408 :
796 2358 853 2407 Et
880 2360 1129 2427 palpebrae
1160 2361 1363 2429 (inquit)
1394 2372 1493 2415 tua:
1518 2368 1798 2432 prtccedant
1829 2386 1967 2437 gres-

419 2458 503 2493 sus
524 2452 634 2494 tuos
662 2442 839 2509 (Prov.
874 2446 963 2513 iv).
997 2447 1144 2511 Quod
1177 2460 1257 2502 est
1284 2460 1520 2519 patenter
1545 2468 1824 2522 suggerere
1846 2497 1859 2519 ,
1910 2468 1960 2509 ut

420 2532 472 2581 iu
506 2532 708 2585 cunctis
753 2534 955 2587 actibus
1002 2538 1195 2590 nostris
1242 2542 1326 2607 qui
1376 2557 1471 2597 nos
1515 2544 1633 2599 finis
1671 2557 1959 2615 sequatur,

422 2621 601 2673 sedula
638 2622 925 2678 intentione
956 2629 1258 2692 'prmvitlere
1302 2646 1565 2699 curemus,
1598 2636 1721 2703 quid
1770 2650 1958 2690 secun-

421 2710 543 2761 dum
578 2711 669 2765 Dei
703 2713 1043 2779 voluntatem,
1076 2719 1196 2787 quid
1226 2720 1377 2773 aliter
1406 2733 1587 2788 agatur
1616 2726 1837 2780 solerter
1856 2722 1958 2782 cx-

416 2802 700 2866 ploremus.

487 2912 802 2981 Qttapiopttr
828 2956 841 2978 ,
895 2917 1071 2983 fratres
1096 2959 1109 2983 ,
1156 2922 1315 2988 magis
1349 2925 1562 2991 sutagite
1602 2936 1655 2976 ut
1701 2943 1787 2995 per
1830 2928 1957 2982 bona

413 3018 565 3068 opera
592 3014 774 3057 certam
808 3017 1019 3059 vestram
1046 3012 1341 3066 rotationem
1364 3024 1407 3067 et
1429 3016 1711 3071 electionem
1736 3022 1949 3089 faciatis.

414 3094 562 3147 Multi
591 3107 705 3150 sunt
731 3102 911 3165 vocati,
946 3103 1094 3169 pauci
1123 3120 1232 3159 vero
1258 3106 1397 3159 electi
1428 3107 1635 3176 (Matth.
1670 3128 1760 3179 xx,
1792 3116 1945 3183 nit).

410 3182 563 3239 Certa
593 3197 669 3240 est
701 3190 904 3242 vocatio
948 3201 1250 3245 cunctorum
1294 3195 1379 3262 qui
1420 3196 1483 3247 ad
1516 3199 1667 3252 ﬁdem
1702 3204 1947 3265 veniunt;

409 3276 497 3342 qui
546 3291 669 3330 vero
712 3277 827 3332 fidei
875 3284 1217 3335 sacramentis
1266 3299 1379 3351 qure
1427 3300 1771 3356 perceperunt
1819 3294 1949 3346 bona

407 3378 612 3432 quoque
657 3380 813 3433 opera
859 3378 1261 3435 perseveranter
1298 3374 1623 3443 adjungttnt,
1678 3380 1760 3432 isti
1801 3396 1950 3435 suam

408 3458 733 3511 vocationem
757 3468 805 3511 et
830 3459 1135 3513 electionem
1163 3476 1355 3515 certain
1384 3466 1701 3521 intuentibus
1731 3469 1945 3522 faciunt.

408 3547 575 3611 Sicut,
607 3563 636 3600 e
663 3558 840 3601 contra
868 3590 881 3610 ,
916 3550 1000 3617 qui
1039 3563 1151 3617 post
1175 3554 1499 3606 vocationem
1530 3556 1592 3609 ad
1621 3559 1835 3612 crimina
1868 3576 1949 3613 re-

408 3645 699 3701 vertuntur,
731 3652 846 3690 cum
880 3638 928 3690 iu
962 3639 1041 3693 his
1072 3655 1134 3692 ex
1168 3640 1262 3693 hac
1295 3643 1393 3693 vita
1428 3644 1765 3711 migraveriut
1787 3688 1803 3713 ,
1836 3664 1947 3701 cer-

403 3735 507 3777 tum
533 3725 639 3794 jam
669 3728 913 3779 omnibus
943 3727 1062 3793 quia
1088 3728 1294 3795 reprobi
1326 3740 1447 3782 sunt
1474 3733 1715 3786 reddunt.

2089 607 2165 659 his
2185 649 2197 671 ,
2228 621 2327 664 etc.
2360 612 2531 675 Quare
2559 617 2667 667 vult
2699 618 2814 669 illos
2841 634 3045 685 semper
3074 637 3411 678 conimonere
3440 627 3505 678 de
3535 629 3629 678 bu-

2087 702 2166 750 nis
2212 704 2477 769 operibus,
2527 720 2655 771 quos
2704 707 2896 762 habere
2944 713 3215 764 scientiam
3271 714 3433 778 dicit,
3477 721 3629 771 etde

2087 792 2361 851 prteseutia
2414 795 2649 847 veritatis
2694 811 2810 851 esse
2851 800 3232 855 coalirmatos?
3271 805 3369 856 nisi
3399 805 3537 859 forte
3565 810 3630 857 ob

2086 876 2212 943 hoc,
2247 891 2299 931 ut
2328 882 2597 937 scientiam
2629 901 2779 953 quam
2812 901 3001 943 norunt
3027 894 3273 957 operibus
3303 908 3587 949 exerceant
3610 938 3623 956 .

2083 974 2134 1018 et
2181 970 2458 1024 veritatem
2507 973 2656 1041 cujus
2703 979 2978 1041 praesentia
3029 982 3326 1037 confirmati
3370 995 3495 1038 sunt
3526 988 3628 1039 lixa

2083 1064 2260 1107 mente
2310 1061 2640 1123 custodiant,
2674 1077 2738 1116 ne
2766 1066 2975 1130 quando
3000 1082 3096 1134 per
3124 1073 3400 1137 magistros
3426 1089 3633 1126 erroris

2088 1146 2330 1198 excidant
2358 1162 2385 1199 a
2426 1149 2758 1216 simplicitate
2787 1164 2837 1207 et
2865 1155 3105 1211 castitate
3159 1160 3311 1223 fidei,
3340 1162 3405 1215 de
3434 1163 3627 1229 quibus

2082 1234 2324 1290 videlicet
2354 1240 2615 1308 magistris
2646 1243 2696 1294 in
2721 1257 2969 1310 processu
3003 1247 3253 1313 Epistolze
3283 1253 3429 1317 plura
3458 1254 3629 1320 loqui-

2082 1332 2179 1375 tur.
2232 1325 2473 1379 Concinit
2521 1342 2694 1383 autem
2746 1334 2865 1385 huic
2912 1336 3171 1387 sententia
3216 1338 3353 1390 beati
3383 1338 3623 1407 Joannis,

2079 1429 2178 1481 qua
2209 1415 2373 1470 dicit:
2411 1418 2531 1471 Non
2575 1424 2863 1490 scripsimus
2905 1425 3039 1476 vobis
3087 1430 3230 1493 quasi
3276 1428 3627 1495 ignorantibus

2079 1512 2361 1568 raritatem,
2392 1509 2478 1558 sed
2504 1511 2646 1576 quasi
2673 1511 2935 1566 scientibus
2965 1530 3075 1566 eam
3106 1516 3165 1583 (Ι
3192 1516 3343 1570 Joan.
3374 1521 3466 1586 tt).
3502 1521 3626 1574 Ideo

2077 1601 2255 1647 autem
2306 1597 2593 1652 scientibus
2643 1602 2917 1656 veritatem
2967 1605 3237 1676 scribunt.
3291 1618 3344 1661 et
3390 1624 3625 1662 εοιηιηοο

2077 1692 2201 1735 nent
2254 1700 2347 1738 eos
2393 1689 2614 1753 apostoli
2640 1728 2655 1751 ,
2688 1700 2743 1743 ut
2771 1694 2909 1759 quod
2940 1694 3109 1747 sciunt
3140 1698 3440 1751 observent.
3476 1699 3625 1751 Unde

2078 1781 2131 1824 et
2159 1774 2397 1828 Joannes
2424 1777 2665 1843 loquens,
2696 1788 2813 1847 post
2843 1796 2999 1846 pauca
3030 1783 3325 1852 subjungit:
3363 1785 3458 1838 Vos
3483 1793 3621 1854 quod

2078 1864 2286 1915 audistis
2316 1867 2378 1916 ab
2406 1867 2579 1931 initio,
2612 1868 2663 1919 in
2692 1870 2826 1921 vobis
2852 1880 3145 1938 permaneat
3175 1872 3381 1941 (Ibid.).

2148 1951 2174 2002 Ι
2183 1964 2342 2005 ustum
2389 1965 2557 2009 autem
2603 1960 2820 2011 arbitror
2858 1964 3085 2027 quandiu
3113 1981 3220 2016 sunt
3249 1968 3298 2017 in
3329 1964 3423 2018 hoc
3454 1968 3618 2020 laber-

2076 2042 2253 2093 uacula
2274 2082 2288 2105 ,
2341 2054 2448 2098 etc.
2502 2045 2863 2100 Tabernaeulo
2894 2051 3124 2104 solemus
3154 2053 3206 2103 in
3238 2055 3425 2107 itinere
3452 2057 3531 2108 vel
3564 2055 3618 2107 in

2071 2127 2213 2181 bello
2265 2131 2379 2195 uti,
2411 2142 2463 2185 et
2495 2133 2613 2186 ideo
2642 2148 2698 2188 se
2727 2148 2870 2189 recte
2899 2137 3111 2203 fideles,
3146 2141 3373 2207 quandiu
3416 2152 3538 2196 sunt
3564 2143 3617 2197 in

2073 2231 2318 2285 corpore,
2350 2228 2402 2271 et
2429 2224 2829 2288 peregrinantur
2854 2239 2881 2275 a
2912 2225 3152 2290 Domino,
3182 2228 3232 2280 in
3262 2231 3617 2285 tabernaculis

2069 2322 2186 2359 esse
2242 2316 2517 2372 testantur,
2556 2311 2605 2363 in
2639 2313 2829 2379 quibus
2858 2313 2960 2367 iter
2989 2315 3143 2383 hujus
3172 2318 3293 2370 vita:
3326 2329 3610 2388 peragant,

2074 2410 2124 2451 et
2156 2409 2337 2452 contra
2370 2401 2701 2455 adversarios
2729 2404 2963 2458 veritatis
2989 2420 3255 2460 certamen
3285 2420 3459 2477 agant.

2136 2491 2309 2544 Certus
2336 2494 2469 2559 quod
2500 2496 2645 2546 velox
2668 2504 2737 2546 est
2757 2496 2996 2563 depositio
3023 2499 3327 2550 tabernaculi
3345 2500 3458 2552 mei.
3489 2500 3612 2553 Pul-

2065 2577 2328 2633 clierrime
2372 2581 2554 2634 beatus
2597 2582 2780 2636 Petrus
2809 2583 3006 2638 obitum
3036 2600 3186 2638 suum
3219 2602 3319 2639 non
3352 2598 3572 2641 mortem
3594 2629 3609 2653 ,

2064 2670 2155 2723 sed
2209 2670 2591 2737 depositionem
2645 2674 2963 2726 tabernaculi
2995 2679 3075 2727 sui
3104 2676 3231 2729 dicit
3258 2718 3271 2740 ,
3304 2678 3421 2744 quia
3455 2679 3609 2729 uimi-

2064 2774 2179 2812 rum
2224 2761 2301 2813 sic
2344 2770 2424 2813 est
2454 2761 2701 2828 perfectis
2735 2762 2828 2814 Dei
2875 2760 3085 2815 famulis
3114 2767 3288 2819 carnis
3316 2769 3603 2821 retinacula

2068 2864 2294 2916 exuere,
2346 2852 2479 2904 sicut
2524 2853 2812 2905 viatoribus
2862 2854 3101 2907 coniecto
3150 2856 3341 2910 itinere
3387 2858 3604 2910 domum

2060 2943 2329 3007 propriam
2380 2956 2472 3009 pro
2517 2942 2839 2997 habitatione
2888 2946 3207 2998 tabernaculi
3248 2946 3421 3010 adire,
3467 2947 3605 3000 sicut

2058 3030 2240 3097 positis
2289 3033 2337 3083 iu
2378 3032 2714 3097 expeditione
2746 3032 2921 3101 fugato
2954 3034 3108 3086 hoste
3134 3035 3213 3086 vel
3248 3046 3509 3100 prostrato
3538 3037 3602 3089 ad

2060 3120 2278 3184 patriam
2330 3119 2524 3172 redire.
2573 3120 2748 3173 Solam
2800 3135 3027 3188 namque
3073 3122 3171 3174 sibi
3221 3123 3430 3176 domum
3484 3141 3604 3191 pro-

2058 3211 2258 3276 priam,
2296 3211 2463 3263 solum
2498 3211 2879 3277 municipatum
2901 3254 2914 3277 ,
2948 3214 3112 3266 solam
3158 3214 3377 3281 patriam
3408 3227 3604 3269 norunt

2052 3301 2102 3351 in
2134 3302 2303 3357 etelis.
2357 3300 2431 3355 De
2460 3316 2558 3367 qua
2588 3312 2641 3354 et
2669 3304 2939 3370 apostolus
2973 3304 3163 3359 Paulus
3194 3323 3205 3356 :
3254 3304 3487 3370 Scimus,
3519 3310 3600 3360 in-

2050 3390 2195 3457 quit,
2227 3392 2268 3442 si
2298 3393 2545 3444 terrestris
2573 3393 2751 3444 domus
2778 3403 2948 3445 nostra
2975 3397 3126 3463 hujus
3151 3394 3469 3447 habitationis
3498 3399 3600 3449 dis-

2051 3478 2291 3539 solvatur,
2320 3478 2451 3542 quod
2481 3479 2862 3543 cedi/irationem
2888 3497 2949 3532 ea:
2976 3480 3081 3533 Deo
3108 3482 3362 3547 habemus,
3390 3486 3597 3537 domum

2058 3582 2155 3617 non
2184 3568 2521 3635 manufactam
2541 3611 2554 3634 ,
2584 3579 2821 3622 arternant
2852 3572 2903 3622 in
2934 3572 3068 3623 etelis
3099 3570 3183 3637 (ll
3210 3572 3324 3625 Cor.
3353 3574 3426 3641 v).

2120 3652 2239 3705 Non
2270 3656 2396 3705 cnim
2423 3656 2651 3709 indoctos
2677 3657 2874 3723 fabulas
2898 3661 3051 3709 secuti
3069 3702 3083 3724 ,
3108 3669 3210 3712 etc.
3244 3660 3335 3713 llic
3368 3677 3599 3727 paganos

2053 3743 2206 3795 simul
2250 3754 2304 3795 et
2342 3743 2623 3797 haereticos
2673 3745 2871 3812 tangit,
2904 3747 3139 3813 quorum'
3159 3749 3308 3813 primi
3340 3750 3593 3819 quidqoid

2050 3843 2140 3880 eos
2172 3828 2502 3893 delectabat,
2538 3830 2665 3883 deos
2695 3832 2962 3898 appellare
3000 3848 3102 3887 non
3144 3837 3466 3899 timuerunt;
3508 3852 3594 3893 se-

2045 3917 2199 3969 cundi
2227 3958 2242 3983 ,
2273 3919 2500 3986 acceptis
2530 3920 2621 3973 Dei
2655 3924 2764 3974 veri
2797 3924 3061 3991 mysteriis
3088 3968 3103 3991 ,
3146 3926 3211 3978 de
3246 3936 3439 3979 ctetero
3487 3945 3593 3983 non

2044 4008 2238 4060 divinis
2275 4008 2563 4075 Scripturis
2608 4011 2919 4072 attendere,
2970 4013 3063 4066 sed
3115 4015 3179 4066 ad
3222 4030 3372 4068 suum
3417 4021 3595 4082 potius

2044 4110 2253 4149 sensum
2286 4112 2566 4152 erroneum
2595 4098 2687 4151 has
2719 4101 2853 4154 male
2882 4102 3272 4170 interpretando
3303 4108 3594 4162 transferre

2044 4188 2380 4243 studuerunt.

475 3835 595 3887 "me
638 3839 768 3888 enim
814 3838 1085 3904 facientis,
1128 3855 1224 3891 non
1257 3841 1517 3904 peccabitis
1547 3844 1835 3904 aliquando.
1876 3848 1947 3900 De

405 3924 691 3992 majoribus
719 3924 942 3991 peccatis
966 3924 1111 3990 dicit,
1140 3942 1254 3993 qua:
1282 3929 1574 3995 quicunque
1608 3934 1769 3998 egerit
1795 3975 1807 3995 ,
1843 3950 1944 3989 non

403 4010 559 4062 habet
583 4010 939 4064 haereditatem
966 4012 1014 4063 in
1037 4027 1195 4079 regno
1217 4012 1407 4067 Christi
1432 4023 1483 4067 et
1511 4016 1619 4082 Dei,
1639 4028 1688 4072 et
1707 4035 1733 4072 a
1758 4024 1945 4089 quibus

403 4098 574 4151 munis
597 4099 683 4164 qui
714 4100 1025 4167 supradictis
1050 4099 1327 4153 virtutibus
1368 4116 1425 4155 se
1452 4106 1755 4171 manciparit
1783 4148 1797 4172 ,
1848 4113 1943 4161 im-

400 4188 571 4241 munis
595 4188 815 4242 Domino
845 4199 1136 4257 permanet.
1188 4192 1429 4258 Alioquin
1462 4205 1581 4247 sunt
1610 4210 1817 4263 peccata
1849 4201 1943 4251 mi-

399 4290 544 4338 nora,
575 4276 639 4329 de
662 4274 849 4345 quibus
870 4280 1121 4345 scriptum
1150 4290 1257 4334 est:
1291 4285 1423 4347 Quia
1454 4303 1552 4338 non
1588 4296 1657 4340 est
1685 4288 1831 4341 homo
1851 4292 1940 4358 ju-

2114 4278 2181 4331 Et
2210 4284 2338 4332 hunc
2360 4297 2525 4333 vocent
2551 4298 2641 4334 nos
2667 4284 2949 4336 audivimus
2979 4285 3043 4337 de
3072 4287 3191 4337 caelo
3219 4286 3426 4337 allatam
3444 4326 3460 4351 ,
3485 4295 3590 4340 etc.

392 4376 497 4417 stus
525 4367 577 4417 in
598 4376 749 4431 terra,
792 4367 877 4434 qui
907 4369 1057 4436 faciat
1084 4369 1265 4422 bonum
1291 4372 1484 4439 (Eccle.
1518 4376 1608 4442 vn)
1634 4398 1647 4432 ,
1673 4388 1717 4429 et
1745 4380 1943 4447 nonju-

2073 4367 2265 4431 Quidam
2298 4369 2432 4421 hanc
2468 4370 2757 4435 Epistulam
2792 4382 2985 4438 negant
3015 4389 3041 4424 a
3075 4374 3226 4427 beato
3266 4374 3419 4429 Petro
3463 4391 3593 4444 apo-

392 4455 686 4519 sri/icabitur
716 4457 763 4508 in
789 4471 1053 4524 conspectu
1080 4468 1165 4512 tuo
1195 4464 1355 4515 omnis
1379 4464 1537 4515 vivens
1562 4464 1729 4532 (Psat.
1754 4466 1933 4534 CXLII).

2078 4459 2183 4510 tolo
2212 4472 2331 4512 esse
2363 4460 2714 4527 conscriptam
2748 4476 2762 4524 ;
2794 4463 2882 4530 qui
2912 4464 2955 4516 si
2990 4464 3129 4518 hunc
3156 4466 3469 4519 versiculum
3502 4482 3592 4520 ξος

466 4543 552 4597 Sic
576 4546 705 4598 enim
730 4548 1041 4601 abundanter
1071 4552 1427 4604 ministrabitur
1453 4556 1587 4606 vobis
1613 4557 1843 4610 introitus
1881 4559 1932 4610 in

2073 4548 2225 4599 artius
2257 4547 2591 4601 attenderent
2612 4590 2625 4613 ,
2660 4557 2713 4603 et
2740 4549 2839 4603 hoc
2868 4554 3008 4618 quod
3038 4554 3272 4618 sequitur
3303 4572 3314 4605 :
3348 4554 3470 4605 Cum
3501 4572 3585 4607 cs-

393 4644 632 4685 aternum
664 4651 889 4701 regnum,
923 4651 1023 4691 etc.
1060 4641 1189 4693 Huic
1230 4643 1345 4695 loco
1386 4647 1629 4699 convenit
1657 4648 1777 4700 illud
1821 4650 1937 4703 Eze-

2073 4655 2201 4691 emus
2228 4655 2339 4690 cum
2382 4640 2470 4690 illo
2502 4642 2554 4692 in
2582 4652 2748 4694 monte
2776 4653 2947 4696 sancto
2968 4684 2981 4706 ,
3015 4660 3337 4711 nequaquam
3368 4646 3432 4697 de
3462 4648 3589 4711 Epi-

394 4723 581 4776 cliielis
607 4724 897 4792 prephetae,
931 4728 1013 4781 tibi
1037 4728 1104 4781 de
1132 4730 1349 4785 aedificio
1376 4733 1424 4785 in
1453 4746 1629 4789 monte
1654 4740 1935 4793 constituto

2073 4730 2188 4781 tela:
2220 4728 2373 4797 hujus
2400 4743 2613 4785 auctore
2643 4732 2963 4785 dubitarent.
2994 4734 3207 4787 Constat
3236 4750 3408 4801 enim,
3433 4737 3584 4804 juxta

395 4813 610 4879 loquens
637 4814 734 4865 ait:
762 4812 825 4865 Et
853 4816 901 4867 in
935 4826 1045 4869 octo
1070 4818 1308 4886 gradibus
1331 4836 1565 4877 ascensus
1586 4830 1694 4897 ejus
1724 4829 1932 4897 (Ezech.
2042 4819 2200 4870 ﬁdem
2237 4820 2631 4887 Ενιιηεοιὶυτυιη
2652 4862 2665 4885 ν
2697 4824 2813 4887 (illi-1
2861 4824 3131 4892 Ρτίὲίθῑθῐη
3161 4841 3339 4879 Vocem
3369 4842 3580 4881 ευτξυιυ

395 4901 505 4967 ιι).
540 4902 599 4953 Et
627 4902 712 4955 hic
735 4904 871 4957 enim
910 4906 1088 4959 beatus
1119 4907 1298 4961 l’etrus
1324 4922 1441 4963 octo
1467 4916 1713 4967 virtutum
1745 4918 1934 4984 gradus

2073 4909 2264 4961 Domino
2294 4910 2345 4961 iu
2387 4917 2562 4963 monte
2601 4910 2888 4965 clariﬁcato
2929 4914 3067 4965 idem
3112 4913 3292 4968 Petrus
3335 4930 3451 4969 cum
3493 4918 3584 4970 Ja-

393 4997 681 5049 cnumerat,
708 4990 891 5055 quibus
916 4994 1169 5061 fugientes
1192 4997 1473 5051 mundialis
1499 5004 1933 5070 concupiscentia
2035 4998 2167 5052 00ὺο
2198 5008 2249 5050 ει
2286 4997 2485 5053 Joanne
2514 5002 2837 5066 οοθβοειοιίε
2867 5003 2977 5053 εηίε
3004 5002 3219 5053 audim-

390 5080 775 5145 corruptionem
807 5081 871 5133 ad
906 5081 1275 5139 habitationem
1319 5088 1459 5156 regni
1502 5090 1729 5145 cmlestis
1757 5108 1910 5149 ascen
1950 5110 1956 5117 '

2108 5089 2173 5140 Et
2212 5089 2447 5143 habemus
2476 5091 2749 5155 ﬁrmiorem
2780 5092 3123 5156 propheticum
3161 5111 3456 5148 sermonem.
3504 5096 3581 5148 ll-

394 5166 517 5219 dere
543 5168 790 5221 debemus
816 5212 827 5231 ,
862 5170 1015 5223 fidem
1049 5173 1262 5239 scilicet,
1288 5178 1531 5231 virtutem
1556 5221 1570 5246 ,
1620 5180 1885 5234 scientiam
1912 5224 1926 5246 ,
2044 5180 2149 5231 lum
2172 5222 2186 5245 ,
2231 5180 2506 5239 videlicet,
2540 5195 2643 5248 quo
2690 5196 2751 5231 ex
2798 5194 3014 5245 persona
3060 5182 3356 5235 Mediatoris
3401 5184 3489 5237 Dei
3526 5199 3580 5241 et

392 5257 777 5323 abstinentiam,
808 5261 1128 5326 patientiam,
1168 5270 1410 5330 pietatem
1440 5312 1453 5334 ,
1489 5287 1717 5325 amorem
1759 5273 1930 5327 frater.
2033 5270 2303 5322 hominum
2337 5269 2556 5322 dicitur:
2590 5271 2832 5321 Dominus
2860 5272 2989 5323 dixit
3020 5272 3088 5323 ad
3117 5288 3214 5334 me,
3248 5271 3410 5326 Filius
3438 5293 3580 5331 meus

395 5345 586 5405 uitatis,
628 5354 680 5397 et
718 5349 1044 5401 charitatem.
1090 5351 1162 5403 De
1190 5356 1377 5421 quibus
1407 5358 1646 5411 nimirum
1687 5362 1929 5428 gradibus
2030 5374 2080 5410 cs
2109 5367 2193 5421 ιιι,
2226 5374 2313 5426 ego
2342 5358 2488 5410 hodie
2514 5359 2664 5428 genui
2694 5365 2739 5407 te
2763 5356 2928 5421 (Psat.
2956 5360 3035 5425 it).
3064 5359 3120 5411 Si
3148 5361 3284 5412 enim
3312 5362 3576 5430 quispiam

395 5430 666 5483 l'salmista
720 5434 879 5486 dicit:
936 5439 1179 5492 Ascensus
1230 5444 1278 5492 in
1335 5444 1481 5496 corde
1525 5446 1634 5512 ejus
1686 5448 1928 5512 disposuit
2033 5448 2265 5515 (inquit)
2298 5460 2479 5501 nostro
2512 5447 2807 5498 testimonio
2838 5446 3237 5500 discredendum
3272 5456 3574 5516 putaverit,

393 5518 556 5584 (Psat.
592 5522 811 5589 Lxxxni)
840 5541 852 5587 ;
893 5537 945 5578 et
971 5542 1177 5592 cratera,
1212 5548 1373 5598 usijue
1404 5535 1524 5586 dum
1554 5536 1622 5587 ait
1648 5551 1660 5587 :
1693 5536 1929 5589 Ambula-
2030 5541 2166 5603 quod
2199 5538 2249 5588 in
2281 5546 2487 5588 secreto
2517 5535 2731 5601 gloriam
2759 5534 3121 5601 Redemptoris
3148 5539 3309 5589 nostri
3342 5554 3572 5605 conspe-

394 5609 509 5660 bunt
548 5613 607 5661 de
647 5613 823 5665 virtute
854 5614 902 5666 in
940 5617 1163 5670 virtutem
1190 5660 1203 5685 ,
1241 5624 1482 5675 videbitur
1511 5623 1645 5677 Deus
1682 5642 1846 5678 eorum
1878 5628 1926 5678 in
2031 5629 2201 5678 ximus
2228 5626 2487 5686 divinam,
2521 5624 2656 5689 quod
2688 5638 2866 5676 vocem
2900 5623 3069 5677 Patris
3113 5626 3175 5677 ad
3215 5640 3334 5679 eum
3378 5627 3575 5680 factam

393 5698 518 5750 biou
546 5699 747 5768 (Ibid).
2032 5717 2372 5778 audierimus,
2408 5726 2550 5768 certe
2579 5717 2808 5769 sermoni
2842 5715 3145 5785 prophetico
3175 5720 3331 5774 neino
3359 5727 3571 5772 contra-
