3860 6230
217 411 286 464 7'5

1382 419 1445 473 IN
1488 418 1526 474 Il
1567 421 1936 476 EPISTOLA-lll
1974 425 2028 478 S.
2067 427 2285 482 PETRI.

3318 446 3386 499 τι

216 523 425 586 dicere,
459 521 632 576 nullus
673 523 739 577 de
784 523 881 577 hoc
913 525 1178 594 ambigere
1211 529 1459 594 audebit,
1489 547 1640 597 quem
1670 533 1752 584 di-
1783 535 1830 590 Δ
1860 535 1988 588 ritus
2017 538 2176 592 vellet
2203 555 2295 594 ore
2322 541 2645 611 proterrent,
2676 561 2772 601 nec
2797 557 2973 604 tamen
3002 567 3062 605 ea
3093 568 3207 620 qua:
3250 564 3388 610 mce-

219 611 354 662 vinis
403 609 687 675 Scripturis
730 613 836 679 jam
882 615 1004 666 olim
1055 617 1306 669 insertum
1350 632 1534 671 onmes
1581 635 1757 671 verum

215 716 335 754 esse
365 710 636 756 testantur.

289 810 383 861 Cui
414 810 534 862 bene
561 813 726 878 facitis
745 855 759 877 ,
792 815 1126 879 attendentes,
1159 817 1304 882 quasi
1334 819 1544 871 lucerna:
1573 819 1758 873 lucenti

215 897 269 946 in
302 898 580 965 caliginoso
611 901 752 962 loco.
782 912 881 954 etc.
915 905 1055 957 Ordo
1085 919 1272 957 sensus
1301 914 1383 958 est
1409 922 1424 959 :
1455 906 1548 959 Cui
1590 917 1760 963 atten-

216 987 406 1039 dentes
431 989 578 1054 quasi
608 990 827 1042 lucerna:
859 993 1048 1045 lucenti
1077 993 1127 1046 in
1157 994 1438 1062 caliginoso
1464 997 1600 1062 lacu,
1628 1000 1759 1075 bene

215 1077 409 1132 facitis.
443 1081 497 1132 lu
530 1081 682 1147 hujus
712 1083 906 1134 etenim
938 1087 1114 1138 saeculi
1147 1096 1298 1139 nocte
1327 1088 1611 1142 tenebrosis
1644 1101 1758 1144 teu-

215 1172 503 1225 tationibus
534 1173 702 1238 plena,
735 1173 818 1224 tibi
833 1174 1055 1236 \diflicile
1082 1176 1352 1244 quisquam
1380 1179 1641 1232 invenitur
1666 1182 1752 1246 qui

214 1275 320 1310 nou
352 1261 615 1323 oiTendnt,
650 1262 768 1327 quid
799 1277 1035 1315 essemus
1069 1266 1111 1316 si
1157 1264 1417 1318 lucernam
1462 1267 1754 1334 prophetici

211 1352 475 1403 sermonis
502 1367 603 1403 non
631 1352 981 1404 haberemus?
1003 1351 1104 1407 Sed
1135 1355 1360 1420 nunquid
1393 1355 1597 1406 lucerna
1627 1371 1756 1407 sem-

211 1455 313 1504 per
341 1441 442 1491 erit
470 1441 764 1492 necessaria
788 1442 810 1492 ?
839 1441 952 1492 Non
986 1445 1178 1507 utique.
1210 1441 1379 1494 Donec
1409 1443 1617 1511 (inquit)
1650 1444 1753 1496 dies

208 1527 637 1579 lurescat.‘Mane
665 1529 792 1578 enim
816 1531 986 1579 astabo
1013 1538 1058 1580 et
1084 1530 1448 1595 con'emplabur
1473 1529 1644 1598 (Psal.
1675 1531 1752 1597 v).

209 1617 294 1666 Ad
329 1618 592 1668 lucernam
627 1616 831 1668 interim
869 1626 1174 1670 nocturnam
1218 1622 1440 1684 pertinet
1480 1621 1616 1686 quod
1662 1621 1752 1673 lilii

211 1702 308 1755 Dei
338 1718 539 1768 sumus,
574 1715 618 1756 et
649 1708 867 1758 nonduin
897 1707 1132 1773 apparuit
1159 1708 1280 1775 quid
1307 1709 1488 1760 erimus
1522 1707 1570 1778 (1
1592 1707 1748 1764 Joan.

207 1807 263 1842 tu
297 1794 332 1856 ).
369 1794 428 1843 Et
460 1794 508 1844 in
537 1799 921 1860 comparatione
948 1797 1156 1862 quidem
1187 1798 1461 1865 impiorum
1486 1837 1498 1859 ,
1527 1798 1637 1851 dies
1664 1813 1748 1850 su-

208 1895 349 1939 mus,
383 1882 539 1934 l‘aulo
569 1883 772 1936 dicente
801 1902 811 1933 :
846 1881 1034 1935 Fuistis
1064 1884 1332 1952 aliquando
1359 1888 1589 1947 tenebrte,
1617 1902 1748 1939 nunc

204 1981 374 2021 autent
403 1973 492 2022 tua:
521 1973 570 2022 in
600 1970 815 2024 Domino
842 1971 1052 2042 (Ep/tes.
1081 1977 1156 2038 ν).
1185 1973 1288 2028 Sed
1319 1975 1360 2026 si
1391 1991 1751 2042 comparemur

206 2059 282 2110 itli
319 2058 437 2110 \itze
471 2059 519 2110 in
552 2074 652 2127 qua
689 2059 843 2119 laturi
875 2077 1085 2125 sumus,
1113 2063 1280 2114 adhuc
1310 2079 1408 2116 nox
1454 2079 1662 2128 sumus,
1696 2073 1750 2116 et

207 2146 422 2200 lucerna
459 2147 770 2214 indigemus.
1114 2134 1121 2142 ί

283 2255 350 2306 Et
383 2258 557 2326 lucifer
585 2259 773 2310 oriatur
801 2259 851 2310 in
879 2260 1108 2313 cordibus
1137 2262 1327 2314 vestris.
1359 2263 1484 2325 Quis
1512 2271 1593 2315 est
1621 2263 1748 2317 luci-

205 2347 285 2399 ler
315 2348 453 2399 iste?
479 2349 530 2400 Si
563 2347 835 2400 Dominum
863 2341 1026 2410 dicas,
1055 2365 1232 2415 parum
1259 2360 1356 2404 est.
1385 2350 1588 2404 Lucifer
1615 2344 1748 2418 ipse;

201 2438 379 2488 clarus
406 2446 582 2489 noster
610 2437 899 2490 intellectus
926 2449 1023 2489 est.
1058 2439 1171 2504 Ipse
1197 2440 1334 2491 enim
1362 2441 1526 2490 oritur
1553 2442 1602 2490 in
1631 2455 1748 2494 cer-

201 2527 360 2580 dihus
396 2527 609 2589 nostris,
642 2527 751 2594 ipse
781 2528 1140 2591 illustrabitur,
1173 2529 1282 2595 ipse
1309 2530 1742 2582 mauil'eStabitnr.

204 2616 430 2670 Ililectio
459 2617 561 2668 erit
591 2618 793 2685 qualem
827 2633 964 2670 nunc
995 2627 1254 2685 optamus,
1292 2629 1340 2669 ct
1370 2622 1611 2684 quooiam
1644 2635 1744 2672 non

201 2716 284 2757 est
327 2708 692 2774 suspiramus,
740 2715 795 2759 ct
834 2707 1000 2774 qualis
1038 2709 1168 2774 erit,
1203 2709 1389 2774 singuli
1434 2710 1483 2760 iu
1529 2709 1745 2767 singulis

199 2795 520 2860 videbimus,
549 2796 813 2863 quomodo
843 2811 981 2849 nunc
1009 2795 1168 2850 facies
1199 2807 1402 2850 nostras
1432 2796 1741 2851 alterutrum

199 2883 459 2936 videmus.

274 2991 384 3044 Hoc
431 2994 646 3057 primum
693 2993 1058 3062 intelligentes,
1107 2996 1238 3060 quod
1285 2997 1444 3048 omnis
1517 2993 1751 3060 raphetia

200 3079 509 3144 Scriptum,
542 3090 646 3134 etc.
695 3081 890 3134 Pendet
934 3082 1016 3133 hic
1061 3083 1345 3135 versiculus
1386 3097 1449 3135 ex
1494 3097 1559 3135 eo
1601 3082 1740 3151 quod

197 3175 442 3239 superius
473 3173 544 3226 ait
573 3191 585 3224 :
619 3173 709 3225 Cni
739 3174 856 3225 bene
886 3174 1076 3240 facitis,
1107 3173 1453 3237 attendentes;
1485 3173 1570 3239 qui
1601 3189 1738 3227 enim

199 3262 574 3328 prophetarum
603 3263 755 3315 verba
786 3263 1121 3315 attendentes
1150 3264 1280 3316 bene
1308 3261 1741 3329 tttique'faciunt,

198 3361 252 3400 ut
285 3365 378 3416 per
407 3349 519 3403 hic
547 3352 711 3404 lucem
745 3351 935 3404 habere
968 3355 1171 3420 possint
1199 3355 1465 3416 scientitn,
1500 3355 1598 3406 hoc
1630 3355 1736 3419 prio

198 3453 341 3490 mum
389 3439 679 3506 intelligere
723 3441 948 3504 debent,
993 3445 1113 3508 qu‘a
1162 3444 1329 3494 nullus
1372 3444 1738 3510 prophetarum

196 3537 500 3579 sanctorum
544 3531 744 3595 propria
788 3545 879 3580 sua
927 3532 1355 3597 interpretatiOue
1400 3535 1603 3599 pupulis
1646 3535 1741 3586 do-

196 3625 391 3681 gmata
417 3615 535 3666 vita:
582 3617 906 3681 praedicarit,
954 3619 1043 3669 sed
1071 3635 1184 3683 qua:
1215 3634 1242 3669 a
1271 3619 1491 3673 Domino
1535 3621 1739 3674 didice-

198 3714 346 3765 rant,
380 3705 492 3756 haec
524 3704 631 3757 suis
659 3707 988 3760 auditoribus
1022 3711 1217 3775 agenda
1264 3711 1735 3775 commendabant,

196 3809 419 3860 quaeque
448 3796 499 3846 in
529 3805 731 3848 secreto
759 3796 994 3849 coelestia
1038 3813 1223 3850 arcana
1259 3811 1593 3867 perceperat,
1628 3802 1738 3854 luce

195 3881 508 3948 simpliciter
533 3884 615 3934 vel
641 3885 904 3948 loquendo
933 3887 1011 3937 vel
1043 3888 1319 3940 scribendo
1348 3889 1437 3942 Dei
1468 3891 1601 3957 plebi
1634 3903 1736 3945 tra-

196 3969 423 4030 debant,
453 3977 504 4021 et
536 3984 635 4020 non
665 3971 802 4022 sicut
839 3974 1070 4037 gentium
1111 3976 1305 4036 divini,
1345 3977 1430 4041 qui
1475 3972 1592 4043 quae
1640 3979 1736 4041 ipsi

195 4058 259 4109 de
303 4057 467 4109 corde
510 4072 606 4109 suo
655 4058 947 4126 tinxerant,
996 4061 1108 4114 haec
1154 4062 1320 4115 turbs
1359 4064 1732 4130 deceptorum,

195 4144 340 4212 quasi
387 4144 548 4197 divini
601 4149 797 4200 oraculi
849 4150 1119 4218 consulta,
1175 4152 1529 4217 proferebant.
1586 4157 1734 4208 Sicut

195 4249 322 4302 ergo
354 4239 620 4302 propheta:
649 4253 751 4290 non
782 4253 876 4292 sua
908 4244 1136 4308 propria,
1161 4243 1251 4294 Sed
1287 4245 1372 4296 Dei
1405 4245 1557 4297 verba
1594 4247 1736 4298 scri-

198 4325 420 4388 bebant,
452 4328 518 4376 ita
550 4336 602 4379 et
632 4327 796 4379 lector
822 4344 1004 4382 eorum
1048 4347 1149 4383 nun
1189 4347 1280 4384 sua
1325 4337 1530 4400 propria
1572 4336 1731 4389 inter-

196 4413 486 4476 pretatione
515 4421 685 4478 potest
712 4415 783 4466 uti
805 4454 820 4478 ,
851 4432 914 4470 ne
943 4432 971 4468 a
999 4432 1156 4470 sensu
1187 4421 1416 4473 veritatis
1441 4424 1730 4489 exorbitet,

195 4505 283 4554 sed
317 4503 413 4556 hoc
443 4505 755 4559 omnimodis
795 4507 950 4560 debet
980 4510 1254 4563 attendere
1277 4551 1290 4574 ,
1335 4515 1593 4579 quoiuodo
1635 4529 1728 4567 sua

195 4595 347 4646 verba
377 4595 598 4646 voluerit
629 4595 844 4664 intelligi
876 4597 987 4663 ipse
1014 4601 1098 4665 qui
1130 4601 1358 4667 scripsit.
1438 4676 1440 4678 τ

263 4706 380 4758 Non
427 4709 556 4760 enim
597 4709 849 4758 voluntate
894 4707 1115 4762 humana
1153 4711 1312 4763 allata
1341 4723 1412 4764 est
1456 4713 1729 4781 aliquando

196 4800 470 4861 prapnetia,
497 4805 598 4849 etc.
631 4794 850 4864 Semper
880 4799 1049 4852 futura
1080 4814 1232 4866 posse
1265 4801 1541 4866 praedicere
1563 4801 1725 4868 (sic);

196 4886 281 4938 sed
301 4887 408 4952 ipse
427 4886 646 4952 Spiritus
667 4902 844 4940 eorum
874 4889 1028 4939 corda
1047 4891 1255 4957 quando
1278 4891 1434 4941 voluit
1458 4890 1681 4954 implevit
1709 4907 1724 4952 ;

197 4974 260 5025 ita
291 4974 444 5026 etiam
472 4973 740 5041 potestatis
783 4988 963 5027 eorum
996 4989 1097 5026 non
1125 4983 1273 5037 erat,
1305 4984 1360 5026 ut
1388 4989 1721 5042 qua-cunque

197 5064 383 5116 vellunt
411 5062 688 5127 docerent,
721 5063 813 5117 sed
841 5079 954 5130 qua:
994 5063 1191 5130 Spiritu
1231 5065 1473 5117 illustrati
1513 5066 1719 5120 didice-

197 5162 341 5217 rant,
373 5168 429 5204 ea
469 5155 576 5203 so'a
617 5153 874 5206 dicebant.
919 5154 1040 5207 Haec
1069 5154 1184 5208 ideo
1213 5155 1436 5208 dicimus
1456 5196 1470 5217 ,
1505 5171 1569 5208 ne
1599 5159 1718 5221 quis

197 5244 255 5295 ad
288 5243 487 5295 libitum
515 5255 664 5293 suum
695 5238 991 5305 Scripturas
1019 5257 1280 5308 exponere
1323 5244 1531 5296 audeat.
1579 5243 1722 5295 Ridi-

196 5334 305 5387 cule
331 5333 536 5401 quidam
565 5332 674 5384 hinc
702 5331 837 5383 beati
867 5331 1001 5382 Petri
1033 5334 1188 5385 verba
1223 5338 1590 5402 interpretatus
1619 5343 1721 5397 est,

198 5422 367 5476 dicens
393 5423 527 5490 quod
557 5423 690 5476 sicut
720 5419 887 5472 listula
917 5419 1097 5473 flatum
1127 5423 1232 5474 oris
1264 5425 1471 5476 humani
1493 5461 1506 5483 ,
1540 5431 1594 5474 ut
1640 5437 1723 5474 re-

201 5521 368 5574 sonet,
398 5511 615 5577 accipit,
647 5524 742 5562 nec
769 5523 954 5560 sonum
987 5520 1159 5561 tamen
1205 5527 1313 5578 ipsa
1365 5526 1518 5579 quem
1563 5512 1718 5563 mini-

200 5609 350 5665 strat,
378 5604 492 5669 quia
523 5600 839 5653 insensibilis
867 5611 1060 5652 natura:
1088 5611 1198 5667 est,
1225 5604 1516 5671 intelligere
1545 5605 1712 5668 valet;

205 5690 266 5740 ita
288 5695 547 5760 propheta:
571 5692 658 5744 Dei
688 5689 883 5757 Spiritu
915 5692 1148 5760 inSpirati
1173 5735 1187 5760 ,
1212 5710 1272 5749 ea
1297 5712 1410 5766 qua:
1437 5697 1570 5750 idem
1602 5695 1718 5763 Spi-

421 5812 678 5868 I’nitttL.
726 5805 947 5867 XCIII.

1859 637 1975 678 rent
2001 624 2094 693 ipsi
2125 638 2297 683 mente
2325 640 2597 701 tenerent,
2633 637 2778 704 juxta
2821 638 2944 693 illud
2990 642 3252 698 Maronis:
3291 647 3387 697 "ut

1858 715 1964 766 sine
1989 725 2148 768 mente
2176 734 2351 772 sonum
2376 739 2394 786 ;
2423 725 2558 790 quod
2591 726 3024 793 impudentissimi
3055 737 3248 790 erroris
3272 753 3388 791 es«e

1861 803 2027 867 palam
2054 806 2237 860 claret.
2269 811 2543 874 Quomodo
2569 814 2706 868 enim
2752 820 3078 874 audientibus
3119 837 3219 877 tam
3265 843 3386 882 sana
3418 825 3420 827 ’

1859 891 2064 946 vivendi
2094 896 2312 949 consilia
2343 900 2562 966 darent,
2597 901 2640 954 si
2669 903 2866 959 insanis
2894 908 3089 962 similes
3134 912 3227 978 ipsi
3269 929 3386 980 quze

1859 978 2197 1046 loquerentur
2239 988 2546 1041 nescirent?
2587 991 2757 1055 Quare
2787 995 3018 1049 videntes
3060 978 3385 1066 appellantur

1857 1067 2122 1132 propheta:
2144 1070 2167 1120 ‘l
2193 1069 2302 1134 Qua
2333 1074 2532 1128 ratione
2571 1079 2819 1146 scriptum
2860 1093 2938 1134 est
2967 1101 2978 1134 :
3019 1083 3232 1140 Verbum
3259 1106 3389 1158 quae.

1855 1154 1975 1206 vidit
2004 1153 2173 1209 Isaias
2203 1157 2352 1223 (lani.
2384 1163 2476 1228 ιι).
2507 1175 2594 1217 aut
2623 1166 2809 1234 aliquis
2831 1172 3116 1239 propheta,
3148 1176 3244 1228 nisi
3269 1153 3388 1247 quis

1858 1238 1907 1290 in
1929 1243 2136 1296 occulto
2161 1246 2416 1300 visionum
2445 1252 2734 1306 cmlestium
2762 1238 3076 1313 lucidissime
3103 1238 3364 1320 mentis-iu

1858 1329 1987 1381 tuitu
2007 1336 2391 1400 cognoscebant
2413 1353 2623 1404 arcana,
2645 1358 2760 1410 qua:
2782 1345 2918 1401 foras
2941 1350 3047 1403 suis
3069 1353 3386 1413 auditoribus

1857 1418 2022 1484 palam
2054 1421 2226 1475 verbis
2253 1425 2644 1497 qu-ibuscunqtte
2671 1433 2862 1487 vellent
2894 1435 3182 1494 efferrent?

2463 1557 2681 1613 CAPUT
2719 1561 2779 1626 lli.

1923 1674 2158 1733 Fuerunt
2201 1698 2315 1737 vero
2359 1696 2403 1739 et
2449 1692 2892 1762 pseudoprophette
2938 1699 2986 1750 in
3031 1704 3253 1770 papula,
3283 1717 3380 1759 etc.

1852 1769 1978 1832 Qua:
2007 1783 2138 1824 secta
2171 1773 2384 1841 Latine,
2421 1778 2601 1834 Graece
2630 1784 2820 1836 dicitur
2864 1769 3100 1853 Ita’resis,
3123 1809 3240 1845 cum
3271 1797 3382 1863 quis

1853 1860 2009 1912 stulta
2041 1861 2390 1920 obstinatione
2419 1883 2653 1924 errorum
2680 1890 2834 1940 quem
2866 1881 3026 1932 semel
3053 1884 3209 1948 ctepit
3236 1860 3381 1939 seiu-

1851 1959 1942 2010 per
1994 1951 2182 2002 sectari
2237 1955 2536 2009 nullatenus
2583 1972 2768 2013 cessat.
2823 1965 2969 2028 Quod
3026 1968 3380 2029 lucreticorum

1849 2035 2112 2100 praprium
2142 2053 2261 2091 esse
2291 2043 2405 2107 quis
2435 2045 2626 2098 neseiat
2654 2048 2676 2098 ἵ

1917 2120 1985 2172 Et
2010 2137 2119 2175 eum
2147 2129 2228 2189 qui
2253 2129 2371 2180 emit
2398 2145 2478 2181 eos
2509 2131 2771 2186 Dominum
2804 2150 3012 2206 negant,
3042 2151 3142 2197 etc.
3181 2145 3253 2199 De
3282 2148 3380 2202 huc

1848 2224 2086 2278 emptore
2113 2227 2164 2269 et
2198 2218 2386 2272 Paulus
2430 2225 2502 2275 ait
2532 2241 2543 2274 :
2579 2225 2751 2292 Empti
2775 2230 2900 2280 enim
2929 2234 3044 2284 estis
3089 2239 3245 2301 pretio
3274 2257 3379 2292 mn-

1844 2318 1974 2370 gno,
2027 2306 2302 2371 gloriﬁcate
2347 2319 2394 2360 et
2441 2321 2630 2373 portate
2676 2314 2830 2366 Deum
2875 2319 2926 2368 in
2973 2336 3177 2389 corpore
3223 2339 3374 2380 vestr:

1845 2393 1862 2457 (
1891 2390 1919 2444 1
1948 2391 2068 2445 Cor.
2099 2394 2193 2464 6).
2227 2397 2411 2452 Merito
2439 2411 2610 2454 autem
2641 2406 2737 2456 sibi
2768 2409 2988 2461 celerem
3034 2414 3373 2476 perditionem

1845 2487 2244 2555 superducunt,
2300 2493 2385 2558 qui
2441 2494 2838 2562 Redemptorem
2893 2518 3040 2554 suum
3095 2518 3376 2572 negantes,

1846 2572 1986 2626 hunc
2018 2588 2157 2630 recte
2186 2581 2482 2635 contitendo
2508 2585 2798 2650 glorilicare
2818 2629 2831 2653 ,
2875 2602 2921 2643 et
2968 2593 3098 2646 bene
3140 2595 3372 2652 facicudc

1843 2673 1941 2712 suo
1971 2663 2020 2712 in
2053 2678 2273 2732 corpore
2305 2667 2439 2722 ferre
2463 2671 2751 2728 detrectant
2775 2695 2784 2728 :
2810 2671 2945 2744 q'uud
2974 2698 3155 2737 mnues
3184 2684 3372 2739 faciunt

1845 2746 2077 2802 haeretici
2107 2767 2119 2814 ;
2152 2767 2268 2804 nam
2301 2764 2351 2807 et
2381 2757 2535 2811 Arius
2555 2800 2569 2822 ,
2601 2763 2685 2828 qui
2715 2763 3112 2834 Redemptorem
3140 2782 3371 2829 nostrum

1843 2835 1896 2888 in
1925 2837 2199 2893 divinitate
2235 2843 2386 2898 Patre
2418 2848 2673 2904 minorem
2704 2854 2860 2917 dicit,
2889 2868 2938 2910 et
2971 2858 3252 2924 Photinus,
3287 2865 3373 2929 qui

1841 2923 1998 2982 dicit:
2026 2947 2044 2979 ι
2063 2930 2300 2988 Christus
2330 2935 2484 2990 homo
2513 2950 2622 3004 est,
2654 2942 2786 2996 Deus
2818 2961 2917 2999 non
2948 2958 3056 3014 est,
3079 2968 3096 3001 ι
3131 2961 3181 3003 et
3209 2923 3370 3006 Μηλί-

1841 3015 2016 3072 chzeus
2037 3059 2051 3082 ,
2098 3023 2184 3090 qui
2215 3024 2376 3078 dicit:
2411 3044 2428 3076 r
2459 3027 2694 3085 Christus
2727 3034 2860 3087 Deus
2891 3045 3088 3092 tantum
3118 3049 3237 3106 est,
3275 3041 3362 3094 hu-

1805 3158 1817 3184 .
1845 3121 1932 3159 mo
1957 3123 2113 3162 verus
2144 3127 2242 3164 non
2273 3124 2350 3166 est
2370 3155 2386 3180 ,
2414 3134 2432 3167 ι
2460 3126 2513 3171 et
2543 3119 2700 3173 Ebion
2722 3162 2736 3187 ,
2770 3126 2854 3192 qui
2884 3125 3010 3181 dicit
3036 3145 3049 3181 :
3085 3146 3104 3179 ι
3137 3131 3370 3186 Christus

1845 3208 1967 3251 ante
1995 3198 2206 3252 Mariam
2238 3218 2338 3256 non
2370 3215 2514 3269 erat,
2546 3225 2607 3261 ex
2641 3213 2751 3276 ipsa
2783 3215 3032 3281 originem
3063 3224 3282 3286 sumpsit
3305 3264 3319 3284 ,
3360 3243 3371 3271 ι

1841 3294 1896 3338 et
1922 3287 2272 3356 Apollinaris,
2302 3297 2385 3361 qui
2417 3296 2539 3349 dicit
2566 3315 2577 3351 :
2609 3316 2625 3348 ι
2657 3298 2889 3357 Christus
2929 3315 3125 3362 tantum
3160 3311 3294 3364 Deus
3321 3323 3367 3370 et

1841 3389 1966 3428 caro
1995 3390 2072 3429 est
2096 3418 2111 3440 .
2142 3383 2365 3434 animam
2399 3387 2700 3442 rationalem
2751 3409 3010 3458 nunquam
3053 3403 3313 3468 suscepit.
3346 3421 3364 3454 ι

1843 3471 1895 3515 ct
1925 3463 2188 3532 Pelagius,
2220 3471 2307 3536 qui
2336 3473 2459 3526 dicit
2487 3493 2496 3525 :
2527 3493 2544 3526 ι
2576 3478 2810 3533 Christus
2842 3484 3157 3553 Redemptor
3186 3463 3371 3556 parvu-

1844 3553 2008 3606 lorum
2054 3555 2105 3608 iu
2146 3557 2402 3625 baptismo
2433 3579 2532 3617 non
2560 3576 2670 3630 est,
2702 3573 2817 3637 quia
2866 3577 2979 3628 sine
3024 3553 3374 3646 iniquitatibus

1840 3644 2079 3710 ceuccpti
2101 3685 2114 3706 ,
2145 3656 2197 3698 et
2223 3649 2336 3703 sine
2360 3651 2563 3708 delictis
2588 3672 2614 3707 a
2642 3669 2806 3714 matre
2835 3676 2924 3715 sua
2954 3644 3142 3733 geniti,
3176 3672 3375 3726 nullum

1842 3743 2058 3793 prorsus
2103 3735 2294 3789 habent
2325 3755 2593 3805 peccatum
2626 3750 2761 3812 qtttid
2796 3753 2892 3802 sibi
2924 3754 3109 3808 debeat
3146 3760 3365 3825 dimitti,

1840 3819 2059 3887 ideoque
2104 3825 2342 3880 Christus
2387 3847 2487 3883 nou
2534 3847 2613 3886 est
2654 3839 2893 3893 Salvator
2921 3846 3150 3899 oumium
3179 3849 3370 3901 electu-

1839 3924 1952 3963 rum
1981 3928 1994 3977 ;
2024 3929 2044 3964 ι
2077 3924 2129 3967 et
2158 3920 2331 3971 caeteri
2364 3937 2479 3973 cum
2511 3922 2592 3976 his
2632 3927 2859 3983 hteretiei
2907 3933 3174 3990 Dominum
3208 3942 3373 4005 prole-

1838 4012 1944 4066 cto,
1975 4006 2059 4073 qui
2087 4010 2215 4061 emit
2244 4025 2334 4064 eos
2365 4014 2533 4080 pretio
2562 4021 2823 4084 sanguinis
2850 4025 2929 4076 sui
2953 4066 2967 4085 .
3003 4040 3221 4094 negant,
3254 4033 3370 4097 quia

1843 4090 1986 4144 illuni
2020 4109 2121 4148 non
2151 4101 2352 4164 qualem
2387 4103 2574 4154 veritas
2603 4109 2859 4173 ostendit,
2891 4113 2982 4165 sed
3028 4117 3231 4177 qualem
3277 4121 3370 4185 ipsi

1843 4180 1940 4231 sibi
1973 4180 2173 4250 ﬁngunt
2214 4189 2518 4252 prazdicant.
2561 4193 2624 4245 Et
2669 4208 2940 4262 propterea
2970 4216 2996 4252 a
3028 4180 3368 4270 Redemptum

1836 4271 1989 4323 alieni
2021 4271 2172 4340 facti,
2217 4277 2342 4329 nihil
2385 4280 2574 4334 certius
2619 4300 2772 4351 quam
2821 4287 3019 4342 foveam
3065 4294 3365 4360 perditionis

1836 4371 2158 4424 etSpectaut.

1763 4481 1811 4538 υ
1908 4450 1970 4501 Et
1992 4455 2136 4504 multi
2154 4465 2417 4521 sequentur
2445 4474 2613 4511 eorum
2639 4463 2884 4527 luxurias,
2927 4476 3028 4520 etc.
3061 4467 3151 4520 Via
3177 4473 3362 4524 verita-

1844 4540 1909 4593 tis
1959 4541 2400 4608 blasphemabitur
2429 4562 2518 4610 per
2561 4549 2833 4604 haereticiis
2884 4569 2982 4604 non
3013 4560 3179 4608 solum
3209 4560 3257 4609 iu
3287 4561 3359 4612 eis

1829 4643 1963 4693 quos
1992 4644 2099 4682 sua:
2131 4631 2314 4683 hmresi
2347 4634 2560 4686 eductos
2603 4642 2887 4703 associant,
2925 4644 3016 4695 sed
3049 4645 3097 4698 in
3128 4646 3203 4698 eis
3231 4666 3355 4717 quo-

1827 4734 1930 4787 que
1958 4734 2087 4786 quos
2119 4735 2207 4784 per
2237 4724 2584 4787 impurissime
2612 4740 2702 4778 Sua
2733 4729 2860 4782 facta
2902 4742 2951 4784 et
2977 4737 3247 4802 sacriﬁcia,
3279 4740 3356 4793 vel

1827 4811 2074 4877 mystcria
2097 4814 2407 4863 exsecranda
2427 4829 2540 4879 qua:
2559 4815 2769 4876 faciunt.
2800 4821 2849 4871 in
2877 4822 3050 4874 odium
3087 4825 3366 4881 Christiani

1826 4901 2050 4950 nominis
2079 4904 2360 4963 eouuitaut,
2394 4906 2808 4958 existimantilms
2881 4909 3135 4976 imperitis
3183 4929 3367 4970 omnes

1822 4984 2144 5041 Cbrisniauos
2166 4989 2456 5055 hujusmodi
2483 4991 2686 5060 flagitiis
2706 5010 2823 5046 esse
2849 4998 3187 5064 iuaucipatos.
3217 5003 3355 5067 Qua-

1761 5144 1764 5148 .
1825 5076 1962 5131 libus
1987 5079 2110 5130 dicit
2140 5081 2403 5145 Scriptura
2434 5100 2444 5132 :
2484 5080 2580 5132 Per
2607 5099 2689 5134 vos
2709 5098 2887 5136 nomen
2939 5101 3101 5138 meum
3131 5090 3364 5156 blasphe-

1823 5177 1988 5218 matur
2014 5169 2064 5218 in
2091 5170 2315 5235 gentibus
2344 5168 2493 5238 (hai.
2517 5171 2626 5235 ιιι).

1895 5255 2084 5317 Quibus
2117 5258 2368 5323 judicium
2387 5266 2500 5337 jam
2555 5261 2672 5311 olim
2711 5275 2810 5311 non
2856 5271 3032 5315 cessat.
3086 5264 3216 5316 Cum
3243 5265 3352 5332 jant

1823 5344 1945 5396 olim
1978 5348 2300 5409 prmteritum
2331 5356 2530 5412 tempus
2562 5349 2837 5417 signiticet,
2866 5368 2966 5403 non
2986 5364 3348 5410 cessataltleut

1827 5431 2039 5485 verbum
2069 5438 2338 5498 priesentis
2369 5440 2618 5504 temporis
2639 5438 2706 5490 sit
2731 5440 2870 5506 (sic),
2898 5455 2997 5490 nun
3033 5441 3172 5494 aliud
3198 5443 3351 5498 intel-

1826 5519 2088 5586 ligendum
2114 5522 2334 5583 videtur,
2361 5527 2456 5578 nisi
2481 5529 2597 5592 quia
2635 5526 2739 5592 jam
2764 5529 2884 5578 olim
2914 5529 3072 5596 coepit
3093 5529 3343 5597 judicium

1822 5610 2122 5678 perditionis
2153 5611 2451 5678 impiorum,
2477 5615 2610 5681 quod
2661 5630 2752 5670 eos
2795 5622 3191 5683 prmseutialiter
3218 5637 3352 5674 sem-

1824 5716 1913 5769 per
1934 5699 2216 5766 ex'cruciat,
2243 5703 2389 5755 nullo
2418 5719 2642 5774 ttnquam
2672 5708 2772 5761 line
2799 5710 3043 5762 cessabit.

2925 5817 2961 5874 3
