3860 6230
511 466 577 522 78
942 464 1144 523 ΒΕυιΕ
1183 466 1616 522 \‘ENERAIllLIS
1652 466 1797 521 OPP.
1841 464 2013 521 PARS
2047 464 2112 517 ll.
2150 465 2336 521 SECT.
2380 466 2417 520 l'.
2448 497 2513 507 —
2544 468 2921 525 EXEGETICA
2964 471 3280 528 GENUINA.
3621 476 3681 530 76

576 579 638 636 Si
660 581 787 635 enim
820 578 954 632 Deus
973 580 1161 646 angelis
1184 579 1491 646 peccantibus
1515 595 1614 630 non
1636 579 1872 646 pepercit.
1897 577 2039 631 Multi
2068 578 2116 634 Α
2144 590 2205 628 ac
2256 576 2549 632 diuturnior
2599 595 2851 648 aquarum
2910 584 3135 651 impetus
3190 594 3385 638 terram
3440 586 3683 643 obsidens

508 674 646 727 enim
678 672 760 725 hic
791 668 1027 722 versiculi
1060 684 1161 722 uno
1185 669 1285 721 line
1308 670 1655 721 clauduntur:
1690 667 1841 720 Novit
1870 668 2043 719 Domi-

509 780 604 815 nus
627 763 734 829 pios
783 763 844 812 de
884 761 1152 812 tentatione
1190 759 1400 825 eripere.
1426 758 1485 812 Si
1514 758 1666 825 enim,
1693 757 1877 823 inquit,
1912 756 2045 809 Deus

507 852 697 921 angelis
725 850 1039 919 peccantibus
1078 864 1176 900 non
1207 849 1448 915 pepercit,
1489 847 1579 900 sed
1604 860 1695 900 eos
1718 847 1904 900 interni
1943 856 2045 899 tra-

510 940 646 991 ditos
676 940 842 1007 pinnis
881 938 945 990 ad
973 936 1202 1006 majores
1231 937 1281 989 in
1320 936 1406 988 die
1430 935 1607 1003 judicii
1640 943 1816 989 servat
1844 934 2046 987 crucia-

511 1042 593 1080 tus
622 1045 636 1090 ;
685 1030 727 1079 si
758 1026 1061 1094 originalem
1091 1026 1337 1078 mundum
1368 1034 1580 1092 propter
1610 1023 1809 1077 scelera
1846 1022 2046 1077 diluvio

510 1117 756 1184 perdens,
787 1116 893 1169 Noe
913 1115 1107 1182 justum
1129 1114 1356 1169 servavit
1375 1130 1389 1176 ;
1408 1114 1447 1165 si
1468 1112 1817 1168 Sodomorum
1842 1112 2045 1183 ﬂagitia

510 1208 751 1273 partiens,
799 1205 931 1259 Loth
965 1204 1181 1273 justitize
1220 1204 1473 1257 cultorem
1520 1202 1585 1256 ab
1630 1201 1836 1271 injustis
1876 1204 2042 1267 eruit;

506 1303 711 1347 constat
757 1310 849 1359 pro
876 1303 1019 1347 certo
1052 1292 1171 1361 quia
1218 1294 1353 1344 novit
1385 1290 1625 1343 Dominus
1663 1292 1769 1359 pios
1800 1290 1861 1343 de
1889 1298 2047 1343 tenta-

509 1386 639 1437 tione
656 1386 863 1451 eripere,
890 1384 1096 1451 iniquos
1125 1397 1249 1435 vero
1274 1381 1324 1433 in
1355 1380 1492 1433 diem
1518 1380 1701 1448 judicii
1734 1379 2047 1433 eruciandos

513 1490 800 1528 reservare.
840 1474 901 1526 Et
932 1472 1214 1526 notandum
1258 1488 1307 1525 tu
1330 1486 1395 1525 eo
1413 1470 1549 1541 quod
1580 1473 1671 1533 ait,
1700 1470 1861 1523 Deum
1890 1485 2047 1538 ange-

512 1566 575 1617 lis
602 1566 935 1633 peccantibus
980 1579 1081 1617 nnn
1138 1563 1454 1631 pepercisse,
1503 1562 1623 1629 quia
1653 1562 1748 1629 ipsi
1808 1562 1927 1614 mali
1954 1577 2047 1613 an—

510 1657 609 1721 geli
643 1669 743 1708 non
780 1669 808 1706 a
842 1655 945 1707 Deo
976 1654 1169 1706 conditi
1200 1653 1344 1719 mali,
1373 1652 1463 1706 sed
1496 1651 1764 1719 peccando
1788 1652 1906 1702 facti
1928 1658 2047 1703 sunt

514 1744 654 1795 mali.

579 1834 683 1887 Sed
702 1833 987 1885 rudentibus
1014 1832 1201 1900 inferni
1233 1831 1478 1884 detractos
1524 1831 1577 1883 in
1606 1838 1851 1882 tartarum
1885 1827 2045 1882 (radio

2144 665 2393 720 alluebat.

2217 754 2323 807 Sed
2345 765 2573 809 octavum
2601 756 2935 826 Noejustitia:
2962 775 3235 825 prteconcm
3274 764 3556 825 custodiuit,
3583 776 3682 815 etc.

2148 839 2367 896 Constat
2393 845 2639 899 omnibus
2664 846 2785 913 quia
2812 845 2921 900 Noe
2951 846 3159 901 decima
3184 849 3249 901 ab
3273 849 3437 903 Adam
3468 866 3685 919 genera-

2147 931 2293 987 tione
2323 945 2476 988 natus
2502 944 2601 997 est,
2626 936 2716 989 sed
2745 944 2986 990 octavum
3010 953 3128 991 eum
3154 940 3411 1008 nominat,
3430 942 3547 1007 quia
3566 953 3684 994 octo

2144 1018 2386 1076 homines
2433 1022 2691 1076 diluvium
2741 1036 3042 1091 evaserunt,
3101 1041 3132 1080 e
3172 1028 3362 1094 quibus
3412 1029 3501 1081 ille
3556 1044 3684 1082 unus

2143 1119 2276 1162 erat.
2310 1110 2507 1165 Idcirco
2536 1121 2709 1165 autem
2734 1114 2907 1168 octavi
2937 1116 3144 1170 numeri
3173 1116 3297 1171 facit
3341 1120 3681 1183 mentionem,

2144 1210 2202 1255 ut
2229 1203 2435 1257 occulte
2485 1205 2711 1258 insinuet
2758 1205 2877 1273 quia
2931 1216 3135 1275 tempus
3186 1209 3367 1263 diluvii
3408 1211 3681 1264 uisu-iunco

2145 1290 2405 1359 signiticet
2426 1294 2686 1347 examinis
2716 1295 2903 1360 ultimi,
2934 1296 3164 1364 quando,
3194 1297 3453 1353 damnatis
3500 1301 3679 1351 omni-

2147 1382 2244 1436 bus
2268 1383 2527 1448 reprobis,
2550 1399 2733 1439 omnes
2760 1386 2884 1454 justi
2914 1386 3131 1455 gloriam
3157 1388 3273 1440 vitae
3304 1391 3526 1455 perpetis
3549 1396 3675 1444 acci-

2148 1472 2307 1539 pient.
2364 1472 2465 1526 Sex
2515 1475 2707 1528 etenim
2763 1486 2886 1529 sunt
2938 1479 3210 1544 praesentis
3257 1480 3433 1531 szrculi
3483 1489 3680 1541 anates,

2147 1560 2370 1628 septima
2394 1561 2555 1614 etiam
2589 1578 2725 1616 nunc
2754 1565 2928 1631 agitur
2952 1573 3104 1629 tetas,
3140 1566 3190 1619 in
3221 1566 3308 1618 illa
3336 1568 3437 1620 vita
3465 1568 3550 1620 ubi
3581 1572 3682 1621 ani-

2146 1665 2245 1702 mae
2296 1661 2595 1706 sanctorum
2645 1654 2880 1708 Sabbato
2926 1655 3088 1721 felici,
3122 1656 3170 1709 id
3199 1666 3301 1721 est,
3352 1658 3529 1727 requie
3576 1673 3684 1726 per-

2148 1738 2388 1794 fruuntur
2416 1751 2635 1807 aeterna,
2659 1754 2842 1797 octava
2892 1755 2973 1799 est
3000 1756 3211 1799 ventura
3242 1754 3478 1815 tempore
3505 1762 3684 1802 resur-

2147 1831 2392 1885 rcctionis
2418 1835 2649 1887 omnium
2677 1845 2729 1887 et
2753 1835 3063 1889 universalis
3097 1836 3305 1903 judicii.
3336 1839 3560 1892 iustitia.-
3594 1856 3684 1891 au-

511 1926 607 1987 dit,
640 1933 747 1976 etc.
782 1924 928 1975 lluuc
958 1922 1275 1975 versiculum
1299 1921 1398 1973 alia
1429 1919 1721 1975 Translatio
1746 1920 1821 1972 sic
1850 1918 2003 1973 habet
2028 1934 2040 1970 :
2080 1901 2123 1959 Β
2155 1932 2257 1974 tem
2286 1937 2577 1989 prreconem
2621 1924 2730 1977 Noe
2753 1901 3112 1993 cognominat,
3145 1928 3265 1995 quia
3292 1926 3504 1993 justilim
3532 1943 3683 1993 opera

512 2014 613 2066 Sed
656 2013 931 2066 carceribus
960 2012 1189 2080 caliginis
1214 2011 1364 2079 inferi
1411 2009 1691 2073 retrudens,
1743 2008 1949 2061 tradidit
1995 2009 2046 2059 in

506 2104 705 2173 judicio
737 2105 1010 2166 puniendos
1039 2102 1301 2154 reservari.
1333 2100 1572 2154 Ostendit
1601 2114 1725 2166 ergo
1751 2099 1920 2151 adhuc
1956 2112 2044 2149 aue

512 2194 645 2259 gelis
674 2194 922 2260 apostatis
951 2192 1114 2245 ultimi
1143 2191 1326 2259 judicii
1356 2205 1560 2259 pmnam
1610 2189 1809 2252 deberi,
1859 2189 1923 2239 de
1946 2201 2046 2253 qua

518 2282 763 2333 Dominus
811 2280 974 2333 dicit:
1012 2280 1087 2332 Ite
1118 2281 1165 2332 in
1224 2281 1387 2348 ignem
1442 2290 1679 2331 arternum
1724 2279 1810 2344 qui
1844 2285 2047 2340 paratus

511 2380 584 2423 est
629 2370 825 2422 diabolo
848 2383 892 2420 et
915 2371 1101 2437 angelis
1130 2370 1237 2436 ejus
1267 2366 1475 2434 (Matth.
1519 2367 1665 2432 xxv),
1687 2365 1917 2431 quamvis
1941 2362 2045 2429 jam

511 2460 785 2527 pmnalitcr
833 2460 967 2510 hunc
1009 2458 1291 2521 infernum,
1334 2457 1431 2508 hoc
1481 2462 1564 2509 est
1606 2446 1899 2508 inferiorem
1927 2451 2049 2504 eali-

508 2550 746 2615 ginosum
808 2561 1013 2610 acrem,
1097 2553 1340 2612 tanquam
1406 2559 1667 2598 carcerem
1732 2544 2045 2609 acceperint.

510 2642 768 2703 Quantum
824 2637 961 2689 enim
1013 2635 1076 2689 ad
1126 2628 1497 2689 sublimitatem
1550 2634 1690 2695 Cteli,
1739 2630 1849 2700 jam
1897 2632 2048 2697 hujus

514 2727 649 2780 aeris
698 2726 921 2793 spatium
954 2726 1055 2778 dici
1103 2723 1337 2776 infernus
1367 2731 1559 2789 potest,
1608 2722 1683 2775 sic
1713 2731 1766 2776 et
1794 2731 2053 2787 quantum

464 2867 470 2873 ,
515 2818 575 2867 ad
604 2814 836 2882 ejusdem
868 2812 1005 2866 aeris
1068 2812 1416 2874 altitudinem,
1480 2820 1615 2864 terra
1663 2825 1780 2877 quin
1834 2809 2047 2863 inferius

510 2905 666 2970 jacet,
695 2904 927 2957 Hilernus
962 2902 1181 2968 intelligi
1215 2910 1384 2967 potest
1413 2909 1463 2953 et
1498 2899 1804 2967 profundus.
1842 2900 2048 2952 Ruden-

511 3005 587 3045 tes
611 3003 792 3044 autem
838 2992 1026 3044 interni
1077 2992 1303 3057 appellat
1355 2991 1518 3057 ipsam
1550 2990 1813 3057 superbia:
1843 2990 2045 3055 jactan-

513 3084 659 3141 tiam,
703 3094 800 3145 qua
854 3080 1023 3147 angeli
1076 3080 1187 3147 ejus
1238 3078 1449 3144 spiritus
1479 3087 1662 3131 contra
1708 3077 2045 3130 Conditorem

511 3171 772 3223 intumuit.
827 3167 1093 3220 Rudentes
1141 3168 1331 3234 quippe
1360 3168 1601 3219 dicuntur
1644 3164 1814 3228 funes,
1854 3166 2040 3231 quibus

509 3269 677 3309 nautae
710 3257 821 3309 vela
855 3257 1199 3323 suspendunt,
1251 3265 1307 3307 ut
1355 3256 1516 3307 ﬂante
1543 3268 1669 3307 aura
1704 3263 1881 3319 portus
1905 3264 2043 3304 tran-

508 3350 817 3416 quillitati-tn
869 3349 1202 3413 relinquant,
1254 3360 1476 3411 seseque
1533 3345 1785 3411 ambiguis
1836 3359 2043 3410 semper

504 3438 650 3503 potiti
678 3436 921 3489 ﬂuetibus
947 3434 1181 3488 credunt.
1217 3434 1415 3508 Quibus
1441 3437 1817 3487 convenienter
1849 3434 2041 3485 ruden-

504 3528 646 3580 tibus
684 3525 1069 3580 immundornm
1103 3525 1374 3591 spirituum
1423 3525 1697 3577 conamina
1726 3538 2041 3592 comparan-

508 3629 614 3682 tur,
650 3616 739 3684 qui
773 3632 889 3670 mox
916 3626 992 3681 ut,
1036 3617 1158 3668 ﬂatu
1182 3614 1439 3682 superbiae
1465 3614 1691 3680 impulsi,
1718 3629 1773 3667 se
1793 3614 2041 3668 adversus

509 3705 843 3757 Conditorem
874 3713 1171 3765 erexerunt,
1202 3705 1327 3771 ipsis
1364 3703 1604 3757 elationis
1632 3719 1736 3757 sua:
1770 3706 2040 3758 conatibus

520 3800 569 3848 in
596 3795 765 3862 abyssi
798 3794 1048 3860 profunda
1072 3803 1191 3845 sunt
1220 3792 1378 3859 rapti.
1424 3792 1639 3857 Quidam
1689 3792 1911 3845 Codices
1952 3793 2043 3843 ba-

521 3885 681 3935 bent:
716 3882 1147 3949 Sed-rugientibus
1175 3882 1357 3948 inferni
1410 3883 1657 3932 detractos
1697 3882 1749 3931 in
1800 3888 2041 3931 tartarum

515 3972 755 4035 tradidit,
789 3972 923 4038 quod
954 3985 1130 4022 vocem
1161 3972 1239 4023 vel
1269 3984 1507 4035 superine
1532 3970 1789 4032 elationis,
1823 3971 1903 4022 vel
1926 3968 2043 4036 eju-

524 4063 656 4115 latus
690 4062 738 4113 in
769 4058 937 4129 pinnis
966 4058 1240 4125 signiticet.
1271 4058 1499 4127 lingiunt
1524 4074 1742 4125 namque
1772 4057 1901 4123 fere,
1926 4071 2042 4110 cum

518 4152 601 4207 vel
626 4152 811 4204 latnem
846 4150 925 4204 vel
951 4148 1069 4218 quid
1100 4148 1237 4201 aliud
1281 4150 1567 4215 patiuntur,
1616 4156 1826 4215 propter
1857 4147 2041 4199 nimie-

518 4251 676 4296 tatem
704 4243 943 4296 elationis
970 4240 1103 4294 t‘erre
1133 4253 1233 4292 non
1253 4240 1504 4303 valentes,
1548 4223 1591 4292 si
1610 4238 1731 4306 quid
1757 4239 1833 4293 eis
1859 4238 2045 4292 adver-

514 4330 683 4387 sitatis
713 4330 1019 4384 occurrerit.

590 4418 655 4470 Et
684 4419 916 4486 originali
941 4404 1125 4468 mundo
1152 4431 1249 4467 non
1274 4417 1507 4482 pepercit.
1530 4414 1667 4467 idem
1693 4416 1804 4481 ipse
1821 4413 2044 4467 mundus

2147 2006 2348 2061 faciens
2376 2012 2579 2063 cunctis
2629 2010 2976 2073 intuentibus,
3002 2013 3231 2080 qualiter
3261 2028 3440 2067 coram
3473 2014 3685 2066 Demino

2148 2098 2421 2151 vivendum
2450 2108 2591 2153 esset
2616 2100 2872 2153 ostendit.
2930 2100 3106 2170 Neque
3148 2101 3287 2154 enim
3316 2103 3476 2154 verbo
3503 2118 3675 2169 quem-

2150 2188 2287 2254 piam
2314 2189 2509 2241 docere
2542 2190 2819 2258 reperitur,
2845 2191 3035 2257 quippe
3064 2189 3209 2258 cujus
3235 2205 3329 2243 nec
3358 2205 3491 2243 unus
3516 2204 3683 2243 sermo

2148 2275 2407 2341 reperitur
2429 2276 2492 2328 ad
2520 2276 2684 2331 Deum
2718 2279 2946 2341 prolatus
2980 2277 3059 2331 vel
3106 2278 3394 2344 hominem,
3428 2279 3519 2330 sed
3552 2278 3680 2343 quod

2148 2365 2388 2415 maxima:
2415 2366 2626 2417 virtutis
2654 2376 2755 2429 est,
2782 2366 2831 2419 in
2860 2376 2965 2419 tota
2994 2382 3128 2419 arcte
3151 2367 3367 2427 fabrica,
3390 2369 3440 2419 in
3464 2368 3682 2419 adventu

2150 2453 2357 2516 diluvii,
2388 2454 2438 2505 in
2498 2454 2769 2521 sequentis
2820 2457 2914 2507 πενὶ
2960 2456 3276 2523 primordiis,
3333 2470 3427 2509 ore
3476 2455 3679 2523 quidem

2148 2543 2356 2604 silente,
2388 2544 2481 2596 sed
2531 2544 2706 2607 cordis
2757 2545 3044 2597 devotione
3097 2544 3478 2611 promptissima
3528 2543 3682 2611 jussis

2149 2632 2513 2698 obtemperare
2544 2632 2869 2686 ccelestibus.

2220 2720 2282 2771 Et
2323 2722 2545 2772 civitates
2603 2722 2943 2775 Sodomorum
2994 2732 3038 2775 et
3092 2722 3550 2789 Gomorrhteorum,
3583 2732 3679 2775 etc.

2147 2808 2275 2873 Quia
2303 2809 2545 2863 civitates
2573 2811 2854 2877 impiorum
2885 2813 2934 2863 in
2964 2812 3194 2864 cinerem
3226 2812 3462 2864 redactas
3482 2813 3683 2873 asserit,

2147 2895 2421 2961 dupliciter
2448 2896 2668 2964 intelligi
2712 2898 2889 2951 debet.
2944 2898 3077 2963 Quia
3125 2907 3178 2952 et
3205 2899 3374 2965 primo
3398 2914 3485 2967 per
3510 2900 3685 2951 incen-

2148 2986 2293 3038 dium
2323 3002 2414 3039 eas
2440 3002 2558 3041 cum
2606 2988 2977 3055 atljaceutibus
3023 2991 3177 3042 terris
3207 2990 3257 3041 in
3289 2990 3510 3042 cinerem
3537 2990 3685 3041 retie-

2148 3077 2240 3144 git,
2276 3087 2478 3129 etcum
2516 3077 2627 3130 loca
2660 3078 2889 3131 incendii
2924 3080 3255 3146 postmodum
3296 3080 3480 3130 mortui
3530 3078 3684 3129 ιηπὶς

2156 3168 2305 3220 undis
2328 3167 2642 3231 coutexerit,
2678 3182 2893 3221 servare
2941 3168 3113 3219 adhuc
3142 3166 3305 3219 voluit
3350 3168 3681 3231 circumposi-

2161 3266 2264 3306 tam
2318 3256 2583 3319 regiOuem
2639 3256 2826 3323 priscae
2880 3256 3106 3324 speciem
3159 3270 3346 3323 ptenre.
3406 3254 3681 3308 Nascuntur

2149 3347 2286 3398 enim
2332 3360 2482 3413 poma
2512 3344 2883 3413 pulcherrima,
2914 3360 3026 3413 quae
3054 3354 3108 3397 et
3135 3345 3321 3399 edendi
3359 3346 3677 3411 cupiditatem

2146 3436 2499 3503 Spectantibus
2525 3445 2799 3503 generant.
2834 3437 2887 3488 Si
2918 3450 3124 3501 carpas,
3158 3434 3422 3499 fatiscunt,
3448 3449 3505 3486 ac
3532 3439 3681 3486 re-ol-

2146 3534 2336 3575 vuntur
2371 3526 2420 3575 in
2450 3524 2707 3586 cinerem,
2742 3524 3051 3590 fumumque
3077 3525 3333 3585 excitant,
3353 3527 3495 3591 quasi
3524 3527 3679 3577 adhuc

2148 3613 2387 3665 ardeant.
2447 3613 2594 3666 Unde
2646 3613 2695 3664 in
2748 3612 2884 3665 libro
2930 3612 3215 3680 Sapientia:
3268 3614 3457 3666 dicitur
3506 3632 3515 3664 :
3568 3615 3679 3666 lltec

2139 3704 2335 3771 justum
2359 3719 2387 3753 ο
2412 3702 2735 3768 pereuntibus
2754 3702 2923 3765 impiis
2952 3701 3175 3753 liberavit
3202 3704 3471 3769 fugientem
3496 3705 3680 3754 descen-

2146 3794 2291 3846 dente
2317 3794 2429 3859 igne
2461 3795 2509 3843 in
2541 3792 2878 3859 Pentapolim.
2906 3789 3061 3858 Cujus
3089 3792 3137 3843 in
3168 3793 3501 3844 testimonium
3522 3794 3679 3859 nrqui~

2149 3886 2231 3937 tia:
2270 3884 2633 3952 fumigabuuda
2682 3891 2874 3935 constat
2930 3882 3126 3935 deserta
3174 3892 3327 3945 terra,
3375 3894 3419 3935 tt
3467 3886 3515 3935 in
3544 3893 3679 3935 .certo

2148 3984 2364 4044 tempore
2387 3975 2580 4043 fructus
2600 3976 2830 4025 habentes
2859 3972 3225 4040 arbores(Sap.
3258 3972 3674 4041 x).Subauditur:

2152 4060 2215 4111 Et
2243 4062 2365 4125 ipsa:
2397 4058 2783 4125 futttigabundte
2830 4066 3077 4111 Constant
3118 4058 3363 4113 desertae.
3412 4060 3469 4111 Et
3496 4066 3583 4111 hoc
3606 4071 3681 4111 est

2150 4148 2290 4216 quod
2320 4148 2403 4200 bie
2428 4161 2636 4215 quoque
2663 4145 2997 4214 subjungitur
3029 4162 3041 4196 :

2221 4238 2520 4304 Exemplum
2550 4253 2723 4289 eorum
2738 4237 2822 4304 qui
2848 4237 2998 4305 impie
3013 4237 3176 4287 acturi
3200 4249 3316 4289 sunt
3337 4256 3536 4307 ponens.
3564 4239 3676 4291 Nam

2158 4338 2211 4381 et
2245 4328 2378 4392 ignis
2406 4328 2492 4395 qui
2522 4326 2822 4381 Sodomitas
2850 4327 3013 4379 semel
3044 4328 3229 4393 puniit,
3264 4331 3495 4383 ostendit
3518 4340 3679 4396 puteu-

2154 4432 2231 4474 ter
2260 4422 2393 4489 quod
2425 4420 2567 4486 impii
2598 4419 2703 4471 sint
2749 4418 2861 4471 sine
2884 4417 2986 4471 line
3019 4421 3247 4485 passuri.
3295 4421 3357 4474 Et
3384 4424 3522 4490 quod
3554 4432 3675 4473 terra

516 4518 617 4572 θδῑν
654 4509 703 4560 in
752 4520 855 4574 (ιιιο
904 4520 1039 4557 “unc
1086 4504 1365 4556 humanm“
1416 4518 1578 4571 39"“9
1625 4504 1845 4569 habili“.
1885 4520 2036 4573 quem
2074 4542 2127 4601 ι)
2152 4525 2334 4564 eorum
2368 4509 2741 4577 fumigabunda
2773 4517 2995 4573 constat,
3029 4511 3165 4578 quod
3197 4510 3399 4564 fructus
3428 4512 3538 4579 ejus
3576 4512 3675 4576 pul-

520 4595 939 4650 inbabitaveruut
986 4593 1035 4644 bi
1088 4592 1174 4659 qui
1219 4600 1335 4643 ante
1376 4592 1627 4645 diluvium
1675 4591 1902 4645 fuerunt.
1946 4594 2045 4645 Sed

521 4695 696 4738 tamen
732 4690 869 4734 recte
899 4681 1163 4750 originalis
1204 4682 1425 4733 mundus
1454 4682 1556 4744 ille,
1591 4683 1735 4749 quasi
1773 4682 1903 4735 alius
1925 4682 2051 4735 dit-i-

525 4781 625 4834 tur,
674 4767 793 4837 quia
845 4768 979 4821 sicut
1020 4770 1070 4819 in
1122 4770 1555 4834 consequentibus
1609 4770 1760 4838 hujus
1802 4771 2049 4839 Epistolas

525 4860 775 4927 scriptum
817 4858 1131 4916 continetur,
1167 4858 1254 4907 ille
1282 4866 1404 4908 tunc
1456 4858 1677 4909 mundus
1728 4874 1857 4925 aqua
1904 4861 2052 4912 inun-

526 4950 678 5001 datos
707 4950 945 5015 periit,et
970 4948 1116 5000 caelis
1150 4948 1386 4998 videlicet
1410 4946 1495 5013 qui
1519 4958 1665 4997 erant
1689 4949 1852 5013 prius,
1878 4948 1926 4999 id
1950 4959 2048 5010 est,

531 5040 731 5091 eunetis
760 5038 895 5090 aeris
926 5036 1076 5105 hujus
1124 5034 1404 5089 turbulenti
1460 5035 1642 5102 spatiis
1694 5050 1942 5101 aquarum
1969 5050 2056 5087 ac-

524 5128 871 5184 crescentium
911 5129 1179 5179 altitudine
1222 5126 1566 5194 consumptis,
1600 5134 1734 5177 terra
1766 5138 1972 5191 quoque
2001 5125 2055 5175 in

528 5223 744 5274 alteram
777 5220 957 5278 faciem
980 5216 1355 5270 excedentibus
1402 5217 1548 5281 aquis
1593 5215 1885 5266 immutata.
1926 5211 2052 5263 Nam

504 5310 626 5363 'etsi
655 5318 859 5362 montes
891 5306 1049 5371 aliqui
1074 5314 1224 5371 atque
1244 5303 1509 5357 convalles
1531 5302 1594 5353 ab
1622 5302 1770 5353 initio
1801 5300 1919 5353 facti
1945 5314 2057 5353 cre-

526 5406 737 5461 duntur,
784 5417 887 5452 non
939 5410 1112 5452 tamen
1166 5398 1290 5448 tanti
1323 5396 1499 5462 quanti
1530 5410 1666 5447 nunc
1713 5396 1762 5447 in
1792 5394 1919 5447 orbe
1942 5408 2058 5446 cer-

397 5510 443 5569 (,
528 5502 722 5545 nuntur
749 5492 1010 5542 universo.
1044 5488 1190 5552 Quod
1221 5490 1392 5553 negari
1428 5487 1563 5539 forte
1588 5484 1859 5553 potuisset,
1886 5487 1926 5537 si
1955 5499 2056 5537 non

398 5595 513 5645 θηηι
542 5583 685 5646 uiam
710 5591 849 5631 nunc
890 5576 1128 5628 omnibus
1184 5580 1331 5627 annis
1360 5586 1615 5628 terrarum
1650 5572 1835 5625 faciem
1866 5589 2058 5627 cerne-

396 5685 522 5736 δέω,
550 5686 703 5753 (Imus
731 5681 979 5734 aquarum
1030 5664 1370 5718 subversione
1415 5674 1687 5715 mutatam.
1734 5662 1879 5726 Quod
1910 5673 2051 5714 tanto

743 5768 861 5810 'unc
914 5756 1071 5809 fuisse
1124 5756 1311 5807 factum
1362 5753 1611 5816 creditur,
1666 5765 1861 5817 quanto
1890 5753 2057 5821 major

2159 4599 2405 4653 cherrimi
2453 4600 2682 4652 cinerem
2728 4598 2921 4651 habent
2965 4599 3102 4651 intus
3150 4609 3203 4655 et
3248 4602 3488 4661 fetorem,
3518 4610 3678 4668 aperte

2151 4688 2399 4742 omnibus
2429 4687 2637 4738 sreculis
2664 4686 2828 4738 innuit
2856 4687 2976 4754 quia
3005 4688 3282 4741 delectatio
3330 4690 3569 4749 carnalis.
3589 4688 3677 4740 etsi

2132 4777 2439 4829 stultorum
2472 4773 2740 4826 mentibus
2762 4774 2824 4826 ad
2855 4789 3083 4841 praesens
3104 4776 3353 4837 arrident,
3373 4776 3497 4828 nilnil
3522 4786 3676 4827 tamen

2156 4864 2208 4920 in
2240 4862 2592 4916 invisibilibus
2639 4862 2738 4915 nisi
2797 4863 3093 4917 incendium
3148 4863 3246 4916 sibi
3293 4875 3542 4923 reservat,
3590 4863 3675 4914 nisi

2156 4965 2212 5006 ut
2240 4953 2409 5005 tonius
2441 4961 2816 5026 tormentorum
2864 4953 2978 5023 ejus
3030 4954 3082 5007 in
3139 4953 3334 5005 saecula
3384 4953 3674 5005 saeculorum

2157 5043 2425 5094 ascendat.

2229 5132 2290 5183 Et
2304 5135 2497 5201 justum
2518 5130 2643 5184 Loth
2666 5148 2974 5201 oppressum,
3002 5142 3103 5185 etc.
3141 5130 3456 5184 Cruciabaut
3484 5128 3674 5197 quidem

2158 5217 2394 5275 sanctum
2422 5222 2591 5275 virum
2644 5223 2819 5289 iniqua
2874 5222 3235 5289 proximorum
3266 5222 3397 5273 iacta
3425 5219 3605 5287 pariter
3626 5228 3679 5269 et

2159 5310 2349 5374 verba;
2378 5325 2493 5378 quae
2538 5310 2775 5376 quotidie
2819 5325 3040 5364 cernens
3094 5310 3393 5362 nullatenus
3433 5308 3675 5374 corrigere

2158 5404 2383 5467 valebat;
2428 5418 2445 5427 τ’
2492 5404 2518 5454 .l
2549 5410 2724 5455 tamen
2753 5401 2864 5468 ipse
2910 5412 3015 5453 tam
3062 5402 3439 5464 circumspecte
3465 5411 3519 5449 se
3544 5410 3678 5462 gere.

2162 5495 2267 5555 bat,
2299 5500 2354 5547 ut
2372 5507 2468 5547 nec
2488 5493 2610 5547 visis
2636 5508 2817 5546 eorum
2842 5493 3065 5560 ﬂagitiis,
3088 5504 3185 5543 nec
3198 5490 3412 5547 auditis,
3443 5489 3491 5540 in
3518 5488 3677 5553 aliquo

2160 5593 2316 5634 cusuc
2346 5597 2453 5635 sute
2485 5584 2672 5635 mentis
2703 5584 2929 5635 qucaret
2979 5581 3243 5642 intuitum,
3298 5577 3390 5630 sed
3441 5576 3675 5627 indeicssa

2163 5676 2446 5728 intentione
2478 5677 2663 5744 coeptis
2688 5690 2798 5728 811:8
2824 5673 3039 5741 justitia:
3063 5670 3339 5723 insistebat
3360 5668 3570 5720 actibus.
3596 5662 3675 5713 Vel

2164 5776 2306 5816 errte
2342 5772 2551 5826 aspectu
2581 5773 2632 5818 et
2660 5764 2835 5817 auditu
2876 5763 3042 5829 justus
3070 5767 3203 5823 erat,
3235 5759 3351 5825 quia
3401 5756 3519 5809 nihil
3553 5754 3598 5805 in
3620 5766 3679 5803 eu
