3860 6230
142 512 204 568 ’Π
1278 529 1336 583 ΙΝ
1375 530 1414 584 ll
1457 529 1826 590 EPISTULAM
1869 539 1922 592 S.
1968 540 2182 598 PETRI.

3237 564 3305 618 78

143 634 430 694 presentes
461 627 559 681 nisi
590 629 806 695 justitia:
828 646 986 698 opera
1012 637 1296 692 cernebant
1318 651 1369 693 et
1395 643 1646 698 audieban

1776 646 2106 706 Marcionitas
2129 696 2143 719 ,
2175 667 2226 708 et
2264 657 2635 727 Cerdonianns,
2671 668 2844 734 plures
2865 688 2946 732 me
2975 674 3105 729 alios
3136 677 3298 734 histo-

139 715 365 781 eloqnia,
392 716 516 768 nihil
549 719 683 770 fama
713 721 777 772 de
797 720 886 773 illo
914 737 1004 789 per
1025 726 1288 792 absentes,
1320 732 1420 783 nisi
1446 735 1582 799 quod
1609 736 1673 787 ad

139 803 393 867 justitiam
451 807 733 870 pertineret
786 810 1046 878 vulgabat,
1100 815 1163 867 ad
1211 819 1508 884 exemplum
1540 822 1672 878 beati

136 890 248 953 Job,
286 891 371 959 qui
400 892 506 944 ait:
542 895 690 947 Auris
717 900 924 950 audiens
968 902 1276 969 beatiﬁcabat
1310 924 1404 970 me,
1435 920 1479 959 et
1501 914 1674 965 oculus

135 978 300 1031 ridens
324 981 654 1034 testimonium
697 986 933 1038 reddebat
961 989 1080 1041 mihi
1109 989 1243 1059 (Job.
1279 996 1456 1063 XXIX)..
1487 997 1550 1050 Et
1576 1015 1669 1052 no-

138 1071 348 1122 tandum
381 1072 516 1135 quod
555 1074 737 1127 beatus
765 1075 950 1130 Petrus
994 1079 1045 1132 in
1100 1081 1198 1136 hoc
1255 1085 1368 1139 loco
1419 1088 1669 1145 Dominici

136 1155 415 1224 magisterii
446 1161 679 1225 sequitur
706 1165 1018 1232 exemplum.
1047 1167 1108 1220 Et
1127 1169 1236 1236 ipse
1256 1172 1396 1224 enim
1418 1175 1670 1231 Dominus

140 1243 190 1295 in
223 1245 507 1314 Evangelio
536 1247 603 1300 de
644 1248 730 1302 die
756 1251 935 1318 judicii
966 1252 1202 1321 loquens,
1230 1260 1557 1316 subitaneum
1590 1265 1674 1319 vel

133 1329 311 1384 diluvii
344 1332 422 1384 vel
449 1333 583 1401 ignis
609 1335 914 1392 Sodomitici
939 1340 1216 1397 adventum
1257 1347 1319 1400 ad
1353 1354 1665 1407 memoriam

129 1420 359 1488 deducit,
392 1424 476 1477 ubi
499 1423 628 1494 justi
657 1426 883 1509 liberati,
913 1433 1116 1499 reprobi
1161 1442 1331 1492 autem
1360 1439 1465 1494 sint
1493 1443 1656 1511 inopi-

133 1522 261 1564 naue
304 1513 612 1579 perditionis
649 1504 833 1585 laqueo
877 1525 1259 1592 comprehensi.
1307 1529 1408 1585 Sed
1463 1541 1516 1586 et
1561 1504 1664 1590 alio

136 1602 247 1654 loco
267 1617 384 1656 cum
407 1605 779 1672 discipulorum
808 1611 1011 1668 animos
1036 1630 1063 1667 a
1095 1617 1224 1673 fastu
1247 1621 1487 1678 elationis
1515 1641 1663 1680 corn-

133 1703 342 1754 pescere
362 1702 588 1757 curaret,
620 1699 839 1765 angelici
871 1716 1020 1756 casus
1048 1705 1150 1760 illis
1196 1714 1440 1777 proponit
1487 1730 1664 1770 exem—

131 1777 289 1844 plum.
329 1779 590 1848 Videbam,
624 1787 880 1854 inquiens,
929 1791 1172 1850 Satanam
1200 1802 1346 1867 quasi
1389 1804 1560 1874 fulgur
1601 1808 1664 1861 de

127 1871 242 1922 casto
261 1873 520 1927 cadentem
547 1875 695 1943 (Luc.
721 1882 799 1948 Χ).

1776 739 1846 790 ria
1869 742 2216 798 ecclesiastica
2242 750 2414 802 refert.
2454 753 2524 805 De
2545 757 2727 821 quibus
2751 773 2890 816 recte
2910 779 3026 819 cum
3052 771 3299 827 dixisset:

1773 825 2180 896 Btuspltemantcs
2201 837 2250 888 in
2274 832 2586 908 corruptione
2608 861 2697 896 sua
2718 851 2962 916 peribunt,
2987 856 3222 924 adjunsit
3253 877 3263 911 :

1837 937 2172 1011 Percipientes
2194 952 2461 1002 mercedem
2482 953 2756 1021 injustitite.
2777 959 3063 1017 Mercedem
3082 981 3305 1038 namque

1771 1025 2033 1091 injustitim
2059 1046 2263 1098 pinnam
2287 1036 2431 1100 dicit,
2458 1055 2611 1107 quam
2641 1059 2797 1112 opera
2823 1049 3085 1117 injustitim
3109 1025 3304 1111 muren-

1769 1120 1873 1178 tur,
1909 1118 2131 1171 maxime
2185 1122 2236 1174 in
2265 1126 2342 1178 eis
2369 1128 2601 1194 quicum
2641 1133 2737 1199 ipsi
2775 1143 3088 1207 corruptioni
3127 1149 3300 1202 carnis

1766 1203 2011 1265 serviant,
2035 1207 2371 1269 nihilominus
2384 1224 2827 1280 conversationem
2852 1243 3031 1284 eorum
3050 1234 3133 1302 qui
3151 1249 3298 1293 caste

1768 1289 1944 1344 vivunt
1964 1293 2344 1366 blasphemant,
2373 1309 2600 1377 cumipsi
2629 1316 2833 1372 vesanis
2857 1328 3125 1378 teneantur
3147 1341 3295 1380 erro-

1767 1379 1948 1450 ribus,
1980 1385 2057 1440 eis
2121 1390 2206 1458 qui
2255 1408 2436 1450 sanum
2475 1403 2681 1469 sapiunt
2725 1406 3002 1466 detrahere
3051 1429 3153 1470 non
3181 1430 3294 1473 ces-

1764 1481 1902 1526 sant.

1845 1583 2156 1648 Voluptatem
2175 1594 2507 1651 existimantes
2529 1601 2626 1654 diei
2647 1604 2849 1660 delicias
2875 1612 3291 1682 coinquinationis

1763 1674 1811 1727 et
1833 1678 2057 1732 maculat.
2094 1680 2339 1752 Voluptts
2367 1696 2419 1740 et
2450 1689 2497 1742 in
2530 1691 2663 1745 bono
2700 1698 2947 1765 accipitur
2970 1674 3022 1756 et
3051 1705 3102 1758 itt
3134 1710 3288 1765 malo.

1765 1763 1816 1816 In
1849 1765 1982 1819 bono
2005 1770 2233 1837 quidem,
2257 1776 2389 1830 sicut
2413 1783 2677 1845 paradisus
2707 1763 2986 1858 voluptatis
3011 1795 3220 1862 dicitur,
3245 1813 3298 1856 et

1763 1853 1893 1908 sicut
1922 1857 1974 1910 in
2007 1861 2204 1925 psalmo
2223 1869 2422 1922 canitur
2447 1888 2458 1922 :
2489 1872 2550 1925 Et
2571 1856 2786 1933 torrente
2805 1886 3181 1950 uoluptatistua:
3203 1910 3294 1960 po-

189 1961 340 2012 Novit
372 1963 617 2020 Dominus
648 1947 839 2025 uiosde
868 1979 1135 2032 tentatione
1163 1982 1370 2050 eripere,
1411 1997 1512 2042 etc.
1547 1990 1659 2044 lni-
1692 1967 1736 2026 Β
1763 1947 1890 2050 qui“.
1906 1950 2177 2050 “suisui.
2201 1960 2380 2050 ix").
2403 1961 2454 2013 In
2478 1966 2613 2018 malo
2632 1979 2824 2033 amem'
2847 1983 2899 2025 Μ
2921 1976 3164 2033 saluum"
3189 1984 3288 2035 an:

125 2062 250 2114 quos
274 2047 400 2103 dicit
432 2053 483 2106 in
514 2055 650 2109 diem
676 2057 862 2125 judicii
897 2065 1208 2123 cruciandos
1241 2079 1518 2140 reservari,
1551 2095 1654 2132 non

121 2137 232 2204 quia
263 2142 422 2196 etiam
465 2155 588 2199 ante
616 2147 753 2202 diem
781 2149 966 2219 judicii
1018 2158 1173 2211 soluti
1205 2176 1428 2231 corpore
1475 2183 1656 2235 ptenas

126 2228 260 2282 luant
291 2246 388 2298 pro
440 2236 664 2304 meritis,
696 2241 786 2293 sed
814 2243 931 2309 quia
965 2248 1201 2314 graviora
1233 2267 1323 2304 eos
1365 2253 1414 2308 in
1459 2257 1657 2324 judirio

125 2325 373 2373 tormenta
423 2335 733 2392 exspectent
763 2331 972 2394 quando
1019 2347 1071 2387 et
1101 2336 1150 2389 in
1197 2352 1420 2405 corpore
1446 2358 1656 2412 recepto

124 2409 416 2473 punientur,
441 2415 526 2480 qui
559 2431 696 2468 nunc
722 2417 772 2470 in
803 2422 974 2473 anima
1005 2425 1114 2478 sola
1138 2430 1458 2485 cruciantur.
1504 2435 1656 2492 Unde

121 2507 169 2548 et
199 2497 446 2553 Dominus
479 2504 556 2556 Itis
601 2522 717 2572 quae
747 2511 961 2564 verbum
997 2513 1262 2584 Evangelii
1299 2537 1532 2590 recipere
1562 2545 1660 2582 no-

123 2588 363 2654 luerunt,
397 2593 703 2650 civitatibus
736 2603 1099 2667 exprobrans,
1135 2607 1203 2661 ita
1233 2613 1526 2670 conclusit:
1560 2620 1654 2674 Re-

123 2679 314 2733 missius
354 2699 396 2735 e:
412 2684 448 2735 it
488 2695 632 2740 terrw
685 2688 1021 2749 Sodomorum
1065 2699 1122 2752 in
1166 2699 1244 2755 die
1283 2702 1470 2773 judicii
1509 2725 1656 2777 quam

124 2771 268 2823 robis.
1395 2788 1397 2791 V

189 2860 355 2930 Magis
381 2879 546 2919 autent
576 2887 656 2924 eos
685 2875 766 2942 qui
794 2887 904 2943 post
934 2896 1130 2935 carnem
1161 2900 1214 2937 tu
1253 2893 1655 2959 concupiscentia

121 2953 444 3007 inttttunditia:
471 2960 748 3014 ambulant.
766 2963 1132 3025 Fornicatores
1156 2974 1300 3044 dicit,
1316 2981 1400 3048 qui
1426 2997 1520 3051 pro
1542 3000 1656 3038 rea-

123 3056 170 3097 tu
197 3062 305 3102 sua:
342 3053 690 3121 corruptionis
729 3057 927 3126 majora
960 3063 1012 3114 in
1039 3062 1240 3130 judicio
1286 3087 1440 3139 qnam
1491 3093 1649 3144 gene-

122 3137 251 3189 rales
283 3138 440 3207 iniqui
476 3153 732 3197 tormcnta
767 3149 1051 3214 patientur.

184 3227 685 3304 Dominatiouemque
711 3247 1048 3309 contemnunt,
1073 3249 1303 3311 audaces,
1329 3252 1422 3304 sibi
1450 3256 1647 3320 placen-

119 3328 201 3371 tes.
235 3320 497 3389 Superbos
545 3325 676 3381 dicit
728 3337 782 3385 et
835 3345 1163 3404 arrogantes,
1194 3342 1278 3405 qui
1313 3351 1364 3394 et
1409 3344 1502 3412 ipsi
1533 3362 1651 3415 gra-

121 3410 256 3461 viora
285 3415 616 3479 generalibus
643 3420 744 3471 sint
770 3424 1024 3490 Supplicia
1051 3427 1248 3481 luituri.

182 3497 352 3553 Sectas
376 3520 470 3556 non
494 3517 716 3560 metuant
739 3510 1067 3575 introducere.
1089 3517 1508 3587 blaspltemantcs.
1535 3527 1648 3582 lla:-

118 3589 303 3642 retices
327 3592 469 3658 dicit,
502 3596 588 3664 qui
621 3599 1046 3666 blaspltemantes
1072 3607 1224 3662 fidem
1255 3614 1335 3664 vel
1367 3614 1525 3670 vitam
1559 3634 1644 3672 or-

119 3677 476 3745 thodoxorutn,
506 3699 682 3741 sectas
713 3693 792 3743 sui
817 3695 1064 3761 nominis,
1093 3699 1141 3750 id
1164 3712 1264 3766 est,
1296 3704 1543 3773 hmteses,
1571 3714 1648 3766 itt-

115 3765 321 3835 ducnnt,
356 3773 439 3838 qui
472 3784 526 3827 et
563 3777 657 3843 ipsi
689 3793 806 3835 cum
837 3781 1100 3851 prioribus
1125 3765 1361 3860 audiant,
1392 3798 1511 3866 quia
1544 3801 1645 3855 for-

117 3858 326 3913 liOfibIh
357 3862 546 3918 fortior
587 3868 746 3923 instat
778 3873 1052 3930 cruciatio.

182 3948 275 4001 L'bi
299 3956 462 4020 angeli
504 3959 796 4024 fortitudine
832 3974 877 4015 et
916 3969 1096 4021 virtute
1120 3987 1231 4024 cum
1257 3973 1357 4027 sint
1405 3985 1638 4051 majores,

114 4051 205 4086 non
235 4048 428 4104 portant
458 4044 720 4098 aduersum
759 4064 814 4101 se
855 4055 1156 4109 exsecrabile
1173 4061 1444 4125 judicium.
1478 4044 1642 4132 'Quod

112 4127 207 4178 ait:
229 4129 340 4191 Ubi,
372 4134 627 4198 significat
651 4137 700 4190 in
728 4153 791 4193 eo
814 4144 952 4209 quod
976 4144 1386 4206 dominationem
1409 4171 1641 4216 conteru-

114 4229 258 4280 nnnt,
290 4225 424 4288 quod
467 4227 709 4291 audaces,
742 4234 877 4299 quod
907 4237 1004 4289 sibi
1035 4239 1299 4305 placentes
1328 4257 1471 4311 sunt,
1500 4255 1638 4318 quod

114 4306 350 4377 Increses,
383 4315 433 4368 id
481 4329 579 4382 est,
611 4333 779 4378 sectas
808 4327 1026 4392 iaciunt,
1063 4334 1202 4399 quod
1254 4339 1633 4408 blaspltetnant.

114 4400 229 4453 llaec
243 4417 460 4471 namque
483 4409 919 4484 faciendo,angeli
939 4420 1192 4477 dzemonia
1221 4428 1351 4494 fieri,
1378 4448 1435 4485 ac
1457 4450 1636 4501 poenas

111 4503 211 4541 sum
240 4497 492 4557 superbia:
522 4501 744 4568 solvere,
780 4520 1100 4563 meruerunt.
1133 4513 1310 4584 Neque
1338 4527 1474 4576 enim
1523 4531 1634 4595 spi-

112 4581 299 4637 ritualts
318 4599 498 4639 eorum
527 4601 708 4644 natura
740 4596 1034 4661 patiebatur
1055 4611 1440 4675 concupiscenti
1459 4634 1487 4665 ρ
1516 4633 1632 4674 Car-

110 4673 236 4724 nalis
270 4674 590 4732 obscenitate
625 4683 798 4746 pollui.
839 4686 944 4740 Nisi
977 4689 1112 4748 forte
1143 4673 1258 4749 cum
1289 4701 1352 4755 ad
1382 4705 1512 4761 hanc
1540 4711 1635 4764 lto-

111 4762 266 4815 mines
291 4764 524 4830 tlliciunt,
556 4784 648 4832 pro
678 4787 738 4824 ea
768 4788 972 4846 quoque
997 4781 1135 4849 illos,
1159 4787 1295 4844 sicut
1323 4804 1376 4846 et
1405 4811 1494 4862 pro
1535 4817 1632 4854 caa-

115 4851 230 4902 teris
259 4869 368 4917 qua:
397 4857 693 4912 hominibus
724 4865 858 4916 mala
890 4875 1088 4937 agenda
1121 4851 1457 4949 persuadeiit,
1490 4851 1630 4954 judi-

110 4940 288 4991 αλιιιίοε
310 4959 423 4996 ease
447 4946 730 5012 signiticat.

175 5033 241 5085 lli
266 5051 371 5089 vero
400 5037 532 5092 velut
560 5037 928 5104 irrationabilia
970 5071 1148 5122 pecora
1177 5066 1495 5130 naturaliter,
1525 5081 1628 5124 etc.

108 5121 253 5178 Sicut
272 5127 708 5187 irrationabilibus
733 5140 1084 5197 animantibus
1109 5157 1344 5211 naturale
1372 5171 1627 5221 estcausa

109 5216 271 5281 pabuli
300 5218 486 5284 saepius
529 5221 578 5271 in
607 5226 901 5282 captionem
934 5241 985 5283 et
1013 5240 1295 5300 perniciem
1327 5247 1628 5315 ignorantcr

111 5305 342 5371 incidere,
376 5310 442 5362 ita
484 5310 736 5374 illBl‘CllPi,
767 5329 1050 5386 comparati
1079 5331 1332 5397 jttmentis
1375 5344 1619 5414 insipien.

111 5395 236 5448 tibus
258 5436 272 5458 ,
314 5401 380 5452 ob
408 5403 691 5468 appetitum
743 5420 849 5458 suae
887 5422 1239 5482 corruptionis
1267 5435 1578 5496 explendum
1608 5483 1619 5501 ,

110 5482 440 5556 incorruptam
464 5503 747 5558 uariamque
769 5499 1040 5556 catholicae
1061 5508 1307 5568 ECt‘lESllB
1328 5518 1622 5580 doctrinam

109 5571 512 5640 blasphemantes
534 5597 594 5634 ac
619 5582 799 5649 vitam,
829 5595 1164 5659 sempiternae
1193 5607 1289 5659 sibi
1315 5611 1622 5676 perditionis

110 5667 302 5730 laqueos
334 5676 489 5744 impia
524 5681 812 5735 temeritate
853 5698 1090 5748 nectunt.
1127 5695 1318 5762 Quales
1350 5705 1622 5762 exstitisse

112 5755 365 5818 hereticos
384 5767 510 5834 ipsis
526 5771 877 5837 apostolorum
900 5784 1246 5852 temporibus,
1264 5790 1618 5861 Simonianos,

114 5841 148 5861 ..
297 5851 308 5861 .
339 5853 348 5861 .
534 5857 564 5861 _

113 5841 500 5920 Mtuandrianos,
534 5857 893 5932 Basilidianos,
949 5865 1229 5928 Nicolaitas
1255 5917 1271 5944 ,
1331 5879 1620 5950 Ebionitas,

1764 2036 2110 2094 Adolescentia
2137 2047 2338 2100 enimet
2379 2052 2602 2119 voluptas
2642 2071 2767 2108 vena
2815 2073 2926 2113 sunt
2975 2065 3164 2133 (Eccle.
3195 2071 3290 2137 xl).

1759 2123 1862 2178 Sed
1892 2137 1943 2180 et
1970 2128 2323 2189 indifferenter
2352 2141 2626 2210 accipitur,
2650 2144 2795 2212 juxta
2852 2151 2948 2204 ltoc
2978 2123 3113 2218 quod
3162 2123 3289 2214 Sara

1758 2213 1961 2270 dicebat
1987 2234 2000 2270 :
2029 2217 2299 2290 Postquam
2325 2231 2467 2282 senui
2495 2243 2540 2284 et
2560 2235 2789 2290 dominus
2819 2257 2955 2295 ruens
2984 2251 3174 2300 vetulus
3195 2264 3286 2314 est.

1757 2305 2002 2372 voluptati
2022 2326 2218 2378 operam
2236 2318 2362 2371 dabo
2385 2320 2534 2390 (Gen.
2559 2328 2738 2395 svnt)?
2762 2330 3003 2399 Voluptas
3020 2352 3142 2406 ergo
3159 2305 3289 2398 bona

1757 2400 1900 2445 recte
1938 2392 2036 2445 diei
2064 2408 2298 2464 vocatur,
2337 2419 2437 2470 qua
2461 2411 2622 2464 sancti
2654 2392 2844 2484 quique
2885 2417 3208 2479 delectantur
3239 2429 3288 2481 in

1758 2474 1998 2534 Domino.
2011 2483 2254 2553 Voluptas
2268 2500 2439 2547 autem
2454 2499 2583 2551 mala
2599 2507 2753 2557 noctis
2764 2517 2858 2574 est,
2876 2525 2994 2564 cum
3010 2518 3213 2584 reprobi
3225 2523 3289 2575 ad

1758 2566 2072 2632 perficienda
2105 2590 2262 2644 opera
2293 2585 2620 2643 tenebrarum
2675 2610 2916 2660 perverse
2943 2602 3286 2666 delectantur.

1756 2655 1895 2710 Bene
1914 2675 2038 2728 ergo
2058 2663 2257 2721 dicitde
2275 2670 2342 2740 inj
2353 2677 2476 2728 ustis
2492 2681 2628 2746 quod
2653 2655 2966 2758 voluptatein
2991 2697 3286 2758 existiment

1755 2743 1882 2812 diei,
1911 2747 2132 2810 delicias
2159 2758 2602 2828 coinquinationis
2650 2785 2702 2828 ct
2727 2785 2960 2846 maculw,
2990 2789 3105 2854 quia
3139 2793 3284 2846 multi

1755 2837 1807 2890 in
1831 2849 2026 2898 tantum
2044 2852 2310 2917 socordes,
2337 2867 2564 2923 perversi
2581 2878 2633 2918 et
2655 2867 3010 2939 invcrccundi,
3029 2881 3286 2949 existunt,

1755 2940 1810 2981 ut
1855 2945 1971 2986 cum
1999 2935 2199 2992 deliciis
2229 2943 2591 3012 impurissimis
2623 2972 2805 3014 vacent
2827 2975 2879 3017 et
2913 2977 3282 3028 exsecrandis-

1754 3019 1900 3076 simis
1920 3062 1936 3087 ,
1968 3026 2061 3079 ltus
2087 3036 2258 3086 tamen
2289 3035 2385 3104 ipsi
2415 3043 2636 3107 Optimas
2666 3059 2714 3101 et
2762 3057 2906 3119 quasi
2949 3058 3178 3117 lucillnas
3203 3069 3286 3130 ju-

1754 3112 1944 3168 dicent.
1974 3117 2194 3183 Quidam
2222 3127 2444 3192 primum
2471 3130 2623 3202 hujus
2654 3112 2892 3198 versiculi
2919 3152 3128 3205 verbum
3151 3112 3281 3222 prite-

1752 3202 1954 3257 cedenti
2000 3213 2168 3264 versni
2213 3214 2456 3287 jungunt,
2515 3228 2582 3278 ita
2634 3228 2902 3297 legentes:
2949 3237 3280 3308 Percipe-m

1675 3296 1722 3360 ο
1754 3293 2024 3346 mercedem
2073 3298 2331 3367 injustitia:
2383 3312 2702 3382 uoluptatem,
2753 3331 2801 3371 et
2839 3338 3100 3390 esponunt
3135 3333 3278 3396 juxta

1758 3381 1881 3436 illud
1912 3392 2132 3454 apostoli
2165 3391 2309 3449 Pauli
2352 3415 2363 3449 :
2394 3399 2626 3456 Tradidit
2649 3409 2761 3462 illus
2797 3409 2926 3465 Deus
2955 3418 3002 3467 in
3029 3415 3276 3476 tlcstde'ria

1752 3473 1914 3526 cordis
1957 3491 2124 3529 eorum
2147 3481 2195 3532 in
2226 3484 2480 3541 immundi.
2494 3496 2610 3560 iant,
2643 3507 2694 3547 ut
2729 3508 3036 3558 contumeliis
3061 3511 3278 3575 afﬁciant

1751 3576 1960 3628 corpora
1981 3580 2070 3616 sua
2089 3567 2140 3620 in
2162 3575 2436 3643 semetipsis
2459 3579 2629 3646 (Itoni.
2648 3585 2706 3652 ι).
2727 3587 2785 3638 Et
2811 3593 2960 3655 paulo
2983 3607 3097 3661 post
3121 3617 3130 3647 :
3153 3600 3276 3651 Tur-

1750 3658 2020 3723 pitudinem
2048 3674 2326 3731 Operantes,
2371 3673 2637 3724 mercedem
2670 3694 2817 3743 quam
2849 3688 3070 3748 oportuit
3097 3703 3276 3743 erroris

1747 3750 1825 3800 sui
1851 3752 1902 3802 in
1921 3756 2196 3821 semetipsis
2219 3761 2524 3824 recipientes.
2558 3767 2622 3817 Et
2661 3771 2789 3822 sicut
2815 3789 2913 3824 non
2945 3779 3274 3841 probaverunt

1747 3835 1908 3892 Deum
1936 3843 2114 3898 habere
2140 3847 2189 3901 in
2215 3849 2472 3916 notitiam,
2506 3856 2712 3909 tradidit
2740 3877 2820 3912 eos
2868 3864 3001 3917 Deus
3030 3869 3081 3919 in
3108 3884 3273 3938 repra-

1746 3929 1857 3980 bum
1895 3948 2113 3999 sensum,
2147 3947 2198 3989 ut
2237 3938 2424 4003 faciant
2464 3958 2576 4010 qua:
2611 3961 2706 3998 non
2735 3955 3026 4007 conveniunt
3068 3957 3270 4030 (ΠΜ).

1745 4021 1847 4075 Sed
1881 4039 1974 4078 nos
2003 4028 2387 4087 distinctionem
2418 4049 2569 4100 quam
2603 4038 2651 4089 in
2683 4038 2816 4095 beati
2851 4061 2994 4112 papa:
3035 4021 3268 4118 Gregorii

1742 4119 2004 4182 opusculis
2031 4121 2342 4191 invenimus,
2374 4132 2689 4197 sequendam
2719 4148 2833 4188 esse
2857 4140 3167 4203 putavimus.

1811 4224 2123 4283 Pellicientes
2147 4235 2341 4288 animas
2367 4241 2618 4295 instabiles
2671 4244 2885 4299 Pellices
2913 4253 3156 4315 appellari
3185 4272 3269 4307 so.

1742 4314 1850 4368 lcnt
1873 4321 2191 4386 meretrices,
2225 4338 2430 4393 sumpto
2459 4335 2710 4386 vocabulo
2739 4353 2765 4386 a
2797 4339 3096 4405 pollu.’ione,
3128 4348 3203 4396 vel
3237 4365 3262 4399 a

1740 4407 1890 4467 pellis
1926 4424 2036 4463 suae
2083 4412 2408 4470 formositate
2435 4435 2532 4486 qua
2577 4423 2809 4478 incautos
2840 4429 3072 4484 illicmnt.
3118 4433 3267 4488 Pelli-

1738 4495 1882 4550 ciunt
1911 4512 2034 4564 ergo
2072 4502 2273 4556 animas
2304 4505 2598 4576 instabiles,
2630 4514 2715 4578 qui
2749 4530 2835 4567 eas
2875 4520 3008 4573 male
3031 4523 3266 4577 docendo

1739 4587 1976 4641 erroneis
2019 4591 2280 4654 variorum
2317 4595 2614 4662 dogmntunt
2669 4617 2824 4656 sectis
2863 4611 3004 4672 quasi
3042 4624 3261 4666 constu-

1738 4676 1994 4740 prantium
2027 4677 2228 4737 lusibus
2255 4685 2497 4742 subdunt.

1805 4787 1975 4840 δεταιιὶ
2005 4793 2129 4843 viam
2160 4794 2364 4849 Balaam
2393 4816 2454 4852 ex
2479 4799 2653 4869 Bosor,
2686 4818 2785 4860 etc.
2822 4812 3125 4881 Plerumque
3155 4820 3262 4869 lno-

1735 4879 1879 4930 rutici
1912 4891 2013 4932 tam
2046 4887 2198 4936 stulta
2229 4889 2490 4955 dogmata,
2521 4904 2621 4946 tam
2653 4906 2965 4953 exsecranda
2997 4906 3263 4968 proferunt

1733 4980 2075 5038 sacramenta,
2103 4987 2154 5028 ut
2180 4980 2334 5030 etiam
2361 4980 2601 5038 hebetum
2623 5004 2819 5051 senSns,
2849 5001 2897 5043 et
2922 5008 3258 5064 paganorum,

1731 5066 1783 5108 et
1819 5060 1904 5124 qui
1945 5071 2149 5117 ratone
2174 5067 2361 5122 divina:
2391 5076 2695 5140 cognitionis
2722 5084 3031 5146 oumitnodts
3057 5094 3253 5152 carent,

1732 5148 1934 5205 illorum
1957 5152 2279 5212 detestentur
2305 5161 2580 5232 insaniam,
2610 5168 2812 5223 illorum
2839 5175 3054 5228 distorta
3077 5194 3127 5232 et
3157 5183 3259 5235 ilco

1727 5243 1989 5300 contraria
2018 5245 2202 5300 itinera
2235 5255 2412 5310 sanius
2441 5258 2690 5323 sapiendo
2720 5263 3012 5332 redarguat.
3039 5271 3097 5321 Et
3117 5274 3252 5337 quod

1728 5337 1872 5401 pejus
1893 5378 1905 5400 ,
1937 5343 2055 5407 quia
2086 5342 2411 5413 frequentius
2439 5359 2552 5409 est,
2598 5367 2962 5421 nonnunquam
2994 5362 3137 5414 tnnlti
3169 5380 3256 5416 ca-

1726 5427 1900 5480 tholici
1944 5433 1992 5484 in
2037 5443 2237 5490 tantunt
2286 5447 2577 5498 mercedem
2625 5453 2802 5501 ittttalll
2847 5447 3148 5516 iIIqUilétliS.
3202 5465 3256 5507 ιιι

1723 5524 1875 5575 etiam
1903 5523 2037 5578 docti
2068 5528 2136 5579 ab
2166 5529 2389 5585 induetis
2409 5579 2423 5599 ,
2455 5549 2482 5586 a
2516 5537 2658 5590 ltliCiS
2685 5537 2857 5595 clerici
2901 5542 3089 5602 merito
3119 5547 3252 5598 lave-

1724 5622 1904 5662 rcntur
1933 5630 1945 5662 :
1980 5617 2064 5681 qui
2101 5617 2218 5682 jure
2247 5634 2616 5689 comparantur
2645 5633 2934 5702 prophetae,
2965 5641 3048 5705 qni
3080 5640 3248 5691 Verius

1722 5699 1880 5751 asinae
1908 5713 2087 5755 contra
2129 5717 2369 5759 naturam
2402 5711 2658 5780 loquentis
2697 5722 2991 5787 corripitur,
3033 5743 3125 5777 nec
3171 5732 3243 5778 ta-

1722 5801 1838 5840 men
1881 5805 1908 5842 a
1956 5796 2221 5860 proposito
2262 5799 2404 5864 pravi
2453 5803 2651 5860 itineris
2700 5812 3003 5865 retardatur.
3049 5815 3243 5879 Quibus

1720 5886 1872 5939 etiam
1925 5888 2198 5958 aptissime
2239 5909 2429 5953 nomen
2475 5885 2707 5970 congruit
2760 5907 2978 5961 civitatis
3021 5910 3084 5964 de
3137 5926 3239 5979 qua
