3860 6230
573 510 638 564 79
989 501 1185 555 BEDAS
1229 498 1661 553 VLNEllABlLlS
1703 496 1847 550 OPP.
1895 494 2063 547 PARS
2103 492 2160 545 ll.
2204 493 2383 545 SECT.
2430 494 2465 545 l.
2496 516 2562 527 —
2596 487 2967 544 EXEGETlCA
3009 486 3321 541 GENUINA.
3680 485 3733 541 80

579 619 784 677 Balaam
816 616 1021 671 venisse
1052 612 1382 680 perhibetur;
1428 610 1589 662 [lusor
1620 622 1841 676 namque
1867 619 2110 665 corneus,
2144 606 2192 661 Α
2296 603 2503 656 Venient
2521 605 2573 655 in
2597 601 2870 654 novissimis
2893 601 3082 661 diebus,
3106 602 3156 651 in
3172 598 3734 666 deceptione,illttsom.

576 712 687 766 sive
727 709 778 762 in
819 703 1148 761 tribulatione
1175 698 1381 755 dicitur.
1427 699 1607 766 Neque
1633 697 1730 749 alia
1763 697 1923 763 magis
1954 707 2110 746 causa

578 800 860 857 luxuriosis
900 795 1075 851 existit
1116 793 1334 847 verbum
1384 789 1613 843 veritatis
1663 801 1842 840 amore
1883 783 2113 854 pecunia:

581 892 658 945 vel
714 887 1089 943 desideriorum
1149 880 1515 947 temporalium
1568 877 1900 938 adulterare,
1958 886 2113 941 quam

584 982 721 1051 qttod
752 979 926 1033 carnis
968 990 1025 1028 se
1054 972 1490 1039 concupiscentia:
1531 967 1995 1034 mancipaverunt,
2042 964 2119 1014 in-

588 1072 727 1141 digni
768 1069 1013 1122 nimirqu
1052 1063 1336 1132 apostolica
1381 1059 1563 1121 laude,
1605 1073 1706 1126 qua
1745 1068 1897 1109 veros
1943 1053 2121 1105 ﬁdeles

583 1157 879 1229 glorificans
927 1154 1001 1206 ait
1050 1169 1061 1204 :
1119 1148 1219 1201 Vos
1264 1156 1465 1209 autem,
1512 1144 1719 1214 fratres,
1768 1158 1865 1195 non
1900 1142 2027 1195 ‘estis
2070 1141 2122 1191 in

586 1227 765 1308 carne,
792 1242 878 1296 sed
908 1243 957 1293 in
986 1238 1160 1307 spiritu
1186 1234 1236 1305 (ι
1267 1233 1441 1287 Thess.
1470 1232 1539 1301 v).
1574 1230 1721 1286 Unde
1749 1236 1802 1282 et
1829 1229 1877 1282 in
1909 1227 2123 1280 tribula-

589 1334 729 1386 tione
772 1336 894 1383 sunt
936 1325 1121 1395 positi,
1170 1339 1271 1375 non
1300 1322 1508 1390 quidem
1537 1334 1597 1373 ea
1642 1334 1739 1387 qua
1781 1331 1874 1383 pro
1902 1314 2123 1368 Domino

591 1421 688 1488 ipsi
735 1418 1022 1487 patiuntur,
1054 1412 1145 1467 sed
1186 1412 1237 1464 in
1280 1410 1361 1463 illa
1392 1408 1561 1477 potius
1598 1424 1696 1476 qua
1745 1406 1950 1458 animos
1981 1404 2126 1454 inlir—

592 1524 794 1565 morum
826 1504 1089 1575 perversis
1123 1514 1337 1568 operum
1368 1494 1580 1551 sitorum
1627 1494 1899 1561 exemplis,
1950 1507 2016 1545 nc
2061 1490 2123 1542 ad

591 1603 811 1655 salutem
857 1606 1133 1661 exsurgere
1181 1591 1259 1644 vel
1310 1586 1615 1655 resipiscere
1663 1586 1889 1653 possint,
1958 1582 2127 1649 oppri-

596 1698 758 1741 nntnt.
807 1685 911 1739 Sed
951 1693 1002 1735 et
1043 1696 1231 1732 nmnen
1274 1678 1434 1746 ipsius
1478 1677 1704 1739 Balaam,
1737 1675 1823 1741 qui
1855 1686 2014 1725 vanus
2045 1688 2148 1737 μμ.

596 1778 748 1845 pulos
795 1774 904 1827 sive
962 1769 1293 1838 prtecipitans
1346 1782 1438 1820 eos
1492 1766 1891 1832 interpretatur,
1943 1762 2127 1813 talibus

593 1863 853 1920 convenit.
902 1861 998 1927 Qui
1038 1859 1175 1913 enim
1220 1857 1445 1925 agnitum
1486 1854 1719 1907 veritatis
1763 1851 1896 1904 viam
1943 1865 2003 1918 sp
2027 1857 2130 1901 inte

2217 693 2515 753 llludentes,
2568 691 2807 743 videlicet
2855 689 3010 752 ﬁdei,
3056 698 3107 740 et
3153 689 3264 753 spei
3307 688 3736 751 Christianorum,

2215 782 2351 850 quod
2389 789 2589 844 tvmpus
2613 778 2710 831 sibi
2741 776 3131 831 resurrectionis
3161 776 3387 829 futurum
3419 775 3604 830 frustra
3636 793 3738 845 pro-

2218 873 2441 923 mittant.

2287 980 2445 1033 Juxta
2469 980 2691 1045 proprias
2714 977 3130 1040 concupiscentias
3150 976 3479 1039 ambulantes,
3496 986 3595 1029 etc.
3618 979 3738 1046 Apo—

2220 1075 2383 1128 stolus
2406 1076 2591 1127 Paulus
2616 1074 2845 1126 scribens
2867 1073 2931 1126 ad
2953 1072 3463 1132 Tltessalonicenses,
3490 1071 3648 1141 Rogo,
3676 1075 3741 1125 in-

2220 1166 2347 1233 quit,
2367 1181 2448 1248 gos
2469 1181 2555 1232 per
2577 1164 2837 1217 adventum
2860 1164 3059 1216 Domini
3079 1164 3231 1216 nostri
3252 1161 3372 1215 Iesu
3389 1160 3588 1221 Christi,
3608 1172 3651 1215 et
3667 1181 3741 1215 no-

2222 1263 2339 1304 stri:
2361 1249 2752 1322 congregationis
2782 1250 2835 1301 in
2871 1249 3055 1315 ipsum,
3082 1258 3133 1300 ut
3161 1265 3261 1300 non
3291 1249 3388 1301 cito
3412 1250 3695 1301 moveamini
3718 1266 3742 1299 a

2223 1350 2381 1421 vestrfo
2407 1357 2575 1404 sensu,
2603 1355 2759 1407 neque
2779 1338 3080 1402 terreamini,
3105 1352 3262 1405 neque
3291 1353 3379 1404 per
3398 1339 3641 1405 spiritum,
3673 1354 3743 1389 tte-

2224 1450 2317 1503 que
2332 1449 2421 1501 per
2440 1448 2733 1496 sermonem,
2751 1446 2903 1499 neque
2924 1446 3012 1498 per
3032 1428 3290 1498 epistolam
3311 1437 3542 1495 tanquam
3559 1444 3646 1495 per
3668 1446 3742 1481 nos

2227 1523 2594 1591 missam,quasi
2607 1524 2748 1573 instet
2762 1521 2866 1573 dies
2882 1515 3173 1585 Domini(ll
3184 1517 3358 1572 Thess.
3375 1516 3450 1585 ιι).
3471 1517 3745 1583 Reprehen-

2228 1613 2307 1666 dit
2346 1626 2469 1680 ergo
2496 1613 2675 1665 beatus
2699 1611 2903 1671 Petrus,
2931 1618 2983 1663 et
3010 1608 3250 1663 illusores
3281 1618 3533 1676 nuncupat
3560 1623 3653 1661 eos
3674 1609 3744 1674 qui

2230 1702 2509 1756 adventum
2554 1699 2756 1754 Domini
2792 1709 2845 1755 et
2888 1700 3134 1766 promissa
3182 1699 3386 1753 tardare
3427 1708 3743 1759 asseverant,

2229 1799 2435 1845 coercet
2476 1788 2663 1844 Paulus
2699 1803 2789 1843 eos
2819 1790 2907 1855 qui
2944 1790 3081 1842 diem
3131 1787 3333 1841 Domini
3372 1788 3560 1841 instare
3604 1797 3742 1840 autu-

2231 1891 2391 1934 mant.
2431 1880 2577 1935 Unde
2613 1887 2819 1934 constat
2846 1878 3084 1931 omnibus
3112 1878 3197 1944 qui
3235 1877 3455 1946 diligunt
3488 1876 3745 1929 adventum

593 1960 689 2026 "Si
721 1960 999 2018 d°°emm’
1046 1951 1169 2021 quid
1216 1951 1311 2003 ﬂigi
1340 1961 1501 2000 “mus
1547 1954 1667 1999 sum
1693 1943 1957 2038 Papum“
2000 1941 2121 2038 ΨΜ
2160 1945 2203 2004 Β
2231 1971 2344 2038 ejus
2382 1978 2608 2022 mentem
2654 1969 2703 2021 in
2747 1968 2844 2021 hac
2880 1941 3177 2035 opinatione
3219 1941 3584 2034 temperandus
3622 1967 3749 2019 cohi-

594 2050 693 2102 nisi
735 2047 787 2100 in
818 2043 1152 2113 praecipitium
1192 2052 1314 2091 suos
1356 2038 1567 2090 mittunt
1605 2035 1889 2098 auditores,
1936 2032 2123 2101 quibus

594 2152 697 2190 noa
747 2131 991 2187 salutaria
1036 2144 1153 2197 qua:
1198 2129 1478 2195 corrigunt,
1532 2124 1622 2178 sed
1666 2138 1781 2191 qua:
1829 2122 1943 2176 illos
1990 2121 2125 2173 dele-

594 2232 758 2290 ctent,
780 2234 1000 2275 erronea
1032 2214 1352 2287 prtedicant?
1382 2216 1455 2269 De
1479 2213 1668 2282 quibus
1698 2212 1827 2265 bene
1856 2210 2122 2265 subditur:

663 2312 735 2365 Hi
767 2319 882 2364 sunt
911 2309 1068 2376 fontes
1092 2308 1197 2359 sine
1225 2320 1387 2372 aqua,
1416 2311 1519 2357 etc.
1564 2301 1668 2355 Hos
1692 2299 1977 2355 versiculos
2012 2314 2129 2351 san-

594 2415 710 2460 ctus
747 2402 1097 2467 Hieronymus
1126 2398 1175 2449 in
1203 2396 1336 2449 libro
1364 2404 1543 2447 contra
1574 2392 1899 2446 Jovinianum
1929 2400 2128 2459 ponens

594 2494 667 2545 ita
694 2490 937 2559 explanat
966 2503 980 2539 :
1016 2504 1035 2536 ι
1070 2485 1254 2540 Nonne
1296 2484 1385 2537 tibi
1422 2482 1624 2535 videtur
1664 2480 1894 2549 pinxisse
1922 2488 2131 2546 aposto-

598 2583 678 2636 lus
729 2592 913 2634 novam
968 2576 1236 2645 imperitia:
1284 2573 1598 2640 factionem?
1647 2590 1664 2624 ι
1712 2570 1964 2637 Aperiunt
1992 2570 2128 2620 enim

598 2670 745 2738 quasi
785 2668 953 2721 fontes
981 2666 1245 2719 scientiam
1268 2703 1284 2728 ,
1325 2663 1445 2730 quia
1474 2676 1625 2730 quem
1670 2675 1769 2713 non
1816 2658 2008 2711 habent
2038 2657 2133 2708 du-

600 2759 885 2813 ctrinarum
920 2757 1224 2823 promittunt
1256 2751 1477 2804 imbrem
1497 2790 1514 2815 ,
1550 2750 1690 2803 velut
1722 2748 1887 2801 nubes
1918 2746 2135 2813 propin:-

602 2850 686 2901 tia:
732 2847 796 2899 ad
841 2858 969 2915 quas
1018 2841 1287 2911 perveniat
1333 2840 1525 2892 veritas
1572 2835 1700 2901 Dei,
1748 2845 1802 2889 et
1845 2834 2135 2888 turbinibus

605 2936 926 3005 exagitantur
968 2934 1265 2985 dannonum
1316 2936 1472 2997 atque
1519 2926 1783 2979 vitiorum.
1832 2923 2137 2990 Loquuntur

604 3026 836 3095 grandia,
862 3033 915 3076 et
943 3030 1079 3075 totus
1107 3033 1286 3071 eorum
1317 3029 1489 3070 sermo
1515 3014 1757 3083 superbia
1784 3022 1883 3065 est.
1914 3012 2137 3063 lnntntn-

606 3120 702 3166 dus
741 3123 824 3166 est
858 3120 1029 3163 autem
1058 3121 1228 3161 omns
1259 3107 1346 3173 qui
1386 3104 1577 3175 exaltat
1607 3118 1695 3157 cor
1735 3116 1914 3165 suuzn,
1958 3113 2006 3154 ut
2050 3100 2133 3167 qui

606 3203 868 3272 paululum
897 3199 1178 3268 refugi-rint
1203 3212 1231 3250 a
1263 3195 1505 3262 peccatis,
1536 3195 1599 3247 ad
1630 3207 1780 3246 suum
1810 3204 2135 3246 revertantur

2225 2060 2467 2123 bendam,
2511 2066 2570 2111 ut
2620 2071 2787 2125 neque
2831 2058 3079 2131 vicinum,
3129 2056 3383 2124 citiusque
3430 2055 3746 2108 adventuram

2225 2150 2463 2205 eumdem
2494 2149 2630 2204 diem
2663 2146 2905 2211 Domini,
2949 2162 3115 2213 neque
3144 2161 3325 2201 rursus
3355 2147 3546 2199 tardius
3573 2145 3749 2198 adven-

2229 2251 2338 2295 tare
2360 2242 2706 2309 suspicemur,
2738 2240 2826 2294 sed
2857 2240 2954 2292 hoc
2984 2241 3152 2293 solum
3198 2239 3365 2293 seduli
3411 2253 3742 2307 procuremus,

2228 2342 2281 2385 ut
2309 2332 2421 2385 sive
2451 2332 2595 2385 ocius
2634 2332 2750 2386 sive
2796 2344 2916 2383 sero
2940 2329 3177 2395 veniens,
3218 2337 3426 2396 paratos
3471 2343 3561 2383 nos
3602 2330 3746 2397 possit

2229 2421 2461 2476 invenire
2486 2421 2609 2473 dum
2637 2422 2862 2474 venerit.

2304 2528 2442 2582 Latet
2467 2530 2595 2582 enim
2624 2544 2705 2581 eos
2730 2530 2824 2580 hoc
2847 2529 3076 2589 volentes,
3102 2529 3235 2595 quod
3260 2526 3372 2581 cali
3394 2538 3532 2581 erant
3557 2530 3687 2599 prius
3709 2540 3748 2579 et

2234 2630 2393 2683 terra,
2427 2620 2487 2671 de
2515 2635 2672 2686 aqua,
2711 2631 2815 2671 etc.
2846 2619 3007 2671 ‘l‘erra
3038 2617 3100 2671 de
3128 2632 3259 2686 aqua
3285 2619 3554 2680 consistit,
3586 2633 3677 2686 qua
3707 2619 3746 2668 in

2236 2709 2489 2777 principio
2514 2718 2866 2763 creaturarum
2894 2709 3026 2762 dixit
3052 2709 3183 2761 Deus
3206 2725 3219 2759 :
3243 2707 3603 2777 Congregentar
3625 2723 3747 2772 aqua

2233 2799 2284 2850 in
2311 2798 2689 2868 congregatione
2718 2813 2847 2863 una,
2878 2806 2926 2850 et
2952 2808 3189 2866 appareat
3218 2798 3395 2857 arida;
3423 2805 3468 2847 et
3495 2800 3668 2864 factum
3690 2808 3748 2847 est

2233 2888 2303 2940 sic
2334 2887 2480 2955 (Gen.
2513 2888 2570 2955 l).
2615 2886 2806 2940 Eadem
2849 2901 2939 2953 per
2970 2900 3156 2953 aquam
3194 2885 3433 2940 consistit
3472 2884 3557 2939 Dei
3587 2886 3744 2947 vertw,

2235 2979 2354 3047 quia
2386 2977 2559 3030 divina
2586 2975 2976 3043 dispensatione
3002 2975 3147 3029 venis
3173 2991 3425 3043 aquarum
3458 2985 3556 3027 tota
3586 2976 3745 3028 intrin-

2237 3082 2388 3121 secus
2415 3068 2564 3135 plena
2594 3078 2702 3131 est,
2734 3068 2869 3119 sicut
2897 3081 3088 3134 corpus
3113 3068 3449 3119 animantium
3478 3067 3613 3119 venis
3640 3079 3745 3117 san-

2236 3160 2405 3229 guinis
2448 3160 2737 3214 redundare
2764 3160 3135 3225 conspicimus,
3165 3171 3230 3210 ae
3260 3157 3499 3209 videlicet
3535 3155 3746 3208 ariditate

607 3248 868 3272 ν---η---η
898 3248 1041 3268 ----ο
1208 3248 1231 3250 η
1263 3248 1315 3262 .-
1492 3248 1505 3261 .

607 3304 859 3353 errorem,
890 3298 941 3341 et
971 3286 1212 3340 studeant
1240 3284 1457 3337 luxuria:
1482 3281 1714 3336 ciborum
1742 3281 2017 3345 carnisque
2047 3280 2135 3329 de-

2241 3253 2487 3306 deﬁceret
2505 3294 2517 3315 ,
2550 3254 2591 3306 si
2620 3266 2869 3319 aquarum
2898 3251 3125 3320 irrigatio
3153 3259 3404 3303 cessaret.
3450 3248 3663 3317 Denique
3684 3248 3745 3299 vi-

612 3379 923 3443 liclis.’Quis
951 3376 1089 3430 enim
1131 3389 1232 3426 non
1268 3374 1491 3426 libenter
1526 3369 1741 3422 audiat:
1772 3366 2143 3420 Mandui-emus

608 3480 661 3521 et
708 3468 962 3529 bibamus,
1012 3474 1064 3518 et
1106 3463 1157 3516 in
1210 3469 1462 3516 :eternutn
1511 3458 1841 3526 regnabitnus
1890 3456 2039 3526 (Sap.
2072 3472 2141 3521 n;

609 3564 734 3615 lsai.
766 3576 904 3623 xxn;
935 3558 959 3610 Ι
992 3556 1109 3611 Cor.
1143 3554 1272 3624 xv)?
1312 3552 1585 3621 Sapientes
1623 3559 1675 3604 et
1716 3550 1991 3618 prudentes
2037 3562 2143 3614 pra-

612 3667 706 3705 vos
732 3660 917 3704 vocant
946 3664 1035 3702 eos
1063 3646 1150 3713 qui
1177 3644 1354 3697 dulces
1379 3650 1500 3695 sunt
1525 3641 1575 3692 itt
1604 3651 1863 3706 sermone.

684 3740 896 3807 Contigit
926 3739 1054 3790 enim
1076 3737 1143 3789 eis
1170 3735 1296 3786 illud
1325 3732 1422 3783 veri
1444 3728 1683 3799 proverbii
1710 3743 1726 3778 :
1750 3726 1896 3779 Canis
1926 3715 2143 3777 ret'trsus

612 3832 677 3885 ad
700 3830 935 3884 vomitum
974 3843 1143 3892 suum,
1181 3834 1281 3877 etc.
1325 3822 1515 3875 Verum
1550 3823 1643 3872 hoc
1672 3833 1785 3871 esse
1815 3818 2139 3884 proverbium

614 3921 776 3981 dicit,
831 3918 949 3985 quia
1005 3916 1070 3969 de
1127 3912 1418 3967 Proverbiis
1457 3907 1747 3964 Salomonis
1786 3906 2142 3957 testimmtiutn

617 4007 855 4070 assumit,
902 4003 1037 4071 quod
1084 4001 1154 4054 ibi
1204 4015 1319 4053 cum
1366 3997 1691 4064 expositione
1741 3994 1963 4062 positum
2008 4002 2086 4042 est
2126 4006 2139 4040 :

616 4101 759 4153 Sicut
794 4096 953 4159 conis,
994 4092 1177 4160 inquit,
1214 4091 1294 4157 qui
1331 4087 1587 4140 revertitur
1616 4086 1680 4135 ad
1708 4086 1937 4136 vomitum
1974 4096 2139 4143 suum,

613 4194 683 4242 ita
709 4190 887 4240 stultus
914 4184 997 4254 qui
1032 4184 1176 4235 iterat
1206 4179 1463 4233 stultitiam
1488 4191 1631 4228 suam
1662 4173 1837 4244 (Prov.
1870 4170 2034 4238 XXVI).
2078 4171 2143 4223 Et

619 4280 813 4333 addidit
850 4278 916 4330 de
953 4290 1085 4328 suo:
1121 4272 1183 4325 Et
1219 4287 1303 4324 sus
1341 4270 1441 4322 tota
1478 4269 1528 4319 in
1565 4265 1819 4319 volutabro
1849 4264 1960 4316 luti.
1990 4262 2147 4315 Canis

619 4385 744 4438 ergo
770 4384 884 4421 cum
914 4369 1094 4428 vomit,
1127 4363 1360 4433 profecto
1386 4361 1557 4413 cibum
1582 4357 1668 4426 qui
1696 4365 1874 4424 peetus
1903 4354 2151 4420 deprime-

624 4464 712 4515 bat
752 4459 975 4527 projicit.
1014 4457 1115 4510 Sed
1147 4470 1263 4508 cum
1292 4451 1355 4505 ad
1398 4452 1645 4501 vomitum
1685 4448 1979 4509 revertitur,
2014 4443 2148 4495 unde

620 4551 873 4618 levigatus
922 4545 1086 4599 fuerat
1114 4584 1127 4606 ,
1172 4558 1235 4595 eo
1275 4554 1453 4593 rursus
1504 4547 1769 4590 oneratur.
1820 4536 1881 4587 Et
1925 4535 2011 4602 qui
2060 4534 2149 4586 atl-

606 4643 783 4699 ,missa
835 4639 1102 4706 plangunt,
1150 4635 1376 4703 profecto
1419 4625 1829 4697 nequitiatn,de
1874 4638 1971 4690 qua
2016 4625 2149 4676 male

623 4733 794 4786 satiati
838 4730 1058 4790 inerant,
1102 4735 1155 4780 et
1197 4737 1312 4791 qua:
1359 4722 1547 4776 mentis
1592 4719 1770 4773 intima
1812 4717 2147 4787 deprimebat,

623 4819 922 4874 conﬁtendo
954 4816 1256 4882 projiciunt;
1295 4824 1445 4878 quam
1474 4811 1591 4861 dum
1634 4818 1747 4874 post
1773 4807 2150 4860 confessionem

624 4916 895 4977 repetunt,
925 4911 1208 4957 resutnunt.
1252 4901 1354 4952 Sus
1383 4912 1504 4951 vero
1535 4899 1583 4950 in
1617 4898 1881 4949 volutabro
1910 4898 2000 4949 luti
2030 4897 2150 4949 dum

626 5001 848 5062 lavatur,
874 4992 1130 5048 sordidior
1153 4990 1399 5045 redditur.
1428 4988 1489 5040 Et
1518 4987 1601 5054 qui
1630 4986 1909 5039 admissum
1936 4986 2150 5055 plangit,

627 5106 723 5142 nec
755 5099 924 5141 tamen
952 5084 1174 5145 deserit,
1211 5097 1378 5151 ptenae
1403 5076 1625 5147 graviori
1666 5091 1722 5129 se
1759 5075 1995 5143 subiicit,
2035 5076 2153 5143 quia

628 5191 681 5233 et
710 5181 873 5246 ipsam
902 5191 1053 5244 quam
1083 5173 1253 5227 ﬂendo
1280 5174 1554 5239 impetrare
1582 5167 1773 5246 potuit,
1802 5166 2003 5219 veniam
2033 5180 2156 5217 cono

632 5259 834 5335 temnit,
871 5282 920 5323 et
958 5267 1103 5336 quasi
1142 5266 1191 5317 in
1232 5266 1394 5318 lutosa
1431 5276 1563 5330 aqua
1602 5242 1935 5325 semetipsum
1976 5257 2155 5321 voluit,

631 5369 747 5433 quia
791 5365 911 5417 dum
960 5358 1169 5415 ﬂetibus
1214 5356 1322 5407 suis
1366 5354 1485 5405 vita:
1533 5350 1833 5404 munditiam
1880 5348 2155 5410 subtrahit,

628 5464 753 5509 ante
784 5454 875 5507 Dei
913 5452 1091 5505 oculos
1118 5443 1353 5501 sordidas
1390 5442 1527 5507 ipsas
1553 5441 1707 5492 etiam
1739 5438 1989 5506 lacrymas
2020 5436 2157 5487 facit.

1228 5552 1444 5613 CAPUT
1485 5550 1567 5604 Ill.

706 5656 853 5708 Hanc
888 5665 993 5704 ecce
1029 5648 1181 5709 vobis,
1221 5642 1516 5703 charissimi,
1553 5641 1819 5693 secundum
1855 5638 2012 5691 scribo
2040 5637 2161 5705 Epi-

638 5745 833 5807 stulam,
872 5744 923 5793 in
960 5736 1157 5805 quibus,
1188 5742 1287 5786 etc.
1328 5731 1393 5782 In
1421 5733 1617 5797 quibus,
1656 5732 1708 5785 in
1749 5730 1989 5804 Epistolis
2019 5728 2158 5791 dicit,

640 5834 747 5884 sive
777 5832 823 5881 in
853 5829 927 5881 eis
957 5826 1019 5879 ad
1047 5836 1175 5891 quos
1203 5820 1445 5889 epistolas
1474 5820 1669 5873 scribit.

2244 3342 2425 3396 demus
2451 3341 2646 3396 aestatis
2673 3342 2876 3395 fervore
2904 3350 3067 3394 terras
3102 3341 3376 3408 absumpto
3416 3341 3618 3394 hutnore
3641 3339 3743 3391 flac-

2242 3442 2540 3496 cescentes,
2571 3440 2622 3485 et
2658 3446 2774 3485 mox
2809 3430 2859 3483 in
2891 3431 3155 3498 pulverem
3182 3445 3334 3497 quem
3366 3430 3564 3497 projicit
3590 3442 3743 3481 \‘en‘us

2243 3536 2359 3574 esse
2397 3534 2692 3574 conversas.
2738 3520 2849 3572 Alia
2896 3519 3069 3573 Editio
3107 3518 3262 3572 habet
3291 3536 3303 3570 :
3335 3518 3455 3571 Coeli
3483 3527 3613 3571 erant
3648 3518 3741 3569 olm

2244 3610 2304 3662 de
2353 3625 2482 3677 aqua
2524 3617 2570 3660 et
2616 3624 2703 3675 per
2747 3622 2932 3676 aquam
2979 3607 3252 3659 constituti.
3302 3605 3563 3673 Signiﬁcat
3601 3616 3741 3656 autem

2243 3718 2413 3757 aerem
2463 3703 2616 3756 istum
2664 3701 2927 3755 humidum
2974 3708 3027 3754 et
3073 3698 3354 3753 turbidum.
3407 3697 3547 3751 ilotic
3582 3694 3743 3748 etenim

2246 3795 2508 3861 Scriptura
2541 3793 2727 3846 caelum
2748 3832 2761 3857 ,
2794 3800 2846 3845 et
2875 3790 3148 3858 aliquando
3174 3790 3343 3847 caelos
3372 3789 3620 3856 appellare
3646 3802 3743 3838 cou-

2244 3884 2429 3936 sumit.
2467 3884 2610 3936 Unde
2638 3881 2886 3946 scriptum
2921 3887 3004 3933 est
3044 3897 3055 3930 :
3100 3877 3283 3931 Milvus
3320 3879 3373 3931 in
3402 3879 3521 3931 curto
3554 3876 3746 3945 cognorit

2245 3981 2437 4037 tempus
2464 3987 2608 4023 suum
2643 3968 2847 4041 (leretn.
2881 3971 3017 4037 vni).

2317 4081 2417 4133 Per
2459 4096 2567 4149 qua:
2602 4081 2688 4133 ille
2733 4091 2848 4134 tunc
2888 4083 3099 4134 mundus
3136 4096 3269 4149 aqua
3308 4078 3575 4132 inundatur
3612 4074 3741 4141 periit.

2247 4168 2347 4223 Per
2383 4185 2494 4239 qua:
2523 4172 2606 4223 ille
2644 4182 2780 4235 tunc,
2824 4186 2915 4239 per
2940 4171 3102 4224 cmlos
3146 4182 3197 4223 et
3240 4181 3431 4223 terram
3476 4168 3616 4229 dicit,
3655 4178 3745 4231 qua

2206 4330 2209 4331 ν
2248 4262 2389 4329 prius
2421 4262 2794 4313 nominaverat.
2842 4259 2940 4313 Per
2982 4259 3091 4311 hac
3130 4256 3267 4309 enim
3316 4253 3513 4322 perdita
3559 4250 3747 4305 mundus

2247 4353 2332 4419 qui
2366 4353 2414 4402 in
2452 4350 2529 4402 his
2558 4351 2859 4403 constiterat
2900 4349 3071 4417 periit.
3112 4346 3240 4399 Nam
3281 4348 3574 4412 superiores
3602 4338 3745 4394 mundi

2251 4448 2421 4507 partes
2450 4426 2699 4492 diluvium
2731 4438 2944 4490 minime
2981 4438 3236 4504 tangebat.
3283 4433 3444 4487 Periit
3470 4445 3591 4499 ergo
3620 4438 3745 4484 terra.

2251 4529 2367 4598 quia
2410 4529 2675 4581 submersa
2720 4536 2774 4581 et
2810 4523 3244 4593 coopertaaquis
3284 4538 3387 4575 non
3425 4522 3593 4575 solum
3635 4525 3748 4570 tanto

2252 4630 2483 4688 tempore
2528 4620 2734 4673 insitum
2780 4618 2877 4673 sibi
2917 4612 3259 4669 fructiﬁcandi
3302 4623 3494 4666 statum
3539 4606 3748 4679 perdidit,

2248 4711 2338 4764 scd
2366 4713 2542 4776 etiam,
2586 4710 2719 4763 sicut
2755 4721 2910 4777 supra
2939 4705 3227 4769 docuimus,
3270 4701 3572 4755 dissimilem
3603 4696 3747 4765 pleris-

2250 4815 2349 4869 que
2379 4801 2428 4853 in
2458 4799 2583 4853 locis
2609 4800 2673 4853 ab
2701 4811 2762 4853 ea
2788 4808 2941 4867 quam
2968 4795 3137 4863 primo
3162 4799 3437 4860 acceperat
3484 4786 3655 4841 faciem
3688 4798 3745 4835 re-

2252 4890 2405 4956 cepit.
2455 4887 2727 4941 Perierunt
2770 4896 2821 4939 et
2869 4883 2986 4938 cali
3038 4880 3318 4937 secundum
3358 4878 3679 4947 quantitatem
3711 4882 3748 4924 et

2251 4982 2414 5047 Spatia
2443 4978 2576 5031 aeris
2608 4976 2781 5044 hujus.
2817 4992 2836 5025 ι
2875 4973 3114 5027 Excrevit
3142 4972 3279 5025 enim
3314 4984 3465 5040 aqua,
3498 4976 3553 5021 ut
3576 4973 3751 5019 sanctus

2255 5068 2572 5135 Augustinus
2598 5066 2700 5127 ait,
2731 5075 2782 5119 et
2812 5073 2971 5117 toxam
3007 5063 3156 5113 istam
3186 5063 3529 5125 capacitatem
3556 5056 3633 5107 ubi
3656 5062 3751 5104 aves

2254 5159 2473 5212 volitant
2505 5157 2805 5222 octupavit.
2842 5172 2860 5204 ι
2912 5156 2985 5205 Ac
3025 5152 3099 5204 sic
3139 5146 3315 5217 utique
3361 5147 3481 5201 cmli
3526 5150 3751 5215 perierunt

2256 5248 2532 5314 prepinqui
2557 5247 2728 5307 terris,
2752 5242 3035 5296 secundum
3065 5239 3199 5307 quod
3225 5241 3469 5293 dicuntur
3498 5252 3617 5289 aves
3643 5234 3749 5286 cali.

2257 5337 2392 5391 Sunt
2428 5346 2598 5389 autem
2630 5332 2835 5401 (inquit)
2878 5343 2930 5386 et
2958 5333 3073 5386 εαξη
3103 5333 3351 5385 ctelorum
3396 5326 3679 5394 superiores
3714 5323 3750 5373 in

2260 5426 2604 5485 ﬁrmamento,
2634 5422 2725 5475 sed
2758 5430 2927 5474 utrum
2958 5430 3010 5474 et
3039 5421 3131 5488 ipsi
3164 5418 3380 5487 perituri
3420 5417 3523 5469 sint
3556 5415 3679 5483 igni,
3704 5426 3750 5460 an

2261 5516 2312 5567 hi
2351 5514 2447 5567 soli
2484 5513 2571 5579 qui
2611 5512 2763 5564 etiam
2802 5510 2991 5563 diluvio
3030 5511 3325 5577 perierunt,
3367 5503 3665 5575 disceptatio
3695 5508 3751 5554 et

2260 5606 2521 5672 aliquanto
2545 5602 2893 5668 scrupulosior
2919 5600 3052 5655 inter
3081 5600 3279 5652 doctos.

2332 5719 2451 5773 Coeli
2476 5722 2638 5768 autent
2667 5715 2747 5783 qui
2785 5731 2913 5767 nunc
2955 5721 3137 5766 suntet
3180 5721 3333 5775 terra,
3365 5718 3468 5762 etc.
3501 5708 3641 5763 Patet
3662 5717 3751 5767 ergo

2266 5808 2517 5865 sententia
2552 5804 2689 5861 beati
2719 5804 2891 5868 Petri,
2923 5804 3040 5871 quia
3072 5800 3210 5856 illam
3242 5809 3438 5853 terrain
3469 5812 3521 5853 et
3550 5798 3657 5855 illos
3680 5806 3753 5846 ta-
