3860 6230
104 465 158 516 8|
1253 459 1316 514 ΙΝ
1357 461 1392 513 ΙΙ
1435 458 1804 512 EPISTULA}!
1846 459 1901 511 S.
1944 457 2157 510 PETRl.
3217 453 3282 508 83

107 575 179 622 tos
205 569 296 634 qui
330 569 526 622 diluvio
571 567 854 635 perEerunt,
894 574 946 619 et
990 574 1105 634 post
1140 566 1386 622 diluvium
1431 566 1643 634 repositi
1679 569 1724 625 Α
1752 572 1952 631 quanto
1987 562 2124 615 mille
2154 570 2271 614 sunt
2315 575 2452 620 ann.,
2503 561 2600 613 boc
2641 559 2704 613 ad
2755 575 2968 615 causam
3022 563 3272 626 refutauit,

103 669 243 720 sunt,
274 661 379 727 igni
411 659 593 712 ultimo
625 657 910 726 perdendos
939 665 1219 711 asseverat.

173 747 344 801 Unum
369 765 480 807 vero
506 748 600 801 hoc
628 766 724 800 non
755 750 902 801 lateat
923 765 1028 812 vos,
1060 747 1358 812 charissimi,
1383 747 1499 814 quia
1519 760 1652 800 unus

103 840 202 889 dies
242 838 387 905 apud
430 838 717 902 Dominum,
758 846 858 889 etc.
900 836 1120 901 Quidam
1171 839 1304 888 hanc
1342 835 1651 888 sententiam

105 927 170 977 ita
203 925 598 994 intelligendam
643 936 856 996 putant,
897 926 1043 993 quasi
1084 924 1198 977 dies
1232 923 1413 1004 iudicii
1457 932 1650 976 tantam

109 1017 297 1069 habeat
328 1017 706 1086 longitudinem
730 1057 742 1075 ,
771 1026 1014 1084 quantam
1047 1015 1188 1069 mille
1231 1029 1482 1068 annorum
1527 1028 1650 1080 Spa-

109 1105 232 1156 tium
254 1144 270 1170 ,
301 1120 406 1158 non
437 1107 828 1160 considerantes
857 1107 974 1174 quia
1001 1118 1101 1158 non
1131 1105 1201 1156 ait
1228 1103 1532 1171 simpliciter
1560 1103 1650 1155 erit

108 1208 234 1243 unus
275 1192 387 1244 dies
415 1193 541 1245 sicut
584 1194 722 1246 mille
749 1193 888 1256 anni,
929 1193 1019 1246 sed
1053 1210 1065 1244 :
1111 1191 1272 1254 Unus,
1316 1191 1508 1258 inquit,
1547 1191 1653 1242 dies

105 1283 238 1342 apud
273 1279 550 1334 Dominum
572 1283 697 1335 sicut
728 1285 863 1336 mille
887 1284 1024 1336 anni.
1050 1284 1177 1348 Quia
1212 1281 1451 1334 nimirum
1485 1282 1535 1333 in
1558 1293 1652 1336 c0-

105 1370 343 1435 gni'iOtte
373 1371 561 1426 divina:
592 1373 828 1434 virtutis,
860 1381 904 1425 et
942 1373 1201 1439 praeterita
1226 1411 1238 1434 ,
1267 1381 1318 1423 et
1350 1369 1518 1422 futura
1541 1409 1555 1432 ,
1597 1376 1650 1421 et

112 1461 390 1522 pmsentia
417 1462 686 1529 mqtta'iter
716 1472 973 1515 constant.
1008 1462 1070 1514 Et
1095 1475 1211 1528 qua:
1243 1460 1390 1526 longa
1421 1459 1570 1510 nobis
1596 1463 1650 1508 et

107 1565 222 1616 qua:
269 1550 449 1603 brevia
495 1551 734 1604 videntur
777 1561 1065 1616 temporum
1106 1548 1394 1611 curricula,
1439 1544 1650 1613 mqtialis

108 1638 285 1703 utique
346 1649 466 1691 sunt
521 1639 675 1706 spatii
729 1641 862 1707 apud
919 1639 1248 1691 Conditorem
1314 1645 1643 1700 temporum,

108 1727 252 1792 iuxta
280 1725 410 1779 illud
443 1727 727 1780 Psalmista!
757 1745 768 1778 :
802 1727 1050 1792 Quoniam
1080 1726 1215 1777 inille
1243 1727 1361 1776 anni
1390 1733 1502 1776 ante
1531 1737 1644 1774 ocu-

106 1819 178 1868 los
210 1825 350 1881 tuos,
393 1819 515 1870 sicut
554 1819 660 1871 dies
703 1819 950 1882 hesterno,
994 1833 1103 1884 qua:
1144 1815 1397 1882 prwteriit,
1438 1823 1483 1866 et
1521 1813 1648 1865 sicut

1763 657 1898 720 quod
1934 668 2146 706 necesse
2168 654 2234 704 sit
2275 666 2364 704 eos
2385 653 2471 719 qui
2519 659 2637 705 cum
2669 653 2894 719 peccatis
2934 653 3190 718 aliquibus
3219 657 3282 706 de

1750 758 1968 810 corpore
2007 751 2216 802 exeunt,
2243 753 2292 794 et
2317 750 2484 794 tamen
2509 742 2572 794 ad
2599 742 2878 795 electorum
2922 755 3119 796 sortem
3152 760 3284 810 pra:-

1753 835 1995 888 destinati
2026 841 2165 892 sunt.
2212 841 2353 887 tanto
2386 841 2618 898 tempore
2647 848 2737 901 per
2764 833 2931 901 ignem
2967 833 3194 902 purgari,
3231 845 3284 887 et

1751 925 1826 978 sic
1854 923 2062 977 demum
2094 924 2324 983 remissis
2368 923 2609 975 omnibus
2637 923 2860 989 peccatis
2891 923 2954 974 ad
2990 923 3145 976 vitam
3196 939 3284 975 ve-

1751 1013 1883 1065 nire.
1915 1013 2014 1065 Sed
2048 1011 2096 1062 Ιιί
2130 1025 2228 1062 non
2259 1009 2431 1063 vident
2452 1019 2656 1076 quanta:
2697 1011 2763 1064 sit
2794 1011 3276 1080 impudentias'cre-

1750 1099 1874 1152 dere
1903 1099 2036 1166 quod
2095 1107 2266 1151 tantus
2310 1098 2652 1166 perfectorum
2703 1107 2757 1152 et
2793 1098 3049 1165 iustorum
3091 1110 3277 1166 cimus,

1751 1190 1972 1254 receptis
2012 1187 2060 1240 in
2094 1189 2192 1240 ictu
2235 1186 2368 1240 oculi
2411 1188 2715 1254 corporibus
2745 1185 2907 1240 beatis
2933 1199 2986 1242 et
3016 1187 3285 1242 immorta-

1700 1294 1705 1299 δ
1751 1276 1901 1337 libus,
1939 1291 2028 1339 per
2071 1275 2208 1328 mille
2237 1290 2494 1328 annorum
2527 1276 2688 1341 spatia
2721 1277 2905 1329 debeat
2952 1278 3000 1329 in
3032 1293 3152 1332 aere
3202 1279 3283 1331 vel

1750 1365 1802 1417 in
1831 1373 1962 1417 terra
2014 1365 2166 1417 finem
2195 1376 2496 1431 exspectare
2524 1364 2724 1434 iudicii,
2783 1376 2835 1419 et
2882 1379 3003 1421 tune
3046 1369 3278 1436 domum,

1709 1481 1714 1485 ι
1753 1456 2054 1523 prmparatis
2084 1458 2144 1506 ad
2179 1455 2431 1523 integrum
2459 1457 2635 1520 Sociis,
2658 1458 2744 1510 diu
2777 1469 3072 1527 exOptatam
3100 1461 3283 1514 audire

1749 1545 2103 1596 εειιιριιῑὶιιεηε
2147 1542 2336 1607 Venite,
2387 1545 2628 1598 benedicti
2668 1545 2835 1601 Patris
2887 1551 2998 1614 ntei,
3049 1552 3286 1620 percipiat

1750 1645 1952 1698 regnum
1981 1631 2184 1694 (Matth.
2221 1649 2281 1684 xx
2293 1632 2363 1698 v).

1818 1721 2050 1772 Adveniet
2081 1731 2244 1772 autem
2266 1721 2370 1773 dies
2406 1721 2606 1773 Domini
2633 1733 2682 1774 ut
2710 1724 2813 1791 fur,
2836 1733 2938 1778 etc.
2965 1726 3083 1779 Illos
3105 1729 3282 1794 procul

1749 1808 1905 1862 dubio
1935 1811 2093 1862 eteius
2122 1811 2240 1862 dicit
2272 1812 2356 1879 qui
2402 1812 2450 1862 in
2483 1810 2674 1864 diluvio
2705 1812 3040 1878 transierunt,
3081 1815 3176 1868 hoc
3200 1824 3280 1869 est

105 1906 334 1957 custodia
367 1907 417 1956 in
457 1917 598 1958 nocte
623 1905 786 1973 (Psnl.
821 1908 1059 1973 Lxxxtx),
1108 1920 1218 1974 qua:
1239 1919 1330 1969 pro
1360 1902 1520 1954 nihilo
1550 1903 1641 1954 Ita-
1677 1891 1721 1950 Β
1748 1912 1920 1952 aerem
1953 1899 2088 1951 hunc
2137 1909 2287 1951 terrm
2334 1899 2649 1966 proximum,
2695 1901 2781 1968 qui
2827 1900 2931 1968 igni
2981 1902 3276 1970 perdendus

107 1997 300 2059 bentur,
345 1997 467 2048 anni
508 2012 679 2048 corum
713 2005 879 2047 erunt.
921 1998 1066 2048 Sicut
1106 1995 1243 2046 enim
1282 1999 1485 2046 constat
1525 1990 1644 2058 quia

110 2084 386 2136 Psalmista
431 2084 572 2138 mille
599 2099 761 2138 annos
802 2099 904 2137 non
953 2085 1054 2138 diei
1100 2083 1272 2136 futuro
1315 2082 1510 2150 iudicii,
1555 2079 1645 2133 sed

108 2173 206 2224 diei
257 2172 509 2225 hesterno
537 2173 623 2240 qui
667 2173 943 2239 prmteriit,
989 2181 1109 2226 ante
1151 2172 1326 2223 oculos
1354 2169 1647 2223 Conditoris

110 2261 372 2326 aqunat,
405 2261 509 2311 imo
555 2274 737 2314 omnes
777 2274 942 2314 annos
983 2270 1209 2325 nostros,
1253 2260 1300 2312 id
1348 2267 1427 2312 est
1474 2258 1648 2312 δίει-υιί

114 2350 263 2416 liuius
301 2365 461 2404 omne
490 2360 694 2418 tempus
734 2352 982 2405 custodiae
1014 2350 1177 2404 noctis
1212 2350 1391 2412 unius,
1427 2363 1540 2416 quin
1570 2354 1652 2401 et

111 2448 291 2505 quarta
317 2453 438 2506 pars
467 2440 655 2503 nodis,
685 2441 960 2504 assimilat,
991 2439 1059 2492 ita
1090 2440 1270 2492 beatus
1300 2438 1478 2492 Petrus
1501 2438 1648 2506 quasi

113 2542 533 2596 unumquemque
562 2529 696 2582 diem
730 2529 905 2582 szeculi
939 2530 1210 2596 prementis
1240 2528 1380 2582 mille
1406 2531 1554 2582 annis
1597 2537 1650 2582 et

115 2617 252 2670 mille
281 2633 449 2670 annos
480 2619 756 2685 unicuique
785 2620 886 2670 diei
926 2618 1063 2684 apud
1108 2619 1380 2672 Dominum
1419 2620 1648 2688 aequipa-

113 2717 217 2768 rat,
250 2706 301 2758 id
334 2714 446 2769 est,
479 2705 712 2773 eiusdem
746 2721 1003 2759 mensurae
1034 2716 1316 2759 asseverat.
1349 2707 1476 2772 Quia
1507 2707 1651 2760 vide-

114 2796 220 2848 licet
251 2796 454 2859 omnia,
487 2805 539 2849 et
580 2810 734 2863 parva
765 2805 818 2848 et
844 2812 1047 2864 magna,
1079 2796 1350 2864 aequaliter
1379 2797 1488 2864 ipse
1514 2812 1652 2850 con-

113 2885 278 2951 spicit.
313 2885 379 2937 Et
406 2886 613 2951 quidem
647 2885 826 2939 Petrus
866 2887 908 2939 si
953 2887 1050 2938 ltoc
1079 2888 1142 2940 de
1168 2886 1252 2940 die
1289 2887 1466 2952 iudicii
1500 2887 1652 2940 vellet

115 2984 306 3026 tantum
353 2973 593 3041 intelligi,
625 2974 759 3040 quod
792 2988 912 3026 vere
944 2985 1097 3026 tanta:
1141 2983 1278 3028 esset
1320 2974 1651 3043 longitudinis

112 3073 314 3129 quanta:
347 3074 467 3116 sunt
511 3063 654 3116 mille
681 3064 799 3120 anni
833 3065 1021 3125 nostri,
1056 3073 1256 3131 poterat
1298 3065 1472 3131 utique
1503 3080 1652 3132 aper-

115 3152 209 3204 tius
239 3167 389 3205 suam
420 3153 649 3204 indicare
678 3153 1011 3215 sententiam,
1044 3167 1208 3221 neque
1238 3167 1368 3220 opus
1395 3162 1533 3206 esset
1561 3151 1648 3205 ad-

113 3243 250 3302 dere,
281 3242 424 3307 apud
458 3241 746 3304 Dominum,
779 3247 900 3308 quia
932 3243 1017 3296 ille
1043 3243 1152 3294 dies
1183 3243 1393 3294 ultimus
1419 3243 1460 3295 si
1495 3251 1648 3296 tantae
1675 3209 1720 3271 Ο

114 3339 246 3382 esset
274 3328 630 3396 longitudinis,
663 3329 816 3381 etiam
844 3330 1138 3383 hominibus
1157 3333 1354 3384 cunctis
1381 3331 1464 3384 ubi
1493 3331 1649 3385 adve-

117 3421 274 3472 nisset
301 3428 598 3487 appareret.
641 3419 760 3473 Ideo
785 3433 956 3473 autem
986 3421 1095 3474 haec
1117 3422 1392 3487 Apostolus
1417 3437 1647 3476 comme-

117 3517 299 3572 morat,
327 3517 385 3560 ut
410 3510 688 3561 convincat
707 3523 795 3561 eos
816 3525 946 3576 quos
968 3509 1142 3563 dicere
1165 3513 1482 3578 praemiserat
1510 3529 1520 3563 :
1556 3511 1650 3564 Ubi

116 3605 182 3645 cst
205 3596 475 3660 promissio
502 3604 588 3646 aut
629 3597 866 3648 adventus
895 3597 1040 3663 ejus?
1063 3597 1344 3650 ostendens
1376 3599 1647 3652 Dominum

122 3698 447 3751 nequaquam
478 3685 697 3736 oblitum
729 3700 836 3739 sua:
864 3688 1221 3753 promissionis
1249 3698 1336 3739 aut
1373 3688 1646 3752 adventus,

113 3772 169 3822 ad
196 3772 537 3838 iudicandum
567 3773 708 3827 vivos
735 3785 786 3826 et
814 3786 1066 3828 mortuos.
1097 3777 1198 3829 Sed
1225 3792 1341 3830 cum
1372 3778 1440 3830 ita
1465 3794 1650 3831 unum-

115 3875 368 3929 quemque
410 3862 547 3915 diem
597 3865 769 3917 sat-culi
813 3867 976 3919 nostri
1022 3877 1214 3920 aeterna
1260 3883 1351 3922 sua
1399 3871 1646 3922 tttemoria

116 3953 512 4020 complectatur,
556 3962 609 4005 ut
637 3967 887 4006 annorum
917 3956 1056 4009 mille
1084 3957 1360 4023 circuitus,
1407 3960 1474 4010 ita
1504 3959 1650 4012 mille

116 4052 275 4092 annos
307 4048 366 4092 ut
394 4042 548 4095 unius
579 4042 678 4097 diei
709 4043 927 4111 spatium
974 4047 1088 4100 sine
1130 4047 1305 4102 labore
1348 4047 1651 4116 circumspi-

116 4128 234 4189 ciat,
276 4132 554 4185 manifeste
592 4134 983 4202 intelligendum
1011 4137 1147 4204 quod
1188 4137 1414 4204 ipsorum
1441 4153 1647 4206 quoque

117 4221 310 4274 dierum
337 4231 389 4276 et
416 4238 668 4276 annorum
699 4227 929 4280 omnium
971 4231 1124 4283 linem
1161 4229 1453 4282 certissime
1491 4243 1647 4283 nove-

119 4309 197 4371 rit,
227 4320 280 4364 et
306 4313 503 4379 absque
527 4313 627 4364 ulla
655 4315 921 4369 dubietate
956 4316 1056 4370 hoc
1089 4333 1294 4387 quoque
1315 4320 1644 4387 przenovcrit,

117 4401 315 4463 quando
355 4403 611 4456 adventus
649 4405 809 4472 ipsius
852 4407 1057 4461 claritas
1097 4409 1393 4472 revelanda,
1433 4409 1640 4476 quando

1746 1995 1845 2049 est,
1911 1995 2106 2038 tantum
2162 1987 2244 2055 (ut
2299 1998 2438 2039 recte
2488 1988 2737 2054 creditur)
2798 1990 2947 2056 spatii
2989 1999 3271 2054 tenentem,

1747 2088 1992 2145 quantum
2024 2092 2152 2143 aqua
2179 2077 2349 2130 diluvii
2378 2078 2602 2131 tenebat.
2637 2079 2877 2148 Alioquin
2903 2082 2942 2134 si
2976 2083 3091 2150 quis
3114 2083 3278 2136 caelos

1746 2168 2061 2234 Superiores,
2125 2168 2208 2220 ubi
2247 2168 2323 2220 sol
2362 2178 2412 2221 et
2466 2170 2580 2221 luna
2621 2179 2671 2222 et
2727 2180 2867 2223 astra
2917 2182 3036 2223 sunt
3084 2174 3282 2240 posita,

1748 2255 2056 2308 transituros
2108 2266 2388 2320 asseverat,
2435 2257 2692 2323 quomodo
2731 2260 2835 2309 vult
2885 2258 3022 2311 illam
3066 2259 3283 2312 Domini

1748 2343 2055 2396 sententiam
2088 2345 2374 2412 intelligere
2401 2361 2495 2412 qua
2528 2346 2718 2398 dicitur
2751 2364 2762 2398 :
2798 2346 2934 2400 Tunc
2981 2349 3057 2400 sol
3102 2348 3277 2401 obscu-

1748 2431 1954 2494 rabitttr,
1980 2444 2024 2486 ct
2058 2434 2174 2485 luna
2198 2451 2293 2486 non
2319 2435 2452 2486 dabit
2475 2437 2636 2488 lumen
2656 2446 2818 2498 suum,
2842 2445 2887 2489 et
2915 2437 3072 2490 stellae
3097 2440 3276 2491 cadent

1748 2521 1809 2570 de
1828 2520 1947 2572 caelo
1978 2520 2187 2590 (Matth.
2222 2525 2397 2589 utv)?
2427 2525 2480 2577 Si
2511 2525 2647 2577 enim
2681 2525 2825 2578 locus
2849 2527 3076 2582 siderum
3109 2537 3276 2581 trans-

1752 2607 1888 2669 ierit,
1918 2608 1968 2661 id
1991 2617 2090 2673 cst,
2123 2610 2336 2674 caelum,
2371 2626 2470 2678 qua
2500 2611 2695 2664 razione
2719 2615 3002 2679 potestdici
3025 2616 3074 2667 in
3097 2617 3278 2670 eadem

1749 2699 1831 2750 die
1864 2700 2088 2762 Domini,
2129 2708 2182 2754 et
2216 2701 2383 2754 sidera
2433 2702 2510 2755 vel
2554 2701 2815 2756 obscurari
2859 2703 2938 2756 vel
2977 2703 3182 2769 Cadere,
3229 2715 3281 2758 et

1758 2784 1986 2852 ipsorum
2018 2787 2248 2840 siderum
2285 2789 2453 2841 locum
2508 2789 2557 2841 in
2603 2805 2703 2857 quo
2735 2790 2832 2842 fixa
2874 2800 3134 2857 tenentur,
3167 2793 3280 2861 igne

1751 2877 2073 2940 absumente,
2108 2879 2401 2933 transisse?

1821 2969 2076 3022 Elemenla
2126 2987 2238 3023 vero
2267 2970 2433 3024 calore
2457 2970 2721 3025 solventur.
2749 2971 2980 3038 Quatuor
3007 2979 3126 3026 sunt
3174 2973 3280 3025 cle-

1753 3075 1946 3124 men'a,
1989 3060 2176 3127 quibus
2215 3063 2437 3114 mundus
2487 3064 2585 3118 iste
2621 3065 2860 3118 consistit
2906 3083 2916 3116 :
2969 3065 3120 3132 ignis,
3168 3079 3278 3130 aer,

1752 3163 1906 3215 aqua,
1935 3156 1986 3202 el
2013 3159 2168 3212 terra,
2199 3163 2313 3217 quae
2344 3158 2527 3202 cuneta
2560 3151 2690 3218 ignis
2724 3152 2808 3204 ille
2834 3153 3087 3204 maximus
3126 3153 3278 3204 absu-

1752 3249 1878 3294 met.
1903 3240 2007 3293 Nec
2034 3249 2204 3293 tamen
2251 3250 2433 3293 cuncta
2465 3242 2512 3292 in
2539 3249 2734 3294 tantum
2761 3251 3049 3306 consumet,
3079 3251 3134 3294 ut
3165 3241 3277 3292 fun-

1751 3331 1888 3382 ditus
1923 3345 2022 3382 non
2052 3331 2176 3392 sint,
2213 3331 2302 3383 sed
2362 3332 2462 3382 duo
2505 3333 2552 3383 in
2599 3339 2793 3383 tantum
2835 3339 3121 3392 c0nsumet,
3177 3329 3280 3384 duo

1754 3432 1876 3470 vero
1902 3419 1950 3469 in
1979 3409 2247 3469 meliorem
2281 3418 2516 3471 restituet
2540 3421 2738 3472 faciem.
2776 3418 2922 3472 Unde
2963 3420 3010 3471 in
3051 3434 3274 3488 sequen-

1752 3507 1886 3559 tibus
1912 3505 2099 3559 dicitur
2132 3522 2143 3557 :

1826 3597 1991 3648 Nouos
2016 3613 2125 3649 vero
2156 3597 2302 3650 caelos
2340 3607 2385 3650 et
2412 3613 2587 3650 novam
2627 3607 2829 3651 terram.
2857 3598 2966 3652 bon
2996 3597 3123 3652 dixit
3152 3598 3280 3652 alios

1749 3685 1910 3740 cados
1946 3695 1999 3738 et
2043 3687 2193 3738 aliam
2244 3695 2462 3749 terram,
2492 3688 2581 3740 sed
2618 3697 2822 3742 veteres
2856 3698 2907 3743 et
2945 3691 3186 3757 antiquos
3226 3690 3276 3743 in

1751 3777 1931 3828 melius
1957 3775 2524 3842 commutandos,iusta
2553 3775 2648 3828 hoc
2671 3776 2804 3843 quod
2830 3777 2985 3828 David
3005 3777 3104 3829 ait:
3125 3775 3283 3828 Initio

1749 3876 1928 3919 terrain
1950 3877 2004 3918 tu
2033 3865 2276 3934 fundasti,
2304 3864 2532 3929 Domine,
2557 3874 2600 3916 et
2632 3881 2782 3932 opera
2810 3881 3047 3919 manuum
3077 3874 3274 3919 tuarum

1747 3967 1858 4007 sunt
1888 3958 2015 4010 cali.
2048 3954 2154 4022 Ipsi
2182 3955 2426 4024 peribunt,
2459 3965 2510 4006 tu
2549 3963 2712 4007 autent
2740 3971 3016 4021 permanes,
3043 3965 3085 4008 et
3110 3957 3276 4008 omnia

1747 4045 1874 4096 sicut
1905 4045 2242 4096 vestimentum
2271 4053 2586 4105 veterasceut,
2617 4052 2662 4095 et
2687 4045 2813 4096 sicut
2840 4045 3138 4112 apertoriutn
3168 4061 3275 4096 mu«

1749 4135 1874 4185 tabis
1903 4149 1980 4196 ea,
2033 4143 2078 4186 et
2120 4133 2442 4185 mutabuntur
2479 4132 2644 4202 (Psal.
2693 4132 2784 4200 Cl).
2816 4134 2939 4197 Qua:
2979 4148 3103 4201 ergo
3144 4134 3277 4201 peri-

1749 4222 1894 4286 bunt,
1925 4231 2267 4288 veterasceut,
2300 4231 2356 4276 et
2386 4222 2741 4286 mutabuntur,
2783 4231 2985 4276 constat
3013 4238 3105 4290 pro
3132 4231 3275 4278 certo

1747 4313 1865 4378 quia
1895 4321 2195 4380 consumpta
2227 4327 2316 4380 per
2355 4312 2542 4378 ignem,
2578 4325 2714 4375 mox,
2757 4310 2976 4364 abeunte
2998 4313 3138 4379 igne,
3161 4327 3276 4381 gra-

1751 4400 1930 4452 tiorem
1979 4412 2246 4456 resument
2301 4400 2548 4470 speciem.
2603 4400 2857 4454 Prmteriit
2920 4402 3060 4455 enim
3116 4404 3276 4470 figura

120 4488 363 4552 promissa
383 4491 491 4542 sint
509 4496 702 4545 sanctis
725 4498 932 4561 praemia
955 4497 1235 4550 reddenda.
1263 4496 1407 4551 Unde
1427 4507 1479 4550 et
1501 4507 1641 4551 recte
1671 4529 1722 4590 Β
1755 4490 1906 4557 bujns
1929 4492 2126 4553 mundi,
2156 4507 2256 4545 non
2303 4493 2607 4553 substantia,
2643 4493 2776 4544 sicut
2811 4501 2866 4545 et
2886 4493 3060 4546 carnis
3086 4504 3278 4548 nostra:

119 4577 436 4644 subiungitur
465 4595 478 4629 :

185 4664 300 4719 Non
341 4668 508 4720 tardat
535 4667 778 4724 Dominus
797 4675 1175 4741 promissionem
1213 4694 1376 4744 suam,
1405 4688 1505 4734 etc.
1539 4681 1640 4746 Qui

121 4769 234 4821 ergo
260 4759 430 4809 omnia
463 4759 607 4812 novit
629 4769 878 4829 tempora,
911 4766 1188 4820 novissima
1211 4777 1263 4820 et
1285 4769 1514 4835 antiqua,
1541 4786 1641 4821 non

123 4842 281 4894 tardat
335 4846 734 4910 promissionem
783 4863 955 4913 suam,
1013 4853 1102 4906 sed
1171 4855 1300 4908 banc
1360 4859 1534 4924 utique
1593 4857 1643 4910 in

124 4938 349 4996 tempore
395 4932 533 5000 quod
562 4943 683 4987 ante
705 4936 878 5002 omnia
906 4946 1136 5006 tempora
1169 4943 1333 4996 futura
1375 4945 1646 5010 prmdesti-

127 5020 256 5072 navit
301 5023 549 5076 ostendit.
582 5021 804 5092 Ideoque
841 5025 1009 5079 adhuc
1052 5028 1242 5094 diﬂ'ert,
1277 5041 1332 5084 ut
1361 5034 1642 5087 ele‘c‘torum

128 5110 256 5172 prius
294 5123 516 5173 summa,
547 5127 701 5178 quam
751 5127 867 5168 cum
899 5114 1054 5169 Patre
1078 5126 1197 5169 ante
1235 5120 1421 5171 secula
1467 5121 1647 5176 decre-

128 5198 207 5256 vlt,
260 5197 629 5267 adimpleatur.
683 5199 830 5255 Unde
889 5210 943 5256 et
1002 5203 1053 5256 in
1107 5205 1416 5275 Apocalypsi
1459 5211 1646 5264 anima:

131 5293 396 5350 martyrum
447 5283 535 5354 qui
585 5284 721 5338 diem
765 5288 944 5352 iudicii
990 5299 1040 5342 ct
1093 5295 1483 5348 resurrectionis
1531 5301 1642 5362 eius

129 5370 395 5427 adventare
460 5375 727 5437 sitiebant,
795 5377 1088 5441 audierunt,
1152 5389 1206 5432 ut
1261 5384 1646 5449 requiescerent

133 5470 315 5527 tempus
336 5463 506 5520 adhuc
551 5466 831 5529 modicum,
868 5467 1033 5522 donec
1079 5470 1385 5538 impleretur
1432 5488 1644 5526 conser-

134 5559 292 5600 vorum
321 5558 373 5604 et
406 5552 620 5606 fratrum
652 5568 831 5608 eorum
855 5570 1114 5610 numerus.
1163 5560 1257 5625 Qui
1311 5569 1479 5613 autem
1513 5576 1643 5626 pra:-

137 5636 274 5691 fnam
303 5639 436 5694 beati
491 5641 628 5696 Petri
672 5645 978 5698 sententiam
1019 5645 1086 5697 ita
1137 5650 1448 5718 intelligunt.
1498 5651 1643 5717 quasi

142 5727 313 5784 diceret
361 5729 498 5782 diem
552 5731 729 5799 iudicii
784 5743 938 5786 tanta;
995 5734 1330 5803 longitudinis
1395 5740 1637 5804 loturam,

1750 4597 1850 4633 non
1880 4582 2162 4634 substantia
2193 4583 2345 4649 perit,
2371 4583 2460 4637 sed
2486 4584 2645 4652 figura
2670 4585 3044 4652 immolabitur,
3069 4587 3274 4655 quando

1749 4671 1884 4739 quod
1914 4671 2201 4724 seminatur
2225 4686 2413 4739 corpus
2461 4673 2704 4739 animale,
2753 4683 2927 4744 surget
2951 4689 3140 4744 corpus
3166 4675 3272 4742 Spi-

1750 4763 1934 4814 rituale
1971 4759 2021 4831 (I
2053 4761 2168 4815 Cor.
2204 4764 2317 4828 xv).
2349 4764 2420 4817 De
2460 4765 2576 4832 igne
2606 4774 2778 4820 autem
2819 4775 2870 4822 et
2899 4782 3028 4836 aqua
3070 4770 3139 4822 nil
3172 4769 3282 4822 tale

1749 4849 1984 4915 legimus,
2035 4852 2157 4918 quin
2212 4853 2380 4917 potius
2429 4853 2675 4905 habemus
2725 4855 2774 4905 in
2827 4855 3276 4924 ApocalypsizEt

1748 4936 2007 5005 marejant
2033 4952 2130 4988 non
2167 4947 2235 4990 est
2260 4939 2434 5006 (Apoc.
2467 4941 2598 5004 ut).
2649 4939 2909 4995 Habemus
2945 4942 2995 4994 in
3051 4944 3270 5011 prophe-

1748 5025 1814 5076 tis
1840 5038 1859 5077 :
1887 5021 1954 5076 Et
1974 5023 2060 5077 lus:
2111 5026 2324 5082 lucerna:
2352 5043 2451 5080 non
2499 5028 2674 5081 lucebit
2713 5029 2798 5082 tibi
2825 5032 3040 5100 amplius
3091 5033 3270 5100 (Apoc.

1749 5113 1915 5180 svnt).

1820 5199 1882 5251 Et
1929 5197 2167 5265 promissa
2203 5199 2360 5264 ipsius
2397 5212 2765 5270 exspectamus,
2794 5207 2846 5258 in
2874 5207 3048 5274 quibus
3068 5209 3273 5276 iustitia

1749 5289 1956 5342 habitat.
2001 5287 2210 5341 Justitia
2258 5289 2458 5343 habitat
2484 5291 2534 5344 in
2560 5293 2732 5349 futuro
2760 5296 2974 5359 saeculo,
3005 5295 3125 5363 quia
3149 5307 3274 5352 tunc

1748 5379 1934 5445 cuique
1982 5380 2211 5434 ﬁdelium
2257 5396 2350 5447 pro
2384 5384 2539 5438 modo
2577 5390 2654 5439 sui
2702 5389 3000 5442 certaminis
3029 5391 3274 5445 reddetur

1748 5483 1937 5522 corona
1984 5469 2218 5536 iustitiae,
2263 5473 2401 5538 quod
2435 5474 2487 5525 in
2518 5477 2612 5527 hac
2653 5476 2752 5527 vita
2793 5493 3115 5548 nequaquam
3165 5482 3273 5533 neri

1750 5568 1936 5624 potest,
1968 5561 2108 5625 juxta
2143 5561 2265 5613 illttd
2295 5562 2622 5616 Salomonis:
2665 5565 2781 5619 Vidi
2809 5572 2898 5622 sub
2936 5571 3038 5622 sole
3077 5571 3127 5621 in
3168 5571 3277 5622 loco

1740 5650 1920 5716 judicii
1964 5653 2281 5718 impietatem,
2331 5661 2376 5704 et
2408 5653 2459 5704 in
2488 5653 2594 5705 loco
2621 5657 2834 5722 justitia:
2854 5658 3178 5723 iniquitatem.
3214 5660 3274 5711 fit

1749 5739 1854 5790 dixi
1883 5741 1931 5792 in
1957 5743 2103 5794 corde
2144 5759 2248 5794 meo
2279 5759 2293 5793 :
2318 5740 2517 5794 Iustum
2547 5752 2592 5794 ct
2619 5745 2825 5809 impium
2847 5746 3090 5812 judicabit
3117 5748 3281 5812 Dens,
