3860 6230
575 400 643 456 83

992 402 1185 456 BED/E
1223 402 1308 455 VE
1360 399 1658 457 ERARIIJS
1696 400 1841 459 OPP.
1883 403 2053 457 PARS
2092 402 2151 456 ll.
2191 401 2374 457 SECT.
2418 402 2454 457 Ι.
2497 432 2563 443 -
2600 402 2977 461 EXEGETICA
3018 406 3332 466 GENUINA.
3654 410 3709 464 δι

580 524 624 563 et
656 523 846 583 tempus
876 511 1010 565 enini
1049 516 1118 566 rei
1160 524 1274 566 tunc
1308 514 1397 566 erit
1429 506 1617 582 (Eccle.
1649 518 1747 581 ιιι).
1782 513 1845 566 Et
1871 515 2053 567 iterum
2086 530 2099 565 :
2132 516 2173 572 Α
2204 512 2314 579 ipse
2343 511 2546 579 Petrus,
2591 515 2799 569 easdem
2845 519 3091 587 epistolas
3136 520 3394 588 relegens,
3444 520 3597 575 laude
3641 537 3713 577 eas

582 601 722 665 Vidi,
756 603 938 668 inquit,
967 604 1238 655 calumnias
1277 618 1386 670 qua
1420 604 1506 655 sub
1534 604 1636 655 sole
1661 613 1915 673 gerantur,
1939 612 1982 656 et
2027 602 2104 655 la-

584 707 778 759 crguas
823 693 1179 753 innocintinnt,
1227 704 1271 743 et
1318 692 1670 744 consolatorem
1720 694 1983 752 neminem,
2017 707 2101 743 nec

576 797 719 851 posse
780 782 1003 833 resistere
1038 797 1205 832 eorum
1229 782 1468 834 violentia:
1494 791 1780 833 cunctorum
1807 781 1996 831 auxilio
2022 785 2105 833 de-

576 870 813 933 stitutos,
863 879 909 921 et
964 871 1165 921 laudavi
1211 871 1369 938 magis
1431 880 1649 921 mortuos
1697 886 1844 936 quant
1899 871 2104 921 viventes

578 954 797 1022 (Eccles.
826 958 917 1025 tv).
952 957 1069 1010 Ideo
1100 972 1320 1024 namque
1355 959 1518 1023 magis
1547 964 1776 1010 mortuos
1807 956 2110 1010 innocentes

582 1062 734 1112 quam
763 1046 1000 1100 viventes
1031 1048 1277 1108 laudavit,
1325 1047 1441 1114 quia
1471 1045 1540 1098 illi
1563 1047 1730 1099 adhuc
1759 1048 1808 1097 in
1831 1048 2111 1099 certamine

584 1135 758 1201 positi,
794 1134 874 1186 isti
917 1145 1084 1185 autem
1130 1142 1387 1199 perpeture
1440 1132 1768 1185 beatitudinis
1809 1142 1930 1185 sunt
1976 1148 2113 1185 mer-

588 1222 713 1275 cede
739 1220 933 1275 donati.
968 1220 1087 1273 Ideo
1134 1228 1305 1273 autem
1350 1219 1446 1273 sub
1492 1220 1601 1272 sole
1642 1220 1924 1273 Calumnias
1952 1234 2007 1272 se
2039 1221 2114 1271 vi;

587 1310 727 1363 disse
770 1312 1100 1377 querebatur,
1143 1310 1261 1375 quia
1304 1323 1456 1375 supra
1505 1309 1665 1360 solem
1712 1320 1923 1361 noverat
1968 1309 2115 1361 .ludi-

586 1417 701 1455 cem
744 1416 857 1457 esse
884 1401 1096 1467 justum,
1139 1402 1222 1467 qui
1253 1402 1302 1451 in
1331 1400 1443 1452 altis
1469 1386 1676 1465 habitat,
1721 1409 1763 1452 et
1794 1400 1997 1451 humilia
2034 1418 2111 1452 re-

585 1490 729 1558 spicit
774 1489 936 1557 (Psal.
967 1490 1113 1555 exul,
1160 1504 1312 1555 supra
1337 1490 1497 1541 solem
1526 1490 1821 1547 mansiones
1850 1490 1899 1553 in
1931 1490 2116 1556 quibus

588 1579 713 1645 jnsti
740 1578 1145 1645 dcbitajustitia:
1194 1592 1301 1631 sua:
1345 1580 1549 1645 prmmia
1596 1579 1897 1645 percipiant.
1948 1581 2119 1632 Potest

596 1669 690 1720 hoc
719 1667 852 1734 quod
878 1665 949 1718 ait
976 1683 987 1717 :
1042 1665 1104 1718 In
1126 1667 1302 1735 quibus
1321 1667 1517 1734 justitia
1544 1665 1752 1729 habitat,
1782 1668 1937 1718 etiam
1964 1667 2116 1735 juxta

586 1759 713 1810 illud
747 1757 1029 1809 Psalmistaa
1078 1756 1288 1822 intelligi
1338 1773 1349 1806 :
1390 1756 1517 1807 licet:
1545 1766 1691 1824 porta
1740 1755 1959 1819 Domini,
1990 1756 2121 1823 justi

2209 603 2389 669 dignas
2413 604 2632 671 judicat.
2663 606 2789 670 Quia
2826 607 3065 659 nimirum
3098 608 3196 663 hoc
3228 610 3394 676 ipsum
3424 610 3565 677 quod
3596 624 3649 663 se
3675 612 3714 663 in

2207 692 2308 745 illis
2338 694 2525 757 merito,
2549 697 2921 761 reprehensum
2947 695 3170 762 invenit,
3198 715 3299 751 non
3323 701 3471 766 quasi
3496 701 3715 766 injuriatn

2205 795 2567 852 aspernanter,
2597 787 2688 840 sed
2720 790 3038 855 gratulanter
3067 791 3211 857 quasi
3240 790 3469 842 ofﬁcium
3500 792 3714 845 devotio-

2208 873 2287 927 nis
2308 876 2526 942 accepit.
2558 874 2710 931 Tales
2737 893 2852 932 esse
2881 879 2943 931 ad
2976 879 3195 935 invicem
3223 894 3321 933 non
3354 882 3574 946 quilibet
3600 898 3719 934 mor-

2211 962 2409 1022 talium,
2458 963 2550 1015 sed
2603 964 2674 1015 illi
2722 966 2819 1018 soli
2869 974 3085 1029 norunt,
3131 970 3217 1034 qui
3266 967 3718 1022 didiceruntaDO-

2208 1052 2349 1101 mino
2389 1050 2537 1105 mites
2563 1067 2679 1106 esse
2705 1064 2753 1107 et
2783 1053 3000 1108 humiles
3028 1058 3206 1124 corde,
3230 1057 3315 1126 qui
3343 1059 3515 1113 sciunt
3544 1059 3720 1113 honore

2210 1139 2284 1187 int
2300 1139 2429 1188 icem
2460 1139 2763 1204 praevenire.

2282 1225 2347 1278 In
2387 1228 2561 1294 quibus
2605 1224 2717 1281 sunt
2759 1230 2988 1298 quwdam
3032 1233 3263 1300 difficilia
3312 1236 3589 1299 intellectu,
3634 1250 3718 1291 etc.

2211 1313 2401 1367 Omnes
2455 1315 2751 1382 Scripturas
2799 1318 3024 1373 heretici
3076 1322 3387 1390 depravant.
3437 1327 3617 1380 Nullus
3659 1341 3722 1380 est

2214 1402 2351 1451 enim
2392 1402 2471 1453 vel
2512 1405 2636 1456 Novi
2682 1405 2761 1457 vel
2812 1404 3008 1460 Veteris
3049 1409 3374 1464 Testamenti
3406 1412 3536 1466 liber
3562 1416 3611 1467 in
3640 1433 3725 1480 quo

2218 1506 2319 1543 non
2362 1494 2520 1545 multa
2564 1510 2809 1561 perverse
2840 1497 3203 1553 intellexerint.
3232 1502 3335 1555 Sed
3364 1513 3415 1556 et
3447 1504 3584 1571 ipsas
3607 1520 3725 1571 sa-pe

2216 1580 2515 1649 Seripturas
2543 1600 2571 1636 a
2602 1601 2697 1639 suo
2740 1597 2877 1639 statu
2920 1602 3307 1657 pcrverterunt,
3354 1595 3429 1646 vel
3462 1595 3722 1656 demendo,

2219 1673 2297 1724 vel
2332 1674 2590 1739 addendo,
2619 1675 2699 1727 vel
2732 1679 2983 1730 mutando
3011 1694 3334 1746 qumcnnque
3372 1684 3573 1735 illorum
3600 1687 3726 1750 perli-

2218 1760 2303 1813 dia
2332 1762 2598 1816 dictasset.
2658 1765 2803 1817 Sicut
2842 1778 3047 1820 conSIat
3093 1771 3316 1823 Arianos
3359 1773 3423 1825 de
3469 1773 3727 1839 Evangelia

588 1846 843 1898 intrabunt
866 1862 951 1914 per
980 1861 1083 1897 eam
1114 1843 1276 1913 (Ρδαι.
1308 1845 1489 1913 CXVII).
1525 1845 1587 1897 Et
1612 1845 1661 1896 in
1691 1844 2019 1913 Apocalypsi.
2052 1845 2115 1898 de
2148 1828 2193 1889 Β
2219 1856 2440 1909 erasisse
2488 1856 2624 1925 quod
2668 1856 2903 1911 Salvator
2944 1859 3051 1912 ait:
3082 1860 3212 1924 Quia
3257 1860 3392 1915 Deus
3439 1828 3641 1928 spiritu:
3666 1874 3723 1913 est

594 1935 800 1987 civitate
848 1948 1068 2000 superna
1117 1932 1342 1987 Joannes
1371 1952 1383 1985 :
1413 1932 1519 1986 Nec
1555 1933 1756 1985 intrabit
1792 1934 1843 1985 in
1873 1950 1997 1997 eam,
2033 1934 2084 1985 in

588 2026 727 2094 quit.
754 2025 941 2091 aliquid
971 2025 1333 2091 coinquinatum
1355 2033 1401 2075 et
1427 2025 1607 2091 faciens
1634 2025 2050 2076 abominationem
2074 2034 2117 2076 et

594 2115 923 2177 mendacium,
972 2115 1066 2165 nisi
1104 2116 1187 2181 qui
1231 2116 1400 2184 scripti
1436 2123 1546 2167 sunt
1588 2116 1638 2167 in
1684 2114 1808 2168 libro
1851 2115 1960 2166 t'itce
1986 2114 2115 2182 Agni

586 2204 765 2267 (Apoc.
798 2212 927 2261 ut).

669 2309 881 2376 Propter
917 2313 1071 2380 quod,
1110 2312 1399 2377 charissimi,
1443 2314 1549 2366 hac
1585 2321 1939 2381 exspectantes,
1985 2322 2117 2365 sata-

586 2400 685 2469 gite
729 2400 1055 2467 immaculati,
1104 2414 1205 2456 etc.
1258 2404 1345 2456 lla:
1393 2413 1513 2456 sunt
1555 2403 1740 2472 vigilia:
1784 2412 1997 2467 sanctae,
2053 2403 2118 2457 de

593 2488 777 2555 quibus
819 2490 1063 2543 Dominus
1092 2492 1156 2543 ait
1192 2508 1206 2544 :
1237 2490 1377 2544 Beati
1395 2493 1518 2545 servi
1544 2492 1619 2544 illi
1639 2510 1778 2560 quos,
1803 2510 1913 2545 cum
1936 2494 2118 2547 venerit

589 2577 817 2627 dominus
837 2616 852 2640 ,
889 2577 1121 2629 invenerit
1158 2578 1410 2645 vigilantes
1439 2578 1586 2648 (an.
1615 2581 1729 2646 xtl).
1764 2579 1946 2645 Vigilat
1974 2596 2117 2633 nam-

590 2678 694 2733 que
722 2666 806 2733 qui
836 2680 892 2719 se
923 2682 948 2717 a
976 2667 1217 2720 sordibus
1257 2669 1494 2720 vitiorum
1528 2660 1819 2723 immunem
1859 2671 2112 2735 custodit,

590 2754 700 2823 qui,
750 2765 994 2819 quantum
1041 2757 1090 2808 in
1140 2771 1196 2809 se
1236 2764 1334 2821 est,
1378 2772 1495 2809 cum
1541 2759 1779 2811 omnibus
1824 2759 2118 2813 hominibus

594 2858 772 2912 pacem
810 2844 985 2907 habet,
1015 2846 1125 2912 qui,
1172 2844 1222 2897 iu
1251 2844 1423 2911 seipso
1449 2858 1573 2911 pace
1612 2845 1904 2897 felicissima
1949 2854 2117 2912 utens,

596 2946 778 2984 utimes
815 2933 985 2985 carnis
1039 2932 1308 2985 illecebras
1338 2934 1547 2998 spiritus
1574 2932 1806 3000 regimini
1834 2934 2022 2986 subdit.
2054 2935 2118 2987 Et

596 3020 730 3073 bene
775 3034 891 3072 cum
934 3022 1174 3074 diceret:
1207 3021 1429 3090 Satagite
1465 3023 1766 3076 immaculati
1807 3033 1852 3077 et
1893 3024 2117 3077 inviolati

594 3107 823 3171 inueniri,
853 3107 1050 3161 addidit
1074 3110 1141 3173 ci,
1174 3108 1225 3162 id
1269 3121 1367 3175 est,
1403 3110 1637 3173 Domino,
1669 3111 1786 3178 quia
1817 3112 1903 3164 ille
1946 3113 2113 3166 solum

599 3197 825 3261 perfecte
852 3199 1069 3250 mundus
1100 3208 1203 3261 est,
1237 3200 1321 3263 qui
1351 3200 1523 3250 divino
1548 3199 1742 3267 judicio
1770 3200 1989 3254 mundus
2012 3211 2111 3257 est.

600 3286 744 3339 Unde
796 3286 846 3339 iu
896 3287 1044 3339 laude
1086 3286 1337 3340 bonorum
1379 3290 1649 3357 conjugum
1696 3290 1880 3343 dicitur
1906 3308 1917 3342 :
1948 3289 2111 3343 Erant

593 3384 756 3424 autem
799 3375 926 3443 justi
970 3372 1113 3425 ambo
1145 3384 1258 3426 ante
1304 3372 1463 3426 Deum
1509 3375 1655 3438 (Luc.
1702 3378 1766 3443 ι).
1820 3376 1958 3430 Bene
2003 3388 2117 3431 ante

600 3461 777 3523 Deum,
808 3465 923 3527 quia
958 3462 1178 3513 humana
1198 3476 1334 3529 smpe
1356 3464 1547 3530 judicia
1582 3464 1781 3517 fallunt.

663 3548 731 3600 lit
774 3545 977 3600 Domini
1006 3550 1160 3601 nostri
1188 3548 1611 3618 longanimitatem
1652 3551 1863 3604 salutem
1902 3552 2115 3605 arbitrae

593 3638 735 3691 mini.
781 3637 951 3692 Nolite
993 3649 1171 3706 putare
1210 3638 1347 3706 quod
1380 3639 1546 3693 tardet
1588 3642 1983 3708 promissionem
2015 3642 2113 3695 Do-

592 3730 781 3790 minus,
810 3730 899 3781 scd
931 3728 1197 3797 inteliigite
1230 3729 1362 3796 quod
1397 3729 1512 3783 ideo
1543 3730 1901 3797 longanimiter
1926 3746 2112 3799 exspe-

595 3828 723 3881 ctat,
753 3828 803 3868 ιιι
833 3818 1006 3884 plures
1031 3818 1309 3869 salvantur.

665 3927 806 3980 Sicut
831 3937 874 3978 et
902 3926 1217 3978 charissimus
1244 3927 1400 3993 frater
1427 3935 1589 3979 noster
1616 3926 1807 3981 Paulus
1846 3932 2117 3985 secundum

591 4019 753 4069 datam
776 4016 869 4069 sibi
903 4018 1193 4084 sapientiam
1215 4017 1409 4085 scripsit
1436 4018 1587 4072 vobis.
1614 4021 1823 4074 Paulum
1866 4024 1967 4077 illis
1987 4025 2116 4077 scri-

596 4105 761 4173 psisse
807 4114 1197 4170 commemorat,
1230 4106 1347 4173 quia
1393 4106 1491 4159 etsi
1537 4106 1724 4161 Paulus
1763 4109 2114 4177 ad‘quasdam

598 4194 908 4259 specialiter
940 4194 1145 4263 scripsit
1184 4194 1464 4260 Ecclesias,
1494 4197 1730 4247 omnibus
1762 4205 1932 4250 tamen
1963 4214 2118 4267 gene-

597 4283 792 4345 raliter,
823 4299 938 4347 qua!
964 4298 1051 4351 per
1080 4284 1255 4336 orbem
1287 4294 1429 4346 sunt,
1460 4298 1679 4351 qumque
1708 4300 1861 4338 unam
1900 4288 2118 4340 catholi-

594 4386 705 4421 cam
757 4371 975 4436 faciunt,
1022 4372 1294 4440 scripsisse
1336 4374 1580 4439 probatur
1611 4374 1877 4431 Ecclesiis.
1932 4377 1992 4430 Et
2019 4393 2113 4431 no-

2223 1941 2305 2008 (II
2330 1943 2442 1996 Cor.
2478 1946 2580 2014 ιιι),
2628 1948 2745 2013 quia
2795 1948 3042 2000 nolebant
3083 1950 3298 2002 credere
3340 1952 3473 2018 quod
3523 1951 3724 2015 Spiritus

2218 2044 2427 2087 Sanctus
2470 2036 2605 2090 Deus
2648 2046 2784 2090 esset
2833 2038 3182 2105 omnipotens.
3233 2039 3376 2103 Quos
3426 2051 3565 2092 recte
3594 2042 3722 2092 indo-

2218 2131 2331 2173 ctos
2375 2133 2522 2175 vocat
2571 2133 2624 2177 et
2672 2125 2962 2188 instabiles,
3006 2126 3123 2193 quia
3156 2140 3250 2180 nec
3281 2128 3452 2180 lumen
3493 2130 3721 2185 scientLr.

2225 2225 2319 2262 nec
2369 2213 2707 2265 stabilitatem
2756 2213 2949 2266 habent
2996 2218 3208 2281 tuentis,
3261 2233 3357 2284 qlia
3403 2220 3534 2271 inter
3561 2221 3723 2272 doctos

2218 2298 2385 2353 donec
2413 2302 2715 2355 erudiantur
2744 2314 3098 2370 permaneant.
3152 2308 3371 2361 Unicum
3415 2326 3627 2377 namque
3652 2313 3723 2363 in-

2218 2388 2384 2442 doctis
2427 2390 2712 2445 remedium
2758 2402 2872 2461 est,
2925 2395 3104 2448 humili
3153 2398 3432 2452 stabilitate
3474 2400 3719 2452 doctorum

2218 2482 2388 2533 verbis
2418 2483 2649 2534 auditum
2682 2484 2934 2549 praebere.
2974 2486 3137 2549 Quam
3178 2488 3473 2539 stabilitatis
3502 2490 3721 2555 gratiam,

2217 2568 2335 2638 quia
2387 2570 2614 2624 lueretici
2662 2587 2762 2625 non
2814 2573 3029 2637 habent,
3089 2582 3243 2628 vento
3291 2577 3543 2644 superbia
3586 2578 3719 2645 quasi

2221 2662 2363 2728 palea
2398 2662 2545 2725 levis,
2577 2661 2733 2716 etiam
2768 2664 2833 2718 de
2873 2663 3103 2719 Ecclesia
3133 2666 3406 2721 tolluntur.
3451 2668 3518 2721 De
3553 2670 3721 2737 quibus

2218 2749 2351 2803 hem
2378 2750 2613 2804 subditur
2637 2768 2653 2805 :

2288 2841 2366 2893 Ad
2390 2857 2530 2895 suam
2557 2844 2776 2913 ipsorum
2807 2846 3150 2909 perditionem.
3181 2849 3309 2913 Quia
3335 2850 3419 2918 qui
3447 2850 3721 2917 Scriptum

2223 2944 2432 2987 sanctas
2457 2934 2762 3003 depravare,
2801 2939 2889 3005 qui
2927 2938 3085 2992 (idem
3114 2942 3424 2993 catholicam
3455 2942 3647 2993 turbare
3671 2955 3719 2990 ac

2222 3032 2521 3090 pervertere
2545 3035 2820 3089 conantur,
2850 3043 2951 3080 non
2980 3027 3119 3081 aliud
3154 3028 3201 3080 in
3237 3028 3338 3081 hoc
3367 3044 3512 3095 quam
3541 3028 3719 3093 seipsos

2175 3154 2189 3174 ,
2223 3112 2592 3163 condemnant.
2644 3113 2878 3167 Ecclesia
2927 3125 3099 3168 autem
3142 3114 3357 3178 Christi,
3388 3116 3620 3168 discussis
3647 3130 3717 3164 er—

2222 3212 2395 3252 rorum
2425 3200 2671 3269 tenebris,
2706 3218 2825 3258 vera
2858 3219 2951 3258 sua
2978 3205 3093 3259 luce
3127 3205 3330 3259 fruitur.
3365 3205 3505 3260 Unde
3536 3206 3653 3257 bene
3678 3206 3718 3252 in

2223 3292 2324 3345 line
2363 3294 2719 3362 Apocalypsis,
2748 3310 2865 3363 qua:
2896 3297 3125 3350 clausula
3156 3306 3216 3349 et
3243 3298 3387 3363 quasi
3419 3296 3714 3362 signaculum

2216 3392 2299 3435 est
2327 3386 2485 3437 totius
2512 3386 2701 3438 divinae
2736 3386 3040 3453 Scriptum,
3072 3387 3262 3439 dicitur
3294 3405 3305 3437 :
3341 3386 3401 3439 Si
3438 3386 3541 3456 quis
3578 3400 3716 3449 appo-

2216 3478 2371 3530 suerit
2412 3476 2480 3528 ad
2524 3479 2649 3537 hac,
2687 3486 2904 3545 apponet
2937 3475 3067 3529 Deus
3094 3493 3238 3546 super
3264 3478 3404 3529 illum
3428 3476 3594 3544 plagas
3611 3474 3715 3526 scrin

2217 3574 2326 3633 ptas
2348 3566 2397 3616 in
2426 3564 2553 3616 libro
2581 3564 2709 3627 isto;
2735 3573 2779 3613 et
2812 3566 2854 3615 si
2887 3566 2995 3630 quis
3032 3567 3314 3619 diminuerit
3352 3570 3413 3617 de
3448 3568 3595 3618 verbis
3621 3564 3713 3613 libri

2216 3650 2369 3719 hujus
2408 3648 2697 3719 prophetia,
2744 3654 2932 3717 auferet
2975 3650 3107 3703 Deus
3152 3662 3339 3717 partem
3376 3656 3477 3719 ejus
3518 3654 3576 3702 de
3607 3653 3712 3701 libro

2212 3740 2328 3793 mitte
2348 3748 2394 3791 et
2421 3740 2482 3792 de
2506 3740 2699 3793 civitate
2723 3748 2916 3805 sancta,
2946 3748 2990 3791 et
3017 3740 3076 3792 de
3107 3740 3181 3792 his
3212 3756 3320 3806 quae
3344 3742 3520 3807 scripta
3542 3751 3644 3791 sunt
3670 3740 3711 3788 in

2218 3832 2345 3884 libro
2372 3832 2465 3884 ista
2488 3832 2669 3899 (Apoc.
2713 3831 2869 3900 χιιι).
2909 3831 3141 3885 Dillicilia
3184 3840 3353 3885 autem
3397 3831 3642 3884 intellectu
3670 3828 3709 3877 in

2221 3922 2469 3988 Epistolis
2507 3922 2670 3986 Pauli,
2703 3937 2818 3988 qua:
2846 3922 2910 3975 ab
2941 3921 3165 3975 indoctis
3188 3932 3238 3974 et
3270 3920 3585 3973 instaliilibus
3609 3919 3711 3970 dicit

2220 4027 2336 4067 esse
2362 4013 2666 4080 depravata,
2693 4014 2777 4066 illa
2806 4022 2927 4064 sunt
2953 4012 3178 4064 maxime
3201 4012 3251 4063 in
3280 3994 3464 4078 quibus
3486 4013 3546 4063 de
3573 4009 3710 4078 gratia

2222 4102 2312 4154 Dei
2342 4102 2593 4165 loquitur,
2619 4115 2727 4164 qua:
2754 4099 2997 4168 justi/iret
3024 4100 3203 4166 impios
3232 4098 3402 4168 (Rom.
3428 4100 3514 4164 tv),
3540 4102 3627 4149 hoc
3652 4105 3715 4147 est

2218 4206 2281 4242 ex
2311 4192 2479 4257 impiis
2507 4190 2651 4241 faciat
2678 4189 2868 4257 justus.
2924 4190 3056 4241 Dicit
3096 4191 3234 4242 enim
3276 4189 3426 4256 ipse:
3458 4188 3545 4241 Ubi
3591 4188 3718 4237 abun-

2220 4283 2353 4333 davit
2407 4291 2685 4347 peccatum,
2733 4281 3153 4349 superabundant
3196 4290 3241 4331 et
3282 4281 3440 4349 gratia
3477 4279 3613 4345 (Rom
3656 4284 3712 4324 vi.

2222 4373 2367 4438 Quod
2413 4374 2482 4424 illi
2534 4388 2634 4424 non
2684 4372 3033 4440 intelligentes
3083 4372 3332 4437 putabant
3381 4384 3492 4422 eum
3530 4368 3713 4417 d'crrc:

593 4466 802 4517 tundunt
847 4466 980 4533 Quod
1022 4466 1103 4518 hic
1147 4466 1330 4519 Petrus
1379 4466 1524 4520 Pauli
1568 4467 1872 4534 sapientiam
1918 4470 2110 4535 laudat,
2149 4477 2196 4535 ι)
2224 4461 2491 4514 Variam“
2527 4463 2659 4513 ’ποία
2686 4471 2736 4513 lu
2768 4463 2965 4513 υεηίαηι
2991 4461 3115 4512 bona
3148 4459 3321 4527 (Ποιηο
3357 4460 3454 4523 ¹¹¹)·
3489 4460 3617 4512 Λινδίί
3642 4470 3717 4503 δυ’

592 4555 704 4619 ipse
750 4566 917 4606 autem
953 4556 1137 4606 Paulus
1166 4557 1228 4607 de
1252 4571 1308 4608 se
1338 4556 1461 4610 dicit
1487 4574 1497 4606 :
1525 4556 1632 4625 Ego
1673 4563 1803 4609 enirn
1830 4575 1940 4611 sum
1973 4561 2117 4611 mini-

589 4657 698 4693 ntns
727 4642 1081 4709 apostolorum,
1114 4644 1197 4708 qui
1221 4659 1317 4693 non
1357 4660 1465 4695 sum
1496 4643 1676 4709 dignus
1710 4647 1873 4697 vocvri
1918 4656 2116 4713 aposto-

590 4735 689 4792 lus,
712 4731 946 4799 quouimn
965 4740 1245 4797 persecutus
1267 4747 1374 4781 sum
1401 4730 1671 4783 Ecclesium
1690 4731 1783 4785 Dei
1804 4733 1853 4803 (I
1871 4734 1986 4787 Cor.
2011 4739 2121 4804 xv).

594 4820 727 4874 Ecce
757 4836 812 4872 se
846 4821 1027 4872 l'anlus
1058 4823 1239 4885 prisca:
1270 4835 1376 4872 suae
1418 4820 1738 4874 inﬁdelitatis
1787 4837 1986 4875 memor
2028 4823 2122 4875 Itu-

596 4910 776 4968 tniliat,
827 4923 878 4963 et
928 4912 1140 4962 aliorum
1190 4912 1539 4977 apostolorum
1592 4910 1938 4963 innocentiam
1985 4926 2115 4980 prte-

597 5006 715 5052 t‘crt.
767 5000 897 5051 Ecce
928 4999 1122 5063 primus
1172 5000 1548 5067 apostolorum,
1596 4998 1745 5067 quasi
1798 5000 1992 5052 oblitus
2040 5002 2117 5052 ειιί

594 5092 876 5158 prioratus,
931 5098 983 5138 et
1027 5088 1259 5140 datarum
1308 5089 1405 5142 sibi
1453 5090 1677 5144 elavium
1723 5092 1891 5158 regni,
1946 5090 2133 5143 datam‘

595 5184 751 5236 Paulo
793 5179 1098 5248 sapientiam
1139 5181 1375 5233 miratur.
1404 5181 1534 5246 Quia
1563 5182 1808 5235 nimirum
1840 5184 1998 5235 moris
2028 5191 2110 5234 est

542 5282 544 5285 ·
593 5274 876 5327 electorum
923 5280 979 5324 ut
1023 5270 1237 5323 aliorum
1286 5270 1449 5337 magis
1491 5286 1644 5337 quam
1695 5287 1814 5325 suas
1863 5275 2121 5325 mirentur

2221 4561 2322 4603 tem
2357 4562 2410 4602 ut
2443 4552 2627 4602 Paulus
2658 4565 2779 4603 suos
2813 4552 3077 4602 auditores
3116 4551 3178 4600 ad
3232 4547 3563 4616 promercnda
3605 4548 3714 4592 bona

2220 4640 2405 4689 doceat
2435 4637 2607 4691 facere
2636 4639 2789 4699 mala,
2818 4637 2967 4704 cujus
2995 4639 3165 4688 omnis
3193 4636 3415 4689 intentio
3440 4642 3555 4685 esta
3589 4629 3716 4680 [uillis

2222 4746 2491 4793 coercere,
2532 4740 2583 4783 et
2609 4730 2669 4782 ad
2701 4730 2833 4783 bona
2866 4729 3060 4796 agenda
3092 4742 3431 4799 quoscunque
3458 4732 3613 4793 potest
3633 4721 3717 4770 atl-

2225 4836 2427 4873 vocme.
2460 4820 2561 4873 Sed
2591 4834 2706 4872 cum
2736 4819 2879 4879 dicit,
2916 4816 3013 4872 Ubi
3055 4819 3327 4869 abundavit
3368 4824 3620 4883 peccaturo,
3648 4826 3717 4860 su-

2226 4911 2575 4976 perabundavit
2613 4922 2653 4961 et
2694 4909 2855 4976 gratia
2902 4908 3070 4977 (Rom.
3106 4908 3183 4973 v),
3229 4906 3420 4956 donum
3453 4904 3617 4970 gratia:
3644 4912 3718 4961 per

2228 5003 2323 5054 hoc
2357 5001 2718 5055 vehementius
2748 4998 3095 5059 commendat,
3142 5010 3257 5062 qua:
3297 5004 3353 5049 et
3395 5011 3565 5061 ntagua
3605 4988 3719 5039 solc-t

2225 5094 2510 5155 conversis,
2559 5102 2613 5144 et
2655 5095 2851 5143 minora
2896 5086 3159 5139 dimittere
3203 5095 3435 5155 peccata.
3467 5086 3523 5134 lit
3550 5090 3717 5142 quanto

2224 5181 2339 5245 uuis
2376 5180 2571 5249 majora
2618 5189 2736 5231 ante
2778 5177 3168 5229 conversionem
3213 5182 3423 5239 peccata
3465 5168 3714 5221 commisit.

2228 5276 2371 5322 tanto
2409 5267 2656 5335 majorem
2703 5267 2879 5331 gratiae
2928 5264 3165 5318 donantis
3211 5260 3570 5327 indulgentiam
3617 5271 3720 5309 cou-

2227 5375 2407 5411 versus
2450 5358 2669 5421 accepit.
2716 5354 2967 5421 Loquitur
2995 5368 3119 5421 ergo
3146 5352 3247 5404 hoc
3279 5351 3549 5415 Apostolus
3574 5344 3721 5399 dehis

2226 5462 2342 5513 qum
2387 5447 2492 5512 jam
2538 5444 2893 5497 commisimus
2936 5442 3183 5507 peccatis,
3236 5455 3301 5492 ne
3349 5442 3462 5505 quis
3508 5439 3720 5502 despcrr

2229 5537 2367 5588 tione
2396 5532 2561 5585 venite
2594 5547 2683 5599 pro
2712 5532 3064 5599 magnitudine
3089 5528 3376 5581 facinorum
3415 5534 3611 5595 pereat;
3636 5536 3719 5571 non

2227 5632 2424 5684 autem,
2470 5631 2521 5672 ut
2573 5621 2765 5675 inimici
2796 5616 3292 5685 interpretabantur.
3324 5615 3569 5669 suadebat
3597 5609 3716 5673 plura

2229 5715 2399 5768 facere
2457 5726 2700 5782 precata,
2765 5722 2814 5765 ut
2881 5710 3077 5780 potiora
3143 5724 3234 5779 per
3295 5708 3408 5762 lucc
3459 5704 3716 5770 reciperent

593 5362 835 5423 virtutes,
884 5374 973 5425 per
1018 5371 1144 5425 quas
1173 5371 1229 5409 se
1260 5357 1323 5409 ad
1357 5359 1642 5425 profectum
1684 5362 1936 5412 excitent.
1971 5362 2125 5412 Item-

594 5464 695 5513 que
742 5447 1021 5499 notandum
1066 5445 1199 5514 quod
1252 5447 1435 5499 Paulus
1464 5449 1513 5499 in
1546 5447 1785 5511 Epistolis
1815 5450 1921 5501 suis
1952 5449 2075 5500 dicit
2108 5465 2118 5498 :

598 5537 719 5586 Cum
749 5548 908 5587 autem
938 5538 1141 5587 venisset
1182 5534 1372 5600 Cephas
1419 5537 1749 5598 Antiochiam,
1801 5538 1851 5589 in
1890 5538 2062 5603 facient
2085 5538 2127 5588 ei

601 5625 776 5677 restiti,
807 5627 919 5687 quia
944 5623 1339 5689 reprehensibilis
1368 5635 1472 5675 erat
1495 5624 1687 5691 (Galat.
1713 5626 1789 5691 ιι).
1828 5623 2126 5695 liepreheu-

600 5715 674 5767 dit
705 5726 824 5777 ergo
852 5711 1040 5764 huius
1081 5714 1127 5765 in
1179 5712 1423 5779 Epistolis
1463 5716 1569 5766 suis
1602 5714 1832 5777 Petrum,
1873 5725 1923 5767 et
1957 5723 2129 5766 tamen
