3860 6230
189 439 251 493 85
1273 441 1336 496 IN
1377 443 1392 494 l
1435 440 1806 496 EPiSTOLAM
1849 443 1904 498 S.
1947 442 2242 498 JUANNIS.
3291 445 3361 498 86

187 552 338 605 bona.
386 549 532 605 Unde
553 558 605 604 et
632 550 810 603 beatus
839 548 1024 603 Petrus
1050 557 1190 604 recte
1219 551 1550 604 admonendo
1579 551 1706 605 sub-
1741 554 1786 611 Α
1817 550 2143 602 Ambulitbunt
2171 551 2230 602 de
2252 549 2427 600 virtute
2456 549 2505 600 in
2529 550 2775 611 virtutem,
2810 548 3048 600 videbitur
3075 548 3203 600 Deus
3231 548 3351 600 deo-

184 640 388 707 jungit:

256 727 361 781 Vos
390 730 557 797 igitur,
593 733 793 797 fratres,
823 728 1130 797 prwscienti-s
1157 728 1420 791 custodite,
1451 739 1550 782 etc.
1579 728 1716 782 Prte-

190 820 453 886 scieutes,
502 824 621 886 quia
671 822 976 888 insipientes
1023 820 1334 875 multifarios
1380 822 1715 874 introducent

190 921 427 972 errores,
457 908 667 977 quidam
695 909 950 978 judicium
1001 902 1226 964 futurum
1271 919 1550 978 negantes,
1596 910 1715 977 qui-

189 993 301 1045 dam
356 995 558 1064 eloquia
609 996 780 1049 divina
829 997 1096 1060 falsantes,
1141 998 1348 1064 quidam
1391 997 1524 1050 male
1552 998 1718 1050 inter-

189 1091 487 1148 pretantes,
542 1084 747 1151 quidam
807 1085 952 1138 frena
1015 1086 1230 1138 luxurias
1286 1086 1554 1146 laxantes,
1622 1085 1712 1138 alii

187 1175 294 1229 aliis
324 1187 485 1242 atque
523 1176 640 1231 aliis
685 1177 1049 1246 deceptionum
1099 1178 1363 1232 fraudibus
1402 1178 1708 1230 miserorum

185 1264 339 1317 corda
384 1266 770 1330 dementantes,
803 1267 1065 1328 custodite,
1114 1282 1177 1319 ne
1214 1282 1312 1334 qua
1350 1266 1708 1320 seducentium

185 1357 368 1408 astutia
399 1370 428 1408 a
459 1355 580 1410 ﬁdei
611 1367 797 1411 vestrae
825 1358 1069 1411 lirmitate
1098 1358 1372 1412 decidatis.

249 1443 466 1497 Crescite
491 1461 604 1498 vero
630 1447 681 1498 in
711 1448 892 1514 gratia,
920 1455 1023 1501 etc.
1051 1446 1202 1501 Juxta
1230 1447 1349 1499 illud
1379 1446 1666 1500 Psalmista‘:
1695 1462 1709 1498 :

1824 655 1934 690 rum
1953 640 2001 691 in
2029 639 2152 692 Sion
2180 636 2343 706 (Psul.
2364 639 2598 703 uuln).

1895 727 2000 797 Ipsi
2039 729 2201 798 gloria
2228 737 2273 780 et
2303 745 2430 780 nunc
2473 737 2516 780 et
2557 729 2607 778 in
2649 727 2775 779 diem
2817 727 3129 779 ateruitatis.
3178 727 3351 779 Gloria

1823 832 2027 885 semper
2076 818 2336 870 Salvatori
2389 816 2492 868 Deo
2521 825 2574 868 ct
2612 815 2831 868 Domino
2877 825 3076 877 nostro,
3124 824 3173 868 et
3222 827 3355 864 nunc

1823 921 1940 960 cum
1969 908 2103 960 inter
2133 906 2464 974 quotidianus
2493 905 2868 957 adversitatum
2895 919 3158 970 pressuras
3188 903 3356 954 adhuc

1823 996 1876 1051 in
1899 1011 2052 1050 carne
2080 996 2233 1064 positi
2264 997 2654 1064 peregrinantur
2682 995 2745 1048 ab
2781 994 2886 1058 illo,
2914 1003 2964 1046 et
2988 992 3208 1045 tuasimc
3236 1002 3358 1044 tunc

1823 1101 1939 1140 cum
1984 1086 2069 1137 ditt
2119 1084 2445 1137 desideratus
2502 1083 2707 1135 cunctis
2759 1083 2995 1148 gentibus
3051 1081 3355 1141 adveniens,

1823 1175 2093 1240 przesentia
2126 1188 2220 1226 nos
2245 1189 2352 1226 sum
2379 1173 2593 1225 visionis
2622 1170 2778 1223 fuerit
2810 1170 3068 1222 illustrare
3091 1169 3355 1235 dignatus.

1817 1266 1983 1329 Quam
2023 1263 2138 1329 quia
2186 1264 2395 1315 interim
2428 1262 2769 1328 su5pirantes,
2815 1261 3004 1311 merito
3034 1258 3351 1310 scdulicau-

1819 1363 2019 1406 tamus:
2057 1354 2183 1416 Quia
2214 1353 2385 1404 melior
2428 1362 2498 1404 est
2545 1352 2648 1403 dies
2679 1367 2780 1402 una
2821 1351 2872 1402 in
2913 1351 3050 1401 atriis
3081 1349 3178 1402 tuis
3204 1363 3354 1417 super

1819 1442 1977 1493 millia
2007 1439 2169 1509 (Psal.
2209 1441 2449 1505 Lxxxm).

855 1733 957 1807 IN
1015 1728 1402 1805 PRIMAM
1465 1725 2032 1802 EPISTOLAM
2094 1725 2168 1798 S.
2245 1725 2694 1799 JOANNIS.

675 1901 895 1956 CAPUT
932 1901 1209 1956 PRIMUM.

249 1991 395 2058 Quod
442 1991 534 2059 fuit
573 1990 633 2043 ab
688 1991 826 2044 initio
851 2031 866 2056 ,
893 2001 993 2043 etc.
1023 1990 1167 2043 llanc
1212 1988 1495 2056 Epistulam
1539 1987 1716 2041 beatus

186 2080 460 2147 Apostolus
504 2080 728 2133 Joannes
773 2079 839 2132 de
868 2080 980 2131 lidei
1012 2087 1065 2130 et
1107 2078 1371 2130 clturitatis
1403 2077 1716 2143 perfectione

195 2168 525 2235 conscripsit,
581 2169 796 2221 laudans
822 2167 1151 2220 devotionem
1179 2181 1358 2219 eorum
1389 2167 1475 2232 qui
1510 2167 1557 2216 in
1591 2167 1710 2216 ιιιιὶ-

186 2265 282 2308 tate
336 2256 583 2309 Ecclesiae
626 2255 1066 2324 perseverabant;
1113 2269 1266 2321 porro
1299 2254 1502 2305 illorum
1535 2254 1715 2319 impie-

185 2353 333 2396 tatem
382 2358 693 2411 coarguens,
743 2343 828 2410 qui
876 2343 1120 2396 Ecclesia:
1170 2356 1347 2409 pacem
1393 2356 1581 2394 vesano
1623 2342 1717 2393 do-

182 2441 348 2498 gmate
395 2432 689 2496 turbabant,
717 2432 948 2486 Cerintbi
978 2432 1199 2484 maxime
1229 2441 1281 2482 et
1311 2431 1608 2495 Marcionis,
1629 2433 1711 2496 qui

183 2520 442 2574 Christum
496 2529 616 2582 ante
685 2521 894 2574 Mariam
952 2537 1051 2574 non
1104 2521 1263 2574 fuisse
1309 2522 1711 2576 contendebant.

184 2607 394 2674 Propter
443 2624 575 2677 quos
621 2609 774 2663 etiam
822 2609 1153 2675 Evangelium
1182 2625 1332 2661 suum
1364 2611 1608 2676 scripsit,
1642 2610 1711 2663 ibi

183 2694 385 2760 quidem
413 2707 469 2750 et
508 2698 615 2750 suis
642 2706 690 2750 et
739 2696 898 2765 ipsius
946 2697 1143 2750 Domini
1175 2698 1343 2751 verbis
1372 2698 1713 2750 consubstan-

183 2785 348 2838 tialem
375 2784 514 2837 Patri
545 2784 731 2838 Filium
748 2785 1031 2851 allirmans,
1056 2786 1136 2838 liic
1163 2797 1335 2838 autem
1364 2802 1480 2853 qua:
1502 2803 1528 2837 a
1550 2787 1715 2839 Domi-

186 2890 249 2926 no
275 2874 454 2927 didicit
480 2875 698 2940 prepriis
721 2875 1047 2928 sermonibus
1068 2876 1397 2942 depromeus,
1427 2886 1479 2928 et
1502 2877 1712 2929 lucreti-

181 2978 350 3017 corum
373 2963 644 3017 stultitiam
659 2963 938 3031 apostolica
960 2965 1262 3018 auctoritate
1282 2965 1541 3018 refellens.
1569 2965 1713 3019 Unde

183 3065 293 3105 mox
314 3052 366 3105 in
390 3051 560 3118 capite
593 3049 832 3119 Epistolte
857 3051 1176 3104 divinitatem
1203 3051 1356 3104 simul
1391 3063 1441 3105 et
1467 3051 1710 3116 humani-

181 3150 328 3192 tatem
353 3153 530 3193 veram
543 3140 774 3208 ejusdem
789 3140 876 3193 Dei
894 3150 946 3192 et
970 3139 1171 3193 Domini
1200 3143 1360 3193 nostri
1383 3141 1501 3194 Jesu
1523 3139 1710 3194 Christi

1749 1901 1793 1958 B
1823 1912 2007 1951 manus
2076 1914 2255 1951 eorum
2306 1907 2654 1952 tractaverunt
2695 1898 2759 1953 de
2814 1900 2984 1953 Verbo
3030 1901 3191 1968 vitae,
3234 1920 3371 1958 cum:

1819 2003 1990 2040 verum
2023 2003 2140 2040 eum
2173 1990 2435 2054 recepisse
2464 2004 2671 2043 carnem
2702 2033 2717 2056 ,
2765 1993 3000 2057 quamvis
3041 1993 3146 2058 jam
3180 1993 3350 2048 incor-

1820 2075 2140 2141 ruptibilem,
2191 2078 2386 2144 absque
2417 2077 2519 2129 ulla
2547 2076 2810 2130 dubietate
2837 2093 3228 2145 cognoverunt,
3259 2097 3349 2134 au-

1815 2166 2013 2218 dientes
2042 2166 2107 2215 ab
2137 2165 2221 2216 illo
2253 2166 2362 2232 ipso
2393 2183 2404 2216 ;
2438 2164 2648 2232 Palpate
2700 2176 2746 2218 et
2776 2165 2952 2230 videte,
3006 2170 3122 2232 quin
3147 2170 3348 2232 spiritus

1816 2267 2009 2303 carnem
2049 2262 2093 2304 et
2141 2269 2251 2304 ossa
2308 2269 2404 2304 non
2432 2253 2610 2318 habet,
2650 2256 2780 2306 sicut
2829 2271 2904 2306 me
2948 2257 3121 2307 videtis
3168 2257 3350 2309 habere

1817 2340 2134 2410 (Lucanv).
2155 2343 2287 2394 Bene
2305 2352 2474 2394 autem
2499 2342 2686 2396 dicitur
2712 2361 2722 2393 :
2754 2342 2814 2393 Et
2837 2359 3008 2395 manus
3033 2355 3212 2397 nostra:
3232 2364 3356 2398 conv

1817 2440 2151 2481 trectoverunt
2181 2432 2239 2480 de
2276 2429 2429 2482 Verbo
2459 2432 2589 2494 vitta,
2621 2432 2735 2497 quia
2762 2447 2878 2484 eum
2910 2435 3176 2486 veritatem
3206 2452 3348 2487 resu~

1816 2519 2014 2569 Scitam:
2063 2521 2237 2572 carnis
2268 2518 2381 2586 ejus
2423 2533 2450 2570 a
2479 2520 2695 2571 mortuis
2735 2521 2889 2572 etiam
2941 2523 3178 2574 manibus
3224 2539 3347 2577 con-

1827 2609 2099 2658 trectando
2127 2607 2429 2673 probarent,
2462 2608 2655 2660 certius
2679 2623 2796 2660 eum
2829 2607 3053 2661 Verbum
3085 2613 3217 2673 vitae,
3250 2614 3347 2666 ltoc

1820 2708 1901 2750 est
1930 2701 2091 2750 Deum
2121 2713 2297 2751 verum
2320 2739 2334 2761 ,
2366 2714 2483 2752 esse
2525 2711 2900 2767 cognoverunt.
2938 2702 3081 2756 Unde
3125 2715 3176 2756 et
3207 2705 3343 2757 Tho-

1829 2803 1973 2851 mas,
2023 2790 2107 2856 qui
2140 2790 2414 2856 specialius
2454 2806 2572 2842 eum
2621 2791 2829 2858 palpare
2851 2792 3030 2858 jtnsus
3057 2805 3135 2846 est
3162 2836 3176 2859 ,
3225 2811 3344 2848 mox

1819 2881 1901 2934 ubi
1948 2879 2173 2946 palpavit
2209 2893 2419 2932 carnem
2448 2920 2460 2944 ,
2493 2879 2653 2932 Deum
2682 2881 2953 2935 confessus
3000 2893 3074 2936 est
3101 2922 3117 2947 ,
3147 2885 3345 2949 dicens,

1817 2968 2055 3019 Dominus
2079 2984 2213 3020 meus
2240 2978 2286 3020 et
2318 2968 2447 3019 Deus
2478 2985 2616 3021 meus
2641 2970 2811 3033 (Joan.
2851 2973 2964 3038 ιι).

1886 3055 1949 3106 Et
1974 3057 2070 3109 vita
2096 3055 2412 3121 manifestata
2436 3064 2542 3118 est,
2582 3068 2682 3109 etc.
2719 3058 2860 3110 Illum
2893 3061 3048 3114 vitam
3079 3061 3202 3113 dicit
3229 3078 3342 3128 quae

1819 3148 1868 3198 in
1915 3145 2198 3213 Evangelia
2243 3145 2472 3212 loquitur
2504 3163 2513 3194 :
2549 3143 2659 3212 Ego
2687 3163 2794 3196 sum
2833 3150 3124 3199 resurrectio
3168 3159 3214 3200 et
3243 3152 3342 3201 vita

179 3229 406 3296 designat
433 3229 650 3282 dicens:
679 3229 821 3291 Quod
849 3230 943 3296 fuit
969 3230 1029 3280 ab
1063 3230 1224 3294 initio,
1261 3231 1392 3296 quod
1411 3234 1708 3286 audivimus.
1742 3240 1786 3301 ο
1818 3232 1990 3300 (Joan.
2023 3234 2096 3300 XI)
2124 3250 2138 3296 ;
2182 3249 2297 3300 qua:
2347 3234 2674 3286 manifestata
2731 3243 2809 3288 est
2861 3234 3046 3289 divinis
3091 3236 3139 3289 iu
3188 3251 3346 3291 carne

181 3318 291 3372 Fuit
311 3320 450 3372 enim
474 3318 539 3371 ab
557 3317 701 3376 initio
715 3318 873 3372 Filius
899 3319 1009 3381 Dei,
1033 3319 1123 3371 sed
1148 3319 1384 3372 eumdem
1407 3321 1591 3373 Filium
1624 3320 1712 3374 Dei

180 3410 227 3462 in
254 3409 463 3465 homine
509 3420 840 3478 apparentem
867 3410 1166 3473 audierunt,
1196 3422 1247 3464 et
1278 3412 1440 3464 oculis
1472 3411 1711 3464 viderunt

179 3499 444 3566 discipuli,
496 3501 632 3568 quod
689 3503 853 3567 ipsmn
879 3501 930 3554 in
967 3501 1246 3568 Evangelio
1278 3501 1432 3554 latius
1476 3503 1708 3569 explica-

180 3589 264 3640 vit.
295 3588 422 3640 Nam
452 3587 589 3656 quod
634 3588 717 3641 hic
748 3588 822 3641 ait
848 3604 862 3640 :
897 3587 1042 3653 Quod
1080 3589 1174 3657 fuit
1205 3589 1266 3640 ab
1312 3591 1474 3652 initio,
1508 3592 1604 3643 hoc
1632 3599 1712 3644 est

177 3676 308 3743 quod
330 3676 382 3730 in
407 3675 691 3743 Evangelia
715 3674 842 3729 dicit
867 3694 880 3728 :
914 3674 977 3728 In
1004 3677 1249 3745 principio
1270 3686 1373 3728 erat
1412 3677 1644 3742 Verbum,
1665 3686 1711 3729 et

188 3765 394 3817 Verbum
415 3773 521 3817 erat
531 3765 668 3831 apud
688 3763 865 3825 Deum,
889 3772 934 3816 et
955 3763 1087 3819 Deus
1105 3765 1454 3818 eratVerbum.
1480 3767 1589 3819 Hoc
1606 3778 1711 3822 erat

180 3854 226 3903 in
243 3854 490 3921 principio
509 3854 641 3921 apud
658 3852 812 3906 Deum
835 3852 1007 3922 (Joau.
1028 3855 1087 3921 I).
1109 3854 1171 3905 Et
1189 3854 1321 3920 quod
1343 3856 1424 3907 hic
1450 3855 1708 3912 subdidit:

180 3941 316 4002 Quod
340 3939 644 4005 audivimus,
674 3941 806 4007 quod
839 3940 1048 3991 vidimus
1094 3940 1250 3992 oculis
1279 3943 1478 4007 nostris,
1505 3942 1601 3994 hoc
1628 3952 1709 3996 est

177 4029 308 4094 quod
357 4027 427 4080 ibi
457 4027 612 4080 latius
657 4027 831 4082 subdit
860 4043 874 4080 :
903 4025 970 4080 Et
1012 4025 1223 4080 Verbum
1250 4045 1365 4082 coro
1389 4031 1573 4098 factum
1611 4041 1702 4096 est,

174 4124 216 4166 et
240 4114 480 4168 habitavit
510 4116 561 4168 in
589 4115 748 4180 nobis,
776 4127 821 4170 et
851 4117 1063 4169 vidimus
1091 4118 1302 4186 gloriam
1334 4121 1460 4186 ejus,
1492 4120 1703 4188 gloriam

175 4205 307 4269 quasi
339 4203 593 4274 Uuigeniti
639 4222 671 4257 α
717 4203 870 4259 Patre
902 4205 1078 4275 (Joau.
1114 4209 1174 4274 ι).
1205 4206 1270 4260 Ει
1323 4223 1387 4261 ne
1417 4224 1595 4276 parum
1627 4211 1706 4264 di-

175 4307 290 4348 cere
317 4293 584 4347 videretur
611 4293 661 4347 in
704 4307 768 4348 eo
795 4295 932 4363 quod
958 4299 1030 4350 ait
1071 4312 1084 4350 :
1121 4295 1268 4363 Quod
1291 4297 1500 4351 vidimus
1546 4299 1702 4353 oculis

177 4384 366 4448 nostris,
401 4383 636 4452 adjunin
661 4403 673 4437 :

239 4473 385 4542 Quod
413 4479 794 4545 perspeximus,
831 4489 880 4533 et
929 4496 1107 4534 manus
1145 4489 1326 4534 nostrae
1368 4489 1696 4534 contrectaee-
1758 4515 1763 4520 -

1818 3322 2079 3374 declarata
2112 3322 2400 3382 miraculis,
2433 3323 2776 3389 videruntque
2805 3324 3038 3390 discipuli
3063 3337 3345 3391 praesentes

1815 3409 1950 3476 quod
1982 3408 2203 3475 posteris
2243 3405 2450 3459 indubia
2505 3409 2721 3462 vetitate
2769 3419 3102 3474 testarentur,
3139 3416 3344 3478 quando

1813 3498 1961 3565 signa
1997 3496 2212 3560 faciens,
2243 3496 2380 3548 sicut
2410 3497 2543 3548 idem
2575 3497 2799 3550 Joannes
2828 3501 3030 3562 scribit,
3059 3503 3342 3568 manifesta-

1811 3585 1876 3635 vit
1903 3585 2111 3652 gloriam
2137 3600 2298 3647 suam,
2343 3594 2390 3635 et
2414 3584 2724 3636 crediderunt
2755 3586 2806 3636 in
2832 3601 2941 3637 eum
2974 3587 3204 3653 discipuli
3234 3592 3348 3656 ejus

1809 3674 1985 3745 (Joan.
2023 3677 2102 3737 ιι).
2139 3675 2200 3728 Ει
2228 3673 2344 3739 quia
2376 3674 2604 3727 Joannes
2632 3676 2894 3741 apostolus
2925 3676 3076 3726 vitam
3101 3690 3158 3727 se
3182 3679 3344 3728 mani-

1811 3765 2048 3818 iestatam
2076 3762 2264 3817 vidisse
2308 3777 2421 3815 cum
2450 3763 2556 3814 suis
2582 3765 2892 3830 coapostolis
2944 3771 3184 3826 testatur,
3212 3779 3342 3816 eou-

1809 3851 2056 3905 l'undatur
2095 3868 2212 3907 cum
2258 3854 2365 3906 suis
2417 3851 2721 3920 sequacibus
2776 3851 2981 3918 Apelles
3032 3853 3379 3918 hmreticus,

1810 3941 1894 4008 qui
1941 3943 2178 3994 eamdem
2226 3943 2403 4006 vitam,
2433 3942 2481 3994 id
2510 3952 2625 4006 est,
2675 3941 2947 3994 Dominum
2988 3943 3341 4007 Salvatoretn,

1810 4045 1912 4080 nou
1965 4029 2124 4081 Deum
2181 4029 2232 4081 in
2280 4030 2493 4082 veritate
2517 4071 2531 4094 ,
2575 4030 2668 4082 sed
2698 4029 2961 4082 hominem
2996 4031 3046 4082 in
3075 4030 3343 4096 phantasia

1808 4118 2000 4173 mundo
2029 4117 2329 4186 apparuisse
2349 4118 2632 4171 contendit.

1881 4208 1944 4260 Et
1990 4208 2345 4260 annuntiamus
2386 4207 2519 4259 vobis
2562 4208 2711 4258 vitam
2750 4215 2982 4260 (sternam
3011 4245 3025 4271 ,
3073 4215 3172 4261 etc.
3216 4206 3340 4262 Erat

1812 4295 1944 4362 apud
1978 4295 2181 4348 Patrem
2213 4295 2262 4347 in
2289 4293 2555 4347 divinitate
2580 4304 2796 4362 aeterna,
2827 4296 3066 4364 apparuit
3090 4311 3155 4351 ex
3203 4305 3335 4351 tern-

1807 4397 1932 4449 pore
1963 4382 2153 4434 tnuudu
2181 4383 2230 4433 iu
2262 4382 2605 4435 humanitate.

1878 4471 2025 4536 Quod
2049 4470 2255 4523 vidimus
2274 4479 2319 4523 et
2347 4472 2641 4534 audivimus,
2675 4476 3027 4525 annuntiamus
3046 4473 3201 4538 vobis,
3230 4484 3339 4529 etc.

175 4574 282 4617 runt
309 4567 370 4618 de
408 4565 564 4618 Verbo
605 4567 739 4620 vitm.
770 4567 880 4620 Non
908 4569 1075 4623 solum
1103 4570 1294 4638 quippe
1341 4571 1699 4638 corporalibus

1819 4561 2076 4614 llauiieste
2116 4561 2347 4614 ost~:ndit
2391 4563 2572 4614 beatus
2617 4560 2842 4616 Joannes
2885 4563 3001 4631 quia
3047 4565 3339 4635 quicunque

175 4651 332 4704 oculis
360 4653 499 4706 sicut
532 4655 704 4706 cteteci
748 4655 1019 4709 Dominum
1045 4658 1327 4723 viderunt,
1378 4658 1468 4712 sed
1493 4668 1571 4742 et.
1586 4673 1704 4726 per-

177 4751 472 4804 spexerant,
508 4741 655 4809 cujus
682 4743 909 4796 divinam
938 4759 1145 4812 quoque
1175 4746 1419 4800 virtutem
1465 4741 1703 4814 spiritua-

179 4824 302 4878 lzbus
358 4842 528 4880 ocu..s
587 4829 892 4882 cernebant.
941 4831 1160 4884 Maxime
1223 4833 1296 4886 illi
1343 4833 1429 4902 qui
1480 4848 1600 4888 eum
1644 4835 1698 4888 in

179 4924 350 4967 ruente
378 4915 724 4971 clariﬁcatum
748 4917 1003 4983 viderunt,
1040 4933 1070 4972 e
1090 4921 1276 4987 quibus
1295 4937 1426 4976 unus
1453 4933 1566 4977 erat
1589 4925 1701 4993 ipse

177 5002 414 5058 Joannes.
449 5007 597 5071 Quod
648 5017 819 5062 autem
849 5011 922 5062 ait
951 5026 964 5061 :
997 5007 1061 5062 Et
1091 5025 1265 5063 manus
1302 5020 1483 5065 nostrae
1506 4999 1700 5065 contre-

177 5103 422 5147 ctaverunt
467 5095 532 5146 de
572 5093 735 5148 Verbo
777 5099 924 5163 vitaz,
965 5098 1365 5153 Manichaeorum
1425 5101 1582 5154 vincit
1621 5102 1698 5154 iu-

182 5184 368 5234 saniam
399 5224 418 5248 ,
474 5184 563 5254 qui
610 5185 888 5239 Dominum
959 5203 1137 5241 veram
1182 5189 1533 5255 assumpsisse
1582 5206 1697 5244 car-

181 5285 290 5324 nem
343 5281 579 5341 negant;
623 5288 781 5344 quam
831 5276 1052 5341 apostoli
1102 5291 1275 5330 veram
1318 5277 1434 5330 esse
1465 5277 1700 5333 dubitare

182 5372 275 5411 non
329 5371 593 5430 poterant,
626 5373 684 5418 ut
715 5371 832 5432 pote
859 5363 1006 5430 cujus
1050 5367 1318 5418 veritatem
1385 5381 1484 5419 non
1531 5369 1697 5421 solum

184 5445 420 5515 videndo,
466 5450 562 5504 sed
587 5461 640 5505 et
669 5451 925 5519 tangendo
949 5452 1262 5518 probarent;
1295 5455 1516 5507 maxime
1543 5455 1698 5508 Joan-

183 5545 267 5586 nes
293 5534 420 5605 ipse,
454 5538 569 5601 qui,
613 5539 663 5591 in
693 5539 810 5593 sinu
833 5537 946 5607 ejus
994 5539 1043 5589 iu
1086 5553 1233 5591 coena
1282 5543 1584 5595 recumbere
1615 5558 1696 5596 so-

185 5621 314 5687 litus,
341 5631 482 5677 tanto
523 5624 762 5681 licentius
791 5626 903 5694 ejus
933 5627 1166 5680 membra
1189 5669 1203 5689 ,
1236 5641 1429 5695 quanto
1480 5631 1699 5684 vicinius

187 5714 429 5784 tangebat.
458 5714 562 5769 Sed
591 5727 638 5768 et
667 5727 780 5782 post
805 5717 1240 5774 resurrectionem
1265 5719 1376 5784 ejus
1402 5737 1427 5773 a
1459 5723 1695 5785 mortuis,

1808 4652 2108 4704 societatem
2156 4663 2272 4704 cum
2319 4651 2424 4704 Deo
2453 4650 2644 4706 habere
2688 4652 3006 4718 desiderant,
3039 4658 3206 4722 primo
3238 4657 3334 4708 Bc-

1807 4740 1979 4793 clesite
2004 4739 2241 4794 societati
2271 4740 2460 4794 debent
2485 4740 2723 4804 adunari,
2746 4741 2988 4808 illamque
3011 4743 3160 4794 tidem
3186 4742 3332 4793 addi-

1805 4843 1971 4893 scere,
2001 4829 2218 4898 ejusque
2246 4830 2584 4882 sacramentis
2613 4827 2794 4891 imbui,
2825 4842 2976 4896 quam
3002 4827 3236 4894 discipuli
3264 4829 3338 4881 ab

1806 4919 1913 4984 ipsa
1944 4918 1995 4971 iu
2035 4932 2191 4972 carne
2227 4918 2448 4985 degente
2492 4918 2707 4971 veritate
2753 4924 3112 4985 perceperunt.
3142 4915 3247 4969 Nec
3276 4918 3338 4970 iu

1804 5009 1977 5076 aliquo
2019 5013 2190 5062 minus
2231 5009 2295 5061 ad
2329 5010 2486 5062 Deum
2518 5007 2810 5077 pertinent,
2840 5009 2926 5077 qui
2958 5023 3048 5076 per
3075 5007 3334 5075 apostolo-

1801 5110 1914 5148 rum
1943 5095 2228 5149 doctrinam
2250 5096 2488 5160 credunt,
2511 5110 2664 5165 quam
2688 5097 2758 5150 illi
2778 5098 2863 5166 qui
2895 5112 2985 5163 per
3009 5097 3174 5164 ipsum
3201 5111 3334 5163 prin-

1799 5187 2055 5238 dicantem
2112 5186 2162 5237 in
2210 5186 2404 5239 mundo
2450 5187 2723 5242 Dominum
2765 5189 3082 5252 credebant,
3130 5187 3228 5241 nisi
3280 5189 3331 5243 iu

1800 5283 2046 5341 quantum
2093 5287 2185 5326 eos
2229 5275 2307 5327 vel
2358 5275 2476 5328 ﬁdei
2531 5291 2746 5344 operum
2792 5277 3016 5344 qualitas
3061 5275 3332 5332 discernit.

1807 5363 1947 5417 Unde
1969 5363 2211 5416 etiamde
2243 5366 2336 5416 hac
2364 5367 2612 5421 societate
2643 5379 2935 5419 sanctorum
2964 5383 3117 5435 quam
3140 5368 3335 5421 habent

1803 5453 1854 5506 in
1885 5453 2032 5505 Patre
2060 5462 2115 5507 et
2156 5454 2314 5517 Filio,
2346 5458 2453 5522 ipse
2503 5457 2664 5510 Filius
2709 5457 2843 5509 Patri
2889 5459 3183 5525 supplicans
3212 5459 3281 5508 ait
3315 5476 3326 5507 :

1806 5543 1958 5596 Pater
1975 5553 2160 5608 sancte,
2182 5560 2316 5596 serva
2343 5561 2422 5597 eos
2453 5546 2501 5596 in
2525 5545 2720 5598 nomine
2740 5557 2823 5599 tuo
2844 5563 2963 5616 quos
2988 5546 3166 5598 dedisti
3189 5545 3330 5611 milii,

1802 5644 1854 5686 ut
1881 5635 1975 5686 sint
1999 5648 2149 5685 unum
2174 5634 2296 5686 sicut
2318 5642 2360 5684 et
2388 5650 2478 5687 nos
2506 5636 2689 5703 (Joan.
2723 5651 2822 5688 xvu
2843 5637 2877 5704 ).
2913 5636 2976 5687 Et
3000 5635 3149 5701 paulo
3173 5647 3286 5702 post
3313 5654 3328 5690 :

1807 5721 1921 5776 Non
1949 5737 2038 5790 pro
2073 5722 2145 5775 bis
2174 5731 2333 5775 autem
2360 5739 2480 5792 rogo
2506 5733 2725 5793 _tantum,
2755 5724 2839 5776 sed
2869 5741 2954 5782 pro
2994 5726 3069 5778 Itis
3107 5728 3192 5794 qui
3221 5743 3338 5780 «περ
