3860 6230
490 435 554 489 ετ
907 431 1106 484 ΒΕυῶ
1151 428 1590 484 remeamus
1628 427 1774 483 ore.
1818 427 1990 483 rans
2017 413 2039 481 ἰ

2142 425 2308 482 ΞΕΟΤ.
2349 426 2387 480 1.
2431 458 2496 467 —-
2537 428 2916 483 EXECETIC.\
2957 430 3269 486 GlaNlJlNL
3579 442 3633 497 83

485 545 638 597 d‘tui-i
664 552 777 595 sunt
822 559 906 608 per
946 545 1143 594 verbum
1191 557 1362 594 eorum
1392 543 1441 592 in
1470 557 1565 602 me.
1597 551 1650 592 ut
1678 557 1844 594 omncs
1883 556 2035 590 unum
2066 541 2108 593 Α
2141 538 2217 588 bis
2245 537 2415 590 debita
2439 537 2622 590 dimitti
2657 554 2948 604 precamur.
2983 556 3101 593 eum
3131 559 3386 598 memores
3420 552 3639 611 passionis

485 644 602 693 s-nt.
626 635 751 685 sicut
775 642 845 697 tu,
865 632 1035 694 Pater,
1061 633 1110 683 in
1135 648 1228 695 ine,
1260 640 1306 683 et
1325 647 1413 701 ego
1442 632 1490 682 in
1516 641 1582 695 te,
1610 641 1662 682 ut
1684 643 1728 683 et
1751 630 1843 697 ipsi
1870 631 1919 683 iu
1942 647 2034 680 uo-

484 726 556 776 bis
579 741 730 775 unum
759 725 857 774 sint
887 721 1060 792 (Joau.
1087 720 1244 789 tht).

560 812 622 865 Et
657 815 761 865 lia'c
784 813 1038 864 scribimus
1071 812 1223 871 vobis,
1254 820 1306 862 ut
1337 810 1574 878 gaudium
1603 817 1816 860 vestrum
1843 809 1905 860 sit
1931 809 2035 877 ple-

488 919 628 956 num.
677 903 929 954 Caudium
984 901 1254 954 doctorum
1307 900 1362 952 fit
1407 902 1654 966 plenum,
1695 915 1810 951 cum
1843 900 2035 950 mults

499 993 829 1058 rra'dicaudo
854 993 917 1044 ad
945 1003 1136 1042 sant-tte
1162 991 1408 1042 Ecclesia:
1441 993 1762 1051 societatem,
1796 998 1949 1056 atque
1973 990 2036 1039 ad

496 1083 609 1148 ejus
636 1098 726 1150 per
757 1096 910 1148 quem
945 1081 1173 1133 Ecclesia
1207 1080 1479 1131 roboratur
1509 1088 1559 1129 et
1583 1079 1790 1143 crescit,
1818 1077 1906 1130 Dii
1944 1079 2037 1130 Pa-

499 1171 591 1223 tris
631 1181 684 1223 et
715 1171 826 1224 Filii
858 1172 970 1234 ejus
1009 1170 1130 1224 Jesu
1159 1168 1349 1221 Christi
1380 1170 1684 1224 societatem
1728 1171 2035 1237 perducunt.

499 1262 644 1314 llnde
672 1262 826 1312 ctiam
880 1259 1068 1313 Paulus
1117 1259 1196 1311 his
1239 1275 1370 1326 quos
1412 1260 1472 1310 ad
1509 1260 1662 1312 fidem
1715 1261 2036 1320 instituebat,

494 1359 565 1402 ait
594 1371 602 1398 :
634 1349 839 1412 [inplete
865 1350 1102 1416 gaudium
1128 1364 1310 1409 meum,
1333 1357 1384 1398 ut
1411 1349 1537 1399 idem
1567 1349 1789 1415 sapiaiis,
1816 1347 2040 1398 eamdem

495 1441 780 1489 c'imitatem
833 1437 1096 1499 habentes,
1154 1438 1445 1498 unanimes,
1494 1438 1546 1489 iit
1587 1438 1750 1503 ipsum
1795 1437 2041 1505 sapicntcs

499 1526 750 1593 (Philipp.
783 1525 861 1591 tt).

575 1615 635 1666 Μ
664 1619 768 1667 Ιηιέ
794 1624 866 1666 est
895 1615 1214 1666 annuntiatio
1241 1632 1394 1683 quam
1423 1617 1701 1668 audivimus
1729 1615 1789 1666 ab
1827 1631 1905 1679 eo,
1935 1623 2037 1667 etc.

502 1707 605 1760 "ac
628 1707 882 1758 sententia
918 1708 1098 1758 beatus
1131 1706 1359 1760 Joannes
1389 1714 1442 1758 et
1472 1706 1660 1757 divinae
1692 1705 1931 1770 puritatis
1953 1720 2044 1756 ex-

500 1795 793 1848 cellentiam
825 1803 1100 1850 monstrat.
1135 1810 1289 1862 quam
1318 1809 1412 1847 nos
1440 1810 1645 1863 quoque
1674 1795 1862 1846 imitari
1886 1794 2038 1861 jube-

500 1903 634 1949 mur,
666 1888 871 1939 dici-nte
902 1887 1012 1954 ipso
1047 1905 1070 1955 :_
1092 1886 1266 1940 Sancti
1315 1896 1481 1947 estote,
1517 1887 1750 1952 quoniam
1786 1901 1877 1954 ego
1922 1904 2035 1938 san-

500 1989 606 2030 c'us
636 1995 744 2030 sum
779 1979 1016 2029 Dominus
1062 1976 1193 2028 Deus
1225 1985 1380 2028 vester
1409 1975 1586 2033 (Leuit.
1623 1977 1763 2039 six);
1798 1986 1850 2028 et
1883 1977 2041 2026 Mani-

501 2069 760 2120 o-ba-nrum
789 2069 974 2136 dogma
1004 2067 1263 2120 convincit
1291 2068 1549 2130 insanum,
1574 2067 1658 2134 qui
1685 2066 1774 2118 Dei
1805 2073 2039 2117 naturam

498 2177 526 2207 a
551 2159 781 2225 principe
815 2158 1146 2211 tenebrarum
1180 2157 1317 2209 bello
1345 2155 1553 2219 victam,
1582 2165 1635 2208 et
1663 2169 1779 2208 esse
1809 2154 2040 2206 vitiatam

501 2249 732 2299 diceban'
744 2286 759 2299 .

570 2335 630 2389 Si
659 2336 929 2388 dixerinus
959 2335 1190 2402 quoniam
1233 2335 1510 2386 societatem
1551 2333 1781 2385 habemus
1822 2348 1933 2383 cum
1963 2347 2040 2394 eo,

503 2434 601 2478 etc.
648 2425 932 2485 Tenebras.
975 2431 1200 2493 peccata,
1250 2425 1500 2487 lia-ceses,
1540 2432 1595 2477 et
1629 2424 1746 2477 odia
1787 2422 2037 2476 nominat.

503 2515 830 2582 Nequaquam
860 2530 982 2580 ergo
1010 2515 1117 2565 Sola
1151 2507 1265 2566 ﬁdei
1303 2513 1560 2567 confessio
1590 2513 1778 2566 sullicit
1805 2514 1866 2564 ad
1898 2512 2040 2563 salu-

502 2613 625 2664 tem,
657 2605 736 2654 cui
770 2604 1018 2654 bonorum
1068 2617 1285 2665 opetum
1329 2603 1594 2654 atteStatio
1619 2602 1783 2653 deest.
1816 2600 1916 2654 Sed
1945 2614 2042 2653 nec

504 2709 716 2756 operum
766 2694 1021 2745 rectitudo
1062 2693 1173 2744 sine
1207 2693 1323 2744 lidci
1366 2701 1417 2746 et
1457 2693 1751 2745 dilectionis
1792 2690 2040 2756 simplici-

506 2791 607 2834 tate
642 2783 867 2848 prodest.
899 2783 1201 2849 Quicunque
1235 2784 1374 2836 enim
1405 2784 1505 2836 ulla
1535 2798 1595 2836 ex
1630 2791 1777 2850 parte
1811 2780 2040 2834 tenebris

503 2873 786 2933 cbsidetur.
829 2875 1125 2925 socie'atem
1153 2874 1215 2923 ad
1259 2887 1374 2923 eum
1406 2872 1456 2924 in
1499 2887 1604 2937 quo
1634 2871 1758 2922 nihil
1791 2868 2040 2937 iniquita-

504 2972 608 3012 tum
640 2963 854 3012 incurrit
885 2961 1073 3013 habere
1100 2978 1198 3012 non
1230 2962 1381 3012 valet.
1411 2959 1533 3025 Quae
1554 2961 1686 3011 enim
1710 2959 1914 3012 societas
1943 2958 2042 3008 lini

502 3051 565 3099 ad
588 3047 808 3101 tenebras
842 3047 922 3107 (Il
956 3048 1073 3101 Cor.
1104 3047 1213 3116 Vi)?

571 3140 629 3192 Si
659 3150 816 3192 autem
851 3142 898 3191 in
941 3139 1050 3190 luce
1078 3141 1406 3202 ambulamus,
1443 3147 1544 3190 etc.
1578 3136 1812 3189 Notanda
1857 3135 2041 3188 distin-
2068 3169 2114 3230 C

503 3229 604 3281 rtio
631 3230 926 3290 verborum,
953 3231 1066 3295 quia
1103 3228 1256 3280 Deum
1285 3243 1400 3281 esse
1423 3229 1471 3278 in
1503 3227 1618 3279 luce
1645 3227 1789 3289 dicit,
1826 3242 1920 3277 nos
1942 3242 2037 3277 att-

503 3327 601 3370 tem
635 3319 682 3368 iii
736 3319 846 3369 luce
879 3319 1146 3370 ambulare
1175 3319 1384 3369 debere.
1421 3319 1700 3371 Ambulant
1749 3318 1884 3368 cnim
1913 3316 2037 3383 justi

507 3407 556 3458 in
587 3407 716 3466 luco,
742 3421 858 3457 cum
887 3406 950 3456 vii
968 3415 1129 3457 tutum
1152 3407 1395 3472 operibus
1423 3409 1714 3458 servientes
1736 3405 1800 3456 ad
1827 3404 2040 3456 meliora

505 3495 796 3562 proficiunt.
848 3495 1025 3548 Divina
1079 3509 1250 3549 autem
1299 3507 1548 3549 sanctitas
1577 3496 1656 3548 cui
1702 3496 1934 3549 dicitur:
1967 3495 2042 3547 Tu

503 3593 661 3635 autem
690 3585 818 3636 idem
858 3587 962 3651 ipse
989 3602 1039 3637 es
1065 3585 1230 3652 (Psal.
1261 3586 1353 3654 Cl),
1383 3598 1524 3640 reetc
1569 3587 1617 3639 in
1646 3587 1759 3640 luce
1789 3600 1905 3638 esse
1936 3601 2037 3638 tne-

503 3685 753 3740 moratur,
792 3679 906 3745 quia
953 3678 1098 3744 plena
1151 3679 1351 3731 bonitas
1400 3694 1608 3744 semper
1655 3680 1908 3740 existens,
1954 3677 2041 3730 ubi

504 3764 753 3828 prolictre
788 3766 974 3826 valeat,
1006 3782 1108 3818 non
1149 3767 1360 3820 invenit.
1399 3769 1592 3821 Dicitur
1637 3770 1827 3837 quippe
1873 3768 2041 3822 fideli-

500 3853 640 3904 bris:
699 3851 764 3905 Ut
811 3853 906 3919 ﬁlii
947 3854 1072 3905 lucis
1120 3857 1371 3908 ambulate
1423 3855 1642 3924 (Ephes.
1677 3860 1761 3926 v).
1821 3859 2042 3912 Fructus

499 3942 637 3994 enim
670 3943 795 3996 lucis
826 3952 905 3997 est
931 3944 978 3996 in
1003 3946 1143 3998 omni
1176 3945 1402 3998 bonitate
1430 3959 1482 4000 et
1506 3948 1701 4016 justitia
1724 3958 1777 4002 et
1799 3951 2038 4003 veritate.

501 4034 634 4088 Deus
660 4044 832 4088 autem
861 4036 972 4090 sine
995 4038 1169 4106 aliquo
1215 4038 1447 4103 prolecm
1487 4056 1694 4107 semper
1738 4042 1926 4105 bonus,
1952 4043 2039 4109 ju-

498 4137 627 4184 s'us.
658 4140 913 4193 verusque
959 4127 1151 4179 existit.
1185 4128 1245 4180 Si
1292 4145 1406 4196 ergo
1436 4131 1485 4181 in
1533 4130 1645 4182 luce
1685 4131 2035 4193 ambulamus,

497 4215 621 4265 sicut
651 4225 695 4266 et
717 4216 820 4284 ipse
847 4226 915 4268 est
946 4217 996 4268 in
1024 4217 1152 4277 luce,
1178 4219 1458 4270 societatem
1485 4219 1719 4271 habemus
1742 4220 2049 4280 adinvicenu.

501 4303 627 4365 Quia
674 4304 911 4356 videlicet
941 4305 1268 4355 manifestmn
1300 4309 1389 4358 dat
1419 4306 1540 4358 indit
1563 4307 1665 4359 ium
1698 4309 1833 4374 quod
1873 4309 1922 4360 in
1958 4310 2036 4360 via

500 4387 629 4440 lucis
667 4389 979 4443 ambulando
1009 4391 1325 4459 proficimus,
1375 4395 1417 4447 si
1459 4394 1701 4448 fraternae
1747 4397 2037 4458 societatis,

2135 629 2272 680 illius
2297 629 2516 682 libenter
2541 631 2757 682 adversa
2781 647 2994 698 qua-que
3018 634 3323 690 toll-ramus.
3353 637 3471 689 Mirc
3497 653 3639 695 autent

2135 731 2251 769 Cum
2274 716 2340 769 de
2372 716 2588 769 Domina
2614 719 2929 786 loqueretur,
2955 722 3056 773 ait:
3086 720 3146 772 Et
3177 728 3377 793 sanguis
3400 727 3514 780 Jesu
3544 729 3640 783 Filii

2135 808 2279 874 ejus;
2315 806 2476 875 Filius
2506 807 2696 876 quippe
2729 808 2818 862 Dei
2853 810 2900 860 in
2933 810 3219 863 divinitatis
3251 824 3430 866 natura
3464 823 3641 886 sangui-

2138 914 2253 949 nem
2288 898 2480 950 habere
2523 915 2625 950 non
2671 898 2871 966 potuit;
2905 902 2992 954 sed
3035 904 3153 971 quia
3186 904 3321 957 idem
3370 907 3519 960 Filius
3552 910 3640 971 Dei,

2139 989 2294 1039 etiam
2330 988 2490 1040 Filius
2522 990 2745 1041 hominis
2778 991 2938 1042 Tactus
2966 1002 3066 1054 est,
3100 1004 3240 1046 recte
3269 1005 3472 1061 propter
3500 1001 3642 1051 unita-

2141 1088 2243 1130 tem
2279 1093 2512 1140 iersonm
2539 1079 2671 1145 ejus,
2705 1079 2818 1132 Filii
2873 1082 2962 1133 Dei
3002 1084 3306 1151 sanguinem
3349 1088 3578 1153 appellat,
3604 1101 3646 1141 ut

2140 1184 2317 1220 verum
2358 1184 2474 1220 cum
2504 1183 2692 1233 corpus
2736 1171 3102 1236 assumpsisse,
3157 1188 3336 1225 verum
3397 1193 3485 1238 pro
3523 1179 3646 1230 nobis

2141 1256 2450 1325 Sanguinem
2483 1257 2676 1310 fudisse
2727 1259 3110 1313 demonstraret
3138 1277 3154 1319 ;
3185 1263 3484 1328 refellatque
3512 1269 3648 1321 luere-

2143 1347 2292 1411 tit-os,
2323 1349 2406 1414 qui
2440 1347 2519 1398 vel
2553 1363 2725 1399 veram
2755 1363 2964 1401 carnem
3007 1363 3034 1401 a
3069 1350 3199 1402 Filio
3233 1351 3324 1404 Dei
3365 1364 3646 1420 assumptant

2143 1441 2326 1504 fuisse,
2362 1440 2437 1490 vel
2475 1439 2746 1490 Dominum
2789 1438 2962 1492 .lesum
3011 1440 3060 1492 in
3093 1455 3270 1500 carne.
3301 1457 3452 1508 quam
3478 1457 3649 1496 assum-

2145 1532 2268 1598 psit,
2303 1531 2566 1582 Vi-raciter
2594 1545 2711 1583 esse
2755 1545 2960 1594 passum
2992 1531 3267 1599 deiiegant.
3300 1533 3389 1584 Cui
3416 1535 3569 1586 simile
3589 1545 3651 1588 est

2142 1623 2276 1685 quod
2324 1620 2510 1672 Paulus
2536 1619 2604 1670 ait
2634 1637 2644 1669 :
2687 1618 2781 1670 Vos
2812 1620 3032 1683 Spiritus
3075 1631 3272 1673 sanctus
3302 1623 3461 1688 posuit
3496 1626 3651 1690 episco-

2144 1728 2230 1775 pos
2255 1726 2420 1776 regere
2443 1707 2716 1760 Ecclesium
2742 1707 2852 1770 Dei,
2877 1725 3028 1776 quam
3053 1711 3309 1777 acquisivit
3334 1713 3559 1779 sanguine
3581 1729 3652 1764 suo

2145 1799 2274 1867 (Act.
2311 1799 2416 1865 xx).

2215 1888 2273 1940 Si
2302 1891 2571 1941 d'xeriiuns
2599 1890 2827 1956 quoniam
2861 1899 3116 1956 peccatum
3158 1906 3254 1941 non
3283 1890 3510 1942 habemus
3529 1929 3542 1954 ,
3565 1902 3651 1943 rtc.

2143 1976 2334 2028 Contra
2368 1978 2610 2030 limresitii
2643 1978 2835 2046 Pelagii
2872 1981 2980 2030 haec
3022 1980 3281 2030 sententia
3313 1981 3465 2045 valet,
3492 1997 3590 2045 qua:
3613 1993 3654 2034 et

2145 2067 2385 2129 parvulos
2417 2081 2599 2118 omnes
2638 2069 2753 2119 sine
2785 2076 2998 2133 peet-ato
3030 2068 3190 2127 nasci.
3217 2077 3271 2120 et
3296 2069 3480 2122 electos
3506 2070 3550 2119 in
3578 2074 3654 2122 hac

2144 2159 2244 2206 vita
2277 2166 2471 2208 tantum
2506 2159 2758 2222 prolicere
2789 2171 2941 2222 posse
2969 2157 3215 2219 dicebat,
3254 2169 3308 2210 ut
3334 2159 3444 2212 sine
3474 2171 3655 2226 peccato

2143 2246 2394 2300 existant.
2427 2247 2556 2299 Nam
2591 2257 2641 2299 et
2677 2261 2792 2298 cum
2847 2246 3094 2313 pmplieta
3124 2248 3261 2298 dicat
3293 2264 3305 2298 :
3340 2249 3458 2299 Ecce
3479 2252 3589 2299 enim
3615 2253 3654 2299 in

2142 2333 2481 2398 iniquitatibus
2527 2345 2789 2401 conceptus
2835 2351 2972 2396 sum,
3005 2348 3046 2387 ei
3078 2335 3128 2387 in
3170 2337 3213 2385 ά.
3235 2338 3360 2388 lictis
3391 2339 3559 2405 prpeiii
3595 2354 3655 2388 me

2143 2434 2297 2474 mater
2327 2440 2434 2474 mea
2466 2421 2632 2491 (Psal.
2664 2424 2714 2489 ι.)
2737 2464 2752 2487 ,
2778 2425 2893 2476 sine
2940 2424 3090 2488 culpa
3140 2425 3189 2475 iii
3223 2428 3413 2477 mundo
3439 2442 3542 2481 esse
3570 2446 3654 2480 non

2145 2527 2443 2578 possumus.
2472 2513 2557 2579 qui
2592 2516 2640 2565 in
2674 2515 2921 2565 mundum
2951 2530 3067 2564 cum
3097 2516 3246 2582 Culpa
3293 2519 3532 2571 venimus.
3571 2521 3654 2572 Sed

2142 2603 2353 2669 sanguis
2383 2602 2502 2654 lesu
2551 2601 2742 2654 Christi
2776 2603 2892 2655 Filii
2935 2605 3025 2656 Dei
3077 2605 3294 2656 mundat
3327 2622 3416 2659 nos
3453 2611 3512 2659 ab
3539 2610 3654 2660 omni

2143 2700 2376 2755 peccato.
2407 2700 2460 2741 ut
2504 2705 2599 2742 nos
2631 2690 2748 2743 ideo
2779 2692 2876 2742 sub
2924 2692 3044 2758 jure
3096 2693 3262 2746 hostis
3309 2697 3466 2748 nostri
3507 2695 3655 2749 debita

2143 2788 2317 2829 nostra
2359 2793 2461 2830 non
2491 2787 2734 2840 teneant,
2762 2780 2880 2846 quia
2915 2794 3006 2846 pro
3037 2779 3187 2834 nobis
3234 2782 3481 2836 Mediator
3511 2783 3586 2834 Dei
3612 2794 3656 2836 et

2142 2865 2431 2928 hominum,
2456 2866 2612 2919 homo
2626 2867 2863 2919 Christus
2887 2868 3039 2921 JeStis
3064 2871 3286 2937 gratuito
3312 2872 3520 2924 reddidit
3540 2873 3654 2937 quod

2141 2970 2242 3006 non
2266 2954 2505 3006 debebat.
2532 2955 2626 3018 Qui
2652 2956 2790 3006 enim
2814 2971 2905 3022 pro
2929 2957 3077 3009 nobis
3103 2967 3324 3009 mortem
3349 2959 3513 3010 carnis
3533 2959 3655 3012 inde-

2141 3043 2298 3095 bitam
2334 3044 2574 3104 reddidit.
2609 3060 2700 3096 nos
2730 3060 2757 3095 a
2780 3045 2952 3098 debita
2983 3047 3172 3099 anima:
3204 3059 3372 3102 morte
3395 3049 3630 3103 liberavit.

2215 3131 2274 3183 Si
2299 3131 2624 3196 conﬁteantur
2660 3141 2858 3198 peccata
2882 3143 3071 3196 nostra,
3102 3136 3265 3199 ﬁdelis
3306 3145 3394 3201 est,
3425 3146 3516 3190 etc.
3547 3139 3654 3204 Quia

2141 3220 2254 3271 sine
2287 3227 2499 3286 peccato
2531 3219 2580 3272 in
2627 3221 2723 3275 hac
2769 3223 2871 3273 vita
2905 3237 3021 3276 esse
3050 3238 3153 3276 non
3194 3239 3484 3292 possumus,
3513 3228 3653 3292 prima

2142 3312 2325 3364 salutis
2350 3325 2470 3378 spes
2497 3323 2577 3365 est
2597 3312 2882 3372 confessio.
2913 3328 3082 3380 neque
3111 3315 3382 3380 quisquam
3407 3330 3460 3368 se
3481 3315 3652 3383 justum

2144 3406 2311 3464 putet,
2355 3408 2407 3452 et.
2436 3409 2557 3452 ante
2601 3401 2778 3452 oculos
2828 3399 2916 3452 Dei
2973 3401 3141 3470 erigit
3176 3405 3450 3456 cervicem.
3487 3403 3653 3457 Deinde

2142 3492 2379 3553 tlileetio,
2409 3491 2526 3558 quia
2565 3492 2797 3545 Charitas
2851 3493 3024 3554 operit
3068 3493 3446 3547 multitudinem
3497 3507 3653 3562 pecca-

2146 3595 2314 3638 torum
2345 3583 2400 3654 (1
2439 3584 2574 3637 Petr.
2610 3584 2681 3651 iv)
2703 3628 2716 3648 ,
2751 3599 2906 3650 quam
2952 3594 3229 3651 propterea
3264 3587 3313 3638 in
3353 3587 3655 3654 sequentibus

2147 3674 2298 3737 hujus
2347 3672 2587 3736 Epistula
2616 3671 2886 3739 multiplici
2939 3672 3090 3724 nobis
3137 3674 3290 3726 laude
3335 3674 3652 3726 commendat.

2144 3759 2368 3813 Pulchre
2399 3769 2572 3812 autem
2602 3770 2876 3826 utrumque
2901 3759 3053 3812 simul
3085 3760 3338 3825 insinuat,
3359 3763 3487 3829 quod
3515 3771 3559 3816 et
3583 3777 3655 3815 ro-

2143 3865 2264 3916 gare
2294 3864 2386 3916 pro
2427 3851 2650 3917 peccatis
2690 3850 2973 3903 debeamus
2992 3889 3004 3909 .
3030 3860 3081 3904 et
3127 3852 3461 3918 impetremus
3490 3853 3567 3905 Dei
3591 3851 3657 3904 in-

2141 3938 2461 4006 dulgentiam
2483 3953 2605 3991 cum
2629 3954 2893 4006 rogamus.
2923 3938 3042 3991 Ideo
3067 3950 3117 3991 et
3148 3940 3349 3992 fidelem
3377 3940 3493 3994 dicit
3518 3941 3656 3992 Deum

2142 4030 2202 4080 ad
2237 4029 2546 4082 remittenda
2580 4038 2786 4094 peccata
2808 4067 2822 4091 ,
2857 4027 3009 4079 fidem
3055 4028 3438 4093 pollicitationis
3463 4045 3561 4083 sua:
3586 4044 3656 4083 re-

2141 4130 2462 4184 servantem,
2495 4122 2612 4186 quia
2659 4119 2745 4187 qui
2795 4133 2946 4171 orare
2977 4133 3072 4172 nos
3117 4134 3210 4187 pro
3251 4121 3465 4188 peccatis
3493 4120 3659 4173 nostris

2142 4219 2194 4262 et
2223 4209 2410 4262 debitis
2438 4208 2644 4271 docuit,
2679 4220 2947 4276 paternam
2985 4210 3400 4263 misericordiam
3427 4212 3656 4279 promuit,

2142 4313 2195 4356 et
2217 4305 2417 4356 veniam
2447 4312 2765 4356 secuturam.
2794 4302 2997 4356 Justum
3030 4319 3235 4371 quoque
3257 4320 3374 4358 eum
3401 4311 3657 4363 asseverat,

2141 4395 2259 4462 quia
2300 4409 2440 4448 vei-se
2476 4394 2793 4448 confessioni
2845 4393 2986 4462 juste
3010 4394 3241 4447 dimittit.
3281 4393 3343 4448 Ui
3370 4395 3562 4446 remittat
3582 4407 3659 4442 iia-

499 4493 616 4530 cum
648 4495 743 4544 qua
775 4480 968 4545 patiter
1006 4481 1069 4536 ad
1108 4483 1273 4536 lucem
1305 4500 1480 4538 veram
1528 4487 1912 4551 perveniamus,
1943 4503 2031 4540 co-
2065 4495 2110 4552 ι)
2137 4488 2225 4547 bis.
2258 4487 2442 4553 inquit.
2468 4494 2669 4553 peccata
2697 4495 2884 4547 nostra,
2913 4495 2960 4539 et
2989 4485 3222 4538 ciuuudet
3245 4501 3334 4538 nos
3354 4485 3413 4536 ab
3439 4484 3558 4536 omni
3577 4481 3661 4532 ini-

498 4571 941 4635 pulagaudemus.
974 4573 1075 4625 Sed
1099 4585 1148 4624 et
1164 4575 1206 4625 si
1226 4574 1350 4626 lucis
1373 4589 1530 4640 opera
1547 4577 1715 4628 facere
1730 4578 2041 4643 comproba-

502 4673 635 4720 mtir,
678 4659 719 4711 si
752 4661 992 4712 inviolata
1024 4672 1216 4714 mutua:
1254 4662 1548 4715 dilectionis
1590 4665 1705 4730 jura
1756 4676 1934 4718 tenere
1965 4667 2040 4718 vi-

496 4745 694 4809 demur,
711 4763 806 4802 nec
819 4750 892 4803 sic
907 4758 1076 4803 tamen
1093 4758 1269 4816 putare
1290 4750 1537 4804 debemus
1562 4760 1740 4803 nostro
1755 4767 1850 4805 nos
1870 4755 2040 4820 profe-

495 4845 581 4886 ctu
611 4846 698 4889 aut
723 4838 974 4892 industria
1004 4855 1032 4891 a
1066 4841 1288 4906 peccatis
1315 4839 1381 4892 ad
1414 4840 1670 4910 integrum
1704 4854 1852 4908 posse
1878 4857 2033 4892 mun-

494 4925 627 4980 dari.
661 4927 786 4979 Nam
809 4931 1068 4994 sequitur:

565 5016 630 5069 Et
656 5018 854 5084 sanguis
881 5019 1001 5071 Iesu
1030 5021 1213 5072 Christi
1246 5019 1366 5074 Filii
1409 5023 1514 5091 ejus
1558 5022 1793 5074 entundat
1843 5037 1932 5074 nos
1973 5022 2035 5073 ab

497 5110 628 5160 omni
659 5118 878 5176 peccato.
911 5108 1155 5163 Sacrame
1196 5104 1300 5164 tum
1347 5128 1568 5180 namque
1611 5114 1884 5168 dominica
1918 5127 2036 5179 pas~

497 5199 677 5260 sionis,
707 5208 754 5251 et
789 5196 1048 5264 przeterita
1080 5200 1227 5251 nobis
1271 5204 1440 5253 omnia
1470 5202 1521 5253 in
1551 5202 1810 5267 baptismo
1842 5201 2038 5268 pariter

500 5298 706 5352 peccata
731 5287 937 5352 laxavit,
962 5297 1013 5341 ct
1031 5288 1274 5357 quidquid
1299 5291 1595 5355 quotidiana
1622 5292 1899 5360 fragilitate
1923 5299 2038 5358 post

499 5375 752 5434 baptisma
783 5377 1159 5436 commisimus.
1206 5379 1440 5445 ejusdem
1480 5376 1642 5430 nostri
1675 5377 2038 5444 Redemptoris

500 5465 649 5516 nobis
693 5464 853 5531 gratia
885 5466 1118 5519 dimittit.
1152 5469 1375 5523 Maxime
1404 5484 1522 5523 cum
1552 5470 1686 5522 inter
1715 5485 1874 5535 opera
1907 5471 2036 5522 lucis

499 5568 611 5614 qua:
653 5554 890 5618 facimus,
923 5555 1190 5608 humiliter
1230 5559 1461 5626 quotidie
1490 5569 1694 5612 nostros
1725 5561 1797 5611 illi
1830 5575 2038 5614 errores

503 5642 828 5706 confitemur,
860 5659 974 5697 cum
1005 5647 1270 5711 sanguinis
1296 5648 1432 5698 illius
1456 5657 1780 5699 sacramenta
1816 5647 2034 5711 percipi-

505 5740 635 5792 mus,
668 5746 784 5783 cum
814 5733 1130 5788 dimittentes
1152 5733 1470 5787 debitoribus
1502 5734 1715 5799 nostris,
1749 5745 1920 5788 nostra
1948 5753 2033 5788 uo-

2140 4581 2345 4642 quitate.
2403 4575 2639 4628 Remittit
2693 4574 2744 4626 in
2799 4574 2893 4627 hac
2942 4575 3040 4625 vita
3069 4575 3250 4627 elecds
3286 4582 3488 4640 peceata
3512 4571 3661 4640 quoti-

2141 4662 2367 4718 diana‘et
2396 4664 2546 4728 levia,
2577 4663 2692 4715 sine
2717 4662 2898 4729 quibus
2922 4663 2972 4713 in
3001 4662 3155 4714 terris
3190 4662 3370 4715 vivere
3399 4669 3657 4728 nequeunt,

2141 4755 2390 4807 cmunilat
2431 4762 2543 4820 post
2573 4752 2885 4804 solutionem
2915 4752 3088 4804 carnis
3119 4753 3183 4803 ali
3220 4753 3361 4805 omni
3393 4750 3660 4818 iniquitate.

2144 4843 2479 4894 introducens
2504 4842 2619 4894 illos
2647 4842 2696 4894 in
2725 4855 2839 4894 eam
2871 4841 3050 4902 vitam,
3085 4843 3134 4893 in
3167 4856 3265 4906 qua
3297 4857 3392 4893 nec
3420 4841 3566 4894 vetiut
3594 4839 3662 4890 ul-

2143 4941 2217 4982 tra
2249 4944 2486 4995 peccare,
2521 4943 2615 4982 nec
2643 4931 2870 4982 valeant.
2907 4927 3141 4980 Remittit
3172 4942 3311 4979 nunc
3343 4928 3528 4994 majora
3555 4936 3659 4978 ten-

2142 5027 2371 5070 tamcnta
2413 5019 2703 5082 orantibus,
2752 5031 2817 5070 ne
2848 5017 3154 5079 vincantur;
3196 5018 3409 5069 remittit
3447 5017 3659 5077 minima,

2143 5124 2208 5162 ne
2252 5109 2506 5161 lmdautur
2538 5127 2549 5160 :
2582 5107 2796 5160 mundat
2840 5114 2963 5158 tunc
2993 5107 3058 5157 ab
3088 5108 3353 5166 omnibus,
3405 5121 3466 5156 ne
3506 5105 3660 5170 aliqua

2140 5215 2357 5268 prorsus
2381 5199 2544 5254 beatis
2569 5199 2619 5250 in
2649 5211 2811 5264 regno
2837 5205 3087 5263 perpetuo
3117 5195 3360 5261 iniquitas
3389 5195 3534 5246 adsit.

2209 5289 2269 5343 Si
2295 5291 2565 5342 dixerimus
2612 5287 2845 5354 quoniam
2893 5303 2993 5338 nou
3038 5285 3369 5353 peccavimus.
3419 5293 3514 5336 etc.
3561 5282 3663 5350 Ipse

2141 5392 2366 5445 namque
2399 5380 2505 5443 "per
2536 5373 2795 5427 hominem
2827 5387 2924 5425 suo
2965 5373 3159 5438 Spiritu
3195 5371 3400 5436 plenum
3431 5370 3660 5422 dicebat:

2139 5467 2257 5520 Non
2286 5476 2358 5518 est
2379 5467 2544 5532 justus
2579 5465 2631 5517 iu
2662 5475 2792 5517 terra
2811 5465 2893 5533 qui
2919 5464 3068 5539 faciat
3096 5463 3301 5525 bonum,
3327 5472 3370 5513 et
3394 5478 3486 5512 non
3514 5467 3663 5528 peccet

2139 5555 2330 5624 (Ec-cie.
2361 5554 2472 5622 vn).
2498 5555 2598 5608 Sed
2642 5566 2694 5608 et
2740 5570 2832 5622 per
2868 5550 3203 5617 semetipsum
3235 5566 3331 5604 nos
3371 5552 3614 5604 immunes
3635 5565 3659 5599 a

2136 5643 2340 5696 delictis
2365 5658 2477 5695 esse
2504 5659 2604 5695 non
2633 5657 2782 5710 posse
2811 5639 3008 5696 docuit.
3038 5655 3167 5706 quos
3201 5641 3269 5693 ita
3296 5655 3448 5692 orare
3477 5652 3660 5704 praece-

2138 5734 2208 5802 pit
2241 5751 2248 5784 :
2277 5731 2481 5787 Dimitte
2502 5734 2640 5786 nobis
2670 5729 2827 5781 (libita
2855 5737 3021 5781 nostra
3048 5729 3170 5782 sicut
3196 5737 3239 5783 et
3263 5743 3354 5782 nos
3379 5727 3655 5780 dimittimus
