3860 6230
164 477 242 531 89
1284 483 1343 536 IN
1383 485 1398 538 Ι
1441 481 1813 541 EPISTOLAM
1853 483 1910 540 S.
1951 484 2239 540 JOANNIS.
3279 490 3346 545 90

170 584 480 637 drvbitor'bus
517 586 695 637 nostris
719 589 736 654 (
757 586 937 639 Matth.
969 587 1069 654 vt).
1110 589 1271 642 Nemo
1316 607 1440 657 ergo
1461 634 1473 655 ,
1503 592 1723 647 docente
1753 591 1799 646 Α
1825 591 2036 657 scimus,
2067 603 2120 648 et
2162 608 2464 647 accusamus
2494 594 2730 662 injustas.
2756 597 2858 649 Cur
2881 598 3022 651 enim
3049 599 3220 666 justus
3247 617 3347 655 non

173 671 416 736 Pelagio,
446 672 662 724 liberum
688 689 744 727 se
768 691 795 726 a
821 677 1044 741 peccatis
1069 691 1128 729 ac
1155 678 1345 731 debitis
1367 682 1541 734 vivere
1567 696 1718 748 posse

167 758 382 821 credat,
426 774 544 811 cum
578 763 763 814 viderit
791 765 1076 828 apostolos,
1105 766 1326 821 docente
1360 769 1595 833 Domino,
1626 785 1720 835 pro

169 845 287 894 suis
318 861 472 898 orare
498 847 724 902 delictis.
753 850 854 903 Sed
878 860 931 904 et
952 853 1070 905 alibi
1099 855 1345 922 scriptum
1374 866 1453 910 est
1481 875 1495 909 :
1530 858 1721 926 Septies
1774 908 1776 911 ,

170 932 223 981 in
255 934 342 985 die
383 936 514 987 radit
546 940 734 1005 justus,
762 949 808 991 et
830 942 1041 1011 resurgit
1069 941 1247 1008 (Prov.
1279 947 1444 1012 utv).
1479 945 1723 1013 lmpossi-

173 1020 282 1074 bile
311 1038 538 1088 namque
567 1035 644 1078 est
675 1027 955 1092 quemlibet
985 1041 1282 1084 sanctorum
1314 1049 1414 1086 non
1444 1034 1721 1100 aliquando

172 1112 226 1162 in
258 1113 493 1166 minimis
526 1118 770 1180 peccatis,
799 1133 912 1184 quae
942 1134 1033 1186 per
1063 1135 1378 1185 sermonem,
1412 1138 1504 1188 per
1532 1124 1722 1189 cogita-

173 1199 401 1262 tionem,
432 1216 524 1268 per
555 1203 919 1271 ignorantiam,
946 1223 1038 1274 per
1064 1209 1398 1274 oblivionem,
1425 1225 1516 1277 per
1543 1226 1620 1265 nea
1642 1227 1724 1264 es-

172 1285 415 1352 silatem,
461 1307 552 1356 per
582 1294 919 1357 voluntatem,
954 1312 1042 1362 per
1069 1297 1455 1364 subreptionem
1486 1301 1724 1352 commit-

204 1385 414 1441 tuntur,
439 1380 636 1446 lapsum
665 1383 962 1447 incurrere,
996 1401 1089 1453 nec
1118 1395 1284 1440 tamen
1303 1387 1425 1453 justi
1448 1403 1563 1442 esse
1590 1389 1654 1441 de
1685 1390 1725 1440 i-

173 1471 348 1528 stunt,
382 1467 497 1532 quia
528 1467 678 1521 citius
701 1484 728 1521 a
759 1481 926 1535 reatu,
957 1471 1175 1525 Domino
1209 1477 1522 1544 opitulante,
1552 1489 1725 1529 resur-

171 1563 329 1618 sum.

789 1647 1007 1717 CAPUT
1048 1647 1107 1702 ll.

248 1724 438 1782 Filioli
466 1734 579 1795 mei,
614 1733 718 1786 hac
746 1737 908 1789 scribo
938 1741 1091 1802 vobis,
1133 1751 1184 1790 ut
1225 1757 1323 1792 non
1354 1741 1578 1808 peccetis.
1612 1741 1720 1796 Non

175 1823 261 1867 est
294 1816 396 1868 sibi
433 1818 541 1882 ipse
567 1823 878 1884 contrarius,
909 1826 993 1892 qui
1038 1841 1191 1892 supra
1233 1843 1327 1880 nos
1362 1829 1476 1882 sine
1511 1837 1724 1895 peccato

1816 683 1902 745 Sil,
1935 683 2022 750 ‘qui
2051 692 2229 736 contra
2265 698 2409 736 suam
2460 684 2762 751 iniustitiam
2801 685 2908 753 jam
2956 704 3047 754 per
3096 689 3350 758 laerymas

1817 771 1999 822 saevit?

1885 853 1952 907 Et
2005 859 2111 922 ipse
2155 866 2226 910 est
2276 859 2563 926 prapitiatio
2609 876 2696 926 pro
2749 863 2961 927 peccatis
3006 864 3209 916 nostris.
3255 866 3350 929 Qui

1821 959 1918 1012 per
1960 946 2330 1000 humanitatem
2380 948 2676 1014 interpellat
2724 965 2819 1017 pro
2866 954 3015 1006 nobis
3057 963 3193 1020 apud
3251 956 3346 1007 Pa-

1820 1044 1976 1097 trem,
2008 1034 2144 1088 idem
2190 1050 2282 1103 per
2323 1036 2640 1091 divinitatem
2688 1039 2993 1107 propitiatur
3036 1043 3183 1095 nobis
3231 1059 3346 1095 cum

1822 1122 1908 1175 Pa‘.
1920 1139 1995 1176 re.

1893 1213 2008 1265 Non
2036 1231 2127 1280 pro
2169 1215 2346 1267 nostris
2384 1226 2550 1269 autem
2588 1224 2799 1279 tantum,
2829 1226 2940 1272 etc.
2973 1219 3080 1272 Non
3125 1235 3218 1287 pro
3249 1221 3353 1276 illis

1820 1279 1985 1352 soltnu
2022 1302 2314 1367 propit'atio
2340 1313 2418 1356 est
2449 1304 2714 1366 Dominus,
2745 1305 2931 1373 quibus
2962 1316 3084 1359 tunc
3114 1309 3162 1358 in
3187 1323 3346 1360 carne

1824 1390 2111 1444 viventibus
2151 1394 2413 1445 scribebat
2458 1393 2706 1456 Joannes,
2736 1395 2825 1447 sed
2871 1396 3028 1447 etiam
3078 1411 3169 1461 pro
3210 1398 3350 1450 omni

1825 1478 2054 1534 Ecclesia
2085 1499 2200 1551 qua:
2248 1499 2338 1549 per
2378 1492 2538 1536 totam
2581 1485 2757 1538 mundi
2805 1485 3126 1539 latitudinem
3169 1487 3350 1540 diliusa

1821 1579 1919 1632 est,
1957 1573 2123 1637 primo
2171 1573 2412 1624 nimirum
2455 1575 2623 1627 electo
2661 1590 2821 1642 usque
2867 1576 2928 1628 ad
2979 1578 3214 1630 ultiunnu
3263 1579 3349 1645 qui

1825 1661 1875 1712 in
1911 1662 2013 1713 line
2040 1663 2214 1713 mttndi
2250 1663 2539 1717 nasciturus
2568 1678 2645 1717 eSt
2676 1677 2931 1732 porrecta.
2955 1669 3150 1732 Quibus
3183 1671 3354 1721 verbis

1827 1751 2210 1803 Domtistarum
2255 1753 2479 1806 schisma
2526 1755 2789 1820 reprobat,
2816 1757 2902 1824 qui
2950 1757 2998 1808 in
3031 1759 3217 1810 Africae
3265 1774 3353 1810 so-

1827 1841 1929 1892 lum
1962 1841 2148 1894 tinibus
2192 1841 2481 1896 Eccle~iam
2528 1845 2719 1898 Christi
2762 1861 2878 1899 esse
2906 1847 3148 1900 dicebant
3191 1849 3357 1899 inclu-

178 1905 364 1957 vivere
395 1922 498 1957 non
541 1924 689 1972 posse
727 1912 1052 1977 perhibebat,
1082 1931 1216 1968 nunc
1242 1927 1413 1971 autem
1453 1919 1569 1972 ideo
1597 1920 1725 1972 scri—

1837 1943 1958 1982 sam.
1992 1931 2088 1981 Pro
2117 1931 2272 1982 totius
2305 1947 2426 1998 ergo
2458 1934 2632 1985 mundi
2667 1936 2892 1999 peccatis
2933 1936 3224 2003 interpellat
3257 1939 3355 1986 Do-

175 1989 309 2045 bere
336 2007 397 2046 se
423 1995 571 2047 nobis
595 1996 739 2062 dicit,
771 2015 835 2053 ne
867 2016 1157 2066 peccemus.
1190 2005 1293 2058 Sed
1323 2005 1391 2058 ibi
1419 2021 1513 2060 nos
1542 2021 1725 2060 neces-

176 2085 346 2148 sarie,
385 2088 713 2151 providenter
747 2101 903 2157 atque
923 2095 1198 2148 salubriter
1220 2106 1411 2151 nostra:
1430 2095 1725 2165 fragilitatis

175 2173 477 2237 admonuit,
512 2192 575 2229 ne
614 2179 728 2244 quis
758 2181 857 2232 sibi
890 2183 1034 2249 quasi
1071 2185 1317 2240 innocens
1347 2188 1563 2252 placeat,
1595 2197 1645 2241 et
1669 2204 1725 2241 se

173 2261 244 2314 de
273 2265 484 2317 meritis
521 2269 822 2322 extollendo
847 2271 960 2336 plus
990 2285 1184 2340 pereat,
1228 2276 1310 2329 hic
1350 2289 1727 2344 consequenter

175 2350 450 2416 hortatur,
495 2365 548 2406 ut
577 2357 618 2407 si
652 2358 788 2409 omni
822 2352 970 2426 culpa
1000 2377 1177 2414 carere
1218 2365 1512 2430 nequimus,
1540 2368 1726 2420 demus

173 2447 360 2494 tamen
397 2457 610 2507 operam
638 2456 883 2512 quantum
907 2450 1159 2516 valeums,
1188 2468 1252 2505 ne
1280 2469 1374 2507 nos
1401 2456 1494 2522 ipsi
1528 2456 1725 2523 fragili-

173 2536 344 2581 tatem
399 2541 590 2583 nostrae
616 2535 930 2590 conditionis
973 2539 1294 2608 negligenter
1341 2544 1541 2609 agendo
1587 2546 1728 2597 viva-

174 2630 317 2679 mus,
345 2619 441 2671 sed
468 2630 644 2672 contra
670 2625 839 2675 omnia
864 2625 983 2676 vitia
1010 2635 1221 2680 strenue
1244 2631 1616 2700 vigilanterque
1646 2633 1728 2685 di-

174 2705 464 2772 micmnus,
492 2712 713 2764 maxime
736 2714 928 2781 majora
951 2724 1002 2769 et
1028 2719 1309 2784 apertiora,
1341 2738 1474 2790 quae,
1504 2724 1725 2779 Domino

167 2795 432 2860 juvante,
480 2797 682 2853 facilius
728 2817 978 2869 superare
1028 2807 1108 2858 vel
1158 2822 1344 2862 cavere
1389 2813 1642 2878 valemus,
1675 2827 1731 2870 ut

169 2883 325 2946 juxta
355 2887 496 2951 quod
529 2887 714 2940 Paulus
743 2891 847 2942 ait:
877 2890 1103 2945 Tentatio
1134 2913 1224 2949 nos
1249 2915 1347 2950 non
1388 2903 1727 2968 apprehendat

172 2975 276 3024 nisi
307 2974 533 3028 humana
559 2977 609 3045 (Ι
633 2977 749 3031 Cor.
775 2980 850 3048 at),
879 2980 975 3034 hoc
1002 2995 1078 3035 est
1102 3000 1159 3037 ea
1191 2988 1300 3038 sola
1323 3002 1474 3055 quam
1506 2993 1729 3044 humana

177 3064 470 3117 inﬁrmitas
492 3068 550 3117 ad
580 3069 832 3137 integrum
864 3070 1126 3126 declinare
1160 3090 1259 3126 non
1294 3087 1483 3140 potest.

251 3154 363 3205 Sal
391 3157 483 3206 etsi
524 3160 632 3224 quis
672 3163 961 3225 peccaverit,
1005 3166 1297 3217 advocatum
1338 3168 1592 3235 habemus,
1622 3182 1722 3225 etc.

178 3242 312 3294 \‘ide
346 3244 461 3310 ipse
488 3246 716 3300 Joannes
735 3260 981 3315 quantum
1007 3264 1176 3306 servet
1206 3255 1548 3312 humilitatem
1572 3277 1724 3327 quam

175 3329 364 3394 docet,
401 3343 543 3385 certe
575 3336 652 3387 vir
675 3335 845 3402 justus
887 3349 1000 3392 erat
1041 3351 1092 3392 et
1135 3358 1371 3409 magnus,
1407 3348 1490 3414 qui
1525 3349 1589 3402 de
1635 3365 1726 3415 pe-

173 3430 330 3471 ctore
368 3422 573 3475 Domini
605 3429 975 3492 mysteriorum
1004 3444 1204 3486 secreta
1237 3436 1465 3494 bibebat.
1502 3439 1612 3493 Non
1655 3450 1727 3493 ta-

175 3525 305 3561 men
332 3511 483 3573 dixit,
513 3513 830 3568 Advocatum
862 3535 944 3572 me
974 3520 1173 3574 habetis
1207 3528 1339 3588 apud
1375 3529 1601 3594 Patrem,
1635 3532 1726 3585 sed

174 3600 509 3660 advocatum,
547 3600 742 3668 inquit,
777 3605 1029 3660 habemus.
1064 3611 1124 3660 lit
1171 3610 1406 3665 habemus
1450 3617 1598 3680 dixit,
1628 3634 1726 3673 non

178 3684 426 3739 llabetis.
459 3688 634 3742 Maluit
661 3705 719 3743 se
749 3707 942 3758 ponere
969 3697 1016 3747 in
1044 3713 1641 3772 numeropeccatorum,
1675 3719 1728 3761 ut

178 3773 408 3826 haberet
450 3777 758 3832 advocatum
786 3781 1068 3851 Christum,
1103 3804 1253 3855 quant
1306 3808 1500 3858 ponere
1540 3811 1595 3849 se
1637 3813 1730 3865 pro

175 3862 398 3916 Christo
441 3867 774 3932 advocatum,
798 3883 851 3926 et
881 3875 1098 3929 inveniri
1132 3880 1264 3933 inter
1292 3883 1614 3941 damnandos
1638 3862 1732 3940 vsu-

177 3953 399 4019 perbos.
435 3956 537 4010 Nec
565 3967 738 4012 tamen
767 3962 1042 4018 dicendum
1071 3970 1186 4033 quia
1217 3971 1450 4041 episropi
1489 3976 1568 4026 vel
1603 3993 1732 4042 prae-

179 4044 343 4107 positi
389 4059 492 4096 non
535 4056 711 4113 petant
745 4064 836 4115 pro
881 4057 1091 4120 populo.
1125 4058 1250 4109 Orat
1281 4062 1418 4112 enim
1452 4064 1730 4129 Apostolus

182 4146 282 4196 pro
316 4132 495 4199 plebe,
524 4146 640 4190 orat
668 4140 810 4205 plebs
839 4157 932 4210 pro
963 4147 1230 4212 Apostolo,
1260 4149 1344 4214 qni
1378 4152 1499 4203 dicit
1524 4171 1536 4203 :
1568 4153 1731 4205 Oran—

179 4230 254 4272 tes
285 4222 440 4272 simul
461 4233 506 4274 et
536 4241 628 4292 pro
651 4229 790 4281 nobis
811 4240 856 4282 et
882 4248 972 4299 pro
1000 4236 1154 4300 vobis,
1186 4249 1236 4287 ut
1267 4238 1398 4289 Deus
1428 4243 1618 4308 aperiat
1645 4261 1732 4294 uo-

181 4312 256 4361 bis
307 4312 488 4365 ostium
534 4316 665 4368 verbi
711 4317 932 4386 (Coloss.
967 4326 1058 4389 tv).
1105 4325 1166 4376 Et
1218 4344 1309 4392 pro
1357 4330 1511 4383 Petro
1552 4335 1734 4386 orabat

184 4399 427 4452 Ecclesia
470 4417 584 4455 cum
632 4418 771 4459 esset
819 4407 868 4460 in
914 4411 1138 4463 vinculis
1170 4413 1372 4479 Petrus,
1408 4431 1461 4468 et
1491 4419 1730 4472 exaudita

182 4497 287 4550 est,
323 4491 586 4554 quomodo
633 4503 686 4546 et
736 4495 917 4550 Petrus
965 4514 1057 4567 pro
1101 4501 1353 4562 Ecclesia.
1396 4507 1513 4573 quia
1558 4507 1724 4560 omnia

185 4591 281 4640 pro
305 4575 528 4631 invicem
561 4585 792 4636 ntembra
835 4597 1003 4638 orant.
1048 4590 1215 4658 Caput
1245 4609 1337 4660 pro
1369 4596 1610 4649 omnibus
1649 4599 1728 4650 in-

187 4670 454 4734 terpellat,
485 4670 551 4724 de
579 4688 681 4739 quo
721 4674 972 4744 scriptum
999 4689 1080 4731 est
1105 4699 1118 4732 :
1151 4680 1250 4745 Qui
1277 4693 1347 4734 est
1373 4686 1440 4736 ad
1479 4691 1729 4739 dexteram

190 4757 305 4820 Dei,
334 4761 425 4826 qui
461 4763 610 4814 etiam
639 4764 918 4832 interpellat
944 4785 1036 4836 pro
1066 4772 1203 4823 nobis
1243 4772 1416 4838 (llam.
1443 4776 1571 4843 vnt).
1606 4776 1729 4829 Uni-

184 4848 365 4914 genito
396 4852 536 4903 enim
565 4852 700 4905 Filio
734 4872 825 4922 pro
868 4859 1077 4914 homine
1107 4863 1439 4930 interpellare
1467 4875 1564 4929 est,
1595 4867 1729 4932 apud

185 4949 510 4994 cozeternum
550 4941 751 4996 Patrem
783 4947 1009 5013 seipsum
1046 4951 1311 5005 hominem
1343 4954 1725 5012 demonstrare.

189 5028 354 5096 Eique
407 5044 499 5094 pro
554 5032 779 5085 hmnana
835 5044 1018 5089 natura
1066 5054 1276 5105 rogasse
1331 5051 1443 5105 est,
1490 5045 1729 5096 eamdem

189 5130 434 5172 naturam
476 5121 525 5172 in
556 5122 841 5179 divinitatis
888 5141 997 5179 suae
1050 5129 1366 5184 celsitudine
1411 5133 1726 5200 suscepisse.

192 5207 500 5275 [interpellat
539 5225 666 5277 ergo
702 5226 794 5278 pro
825 5214 975 5267 nobis
1007 5214 1279 5279 Dominus,
1313 5233 1414 5270 non
1461 5234 1606 5282 voce,
1637 5223 1726 5274 sed

191 5295 554 5362 miseratione,
583 5298 870 5365 quiaquod
920 5304 1168 5356 damnare
1220 5305 1269 5358 in
1310 5307 1491 5360 elecnis
1534 5309 1726 5374 noluit,

189 5386 524 5452 suscipiendo
576 5389 820 5440 servavit.
873 5392 935 5443 Et
1002 5393 1132 5444 bene
1187 5408 1304 5445 cum
1365 5395 1589 5460 diceret,
1640 5397 1731 5447 ad-

191 5483 434 5527 venatum
483 5490 579 5527 nos
629 5476 763 5542 apud
819 5475 1026 5532 Patrem
1093 5480 1286 5535 habere
1340 5482 1516 5535 Jesum
1579 5484 1732 5536 Chri-

193 5571 351 5626 Stunt,
387 5564 587 5617 addidit
613 5554 856 5634 justum:
882 5569 1053 5635 justus
1092 5586 1315 5640 namque
1343 5573 1623 5627 advocatus
1651 5574 1730 5628 in-

195 5650 357 5717 justas
397 5667 582 5706 causas
610 5671 709 5706 non
736 5657 990 5724 suscipit:
1022 5661 1108 5725 qui
1141 5667 1262 5713 tunc
1297 5661 1467 5727 justus
1509 5676 1604 5714 nos
1632 5661 1722 5714 de-

199 5743 372 5798 fendet
419 5745 470 5797 in
522 5744 734 5811 judicio,
776 5750 818 5802 si
868 5763 1004 5802 nunc
1047 5754 1391 5820 nosmetipsos
1437 5763 1490 5808 ct
1536 5768 1727 5821 cogno-

1827 2019 2013 2080 mines,
2042 2021 2159 2087 quia
2193 2035 2282 2087 per
2322 2031 2482 2074 tutum
2527 2025 2776 2076 mundum
2808 2035 2887 2078 est
2921 2026 3169 2087 Ecclesia,
3201 2041 3351 2090 quam

1825 2124 1919 2163 suo
1964 2112 2213 2175 sanguine
2260 2115 2599 2178 comparavit.
2632 2113 2807 2180 Neque
2851 2115 2968 2167 huic
3014 2117 3169 2168 verbo
3209 2131 3360 2179 repu-

1824 2209 1964 2265 gnat,
1997 2201 2132 2262 quod
2169 2201 2217 2250 iu
2265 2203 2606 2266 sequentibus
2632 2203 2774 2264 dicit,
2804 2202 2868 2255 Et
2893 2204 3104 2255 mundus
3148 2212 3279 2256 totus
3310 2207 3361 2256 in

1824 2285 2045 2351 maligno
2105 2287 2291 2353 positus
2339 2297 2441 2347 est,
2485 2287 2609 2353 quia
2651 2299 2705 2341 et
2750 2303 2842 2356 per
2893 2298 3053 2340 touuu
3114 2291 3357 2342 mundum

1825 2385 1944 2428 sunt
1989 2377 2074 2443 qui
2137 2379 2380 2445 maligno,
2433 2378 2480 2431 id
2529 2387 2642 2442 est,
2696 2369 2912 2448 antiquo
2979 2381 3109 2434 hosti
3179 2381 3361 2432 lamu-

1828 2463 2021 2515 lentur.

1894 2551 1959 2604 L't
1984 2554 2033 2605 in
2066 2553 2353 2620 hocscimus
2373 2556 2608 2622 quoniam
2637 2557 2952 2624 cognovimus
2980 2573 3110 2616 cum,
3141 2557 3181 2608 si
3211 2574 3355 2608 man-

1825 2644 1943 2696 datu
1964 2647 2071 2714 ejus
2091 2645 2416 2698 observamus.
2443 2647 2564 2710 Quae
2590 2646 2828 2699 mandata
2853 2647 2982 2700 dicat
3008 2685 3020 2709 ,
3053 2647 3103 2698 in
3132 2663 3352 2715 sequen-

1828 2735 1962 2786 tibus
1990 2736 2173 2800 aperit,
2201 2736 2247 2787 id
2279 2744 2377 2796 est,
2406 2736 2733 2790 citaritatem.

1899 2825 1997 2888 Qui
2023 2828 2140 2878 dicit
2165 2843 2217 2880 se
2245 2842 2388 2879 nosse
2411 2843 2544 2889 eum,
2584 2836 2629 2878 et
2656 2826 2892 2878 mandata
2921 2828 3026 2894 ejus
3055 2842 3153 2877 non
3195 2834 3361 2877 custo-

1827 2917 1928 2977 dit,
1963 2927 2064 2967 etc.
2093 2914 2329 2969 Christus
2360 2917 2550 2968 veritas
2595 2916 2922 2982 appellatur:
2955 2913 3062 2985 Ego
3100 2931 3208 2966 sum
3257 2915 3358 2982 (in-

1828 3002 1957 3069 quit)
1985 3007 2077 3068 ria,
2103 3006 2298 3064 veritus,
2320 3014 2364 3056 et
2394 3005 2492 3055 vita
2517 3003 2693 3072 (Joan.
2724 3011 2855 3067 xw).
2890 3004 3098 3057 Frustra
3122 3019 3244 3070 ergo
3271 3019 3367 3083 nu-

1831 3091 1906 3142 bis
1935 3091 1980 3144 in
2027 3107 2089 3144 eo
2119 3091 2499 3158 applaudimus,
2529 3091 2676 3157 cujus
2707 3091 2946 3143 mandata
2987 3107 3087 3143 non
3129 3090 3362 3143 lat-imus.

1834 3184 1937 3236 Nec
1964 3184 2159 3252 grande
2190 3197 2426 3250 putemus
2453 3197 2608 3234 unum
2644 3182 2799 3232 Deum
2834 3193 3003 3239 nosse.
3031 3194 3147 3230 cum
3179 3189 3229 3231 et
3255 3179 3364 3229 daa-

1781 3265 1800 3284 ⁴
1833 3286 2012 3323 mones
2058 3271 2298 3333 credant,
2344 3281 2397 3324 et
2442 3272 2868 3324 contremiscam.
2907 3267 3038 3334 Quid
3081 3268 3149 3319 sit
3188 3278 3359 3319 autem

1828 3360 2081 3412 veraciter
2133 3373 2286 3411 nosse
2337 3360 2530 3420 Deum,
2579 3360 2954 3424 subsequenter
3004 3355 3252 3418 ostendit,
3285 3354 3362 3406 di-

1827 3463 1948 3501 CCIIS
1981 3465 1992 3498 ζ

1901 3537 1995 3599 Qui
2041 3548 2205 3588 au'em
2264 3545 2425 3590 servat
2472 3534 2702 3598 verbum,
2745 3543 2846 3588 etc.
2892 3533 2978 3586 Ille
3025 3532 3197 3599 itaque
3245 3547 3365 3583 vere

1832 3629 1989 3680 Deu.n
2032 3631 2198 3688 novit,
2231 3630 2316 3692 qui
2360 3627 2473 3693 ejus
2504 3628 2742 3678 mandata
2774 3623 3032 3677 servando
3062 3624 3361 3675 cbaritatem

1828 3733 1884 3770 se
1909 3717 2023 3785 ejus
2048 3717 2237 3768 habere
2260 3717 2582 3782 comprobat.
2608 3713 2713 3764 Iloc
2740 3723 2816 3764 est
2843 3715 2978 3764 enim
3004 3711 3160 3762 Deum
3191 3723 3364 3771 nosse,

1827 3807 1962 3874 quod
1993 3821 2186 3857 amare.
2215 3804 2341 3856 Nam
2372 3804 2606 3869 quisquis
2648 3816 2765 3853 eum
2811 3814 2911 3853 non
2940 3809 3099 3862 amat,
3133 3799 3364 3864 proiecto

1831 3897 2061 3949 ostendit
2097 3897 2214 3964 quia
2243 3910 2399 3961 quam
2429 3894 2492 3946 sit
2521 3893 2754 3946 amabilis
2786 3906 2889 3944 non
2921 3891 3082 3942 novit.
3119 3888 3178 3940 Et
3207 3900 3359 3953 quam

1828 3988 1890 4037 sit
1918 3986 2091 4039 suavis
2123 3986 2374 4038 Dominus
2407 3992 2460 4037 et
2488 3983 2675 4047 dulcis,
2704 3993 2910 4050 gustare
2939 3995 2998 4032 ac
3038 3979 3214 4031 videre
3263 3990 3364 4026 non

1828 4075 2024 4133 didicit,
2048 4074 2136 4136 qui
2162 4075 2274 4138 ejus
2303 4071 2669 4139 conspectibus
2693 4072 2896 4137 placere
2917 4069 3159 4121 continua
3191 4066 3362 4117 inten-

1832 4163 1967 4214 tione
2001 4178 2102 4215 'ton
2135 4162 2345 4228 satagit.

1899 4251 1962 4303 In
1987 4251 2077 4304 hoc
2100 4252 2283 4303 scimus
2322 4250 2554 4318 quoniam
2585 4248 2634 4300 in
2676 4248 2782 4315 ipso
2815 4263 3005 4308 sumus,
3040 4252 3142 4296 etc.
3179 4243 3229 4295 Id
3263 4251 3366 4303 est,

1832 4361 1920 4411 per
1950 4343 2284 4396 dilectionem
2317 4341 2529 4393 nimiam
2574 4340 2733 4393 etiam
2781 4353 2876 4406 pro
2923 4336 3142 4389 inimicis
3188 4348 3362 4395 orare,

1829 4440 1962 4487 sicut
1989 4443 2041 4486 et
2082 4435 2190 4499 ipse
2232 4434 2354 4500 egit.
2385 4431 2586 4492 dicens,
2631 4430 2802 4492 Pater,
2832 4431 3027 4496 ignosce
3070 4426 3172 4478 illis
3216 4423 3365 4490 (Luc.

1758 4546 1805 4603 υ
1834 4526 2002 4588 χχιιι).
2028 4523 2127 4575 Sed
2174 4532 2226 4575 et
2267 4536 2514 4586 prospera
2563 4521 2739 4571 mundi
2789 4529 2975 4571 cuncta
3027 4518 3145 4570 forti
3194 4516 3367 4566 animo

1835 4630 1864 4667 c
1902 4627 2194 4672 ntemuere,
2237 4612 2459 4664 libenter
2498 4611 2769 4662 irrisiones
2816 4619 2866 4661 ct
2915 4610 3190 4675 opprobria
3241 4609 3368 4659 tole-

1834 4723 1970 4765 rare,
1998 4705 2128 4757 sicut
2153 4713 2206 4757 et
2235 4704 2346 4770 ipse
2378 4701 2506 4754 dixit
2537 4717 2549 4753 :
2583 4701 2641 4755 Si
2671 4701 2780 4765 quis
2808 4690 2910 4751 vult
2941 4710 3048 4766 post
3079 4715 3155 4751 me
3185 4698 3365 4761 venire,

1831 4795 2029 4863 abneget
2062 4795 2395 4860 semetipsum,
2419 4801 2466 4843 et
2495 4790 2638 4843 tollat
2664 4806 2856 4843 crucem
2881 4806 3041 4851 suam,
3067 4798 3112 4839 et
3135 4801 3369 4854 sequatur

1831 4898 1908 4934 me
1935 4882 2084 4943 (Luc.
2113 4882 2210 4947 Ix).
2919 4927 2922 4930 .

1899 4969 2206 5032 Charissimi,
2239 4984 2335 5020 non
2366 4967 2652 5019 mandatum
2682 4981 2859 5018 novum
2884 4963 3044 5018 scribo
3069 4964 3224 5028 vobis,
3257 4972 3359 5014 etc.

1835 5063 2022 5112 Eadem
2047 5061 2275 5112 charitas
2303 5069 2357 5111 et
2384 5059 2684 5110 mandatum
2716 5064 2862 5109 vetus
2885 5066 2989 5118 est,
3021 5055 3139 5122 quia
3171 5056 3234 5104 ab
3268 5054 3364 5104 ini-

1830 5151 1902 5200 tio
1923 5147 2303 5208 couimendata,
2336 5156 2387 5199 et
2410 5148 2709 5199 mandatum
2751 5161 2964 5207 novum,
2986 5145 3101 5212 quin
3130 5144 3362 5197 tenebris

1828 5236 2008 5303 ejectis
2045 5235 2358 5290 desiderium
2406 5251 2552 5290 nova:
2581 5238 2709 5292 lucis
2745 5236 2988 5291 infundit.
3046 5233 3191 5290 Unde
3220 5245 3362 5289 recte

1827 5326 2064 5377 subditur
2088 5342 2100 5376 :

1902 5413 2047 5475 Quod
2071 5424 2143 5464 est
2173 5430 2338 5464 verum
2360 5424 2403 5466 et
2445 5415 2494 5467 in
2524 5417 2646 5482 ipso,
2697 5423 2740 5466 et
2779 5414 2828 5464 in
2871 5412 3027 5476 vobis,
3075 5421 3177 5466 etc.
3229 5411 3364 5465 Ecce

1830 5500 1946 5554 inde
1973 5518 2183 5564 novum,
2234 5508 2351 5567 quia
2381 5505 2612 5556 tenebras
2661 5504 2726 5574 ad
2788 5514 3017 5557 veterem
3072 5504 3360 5566 hominem,

1828 5593 1913 5645 lux
1946 5606 2067 5643 vero
2095 5594 2156 5642 ad
2190 5608 2379 5643 novum
2412 5594 2674 5645 hominem
2705 5594 2945 5660 pertinet.
2980 5591 3209 5657 Denique
3231 5591 3362 5644 dicit

1829 5682 2106 5748 Apostolus
2151 5682 2382 5735 Paulus:
2428 5682 2610 5735 Exuit:
2650 5701 2730 5736 vos
2775 5695 2979 5737 veterem
3009 5682 3274 5746 hominem,
3317 5691 3363 5733 et

1827 5773 2014 5823 induite
2047 5786 2217 5824 novum
2262 5770 2472 5841 (lt‘pltcs.
2505 5772 2608 5836 tv);
2660 5782 2710 5826 ct
2754 5775 2983 5827 iterum:
3031 5770 3222 5827 Fuistis
3267 5773 3358 5825 oli-
