3860 6230
501 403 567 459 91
902 399 1096 453 BENE
1141 393 1575 453 VENERABILIS
1612 396 1755 449 OPP.
1799 394 1967 449 PARS
2005 392 2060 446 ll.

2164 393 2291 448 ECT.
2332 396 2373 450 I.
2415 426 2479 437 —
2518 395 2895 452 EXEGETICA
2936 393 3250 451 GENUINA.
3592 399 3648 454 92

504 522 705 589 quando
733 518 960 577 tenebrw,
992 531 1120 567 nunc
1140 522 1305 565 autem
1325 513 1413 563 lure
1435 513 1483 563 in
1512 494 1943 579 Domino(Epltes.
1970 509 2043 576 v).
2078 509 2122 563 Α
2153 507 2234 561 uis
2263 509 2513 562 lubricum
2544 518 2645 573 est,
2674 509 2765 562 sed
2791 518 3003 577 propter
3032 510 3193 562 robur
3218 509 3387 563 aetatis
3407 514 3649 569 certamini

579 608 673 671 Qui
702 606 818 657 dicit
846 621 896 657 se
926 606 974 656 in
1005 606 1113 657 luce
1138 619 1263 665 esse,
1309 611 1351 654 et
1382 602 1590 669 fratrem
1612 617 1757 652 suum
1785 602 1909 663 odit,
1943 611 2044 653 etc.

506 698 754 751 Dominus
786 697 1031 762 prmeepit
1077 695 1297 761 diligere
1330 692 1605 755 inimicos;
1651 693 1735 757 qui
1766 706 1893 759 ergo
1922 690 2051 743 dicit

505 802 563 839 se
592 802 706 838 esse
734 784 1113 845 Christianum,
1145 794 1197 835 et
1229 782 1440 834 fratrem
1472 780 1601 843 odit,
1636 780 1686 833 in
1721 785 1945 849 peccatis
1968 788 2049 834 est

510 888 671 937 usque
701 873 893 925 adhuc.
929 873 988 923 Et
1022 872 1152 923 bene
1180 872 1373 922 addidit
1400 886 1549 937 usque
1575 870 1760 933 adhuc,
1812 869 1929 937 quia
1967 871 2047 922 ni-

512 965 700 1014 mirum
735 978 915 1015 omnes
949 962 1187 1013 homines
1218 961 1268 1012 in
1311 960 1540 1013 tenebris
1590 971 1872 1012 nascuntur
1902 961 2051 1012 vitio-

513 1066 650 1110 rum,
704 1050 1016 1103 intenebris
1047 1058 1259 1101 manent
1284 1064 1486 1112 omnes,
1536 1051 1701 1102 donec
1745 1051 1907 1116 gratia
1958 1052 2052 1101 ba-

510 1140 683 1205 ptismi
714 1154 803 1203 per
836 1140 1100 1191 Christum
1135 1140 1505 1191 illuminentur.
1538 1138 1640 1191 Sed
1673 1146 1725 1191 et
1755 1141 1796 1190 is
1817 1139 1901 1205 qui
1933 1152 2049 1191 cum

507 1228 628 1279 odio
666 1228 837 1279 fratris
867 1228 1067 1279 accedit
1098 1228 1159 1279 ad
1216 1227 1408 1279 fontem
1435 1227 1549 1278 vita:
1578 1243 1679 1295 quo
1722 1236 2047 1290 renascatur,

506 1325 560 1368 et
588 1316 648 1367 ad
683 1326 859 1383 potum
888 1317 1159 1384 sanguinis
1192 1317 1403 1383 pretiosi
1445 1331 1547 1383 quo
1592 1310 1897 1377 redimatur,
1945 1316 2047 1367 etsi

505 1406 929 1458 seilluminatum
960 1422 987 1457 a
1044 1407 1265 1459 Domino
1318 1407 1559 1468 mstimat,
1600 1406 1649 1457 in
1693 1406 1922 1457 tenebris
1970 1415 2051 1457 est

509 1510 674 1560 usque
702 1496 895 1557 adhuc,
929 1511 1099 1563 neque
1123 1496 1225 1548 ulla
1260 1496 1462 1548 ratione
1487 1506 1814 1562 peccatorum
1841 1496 2051 1548 umbras

503 1598 695 1637 exuere
729 1585 914 1650 potuit,
943 1587 1029 1653 qui
1063 1587 1258 1639 viscera
1292 1585 1561 1637 charitatis
1591 1586 1803 1639 induere
1828 1602 1929 1637 non
1961 1600 2052 1637 cu-

505 1675 658 1726 ravit.
692 1673 822 1725 llinc
850 1683 931 1725 est
960 1673 1097 1727 enim
1128 1674 1263 1743 quod
1314 1674 1496 1727 Simon
1530 1688 1692 1738 nuper
1720 1674 2050 1739 baptismatis

510 1762 643 1813 unda
676 1763 934 1827 perfusus,
980 1766 1044 1817 ab
1073 1780 1136 1817 eo
1166 1767 1251 1831 qui
1281 1764 1457 1817 claves
1485 1764 1602 1815 ωδιὶ
1653 1762 1851 1825 habuit,
1902 1763 2052 1815 audi-

507 1850 615 1901 vit:
652 1850 768 1903 Non
797 1862 865 1903 est
891 1852 976 1903 tibi
1018 1868 1133 1918 pars
1174 1867 1330 1919 neque
1359 1867 1466 1902 sors
1488 1852 1539 1901 in
1563 1866 1787 1902 sermone
1827 1852 1955 1912 ista;
2002 1852 2052 1902 in
2083 1822 2129 1881 Β

504 1940 623 2005 felle
666 1942 793 1991 enim
834 1940 1186 1991 amaritudinis
1216 1949 1259 1991 et
1286 1939 1585 2005 obligatione
1609 1939 1885 2005 iniquitatis
1912 1939 2053 1991 video

508 2039 556 2080 te
585 2044 690 2079 esse
730 2030 863 2095 (Art.
899 2026 1029 2096 vin),
1082 2028 1212 2092 Quia
1242 2028 1484 2080 videlicet
1512 2028 1733 2093 collegio
1762 2028 2055 2080 fraternita-

507 2119 579 2172 tis
609 2120 868 2187 neglecto,
914 2119 1105 2171 donum
1147 2118 1393 2185 Spiritus,
1444 2133 1550 2183 quo
1602 2120 1774 2169 unitas
1810 2116 2054 2169 Ecclesia:

510 2216 880 2271 conservatur,
932 2208 1151 2274 pecunia
1182 2222 1359 2260 emere
1407 2220 1467 2258 ac
1522 2205 1761 2273 privatim
1813 2205 2058 2271 cupiebat

513 2297 730 2350 habere.

586 2385 685 2447 Qui
714 2385 875 2453 diligit
898 2422 1007 2440 .....
1039 2393 1082 2437 e.’
1110 2384 1399 2437 scandalum
1429 2384 1479 2434 in
1507 2398 1562 2433 eo
1594 2398 1689 2434 non
1721 2392 1805 2435 est.
1860 2381 1911 2433 ιιι
1958 2391 2057 2446 est,

511 2474 774 2537 offensio;
827 2480 912 2540 qui
963 2475 1105 2529 enim
1154 2474 1326 2541 diligit
1377 2471 1591 2525 fratrem
1641 2487 1829 2533 suum,
1876 2473 2063 2524 tolerat

508 2564 685 2616 omnia
716 2573 927 2631 propter
956 2563 1207 2616 unitatem
1240 2563 1470 2615 unitatis.
1504 2560 1619 2613 Pax
1641 2563 1769 2612 enim
1796 2565 1953 2613 multa
1984 2562 2062 2613 di-

509 2656 776 2724 ligentibus
805 2673 982 2708 nomen
1013 2664 1150 2707 tuum
1180 2654 1348 2722 (Psal.
1381 2657 1581 2720 cxvtti),
1618 2655 1666 2706 id
1699 2662 1797 2715 est,
1831 2654 2059 2706 Charita-

513 2756 642 2811 tem,
674 2758 840 2800 etnon
867 2756 937 2801 est
961 2747 1063 2799 illis
1095 2747 1393 2799 scandalum
1433 2745 1643 2813 (Ibid).
1677 2745 1741 2797 Et
1770 2745 1954 2796 Paulus
1978 2744 2061 2795 di-

507 2838 580 2889 cit
606 2854 619 2889 :
655 2837 963 2903 Su/Ierentes
994 2838 1197 2890 invicem
1226 2838 1276 2887 in
1298 2837 1559 2897 rharitate,
1588 2836 1839 2887 studentes
1870 2850 2062 2887 servare

512 2929 753 2979 u..itntem
776 2927 996 2995 Spiritus
1022 2930 1072 2978 in
1099 2927 1294 2979 vinculo
1326 2928 1459 2994 pacis
1489 2925 1697 2993 (Ephes.
1728 2926 1821 2993 tv).

582 3013 681 3079 Qui
707 3028 871 3068 autem
900 3019 1003 3069 odit
1032 3017 1237 3083 fratrem
1274 3034 1441 3083 suum,
1470 3018 1521 3069 in
1564 3016 1772 3070 tenebris
1813 3027 1905 3080 est,
1952 3026 2055 3071 etc.

514 3107 551 3159 It
585 3105 725 3159 enim
755 3107 964 3161 nescius
995 3109 1046 3161 in
1074 3108 1389 3177 gehennam,
1423 3109 1631 3174 ignarus
1660 3117 1713 3159 et
1733 3121 1902 3158 caecus
1923 3121 2055 3172 prae-
2085 3138 2133 3199 Β

511 3196 758 3262 cipitatur
791 3198 842 3249 in
872 3211 1104 3264 pinnam,
1160 3196 1412 3247 recedens
1440 3196 1646 3249 scilicet
1670 3210 1699 3247 a
1729 3193 1921 3247 Christi
1976 3194 2057 3245 lu-

514 3288 653 3338 mine
683 3286 943 3341 monentis
981 3296 1035 3339 et
1081 3284 1305 3339 dicentis
1334 3303 1345 3335 :
1399 3284 1506 3354 Ego
1531 3302 1639 3337 sum
1671 3287 1836 3339 lunten
1868 3285 2059 3336 mundi.

515 3374 613 3433 (lui
641 3390 716 3425 me
740 3385 933 3427 secutus
959 3375 1129 3442 fuerit,
1158 3390 1256 3427 non
1283 3375 1556 3427 ambulabit
1590 3377 1654 3427 in
1700 3375 1928 3437 tenebris,
1974 3375 2061 3427 sed

515 3461 706 3513 habebit
735 3462 900 3513 lumen
926 3464 1037 3514 vitae
1064 3462 1238 3529 (Joan.
1273 3464 1405 3530 vnt).

590 3550 765 3603 Scriba
793 3551 946 3615 vobis,
983 3554 1147 3616 ﬁlioli,
1179 3556 1417 3621 quoniam
1442 3554 1758 3605 remittuntur
1786 3553 1918 3605 vobis
1947 3567 2063 3620 prc-

515 3650 629 3691 (ατη
655 3651 856 3709 propter
882 3658 1061 3695 nomen
1091 3647 1220 3712 ejus.
1252 3645 1444 3697 Omnes
1475 3660 1599 3697 suos
1625 3644 1907 3707 auditores,
1934 3658 2062 3710 quos

515 3730 627 3793 ipse
655 3731 706 3783 in
729 3731 940 3785 Christo
982 3743 1352 3799 prteresserat,
1410 3734 1633 3786 filiorum
1665 3734 1874 3785 nomine
1902 3733 2063 3795 glori-

519 3820 656 3884 ficat,
690 3822 807 3887 quia
838 3824 1079 3875 videlicet
1114 3824 1278 3875 renati
1315 3838 1378 3875 ex
1407 3838 1535 3889 aqua
1567 3831 1617 3875 et
1656 3823 1847 3887 Spiritu
1882 3822 2063 3873 remis-

520 3908 722 3960 sionem
752 3920 1067 3977 acceperant
1098 3921 1452 3978 pet-calorum.
1506 3912 1569 3964 Et
1612 3926 1675 3963 ne
1704 3910 1909 3963 dubites
1939 3911 2066 3963 liJe-

518 3994 596 4047 les
625 4010 861 4065 quosque
894 4010 1099 4066 patrum
1133 4000 1539 4067 przecedentiutu
1575 4001 1710 4052 filios
1742 4010 1883 4053 recte
1916 4013 2065 4064 posse

520 4087 800 4153 nominari,
846 4090 967 4143 audi
1022 4093 1336 4158 praphetam
1386 4093 1450 4145 de
1482 4094 1717 4147 Ecclesia
1768 4102 2063 4150 canentem,

519 4180 696 4231 Omnis
723 4181 883 4249 gloria
910 4184 1018 4249 ejus
1062 4185 1183 4250 filia:
1228 4185 1359 4251 regis
1407 4186 1467 4235 ab
1516 4186 1651 4235 intus
1698 4182 1862 4249 (Psal.
1895 4182 2062 4243 xuv);

516 4266 748 4336 itemque
789 4271 852 4324 ad
880 4272 1140 4336 eamdem,
1177 4271 1283 4323 Pro
1311 4273 1535 4339 patribus
1581 4272 1679 4325 tuis
1707 4271 1814 4321 nati
1840 4278 1952 4320 sunt
1983 4268 2070 4320 tibi

516 4358 611 4424 ﬁlii
640 4356 848 4426 (ηεαδ.

2149 596 2336 648 habile.
2370 596 2518 650 Unde
2544 598 2970 651 adolescentibus
2992 597 3223 651 Joannes
3251 598 3351 649 illis
3371 600 3559 663 scribit,
3578 606 3649 669 qni

2150 693 2459 738 tentamenta
2489 687 2809 752 voluptatum
2862 686 3147 738 carnalium
3179 686 3326 739 verbi
3361 685 3445 741 Dei
3494 703 3649 746 arnore

2150 773 2409 826 \icerunt.
2465 775 2661 828 Scribit
2716 784 2768 828 et
2818 774 2894 827 eis
2951 775 3037 843 qui
3094 774 3294 841 majore
3347 779 3654 843 perfectione,

2148 861 2304 915 illatis
2359 874 2573 931 propter
2618 866 2836 917 verbum
2890 864 2981 917 Dei
3036 864 3500 932 persecutionibus,
3545 882 3655 921 cnn-

2149 961 2258 1003 ctas
2304 952 2520 1020 maligni
2581 953 2745 1006 hostis
2794 952 3063 1006 machinas
3106 954 3311 1007 fortiter
3358 964 3657 1023 contempse-

2151 1051 2290 1096 runt.

2220 1130 2396 1185 Scriba
2424 1133 2579 1196 vobis,
2606 1133 2839 1202 infantes,
2884 1134 3120 1202 quoniam
3144 1136 3434 1202 ragnovistis
3466 1134 3656 1192 Patrem.

2140 1219 2377 1275 infantes
2408 1224 2535 1275 dicit
2569 1223 3025 1290 humilessttiritn,
3070 1224 3157 1291 qui
3190 1239 3294 1291 quo
3326 1224 3483 1292 magis
3509 1226 3653 1279 humi-

2153 1312 2265 1364 liari
2296 1312 2393 1365 sub
2438 1314 2635 1380 potenti
2688 1329 2842 1367 manu
2878 1315 2966 1367 Dei
3012 1317 3372 1379 consentiunt,
3422 1332 3483 1369 eo
3524 1318 3660 1370 subli-

2154 1403 2287 1452 mius
2316 1404 2621 1455 aeternitatis
2651 1403 2765 1471 ejus
2814 1418 3003 1456 arcana
3051 1414 3397 1472 cognoscunt,
3445 1406 3567 1458 sicut
3606 1408 3659 1460 de

2155 1490 2340 1543 talibus
2368 1493 2687 1547 diciteidem
2738 1494 2875 1548 Patri
2927 1494 3089 1549 Filius
3130 1513 3141 1547 ε
3194 1497 3658 1551 Abscondistilta'ca

2153 1581 2451 1644 sapientibus
2497 1592 2543 1635 et
2590 1586 2952 1652 prudentibus,
3004 1596 3049 1638 et
3099 1585 3329 1639 revelasti
3374 1604 3433 1640 ea
3474 1591 3661 1656 parvulis

2155 1667 2298 1734 (Luc.
2335 1670 2408 1735 χ).

2225 1755 2399 1809 Scriba
2416 1759 2566 1823 vobis,
2599 1769 2783 1829 patres,
2811 1762 3043 1829 quoniam
3067 1762 3365 1831 eagnovistis
3389 1780 3495 1815 eum
3517 1766 3587 1830 qui
3611 1766 3660 1816 ab

2155 1846 2297 1900 initia
2341 1856 2434 1899 est.
2474 1848 2816 1903 Commendat
2861 1850 2959 1904 hoc
3005 1862 3058 1906 et
3107 1852 3338 1920 repetit:
3388 1853 3663 1908 Mementote

2156 1949 2250 1986 vos
2283 1944 2455 2001 patres
2486 1952 2625 1991 esse.
2674 1938 2729 1992 Si
2782 1939 3150 2004 obliviscimini
3179 1958 3298 1996 eum
3349 1944 3434 2012 qui
3462 1945 3522 1998 ab
3546 1945 3665 2000 initio

2156 2030 2255 2085 est,
2290 2024 2507 2091 perditis
2533 2029 2915 2093 paternitatem.

2229 2111 2406 2165 Scriba
2450 2115 2604 2180 vobis,
2645 2119 2876 2185 juvenes,
2900 2119 3017 2186 quia
3045 2121 3196 2185 fortes
3226 2121 3364 2186 estis,
3396 2132 3492 2175 etc.
3528 2122 3658 2176 Etiam

2158 2209 2313 2268 atque
2343 2202 2497 2254 etiam
2528 2204 2855 2258 coxisiderate
2885 2208 3002 2273 quia
3028 2208 3252 2274 juvenes
3283 2210 3429 2275 estis,
3473 2221 3657 2279 pugnate

2160 2294 2215 2339 ut
2243 2287 2481 2352 vincatis,
2541 2290 2733 2345 vincite
2763 2302 2817 2343 ut
2840 2293 3183 2350 coronemiui.
3236 2295 3472 2352 Humiles
3500 2309 3656 2365 estote,

2161 2389 2227 2427 ne
2256 2376 2305 2428 in
2337 2392 2503 2445 pugna
2535 2379 2755 2432 cadatis.

2230 2467 2401 2519 Nolite
2421 2468 2633 2539 diligere
2662 2471 2924 2535 mundum,
2955 2480 3061 2525 etc.
3114 2472 3369 2528 Omnibus
3401 2474 3501 2527 haec
3529 2492 3654 2544 gene-

2166 2557 2347 2608 raliter
2377 2557 2623 2611 Ecclesia:
2658 2559 2773 2611 filiis
2804 2561 3005 2626 scribit,
3042 2571 3095 2614 et
3126 2562 3205 2615 his
3238 2563 3473 2617 videlicet
3498 2567 3570 2633 qui
3591 2582 3657 2631 pa-

2169 2657 2273 2699 tres
2298 2658 2418 2699 sunt
2449 2664 2538 2714 per
2566 2651 2919 2704 maturitatem
2950 2652 3237 2718 prudentiae
3266 2668 3326 2705 ac
3350 2654 3597 2719 doctrina,
3620 2668 3663 2709 et

2164 2738 2263 2790 illis
2310 2738 2395 2804 qui
2438 2738 2663 2792 infantes
2693 2756 2781 2807 per
2810 2741 3141 2795 devotionem
3172 2744 3494 2813 humilitatis,
3532 2750 3660 2801 eteis

2164 2824 2248 2891 qui
2292 2825 2648 2880 adolescentes
2696 2828 2773 2881 vel
2814 2829 3032 2896 juvenes
3064 2840 3275 2898 propter
3301 2833 3492 2887 devicta
3519 2844 3659 2888 tenta-

2167 2914 2368 2971 tionum
2394 2919 2702 2972 certamina.
2751 2920 3006 2973 Omnibus
3053 2921 3133 2973 his
3163 2923 3357 2989 pariter
3403 2924 3590 2975 mandat
3620 2933 3666 2976 ut

2163 3012 2373 3058 utantur
2393 3006 2606 3071 quidem
2635 3008 2733 3060 hoc
2758 3008 2953 3060 mundo
2973 3009 3037 3061 ad
3065 3012 3456 3072 necessitatem,
3486 3011 3564 3064 sed
3584 3026 3666 3063 non

2162 3093 2379 3163 diligant
2424 3096 2488 3148 ad
2519 3096 2777 3149 desideria
2808 3098 3091 3164 supetllua,
3122 3099 3262 3151 sicut
3308 3109 3359 3153 et
3383 3099 3554 3153 Paulus
3577 3102 3664 3154 ait:

2163 3180 2228 3233 Et
2268 3184 2431 3235 carnis
2456 3199 2629 3263 curam
2658 3200 2718 3237 ne
2744 3186 2955 3252 feceritis
2982 3187 3034 3237 in
3065 3187 3322 3240 desideriis
3352 3187 3517 3255 (Rom.
3550 3191 3665 3256 sin).

2232 3274 2291 3330 Si
2317 3279 2426 3345 quis
2455 3279 2616 3347 diligit
2645 3279 2910 3343 mundum,
2947 3287 3050 3331 etc.
3083 3278 3247 3331 Nemo
3274 3280 3370 3332 sibi
3401 3279 3666 3332 mentiatur.

2165 3365 2334 3419 Unum
2367 3382 2457 3419 cor
2484 3368 2618 3421 duos
2653 3378 2754 3420 tant
2811 3369 2911 3421 sibi
2959 3368 3297 3422 adversarios
3345 3383 3540 3422 amores
3581 3384 3669 3422 non

2162 3458 2317 3524 capit.
2366 3457 2514 3511 Unde
2560 3469 2611 3511 et
2644 3459 2895 3511 Dominus
2934 3462 3005 3509 ait
3043 3475 3060 3510 :
3112 3457 3276 3510 Nemo
3309 3469 3461 3525 potest
3505 3459 3671 3511 duobus

2164 3548 2381 3600 dominis
2409 3550 2592 3602 servire
2622 3549 2832 3617 (Matth.
2864 3549 2935 3617 vt)
2962 3566 2975 3612 ;
3008 3560 3060 3601 et
3088 3549 3273 3600 iterum
3304 3567 3315 3600 ε
3359 3548 3471 3601 Non
3495 3550 3668 3617 potestis

2164 3636 2267 3688 Deo
2298 3639 2479 3688 servire
2498 3649 2543 3688 et
2572 3652 2869 3688 mammona:
2896 3636 3106 3703 (lbid.).
3141 3636 3290 3689 Sicut
3315 3638 3448 3688 enim
3475 3638 3672 3689 Charitas

2164 3726 2331 3779 Patris
2363 3726 2475 3777 fans
2503 3736 2586 3778 est
2615 3727 2848 3778 omnium
2882 3736 2933 3779 et
2960 3728 3109 3793 origo
3140 3728 3413 3789 virtutum,
3467 3730 3528 3779 ita
3556 3727 3670 3779 diie-

2164 3819 2264 3869 ctio
2315 3817 2489 3870 mundi
2542 3828 2849 3871 cunctorum
2880 3829 2958 3873 est
2986 3820 3127 3872 radis
3160 3834 3219 3872 ac
3248 3819 3410 3873 fomes
3440 3820 3670 3872 vitiorum.

2168 3906 2312 3960 Unde
2340 3909 2575 3973 sequitur
2606 3925 2616 3957 :

2239 3996 2486 4069 Quoniam
2509 4012 2652 4049 omne
2671 3996 2807 4064 quod
2833 3996 2977 4047 estin
3009 3990 3214 4067 mundoi,
3245 4003 3349 4047 etc.
3380 3994 3533 4048 Omne
3552 3994 3673 4061 quod

2166 4092 2246 4133 est
2293 4084 2341 4133 in
2381 4080 2598 4142 mundo,
2656 4080 2782 4131 dicit
2818 4094 3001 4133 omnes
3054 4083 3139 4149 qui
3190 4090 3368 4134 mente
3415 4082 3673 4133 inhabitant

2169 4170 2439 4230 mundum,
2486 4167 2574 4235 qui
2620 4182 2800 4222 amore
2830 4170 3065 4223 incolunt
3094 4169 3342 4223 mundum
3371 4187 3386 4234 ;
3428 4171 3554 4224 sicut
3580 4184 3672 4225 c0-

2174 4256 2279 4307 lnm
2326 4255 2643 4320 inhabitant,
2693 4256 2780 4324 qui
2806 4258 3202 4312 conversionem
3236 4260 3425 4315 habent
3454 4259 3501 4314 in
3526 4261 3674 4322 ταιῆς,

2168 4359 2389 4412 quorum
2420 4359 2514 4399 cor
2538 4360 2750 4399 sursum
2784 4355 2887 4411 est,
2917 4348 3153 4415 quamvis
3182 4362 3341 4403 carne
3369 4349 3615 4404 ambulent
3636 4346 3677 4401 in

591 4443 773 4497 Scriba
800 4445 955 4510 vobis,
988 4456 1172 4517 patres,
1224 4451 1463 4519 quaniam
1509 4450 1802 4522 cognavistis
1840 4466 1953 4503 eum
1982 4449 2060 4514 qui

2175 4442 2331 4486 terra.
2380 4431 2539 4485 Omne
2566 4449 2685 4503 ergo
2704 4435 2839 4503 quod
2866 4436 2915 4487 in
2942 4436 3124 4489 mundo
3146 4446 3243 4504 est,
3288 4436 3337 4490 id
3384 4447 3475 4501 est,
3521 4449 3677 4488 omnes

524 4533 585 4583 ab
616 4532 760 4584 initia
789 4542 880 4585 est.
916 4534 1095 4589 Patres
1119 4553 1219 4590 non
1268 4549 1443 4603 attate,
1492 4540 1583 4593 sed
1613 4540 1865 4606 sapientia
1905 4538 2070 4603 majo-

521 4631 607 4671 res
636 4634 698 4673 ac
728 4628 959 4675 maturos
986 4625 1231 4690 appellat.
1292 4626 1550 4680 Senectus
1580 4628 1720 4680 enim
1747 4626 2069 4680 venerabilis

520 4718 625 4771 est,
658 4722 759 4761 non
789 4710 1032 4764 diuturna
1080 4726 1246 4780 neque
1289 4726 1544 4767 annorum
1582 4728 1803 4769 numero
1851 4730 2069 4781 compu-

521 4801 648 4847 tata.
679 4794 804 4848 Cani
832 4808 944 4851 sunt
970 4808 1136 4852 autem
1162 4815 1332 4854 sensus
1362 4802 1599 4865 hominis,
1626 4813 1672 4854 et
1701 4813 1822 4855 tetas
1850 4815 2071 4855 senectu-

519 4882 581 4931 tis
608 4882 707 4933 vita
729 4883 1048 4937 immaculata
1074 4888 1228 4957 (Sap.
1254 4890 1349 4957 tv).
1383 4889 1593 4944 Patrum
1616 4906 1840 4960 namque
1869 4902 1951 4946 est
1979 4908 2069 4944 an-

521 4969 664 5034 tiqua
695 4971 1021 5036 meminisse,
1052 4987 1113 5027 ac
1140 4990 1318 5041 nosse,
1372 4987 1426 5031 et
1467 4978 1579 5032 haec
1623 4980 1907 5033 minoribus
1940 4995 2072 5048 pan-

520 5058 666 5111 dere.
702 5061 852 5117 Unde
880 5064 1130 5129 scriptum
1164 5075 1279 5119 est:
1314 5067 1581 5139 Interroga
1631 5082 1800 5137 patres
1843 5080 1973 5135 tuas,
2029 5080 2075 5123 et

523 5151 889 5204 annuntiabunt
918 5154 1004 5205 tibi
1036 5153 1205 5222 (Deut.
1240 5156 1429 5226 xxxn).
1464 5159 1524 5210 Et
1552 5158 1671 5213 ideo
1701 5171 1846 5213 recte
1896 5169 2074 5227 patres

525 5237 748 5301 appellat
774 5254 865 5292 eos
893 5242 980 5309 qui
1030 5257 1148 5296 eum
1180 5245 1267 5313 qui
1317 5246 1383 5299 ab
1429 5245 1579 5298 initio
1624 5256 1725 5309 est,
1776 5249 1827 5299 id
1856 5259 1935 5300 est
1971 5250 2072 5301 Do-

529 5326 727 5377 minum
765 5328 941 5383 Jesum
968 5331 1251 5399 Christum,
1300 5348 1402 5387 una
1451 5349 1568 5388 cum
1600 5335 1753 5387 Patre
1793 5342 1845 5387 et
1873 5335 2066 5399 Spiritu

532 5423 713 5465 sancto
743 5430 928 5483 nosse,
978 5430 1029 5475 et
1055 5424 1165 5477 suis
1195 5424 1520 5477 auditoribus
1546 5423 1770 5477 ﬁdeliter
1798 5423 2080 5490 praedicare

536 5500 846 5557 didicerunt.

602 5593 776 5648 Scriba
806 5601 968 5667 vobis,
1016 5606 1383 5669 adolescentes,
1427 5607 1660 5671 quoniam
1705 5606 1887 5658 vicistis
1939 5606 2079 5656 moli-

529 5701 702 5755 gnnm.
761 5688 1136 5747 Adolescentia:
1188 5703 1393 5761 tempus
1426 5703 1636 5761 propter
1667 5695 1926 5749 incentiva
1959 5709 2073 5747 car-

2170 4520 2345 4573 mundi
2374 4522 2653 4574 dilectores
2684 4536 2787 4574 non
2821 4522 3048 4588 habent,
3105 4524 3204 4577 nisi
3235 4524 3673 4590 concupiscentiam

2169 4612 2364 4678 carnis,
2392 4622 2445 4662 et
2474 4611 2956 4676 concupiscentiam
2986 4610 3259 4663 oculorum
3281 4651 3296 4677 ,
3330 4620 3383 4664 et
3412 4610 3674 4679 superbiam

2173 4701 2311 4752 vitae.
2363 4700 2453 4752 llis
2481 4700 2673 4766 quippe
2701 4699 2945 4752 vitiorum
2976 4698 3244 4763 vocabulis
3268 4700 3441 4753 omnia
3466 4698 3677 4751 vitiorum

2171 4803 2361 4858 genera
2390 4788 2811 4857 comprehendit.
2859 4788 3266 4858 Cancupiscentia
3298 4804 3513 4859 namque
3538 4788 3679 4843 carnis

2174 4890 2253 4933 est
2282 4893 2435 4933 omne
2482 4880 2618 4948 quod
2668 4880 2731 4934 ad
2770 4881 3089 4949 voluptatem
3134 4888 3188 4933 et
3229 4879 3442 4933 delicias
3478 4876 3680 4946 corporis

2174 4971 2439 5038 pertinet:
2473 4972 2525 5023 in
2553 4970 2741 5039 quibus
2765 4973 2991 5025 maxima
3021 4977 3163 5031 sunt,
3212 4968 3379 5035 cibus,
3434 4979 3597 5037 potus,
3642 4975 3683 5018 et

2175 5058 2478 5121 concubitus
2503 5076 2516 5111 :
2544 5060 2611 5115 de
2629 5060 2818 5128 quibus
2840 5059 3087 5112 Salomon
3112 5059 3185 5112 ait
3210 5076 3222 5110 ε
3248 5058 3571 5129 Sang-ungi:
3594 5057 3684 5107 du

2177 5159 2291 5201 sunt
2320 5151 2440 5215 filia:
2462 5151 2675 5203 dicentes
2715 5149 2877 5214 A/fer,
2918 5149 3045 5215 affer
3070 5148 3249 5219 (Prov.
3286 5151 3439 5225 xu).
3469 5146 3685 5211 Concupi-

2176 5238 2362 5291 scentia
2393 5240 2655 5291 oculorum
2680 5247 2761 5291 est
2791 5238 2959 5289 omnis
3004 5239 3280 5291 curiositas
3317 5252 3434 5304 quae
3474 5236 3530 5288 ﬁt
3556 5238 3602 5290 in
3625 5235 3689 5286 di-

2178 5328 2381 5380 scendis
2403 5329 2600 5384 artibus
2632 5325 2869 5389 nefariis,
2919 5327 2968 5378 in
2999 5326 3419 5393 contemplandis
3450 5338 3684 5394 spectacu-

2181 5417 2243 5469 lis
2271 5417 2503 5484 turpibus
2537 5417 2620 5471 vel
2673 5430 3029 5483 supervacuis,
3078 5418 3129 5470 ln
3173 5416 3514 5485 acquirendis
3565 5415 3686 5467 rebus

2184 5508 2573 5573 temporalibus,
2622 5507 2671 5559 in
2705 5506 3077 5574 dignoscendis
3129 5506 3292 5559 etiam
3346 5504 3684 5573 carpendisqmt

2186 5598 2318 5650 vitiis
2349 5598 2722 5663 proximarum.
2775 5597 3027 5664 Superbia
3054 5598 3162 5649 vim:
3191 5606 3279 5662 est,
3333 5610 3453 5648 cum
3490 5609 3546 5648 se
3569 5590 3683 5660 quis-

2186 5707 2283 5760 que
2310 5691 2471 5759 jztctat
2498 5691 2546 5741 in
2581 5688 2883 5743 honoribus.
2934 5688 3032 5742 Per
3061 5688 3172 5742 Ιιιιε
3218 5689 3316 5743 tria
3348 5694 3547 5743 tantum
3574 5677 3683 5746 Cupi-
