3860 6230
243 398 314 453 93
1363 401 1426 457 ΙΝ
1464 403 1482 457 ι
1521 402 1895 459 EPISTULA)!
1933 405 1988 460 S.
2028 406 2323 464 JOANNIS.
3361 414 3429 471 94

241 512 378 565 ditas
406 513 630 565 humans
674 518 921 564 tentatur.
973 509 1070 566 l‘er
1108 510 1220 564 hac
1249 511 1412 565 Adam
1445 521 1674 566 tentatus
1702 521 1781 566 est
1813 517 1857 571 A
1889 513 1937 566 in
1960 530 2117 569 carne
2146 517 2430 572 Satvatoris
2461 518 2683 585 futurus,
2712 529 2762 576 et
2789 532 3030 579 secutura
3076 526 3236 592 pestis
3267 527 3422 579 Auti-

238 615 293 655 et
322 606 510 656 victus.
543 603 640 656 i’er
677 602 1170 669 concupiscentiam,
1201 601 1418 665 scilicet,
1448 603 1636 664 carnis,
1667 615 1786 654 cum
1841 660 1846 665 ,
1883 604 2085 670 cltristi,
2131 609 2218 674 qui
2269 611 2527 673 praeconia
2576 611 2760 664 salutis
2804 613 3149 681 impugnaret,
3192 616 3422 684 prophe-

240 693 408 745 ltostis
433 691 606 743 cibum
636 691 756 761 ligni
791 692 1006 744 vetitum
1036 690 1284 754 ostendit,
1338 705 1564 757 eumque
1596 693 1661 744 ad
1697 707 1786 744 co-
1883 699 2052 746 tarum
2087 696 2338 762 prtesagio
2361 697 2562 766 signata
2592 699 2872 754 est.-Unde
2895 704 3130 769 sequitur
3156 722 3167 754 :

239 783 556 836 medendum
586 783 770 836 suasit.
831 781 929 834 Per
975 782 1449 847 concupiscentiam
1486 772 1781 845 oculorum,

236 891 359 928 cum
391 876 589 929 diceret
615 893 626 925 :
661 873 882 928 Scienles
911 874 1092 926 bonum
1119 882 1166 925 et
1189 873 1396 937 malum,
1424 882 1470 924 et
1496 889 1537 939 al
1563 873 1784 925 erientur

237 964 376 1015 oculi
405 964 550 1015 uestri
586 961 734 1030 (Cen.
767 963 864 1028 ιιι).
916 961 1012 1016 Per
1041 962 1337 1030 superbiam
1367 963 1508 1026 vitae,
1554 977 1670 1014 cum
1702 961 1780 1014 di-

235 1064 419 1110 ceret:
455 1055 608 1108 Eritis
636 1056 763 1108 sicut
793 1054 864 1106 dii
897 1053 1101 1122 (Ibid).
1153 1054 1250 1108 Per
1287 1054 1399 1105 bzec
1429 1061 1656 1106 tentatus
1699 1059 1781 1105 est

232 1143 499 1209 Christus,
551 1155 603 1198 et
634 1143 778 1196 vicit.
827 1143 925 1198 Per
953 1141 1425 1212 concupiscentiam
1476 1141 1670 1201 carnis.
1725 1140 1776 1193 id

229 1243 333 1299 est,
361 1233 562 1297 cibum,
593 1233 678 1286 ubi
706 1232 1036 1300 suggeritur:
1085 1231 1174 1283 Bic
1201 1239 1254 1283 ut
1296 1229 1486 1298 lapides
1514 1229 1598 1281 is'i
1627 1244 1777 1297 panes

229 1324 358 1390 ﬁant
391 1322 598 1391 (Matth.
629 1322 722 1389 Iv).
771 1323 868 1376 Per
894 1322 1372 1387 conettpisccntiam
1401 1319 1696 1379 oculorum,
1725 1316 1775 1370 id

226 1425 333 1477 est,
367 1414 746 1474 curiositatem,
775 1410 860 1463 ubi
890 1410 954 1464 de
986 1412 1136 1477 pinna
1174 1409 1348 1475 templi
1381 1410 1690 1461 admonetur
1720 1416 1778 1460 ut

226 1517 288 1556 se
315 1505 564 1555 deorsum
593 1502 785 1566 mittat,
832 1499 1066 1554 tentandi
1109 1500 1294 1567 gratia,
1325 1508 1496 1550 tttrum
1526 1501 1590 1551 ab
1620 1511 1777 1562 ange-

226 1592 292 1644 lis
315 1591 651 1658 suscipiatur.
705 1590 801 1643 Per
827 1591 1127 1658 superbiam
1160 1590 1299 1652 vitae,
1353 1589 1400 1638 id
1432 1596 1533 1651 est,
1567 1588 1773 1640 inanem

225 1681 539 1749 iactantiam
568 1723 583 1746 ,
647 1681 734 1734 ubi
781 1681 831 1733 in
875 1689 1052 1734 monte
1095 1679 1382 1733 constituto
1430 1677 1777 1730 ostenduntur

223 1773 403 1825 omnia
437 1786 596 1840 regna
628 1780 778 1824 terra:
813 1769 1001 1837 hujus,
1052 1777 1106 1823 et
1133 1769 1529 1838 promittuntur,
1576 1770 1618 1820 si
1643 1769 1772 1820 ado-

222 1861 444 1913 raverit.

296 1953 424 2017 Qua:
445 1967 543 2004 non
573 1960 646 2005 est
671 1967 731 2005 ea:
759 1949 931 2012 Patre,
963 1949 1048 2002 sed
1076 1963 1137 2001 ex
1168 1947 1355 2001 mundo
1397 1955 1495 1999 est.
1532 1945 1644 1999 Non
1689 1954 1770 2000 est

222 2057 393 2108 pugna
423 2043 668 2093 vitiorum
701 2043 853 2094 nobis
881 2055 944 2093 ex
976 2039 1080 2092 Deo
1109 2039 1260 2110 Patre
1292 2045 1348 2092 et
1369 2037 1648 2090 Conditore
1678 2053 1767 2091 na-

221 2132 462 2184 turaliter
495 2131 708 2197 inserta,
739 2131 829 2184 sed
862 2145 923 2184 ex
955 2129 1135 2183 tnundi
1176 2127 1330 2194 hujus
1356 2143 1558 2190 amore,
1612 2143 1765 2195 quem

216 2219 458 2272 Creatori
494 2221 835 2287 prmtulimus,
893 2219 1040 2274 nobis
1066 2218 1318 2272 accidisse
1351 2219 1620 2286 probatur.
1664 2216 1763 2270 Fe-

217 2309 292 2358 cit
324 2307 467 2359 enim
503 2308 638 2359 Deus
684 2307 924 2361 homines
956 2317 1150 2368 rectos,
1204 2316 1258 2360 et
1308 2306 1404 2373 ipsi
1434 2321 1494 2360 se
1540 2307 1765 2360 mi~cue~

219 2408 334 2447 runt
399 2396 616 2449 inﬁnitis
665 2396 1067 2464 qtunstinnibus,
1122 2405 1176 2449 ut
1225 2395 1472 2450 Salomon
1523 2406 1760 2449 testatur.

219 2483 374 2536 Unde
403 2494 456 2538 et
483 2484 707 2538 Iacobus
733 2486 802 2537 ait
827 2502 839 2536 :
875 2484 1053 2549 Nemo,
1085 2500 1198 2536 cum
1221 2494 1456 2548 tentatur,
1488 2486 1620 2537 dicat
1637 2502 1763 2553 quo-

215 2576 354 2624 niam
396 2591 426 2626 a
465 2573 568 2626 Deo
608 2583 845 2630 tentatur.
883 2571 1012 2628 Deus
1052 2575 1182 2627 enim
1230 2577 1500 2627 inteutator
1521 2579 1764 2628 malorum

213 2677 282 2718 est
308 2681 328 2726 ;
362 2670 466 2733 ipse
486 2669 615 2717 enim
643 2668 887 2720 neminem
913 2675 1064 2719 tentat
1111 2664 1247 2735 (Jac.
1293 2671 1351 2733 t).
1403 2665 1764 2732 Unusquisque

213 2769 342 2808 vero
371 2764 604 2810 tentatur
628 2770 657 2809 a
685 2756 1104 2824 concupiscentia
1155 2770 1249 2809 sua
1299 2755 1594 2809 abstractus
1618 2766 1670 2808 et
1701 2755 1759 2808 il-

212 2847 410 2900 laetus.

287 2934 352 2986 Et
384 2933 601 2988 mundus
641 2935 892 3000 transibit,
943 2945 990 2989 et
1036 2926 1432 3003 concupiscentia
1462 2938 1601 3006 ejus,
1650 2947 1758 2990 etc.

212 3021 441 3076 Mundus
471 3023 735 3088 transibit,
775 3039 892 3078 cum
920 3025 970 3078 in
1001 3025 1085 3077 die
1128 3023 1310 3092 jodicii
1341 3040 1434 3091 per
1483 3025 1652 3093 ignem
1707 3024 1756 3076 in

213 3111 494 3163 meliorem
525 3113 808 3166 mutabitur
837 3114 1074 3181 liguram,
1107 3122 1162 3168 ut
1187 3113 1256 3166 sit
1277 3115 1465 3168 cmlum
1497 3130 1685 3168 novum
1708 3125 1756 3168 et

211 3211 351 3254 terra
383 3215 537 3254 nova.
592 3200 856 3254 Transibit
885 3211 939 3255 et
984 3202 1399 3268 concupiscentia
1451 3201 1584 3265 ejus,
1634 3205 1757 3269 quia

211 3302 424 3359 tempus
456 3293 718 3360 patranda:
748 3292 990 3356 luxuriae,
1020 3291 1102 3346 vel
1132 3292 1352 3361 alicujus
1374 3295 1595 3360 peccati,
1625 3292 1759 3347 ultra

210 3397 320 3435 non
352 3384 473 3435 erit.
510 3381 574 3434 In
599 3381 688 3434 illa
716 3383 845 3434 enim
869 3383 951 3434 die
973 3385 1202 3449 peribunt
1229 3398 1399 3435 omnes
1444 3384 1760 3452 cOgitalioues

209 3490 388 3527 earum
413 3471 584 3537 (Psal.
623 3475 803 3540 θην),
853 3472 940 3525 ille
974 3474 1152 3540 utique
1197 3472 1385 3540 quibus
1414 3487 1533 3538 erga
1582 3473 1758 3526 mundi

212 3564 374 3630 hujus
403 3562 667 3618 desideria
696 3561 1037 3616 intendebant
1061 3579 1075 3626 ;
1129 3564 1216 3630 qui
1245 3575 1420 3616 autem
1460 3561 1641 3617 fecerit
1671 3579 1759 3615 vo-

214 3655 476 3707 luutatcm
544 3651 784 3720 Domini,
846 3667 1174 3720 nequaquam
1239 3653 1354 3720 ejus
1415 3652 1759 3722 cogitationes

212 3743 416 3795 nmndo
464 3749 764 3795 transeunte
812 3750 1070 3808 pereunt,
1120 3742 1213 3796 sed
1257 3741 1380 3810 quia
1426 3743 1658 3796 cmlestia
1707 3752 1760 3796 et

211 3844 413 3888 :eterna
462 3830 813 3897 desiderabat,
863 3831 1211 3885 immutabiles
1256 3831 1308 3884 in
1358 3841 1610 3900 perpetuo
1651 3849 1759 3886 ma-

212 3933 364 3989 nent,
395 3925 516 3993 quia
547 3923 754 3990 praemia
782 3935 1010 3988 superna
1056 3935 1173 3990 quae
1198 3922 1534 3990 concupierat
1564 3936 1756 3974 conse-

208 4025 425 4084 quetur.
458 4012 604 4068 Unde
636 4021 689 4066 et
721 4012 970 4066 Dominus
998 4011 1062 4066 de
1093 4010 1284 4066 femina
1317 4012 1525 4074 devota,
1567 4012 1672 4065 imo
1693 4012 1758 4066 de

213 4117 537 4173 unaquaque
584 4103 759 4156 anima
807 4115 924 4170 quae
972 4101 1291 4154 voluntatem
1331 4115 1482 4153 suam
1529 4100 1758 4167 perfecte

208 4202 398 4248 secuta
446 4191 642 4256 fuerit,
681 4191 792 4243 ait:
861 4188 1032 4242 Maria
1079 4191 1314 4258 optimam
1359 4199 1546 4257 partem
1590 4191 1758 4258 elegit,

206 4297 322 4350 qui:
343 4297 445 4332 non
470 4280 725 4348 auferetur
749 4277 811 4330 ab
839 4293 896 4330 ea
925 4276 1074 4346 (Luc.
1111 4277 1190 4344 ι).
1242 4277 1339 4343 Qui
1370 4293 1493 4346 ergo
1524 4279 1574 4331 in
1606 4289 1760 4331 aeter-

211 4385 340 4426 num
367 4384 584 4423 manere
612 4370 952 4422 inconcussus
987 4365 1296 4434 quietusque
1322 4367 1667 4434 concupiscit,
1695 4381 1756 4419 ea

177 4476 329 4530 qua
357 4460 582 4514 transire
614 4457 852 4512 nesciunt
895 4457 1276 4522 amplectatur,
1332 4455 1446 4524 ejus
1471 4455 1560 4524 qui
1606 4465 1758 4510 atter-

209 4567 315 4608 nus
340 4561 443 4618 est,
488 4550 578 4604 Dei
602 4549 916 4603 voluntatem
941 4554 1207 4615 sequatur.

290 4644 466 4696 Filioti
492 4644 606 4706 ntei,
629 4641 893 4695 notissima
918 4633 1042 4693 liora
1061 4647 1152 4692 est.
1180 4637 1526 4691 Novissimam
1551 4637 1754 4703 horam,

211 4732 562 4788 novissimum
594 4731 773 4784 saeculi
799 4739 1023 4798 tempus,
1053 4727 1192 4795 quod
1224 4742 1362 4780 nunc
1387 4727 1575 4795 agitur,
1609 4725 1756 4792 dicit,

210 4824 365 4894 juxta
396 4822 538 4876 illam
571 4820 778 4875 Domini
826 4819 1151 4887 parabolam,
1194 4818 1279 4872 ubi
1309 4819 1579 4885 operarios
1605 4819 1654 4879 in
1684 4818 1758 4868 vi-

213 4929 368 4970 neam
412 4927 440 4965 a
470 4914 637 4980 prima
666 4913 814 4975 hora,
855 4925 884 4964 a
917 4910 1088 4972 tertia,
1119 4922 1147 4962 a
1175 4919 1343 4972 sexta,
1373 4923 1402 4961 a
1432 4923 1565 4962 nona
1594 4919 1649 4962 et
1691 4909 1758 4962 ab

213 5003 522 5068 undecima,
555 5015 733 5056 narrat
758 5016 877 5057 esse
914 5001 1220 5056 conductos.
1268 5001 1310 5053 A
1340 4999 1503 5066 prima
1536 5014 1757 5067 namque

215 5098 346 5146 hora
397 5091 603 5144 vineam
643 5089 849 5142 Domini
899 5088 1234 5152 excolebant,
1286 5087 1371 5154 qui
1411 5101 1439 5138 a
1472 5079 1757 5154 p'rimordio

215 5182 396 5236 surculi
428 5181 510 5236 vel
533 5179 792 5242 docendo,
823 5179 903 5233 vel
933 5188 1073 5233 recte
1095 5177 1337 5240 vivendo,
1383 5178 1461 5229 sui
1493 5177 1756 5230 Creatoris

219 5271 474 5325 voluntati
504 5267 815 5323 serviebant.
843 5268 922 5320 Ab
954 5268 1082 5320 hora
1115 5269 1287 5329 tertia,
1321 5265 1406 5330 qui
1457 5278 1485 5314 a
1515 5268 1758 5330 tempori-

219 5362 316 5412 bus
347 5361 480 5413 Noe.
525 5359 606 5413 Ab
655 5359 780 5411 hora
803 5366 972 5418 sexta,
1021 5358 1107 5423 qui
1156 5374 1183 5409 a
1226 5354 1547 5421 temporibus
1595 5356 1759 5408 Abra-

223 5453 363 5502 ham.
417 5451 498 5503 Ab
526 5453 652 5504 hora
682 5463 837 5516 nona,
881 5447 967 5514 qui
1020 5462 1048 5498 a
1079 5447 1402 5514 temporibus
1427 5445 1554 5512 legis
1601 5446 1756 5499 datae.

229 5544 302 5594 Ah
327 5539 454 5590 hora
487 5541 786 5605 undecima,
828 5540 913 5605 qui
962 5552 991 5588 a
1019 5539 1342 5604 temporibus
1370 5538 1643 5591 dominicae
1675 5537 1758 5590 ln-

224 5627 543 5689 carnationis
569 5644 735 5696 usque
759 5629 822 5680 ad
851 5629 1002 5682 linem
1025 5627 1222 5690 swculi,
1265 5627 1571 5682 cmlestiltus
1597 5626 1761 5681 famu-

231 5717 693 5786 lanturitupcriis:
738 5717 790 5772 in
819 5733 915 5787 qua
961 5715 1198 5772 videlicet
1221 5718 1368 5784 liora,
1420 5725 1469 5770 ct
1509 5715 1766 5772 adventus

1782 3164 1830 3226 (Ξ

1783 4501 1837 4561 D

1953 783 2017 835 Et
2046 785 2170 836 sicut
2196 786 2420 847 audistis,
2464 789 2578 855 quia
2605 790 2934 842 Antichrislus
2961 793 3106 854 venit,
3139 801 3240 845 etc.
3271 793 3416 845 Anti-

1880 872 2107 926 christos
2135 875 2261 927 dicit
2292 875 2600 939 ltmreticos;
2645 879 2736 931 sed
2759 889 2814 932 et
2847 879 2920 932 illi
2951 881 3035 944 qui
3064 882 3216 933 tidem
3241 882 3416 934 catho-

1881 963 2031 1017 licam
2055 980 2208 1031 quam
2238 967 2572 1032 confitentur,
2606 971 2865 1036 perversis
2891 969 3093 1022 actibus
3123 971 3418 1038 destruunt,

1880 1052 2207 1119 Antichristi,
2240 1055 2290 1108 id
2319 1064 2418 1116 est,
2448 1054 2656 1110 Christo
2686 1059 2952 1123 contrarii,
2977 1057 3096 1126 jure
3124 1070 3378 1112 vocantur
3404 1076 3418 1122 ;

1877 1144 1970 1212 qui
2008 1161 2192 1198 omnes
2224 1148 2451 1200 maximo
2496 1147 2568 1203 illi
2599 1149 2923 1202 Antichristo
2975 1150 3022 1201 in
3058 1149 3212 1202 linem
3242 1150 3418 1202 saeculi

1878 1248 2142 1302 venturo.
2207 1241 2351 1307 quasi
2405 1256 2501 1293 suo
2550 1241 2706 1309 capiti
2765 1240 3118 1294 testimonium
3173 1242 3415 1292 reddunt.

1879 1327 2028 1384 Unde
2058 1337 2108 1381 et
2136 1328 2324 1382 Paulus
2353 1328 2418 1381 de
2467 1329 2553 1381 illo
2580 1329 2652 1382 ait
2698 1331 2815 1396 quia
2843 1330 3129 1398 mysterium
3151 1331 3261 1397 jam
3292 1345 3414 1397 ape-

1875 1430 2020 1471 ratur
2043 1420 2316 1488 iniquitatis
2346 1419 2392 1488 (1
2404 1419 2427 1471 Ι
2461 1419 2632 1474 Thess.
2659 1421 2737 1487 ιι).

1948 1507 2092 1562 Unde
2109 1511 2287 1562 scimus
2317 1512 2435 1577 quia
2464 1511 2728 1564 novissima
2755 1511 2880 1563 Itora
2909 1519 3000 1564 est.
3051 1510 3242 1564 Unde?
3309 1511 3418 1576 )uia

1875 1596 2179 1651 Antichristi
2210 1599 2354 1650 multi
2389 1600 2506 1652 facti
2550 1609 2691 1652 sunt.
2748 1599 2923 1651 Potest
2953 1608 3124 1651 autem
3152 1609 3205 1652 et
3234 1600 3310 1653 sic
3341 1600 3420 1652 in-

1877 1682 2058 1753 telligi,
2105 1687 2240 1754 quod
2279 1688 2370 1750 ait,
2391 1687 2500 1754 jam
2525 1697 2647 1741 tunc
2669 1688 3003 1741 novissimam
3027 1686 3187 1741 fuisse
3213 1689 3416 1754 horam,

1877 1777 1997 1844 quia
2031 1779 2324 1844 persecutio
2372 1776 2511 1830 illius
2559 1776 2828 1843 temporis,
2879 1793 2994 1844 qua:
3041 1777 3108 1830 ab
3159 1777 3416 1830 haereticis

1798 1845 1844 1903 Β
1873 1868 2233 1935 ingerebatur,
2265 1881 2504 1935 magnam
2531 1868 2928 1921 simildudiuem
2955 1867 3196 1921 habuerit
3220 1868 3415 1920 ultima:

1867 1957 2010 2011 illius
2041 1958 2440 2024 pera-coturnis,
2490 1971 2606 2026 qua:
2633 1959 2936 2012 imminente
2962 1959 3046 2012 die
3071 1959 3256 2026 judicii
3290 1973 3416 2008 νιιηο

1871 2057 1983 2100 tura
2014 2056 2116 2111 est,
2165 2046 2407 2115 quamvis
2449 2047 2560 2101 haec
2612 2047 2802 2116 linguis
2830 2056 3031 2101 tantum
3077 2049 3286 2101 vesanis
3318 2048 3414 2100 Ec-

1867 2136 2080 2190 clesium
2112 2137 2398 2198 vexaverit,
2443 2135 2528 2187 illa
2555 2136 2711 2188 etiam
2746 2136 2929 2203 gladiis
2958 2135 3026 2189 sit
3051 2143 3298 2189 vexatura
3334 2135 3410 2188 fe-

1866 2225 2094 2280 rocibus.

1938 2315 2020 2369 Ex
2048 2316 2186 2368 nobis
2214 2316 2460 2380 exierunt,
2493 2315 2578 2368 sed
2600 2331 2697 2366 non
2719 2324 2860 2367 erant
2886 2330 2948 2368 ea:
2974 2313 3130 2367 nobis.
3161 2313 3416 2381 Plaugen-

1865 2407 1988 2458 dum
2020 2405 2292 2458 videbatur
2322 2415 2378 2457 ut
2404 2405 2674 2465 damnum,
2706 2418 2823 2455 cum
2845 2404 3147 2455 audiremus
3174 2420 3187 2454 :
3222 2401 3301 2454 Εε
3332 2419 3414 2453 no-

1867 2496 1939 2547 bis
1979 2496 2241 2557 exierunt;
2288 2497 2380 2548 sed
2415 2510 2536 2547 mox
2582 2495 2872 2548 consolatio
2911 2493 3256 2555 subinlertur,
3288 2508 3409 2544 cum

1865 2586 2106 2636 subditur
2130 2601 2140 2634 :
2164 2627 2170 2634 .
2193 2585 2295 2638 Sed
2317 2599 2414 2637 non
2444 2593 2584 2636 erant
2614 2600 2676 2636 ex
2711 2583 2867 2635 nobis.
2898 2584 3112 2634 Censuit
3138 2581 3275 2632 enim
3303 2597 3405 2632 non

1867 2688 2018 2741 posse
2049 2674 2194 2726 exire
2241 2673 2382 2725 t'oras
2431 2671 2527 2724 nisi
2570 2672 2944 2734 Antichrisms,
2991 2684 3083 2722 eos
3113 2677 3285 2720 autem
3316 2669 3404 2732 qui

1868 2777 1970 2816 non
1994 2772 2116 2815 sunt
2161 2762 2371 2815 Christo
2399 2762 2667 2825 eotttrarii,
2713 2761 2850 2813 foras
2899 2761 3047 2812 exire
3075 2759 3220 2811 nullo
3249 2758 3403 2810 modo

1866 2866 2060 2919 posse;
2088 2851 2181 2918 qui.
2203 2851 2340 2903 enim
2373 2865 2473 2903 non
2513 2862 2592 2903 est
2618 2849 2827 2902 Christo
2855 2849 3170 2912 contrarius,
3204 2849 3252 2900 in
3282 2861 3401 2900 cor-

1870 2955 1998 3007 pore
2031 2940 2194 3004 ipsius
2218 2939 2402 2991 haeret.
2436 2939 2536 2991 Sed
2561 2949 2680 2990 sunt
2703 2939 2786 3006 qui
2815 2936 2951 2988 intus
2977 2936 3053 2989 sic
3083 2946 3203 2988 sunt
3225 2936 3276 2986 in
3300 2949 3410 2986 cor-

1867 3044 1994 3097 pore
2024 3028 2250 3088 Domini,
2295 3027 2716 3092 quandoquidem
2759 3025 2928 3077 adlmc
2976 3035 3188 3077 curatur
3217 3037 3404 3089 Corpus

1867 3121 2051 3189 ipsius,
2102 3131 2153 3174 et
2183 3120 2378 3172 sanitas
2408 3115 2632 3186 perfecta
2683 3133 2782 3169 non
2809 3117 2909 3169 erit
2939 3116 3038 3167 nisi
3086 3115 3134 3166 in
3167 3130 3401 3166 resurre-

1865 3212 2038 3262 ctione
2070 3219 2416 3262 moi'tuorum.
2452 3209 2538 3261 Sic
2565 3220 2685 3260 sunt
2709 3205 2760 3259 itt
2784 3220 3003 3272 corpore
3029 3204 3245 3262 Christi,
3274 3218 3402 3269 quo-

1866 3302 2021 3353 modo
2055 3300 2300 3354 humores
2330 3299 2448 3350 ntali
2475 3314 2489 3360 ;
2542 3298 2751 3364 quando
2781 3305 3112 3359 evomuutur,
3163 3307 3283 3347 tunc
3314 3309 3398 3346 re-

1865 3391 2074 3444 levatur
2120 3403 2327 3456 corpus.
2377 3387 2462 3441 Sic
2497 3396 2550 3440 et
2595 3385 2717 3437 mali
2765 3385 2972 3452 quando
3013 3393 3221 3445 exeunt,
3278 3390 3401 3433 tunc

1867 3483 2098 3547 Ecclesia
2142 3484 2419 3536 relevatur.
2468 3478 2548 3532 Ea:
2575 3477 2714 3530 nobis
2761 3478 3016 3539 exierunt,
3063 3474 3248 3538 inquit,
3295 3475 3406 3536 sed,

1865 3571 2025 3625 nol.te
2056 3573 2230 3624 tristes
2259 3585 2398 3636 esse,
2447 3583 2544 3620 non
2573 3577 2714 3620 erant
2760 3582 2824 3619 ea:
2871 3565 3030 3617 nobis.
3083 3563 3228 3618 Unde
3278 3577 3402 3629 pro-

1862 3662 1953 3717 bas
1973 3663 1996 3714 ἲ

1936 3750 2072 3804 Nam
2098 3751 2140 3802 si
2167 3749 2376 3820 fuissent
2403 3765 2465 3801 ex
2503 3747 2665 3810 nobis,
2705 3744 3086 3812 permnnsissent
3117 3742 3281 3809 utique
3315 3757 3403 3792 no-

1864 3841 2075 3893 biscum.
2123 3839 2255 3892 llinc
2303 3852 2429 3904 ergo
2474 3835 2759 3889 videndum
2805 3834 2924 3900 quia
2974 3830 3120 3883 multi
3166 3832 3249 3897 qui
3301 3842 3401 3879 non

1860 3936 1982 3981 sunt
2006 3942 2068 3980 ex
2095 3927 2244 3978 ιιοὺιε
2267 3926 2526 3992 accipiunt
2548 3925 2818 3978 nobiscum
2843 3930 3167 3975 sacramenta
3184 3919 3402 3972 Christi.

1863 4017 1966 4070 Sed
1997 4015 2216 4067 tcntatio
2261 4015 2450 4083 probat
2486 4014 2604 4080 quia
2647 4025 2748 4063 non
2792 4017 2914 4063 sunt
2953 4024 3015 4062 es
3061 4009 3230 4070 nobis,
3278 4008 3400 4072 quia

1862 4125 1978 4163 cum
2025 4107 2127 4159 illis
2156 4107 2373 4159 tcntatio
2399 4103 2620 4165 venerit,
2653 4101 2794 4153 velut
2837 4099 3112 4152 occasione
3141 4097 3278 4148 venti
3311 4111 3404 4148 vo-

1865 4200 1974 4252 lant
2001 4199 2164 4262 foras,
2195 4199 2312 4266 quia
2340 4209 2501 4262 grana
2532 4207 2635 4246 non
2661 4199 2829 4244 erant.
2853 4190 3052 4241 Omnes
3079 4199 3250 4239 autem
3276 4196 3400 4238 tunc

1863 4288 2137 4350 volabunt,
2179 4300 2296 4338 cum
2327 4298 2446 4335 area
2498 4281 2762 4333 Dutninica
2809 4277 3029 4344 cmperit
3075 4275 3311 4326 ventilari
3346 4275 3397 4326 in

1861 4373 1950 4426 die
1971 4372 2174 4439 judicii.
2206 4370 2260 4424 Si
2290 4371 2375 4436 qui
2405 4383 2529 4421 sane
2572 4368 2809 4420 exierunt
2846 4363 3130 4432 peccando,
3161 4361 3250 4415 sed
3292 4377 3400 4427 pa:-

1870 4459 2088 4514 nitendo
2114 4459 2353 4521 redeunt,
2386 4455 2436 4508 hi
2469 4470 2568 4508 non
2597 4454 2921 4516 Antichristi,
2973 4452 3066 4505 sed
3099 4451 3150 4504 in
3189 4450 3398 4502 Christo

1863 4565 1982 4606 esse
2013 4549 2320 4617 probantur,
2365 4547 2407 4600 si
2438 4546 2556 4600 illos
2595 4544 2711 4598 linis
2751 4543 2871 4596 vita:
2914 4541 3187 4610 praesentis
3217 4539 3266 4590 in
3302 4538 3400 4589 Ec-

1861 4641 2023 4695 clesia
2053 4647 2325 4692 manentes
2355 4637 2634 4689 invenerit.

1931 4729 2032 4782 Sed
2056 4739 2107 4778 ut
2133 4727 2383 4792 manifesti
2414 4728 2510 4776 sint
2533 4763 2546 4785 ,
2580 4725 2817 4791 quoniam
2857 4737 2952 4773 non
2976 4726 3090 4772 sunt
3121 4730 3288 4769 omnes
3331 4730 3394 4766 ex

1858 4818 2019 4871 nobis.
2070 4816 2212 4876 Ideo,
2269 4796 2604 4879 permittente
2655 4810 2894 4873 Domino,
2941 4807 3150 4875 quidam
3199 4813 3250 4858 et
3277 4813 3397 4856 ante

1859 4910 2094 4964 ultimam
2128 4906 2494 4959 excussionem
2523 4913 2712 4956 exeunt
2750 4903 2815 4954 de
2844 4899 3095 4964 Ecclesia,
3121 4897 3399 4951 ostenden-

1861 5009 1939 5054 tes
1966 5014 2025 5052 se
2056 5013 2157 5051 non
2184 4996 2345 5048 fuisse
2399 4992 2644 5046 Ecclesiae
2676 4991 2929 5054 membra,
2960 5003 3056 5043 nec
3084 4987 3394 5055 pertinuisse

1859 5089 1922 5142 ad
1947 5101 2138 5154 corpus
2187 5082 2408 5146 Christi,
2453 5090 2506 5132 ut
2547 5094 2638 5148 per
2665 5078 2765 5134 hoc
2799 5079 3070 5132 manifeste
3111 5076 3389 5140 clarescat,

1859 5179 1978 5246 quia
2022 5191 2124 5229 non
2155 5181 2279 5226 sunt
2308 5185 2492 5224 omnes
2520 5185 2582 5222 ex
2614 5168 2786 5231 nobis,
2817 5167 2904 5234 qui
2950 5164 3217 5217 nobiscum
3251 5162 3392 5216 intus

1861 5265 2016 5332 positi
2058 5269 2384 5316 sacramenta
2433 5258 2627 5311 Christi
2677 5255 2996 5325 percipiunt,
3050 5252 3140 5306 sed
3173 5252 3270 5304 soli
3295 5251 3384 5316 qui

1860 5355 2011 5420 digna
2043 5353 2246 5406 eisdem
2279 5349 2618 5404 sacramentis
2651 5358 2807 5414 Opera
2839 5343 2891 5397 in
2921 5343 3116 5396 unitate
3149 5339 3395 5393 Ecclesia:

1859 5444 2050 5496 Christi
2077 5443 2292 5495 faciunt.

1929 5531 2033 5583 Sed
2055 5541 2101 5581 et
2132 5546 2215 5582 vos
2243 5531 2521 5583 unctionem
2537 5527 2726 5582 habetis
2747 5543 2776 5578 α
2807 5527 3012 5589 Sancto,
3040 5531 3086 5576 et
3115 5531 3266 5574 nostts
3291 5537 3392 5572 om-

1861 5627 1963 5677 nia.
2022 5621 2208 5676 Unctio
2253 5622 2556 5687 spiritualis,
2607 5623 2717 5688 ipse
2770 5618 2997 5684 Spiritus
3038 5625 3248 5668 sanctus
3289 5620 3390 5672 est,

1860 5715 2008 5783 cujus
2060 5720 2440 5767 sacramentum
2491 5722 2569 5766 est
2608 5711 2658 5763 in
2688 5708 2934 5761 unctione
2981 5705 3189 5759 visibili.
3246 5705 3386 5756 llanc
