3860 6230
478 429 545 482 95
891 431 1087 484 DEDA‘Z
1130 427 1565 482 VENERABILIS
1603 427 1745 480 OPP.
1787 419 1965 479 PARS
1997 419 2029 474 ll

2129 423 2284 478 εστ.
2322 424 2362 480 l.
2405 453 2468 464 τ.
2508 387 2880 481 EXEGETICA
2923 424 3234 481 cervum.
3548 431 3604 484 96

481 536 774 613 unctionem
812 539 1004 592 Christi
1046 541 1166 592 dicit
1199 542 1389 594 habere
1434 556 1638 602 omnes,
1687 541 1772 606 qui
1805 538 1998 592 habent
2033 538 2071 591 Α

477 642 793 694 Cognoscere
827 629 992 681 bonos
1040 638 1091 681 et
1119 631 1308 693 malos,
1358 643 1455 681 nec
1499 642 1632 694 Opus
1663 643 1779 681 esse
1825 637 1880 678 nt
1909 627 2005 679 do-

478 726 693 768 ceantur
719 731 850 784 quos
880 717 987 784 ipsa
1018 718 1196 770 unctio
1221 719 1391 770 docet.
1422 718 1480 769 Et
1502 717 1633 770 bene
1661 732 1778 770 cum
1808 718 1874 770 de
1905 719 2012 768 ha:-

477 803 653 856 reticis
681 804 999 872 loqueretur,
1055 816 1278 872 repente
1321 805 1384 858 ad
1427 820 1551 859 suos
1589 807 1856 859 auditores
1888 821 2013 859 con-

480 907 684 956 versus,
711 893 837 946 dicit
865 896 1166 949 unctionem
1194 911 1284 948 eos
1323 896 1513 950 habere
1547 910 1578 950 a
1599 897 1814 962 Sancto,
1849 906 1903 948 ut
1930 912 2012 950 os-

480 981 654 1033 tendat
682 982 757 1035 eis
779 997 808 1035 e
836 984 1098 1036 contrario
1127 985 1263 1052 quod
1297 986 1523 1038 hmretici
1569 995 1620 1039 et
1648 1001 1830 1039 omnes
1863 987 2011 1038 Anti-

478 1071 865 1141 christigratize
914 1075 1202 1143 spiritualis
1253 1091 1470 1130 munere
1517 1077 1619 1128 sint
1650 1076 1863 1142 privati,
1919 1091 2016 1129 ncc

481 1164 738 1229 pertineat
761 1166 826 1218 ad
852 1165 1151 1230 Dominum,
1175 1168 1262 1233 qui
1285 1168 1504 1220 Sanctus
1529 1168 1700 1218 vocari
1731 1181 1757 1216 a
1791 1168 2013 1232 prophe-

484 1253 548 1304 tis
578 1254 865 1316 consuevit,
905 1255 1028 1321 quin
1078 1255 1247 1320 potius
1278 1253 1411 1306 inter
1461 1255 1724 1306 ministros
1768 1255 2012 1316 Saluum,

479 1343 564 1409 qui
593 1343 878 1395 sanctitatis
929 1343 1057 1395 nihil
1104 1342 1319 1402 habent,
1371 1343 1677 1410 perditionis
1723 1344 1892 1396 locum
1936 1357 2012 1396 te-

483 1438 657 1482 ncant.
1328 1429 1340 1444 ⁸

558 1518 675 1571 Non
697 1505 873 1585 scripsi
894 1517 1025 1570 vobis
1051 1518 1194 1585 quasi
1222 1519 1567 1590 ignorantibus
1588 1528 1865 1587 veritatem,
1907 1527 2012 1573 ctc.

484 1608 654 1661 Nostis
677 1608 811 1659 enim
841 1608 1112 1662 veritatem
1143 1607 1259 1662 ﬁdei
1292 1619 1342 1661 et
1371 1610 1489 1662 vita:
1519 1610 1653 1662 docti
1687 1626 1777 1678 per
1811 1611 2018 1662 unctio-

490 1713 604 1748 nem
632 1696 871 1763 Spiritus,
917 1711 1009 1748 nec
1049 1713 1180 1764 opus
1218 1698 1420 1750 habetis
1448 1698 1650 1764 doeeri,
1683 1698 1778 1751 nisi
1811 1707 1864 1750 ut
1897 1714 2018 1766 per-

487 1784 683 1835 si~tatis
710 1785 757 1836 iit
790 1799 854 1838 co
876 1785 1010 1851 quod
1037 1785 1292 1852 cmpi~tis.
1819 1781 1823 1784 ’

557 1871 620 1922 Et
660 1873 890 1937 quoniam
916 1887 1058 1924 omne
1107 1874 1416 1924 mendacium
1454 1888 1515 1925 ea:
1553 1873 1753 1925 veritate
1798 1882 2011 1926 nonest.
2048 1853 2089 1909 Β

493 1962 588 2013 llic
617 1976 796 2013 versus
839 1961 1024 2028 pendet
1063 1978 1089 2012 a
1126 1961 1402 2027 superiori,
1433 1972 1483 2014 et
1524 1972 1601 2014 est
1639 1977 1824 2015 sensus
1859 1979 1870 2013 :
1903 1962 2015 2014 Non

492 2049 797 2116 scripsimus
826 2051 971 2102 vobis
994 2050 1143 2117 quasi
1185 2051 1422 2118 ignorant
1444 2051 1541 2103 bus
1588 2052 1882 2112 veritatem,
1929 2051 2017 2103 sed

491 2140 636 2205 quasi
682 2139 965 2192 scientibus
1011 2155 1126 2192 eam
1159 2150 1248 2194 :et
1299 2141 1396 2193 hoc
1453 2155 1659 2208 quoque
1712 2141 2018 2204 scientibus,

489 2227 729 2294 quoniam
755 2242 910 2281 omne
936 2229 1266 2281 mendacium
1293 2243 1356 2283 ex
1394 2228 1612 2282 veritate
1641 2245 1740 2282 non
1770 2241 1868 2284 est.
1889 2231 2023 2283 Ecce

490 2325 660 2367 autem
693 2316 869 2367 moniti
903 2330 1102 2379 sumus,
1159 2318 1422 2383 quomodo
1467 2332 1844 2384 cognoscimus
1879 2319 2025 2370 Anti-

490 2403 760 2457 christum.
808 2405 1039 2457 Christus
1077 2405 1200 2458 dicit
1233 2424 1244 2458 :
1297 2405 1404 2476 Ego
1434 2423 1544 2458 sum
1587 2408 1763 2459 veritas
1819 2408 2022 2474 (Joan.

491 2493 620 2561 xiv).
647 2493 811 2547 Omne
863 2506 1035 2548 autem
1082 2496 1408 2550 mendacium
1451 2513 1552 2550 non
1582 2507 1658 2550 est
1682 2513 1742 2551 ex
1776 2500 2016 2552 veritate.

491 2585 682 2635 Omnes
711 2598 833 2650 ergo
873 2585 958 2651 qui
1001 2587 1339 2645 mentiuntur,
1393 2601 1493 2638 non
1535 2597 1658 2638 sunt
1695 2602 1757 2638 ex
1790 2587 2020 2639 Christo.

495 2675 601 2726 Non
634 2674 777 2738 dicit,
805 2676 1062 2742 quoddam
1086 2677 1405 2729 mendacium
1431 2691 1490 2730 cx
1522 2679 1757 2729 veritate.
1786 2675 1947 2729 Nemo
1969 2690 2027 2730 se

495 2765 734 2832 decipiat,
785 2780 936 2817 nemo
962 2780 1020 2819 se
1061 2765 1239 2820 illudat
1275 2785 1286 2818 :
1316 2783 1471 2822 omne
1541 2767 1871 2822 mendacium
1922 2781 2025 2820 non

495 2865 573 2906 est
600 2869 660 2906 ex
688 2854 925 2906 veritate.

567 2945 690 3008 Quis
718 2954 788 2996 cst
819 2945 1052 3006 mendax,
1084 2947 1182 2998 nisi
1207 2947 1286 2997 [th
1327 2948 1412 3007 qui
1437 2956 1579 3016 negat
1613 2948 1851 3013 quoniam
1879 2945 2026 3001 Jcsus

496 3051 591 3085 non
635 3045 702 3085 cst
745 3033 1015 3087 Christus?
1046 3034 1361 3088 Prmdixerat
1401 3052 1556 3087 omne
1586 3036 1913 3090 mendacium
1958 3052 2023 3089 ex

497 3122 712 3175 Vt'l'ilale
738 3137 836 3174 non
866 3138 1002 3186 esse,
1027 3124 1116 3176 sed
1147 3125 1265 3190 quia
1297 3125 1456 3175 multa
1487 3135 1607 3175 sunt
1639 3139 1829 3191 genera
1871 3139 2016 3175 men-

2175 535 2350 588 Omnis
2395 538 2481 606 qui
2513 545 2658 604 negat
2704 535 2927 602 Filium,
2964 556 3051 591 nec
3096 538 3294 591 Patrem
3332 538 3482 602 habet,
3521 555 3608 596 etc.

2112 625 2504 680 Confessioncm
2555 628 2636 679 hic
2664 627 2855 690 cordis,
2898 630 3042 682 vocis
3089 637 3141 681 et
3193 631 3364 694 operis
3407 633 3603 697 inquirit,

2112 716 2312 782 qualem
2343 718 2608 784 qumreliat
2644 719 2848 781 Paulus,
2883 734 2998 771 cum
3030 719 3104 770 ait
3137 737 3146 769 :
3185 717 3248 770 Et
3297 736 3433 772 nemo
3476 733 3608 786 polesl

2113 807 2274 858 dicere
2299 803 2539 858 Dominus
2596 805 2765 867 Iesus,
2804 808 2896 858 nisi
2933 808 2984 858 in
3020 807 3213 876 Spiritu
3254 818 3454 871 sancto;
3491 811 3604 874 quod

2118 907 2196 946 e5t
2229 906 2406 961 aperte
2435 896 2610 948 dicere
2643 913 2654 946 :
2688 894 2850 948 Nemo
2880 907 3084 963 potest,
3123 897 3224 950 nisi
3271 897 3487 949 dooante
3514 914 3610 966 gr..-

2115 982 2183 1034 tia
2215 981 2436 1051 Spiritus
2474 984 2660 1044 sancti,
2694 982 2915 1050 perfecta
2963 986 3287 1053 professione
3337 994 3388 1039 et
3435 988 3610 1039 aetione

2116 1072 2327 1124 Christo
2359 1072 2573 1122 [)omino
2601 1069 2854 1124 famulari.

2193 1158 2294 1213 Vos
2315 1161 2446 1228 quod
2471 1160 2683 1211 audistis
2703 1161 2765 1211 ab
2789 1160 2949 1226 initio,
2979 1161 3028 1214 in
3050 1162 3184 1215 vobis
3209 1173 3507 1231 permaneat,
3529 1175 3610 1219 etc.

2115 1247 2278 1311 lllzun,
2305 1249 2488 1316 inquit,
2520 1247 2696 1312 ﬁdem,
2740 1248 2823 1302 illa
2853 1249 3093 1317 dogmata
3145 1262 3250 1304 toto
3279 1254 3435 1305 corde
3462 1265 3612 1306 secta-

2117 1338 2262 1400 mini,
2307 1353 2421 1403 qua:
2449 1353 2476 1388 a
2509 1339 2688 1404 primis
2731 1338 2985 1402 Ecclesiae
3024 1345 3282 1395 nascentis
3323 1348 3606 1412 temporibus

2117 1425 2467 1490 apostolorum
2509 1441 2638 1480 voce
2672 1428 2993 1494 percepistis.
3045 1429 3155 1496 Ipsa
3201 1441 3322 1483 sunt
3355 1435 3486 1486 enim
3520 1437 3607 1488 sola

2116 1528 2229 1579 quas
2262 1529 2352 1566 vos
2377 1514 2562 1567 divinae
2602 1516 2778 1584 gratiae
2809 1517 3078 1584 participes
3107 1519 3313 1572 reddat.
3364 1520 3422 1572 Et
3445 1523 3485 1574 si
3514 1525 3607 1588 quis

2117 1605 2264 1657 vobis
2314 1604 2502 1658 dixerit
2534 1622 2548 1658 :
2585 1605 2710 1657 Ecce
2750 1605 2830 1658 hic
2877 1615 2945 1658 est
2982 1607 3225 1672 Christus,
3278 1626 3386 1664 ecce
3422 1613 3534 1676 illic,
3570 1631 3616 1667 ne

2118 1693 2445 1746 credideritis.
2476 1693 2759 1762 Exsurgent
2788 1695 2917 1746 enim
2947 1700 3416 1766 pseudopmphetce,
3459 1710 3508 1752 ut
3533 1702 3612 1754 Do-

2123 1783 2292 1834 minus
2331 1783 2566 1849 przedixit
2589 1782 2777 1850 (Marc.
2809 1785 2941 1852 xm).
2976 1784 3037 1836 Et
3068 1803 3170 1850 vos,
3227 1788 3409 1857 inquit,
3438 1790 3482 1841 in
3502 1788 3616 1845 Filio

2119 1880 2164 1924 et
2193 1869 2346 1922 Patre
2370 1870 2646 1924 manebitis.
2680 1871 2865 1925 Filium
2897 1874 3061 1940 primo
3098 1891 3317 1943 ponens,
3370 1882 3480 1946 quia
3505 1882 3615 1933 sicut

2121 1959 2233 2023 ipse
2257 1959 2417 2012 Filius
2440 1959 2565 2012 dicit
2602 1977 2612 2011 :
2641 1960 2802 2012 Nemo
2829 1965 2960 2014 venit
2987 1965 3052 2014 ad
3081 1963 3280 2018 Patrem
3322 1968 3416 2018 nisi
3440 1985 3518 2035 per
3541 1967 3615 2021 Fi-

2121 2047 2243 2098 lium
2277 2045 2450 2114 (Joan.
2480 2047 2618 2114 xlv);
2653 2049 2827 2104 nullus
2872 2051 3060 2105 divina:
3089 2053 3410 2108 celsitudinis
3431 2057 3614 2126 gloriam

2123 2136 2331 2202 videbit,
2385 2139 2482 2191 nisi
2510 2139 2598 2205 qui
2633 2155 2722 2207 per
2743 2153 3069 2196 sacramenta
3107 2143 3458 2211 humanitatis,
3486 2164 3615 2216 quam

2124 2225 2288 2278 Filius
2336 2227 2583 2294 suscepit,
2633 2239 2842 2282 renatus
2878 2240 2976 2282 est.
3026 2231 3116 2285 Vel
3151 2245 3294 2287 certe
3334 2236 3444 2288 ideo
3481 2239 3622 2300 primo

2126 2314 2162 2366 F
2188 2314 2336 2376 lium,
2364 2324 2416 2367 et
2450 2315 2525 2367 sic
2549 2317 2752 2369 Patrem
2783 2318 3086 2381 nominavit,
3125 2335 3189 2373 ne
3233 2321 3403 2375 dicant
3438 2326 3607 2387 Ariani,

2127 2401 2310 2469 Filium
2367 2405 2618 2456 minorem
2649 2405 2804 2460 Patie
2835 2417 3102 2473 propterea
3143 2411 3474 2477 credendum,
3519 2415 3621 2480 quia

2126 2505 2386 2556 nunquam
2418 2501 2540 2544 ante
2572 2493 2776 2544 Patrem
2817 2496 3110 2547 nominatus
3140 2496 3442 2551 inveniatur.

2201 2578 2265 2630 Et
2296 2579 2399 2630 ha’c
2432 2589 2502 2632 est
2523 2583 2836 2649 repromissio
2862 2599 3005 2650 quam
3036 2586 3138 2650 ipse
3168 2587 3414 2651 pollicitus
3448 2598 3514 2641 est
3539 2605 3618 2641 no-

2127 2671 2220 2734 bis,
2253 2672 2400 2723 vitam
2443 2681 2700 2726 a'ternam.
2749 2674 2903 2739 Quasi
2952 2692 3212 2743 quarreres
3255 2683 3551 2743 mercedem,
3579 2693 3624 2737 et

2127 2760 2361 2812 diceres:
2398 2762 2528 2814 Ecce
2560 2777 2664 2824 me,
2703 2762 2841 2828 quod
2871 2763 2938 2816 ab
2978 2767 3123 2816 initio
3161 2767 3352 2828 audivi,
3398 2772 3622 2833 custodio,

2127 2850 2466 2915 obtempero:
2502 2853 2750 2918 pericula,
2799 2854 3020 2917 labores,
3049 2859 3378 2924 tentationes,
3428 2876 3512 2926 pro
3539 2864 3620 2914 ista

2127 2939 2491 3004 permansione
2543 2942 2792 2994 sustineo.
2842 2943 2954 3007 Quo
2993 2943 3178 3008 fructu,
3227 2962 3326 3015 qua
3369 2950 3623 3001 mercede?

2126 3025 2257 3089 Quid
2304 3026 2429 3078 mihi
2476 3038 2654 3094 postea
2691 3030 2940 3082 dabitur?
2971 3032 3033 3083 Et
3073 3032 3181 3084 haec
3223 3043 3323 3097 est,
3356 3035 3523 3101 inquit,
3552 3053 3622 3089 reo

2130 3114 2404 3176 promissio
2426 3129 2580 3181 quam
2609 3116 2867 3182 pollicitus
2897 3130 2975 3172 est
3002 3120 3169 3184 nobis,
3200 3125 3356 3175 vitam
3377 3137 3620 3180 aeternam.

690 3169 712 3175 -
868 3169 1002 3186 πη,
1027 3169 1116 3176 ___
1639 3169 1829 3191 νην.-
2131 3169 2141 3176 .
2443 3169 2455 3181 .
2610 3169 2622 3182 .
2850 3169 2861 3171 -
3378 3169 3620 3180 ._--...-....

496 3210 758 3262 daciorum
810 3226 909 3263 non
941 3225 1120 3277 parum
1171 3212 1304 3261 inter
1323 3225 1380 3262 se
1403 3210 1646 3276 disparia,
1697 3224 1832 3262 nunc
1876 3210 2023 3277 quasi
2052 3169 2096 3229 Ο
2131 3203 2376 3255 Memoria
2425 3206 2696 3270 ριοηιίεεω
2741 3210 2994 3262 mercedis
3036 3225 3445 3277 perseverantem
3475 3226 3517 3268 te
3559 3216 3624 3268 fa-

498 3300 752 3364 singulare
783 3301 925 3364 ponit
955 3299 1280 3350 mendacium
1330 3298 1614 3366 negationis
1649 3297 1868 3364 Christi,
1902 3302 2021 3364 quia

502 3388 740 3438 nimirum
796 3388 896 3439 hoc
945 3397 1045 3440 tam
1078 3385 1352 3439 nefandum
1379 3399 1428 3439 et
1454 3389 1774 3440 exsecrabile
1816 3389 2031 3440 menda-

501 3477 634 3528 cium
662 3483 760 3540 est,
793 3485 847 3527 ut
877 3475 925 3526 in
949 3474 1060 3540 ejus
1083 3477 1468 3540 comparatione
1502 3485 1690 3528 cietera
1733 3486 1820 3527 aut
1865 3489 2027 3543 parva

500 3565 792 3625 videantur,
822 3575 905 3616 attt
931 3565 1092 3617 nulla.
1124 3564 1274 3617 Juxta
1304 3565 1436 3633 quod
1469 3567 1704 3632 peccanti
1739 3566 2028 3620 Jerusalem

500 3653 693 3706 dictum
716 3662 796 3706 est
823 3671 834 3704 :
869 3651 1151 3721 Justiﬁcata
1179 3664 1249 3706 est
1279 3654 1500 3708 Sodoma
1525 3672 1584 3707 ex
1607 3667 1650 3707 te
1677 3654 1880 3725 (Ezech.
1898 3659 2027 3723 χιι).

503 3744 714 3812 Propria
763 3752 937 3798 autem
985 3745 1282 3798 Judmorum
1321 3755 1403 3796 est
1433 3746 1542 3797 haec
1576 3747 1808 3812 negatio,
1857 3756 1913 3798 ut
1954 3746 2035 3798 di-

500 3841 618 3882 cant
648 3831 1068 3896 quoniamJesns
1098 3847 1198 3884 non
1229 3841 1308 3884 est
1353 3832 1614 3884 Christus.
1650 3832 1751 3885 Sed
1783 3840 1834 3885 et
1867 3833 2034 3885 barre-

505 3917 588 3969 tici
618 3917 700 3983 qui
731 3918 864 3969 male
893 3917 1111 3969 credunt
1139 3917 1203 3968 de
1223 3917 1453 3979 Christo,
1488 3927 1677 3984 negant
1708 3919 1884 3971 .lesum
1919 3935 2036 3974 esse

500 4006 784 4069 Chrismm,
831 4005 947 4072 quia
971 4004 1035 4057 de
1061 4003 1268 4057 Christo
1311 4020 1411 4058 non
1453 4015 1595 4058 recte
1641 4008 1912 4071 sentiunt;
1943 4023 2035 4062 ne-

502 4109 604 4160 que
650 4110 767 4146 eum
808 4095 959 4147 talem
1004 4093 1319 4146 conﬁtentur
1364 4095 1577 4160 qualem
1629 4096 1803 4148 divina
1844 4099 2037 4152 veritas

500 4188 673 4248 docet,
699 4185 788 4236 sed
813 4184 1017 4252 qualem
1049 4183 1278 4249 ipsorum
1325 4184 1523 4238 vanitas
1565 4186 1730 4254 ﬁngit.
1766 4187 1880 4239 Mali
1905 4203 2038 4254 quo-

501 4290 601 4338 que
621 4271 863 4325 catholici
896 4272 981 4338 qui
1010 4271 1202 4323 Christi
1239 4273 1496 4324 mandatis
1520 4275 1888 4341 obtemperare
1911 4277 2039 4327 con-‘

504 4369 740 4413 temnunt
768 4361 940 4413 Jesum
970 4375 1089 4412 esse
1115 4361 1380 4411 Christum
1414 4362 1696 4427 denegant,
1727 4364 1809 4415 cui
1849 4381 1950 4417 non
1981 4374 2037 4418 ut

2127 3290 2229 3343 Cial.
2257 3291 2305 3342 in
2335 3304 2516 3356 opere.

2199 3379 2324 3430 Ilccc
2351 3381 2527 3448 scripsi
2553 3381 2690 3434 vobis
2717 3383 2778 3435 de
2806 3382 2884 3436 his
2909 3387 2992 3452 qui
3010 3387 3248 3439 seducunt
3276 3406 3374 3442 vos.
3403 3390 3629 3445 Seducfo-

2132 3481 2214 3518 res
2240 3483 2368 3533 quos
2400 3469 2651 3532 nominat,
2685 3486 2787 3523 non
2818 3472 2984 3526 solum
3026 3474 3256 3530 haeretici
3298 3490 3413 3531 sunt
3464 3483 3630 3535 intelli-

2131 3555 2306 3620 gendi,
2360 3555 2445 3622 qui
2482 3571 2727 3623 perversa
2773 3559 3006 3613 doctrina
3053 3576 3292 3630 quaerunt
3345 3580 3562 3623 averterc
3602 3587 3626 3621 ει

2133 3643 2253 3707 ﬁde,
2278 3644 2367 3698 sed
2399 3655 2450 3697 et
2480 3645 2530 3698 hi
2563 3647 2648 3713 qui
2679 3662 2769 3714 per
2810 3648 3080 3702 illecebras
3125 3655 3204 3706 vel
3237 3655 3445 3709 adversa
3475 3659 3628 3710 ssi-culi

2133 3748 2160 3783 ιι
2187 3733 2532 3797 promissione
2575 3734 2696 3787 vitae
2720 3744 2927 3789 aeternio
2956 3747 3150 3791 mentes
3173 3739 3484 3796 inﬁrtnorum
3513 3747 3630 3798 male

2133 3821 2428 3885 tnnlcendo,
2455 3823 2566 3876 sive
2589 3825 2851 3890 terrendo,
2878 3825 3173 3881 detrahunt.

2204 3912 2267 3964 Et
2311 3929 2392 3967 vos
2418 3916 2695 3967 unctionem
2721 3932 2873 3984 quam
2901 3919 3158 3986 accepistis
3187 3921 3249 3973 ab
3272 3938 3349 3984 co,
3372 3931 3467 3975 etc.
3514 3922 3627 3984 lloc,

2135 4005 2328 4072 inquit,
2380 4004 2599 4058 Domino
2643 4003 2922 4072 adjuvante
2975 4019 3286 4074 procurate,
3339 4019 3394 4062 ut
3433 4011 3630 4079 Spiritus

2135 4095 2297 4147 sancti
2344 4094 2590 4161 gratiam,
2628 4108 2780 4159 quam
2820 4093 2870 4144 in
2917 4093 3173 4160 baptismo
3200 4100 3464 4153 consecuti
3504 4103 3630 4163 esus,

2136 4184 2391 4250 integram
2425 4191 2596 4234 vestro
2629 4182 2678 4232 iu
2709 4181 2864 4234 corde
2890 4191 2940 4235 et
2969 4198 3187 4252 corpore
3234 4190 3472 4251 servetis,
3507 4189 3633 4255 juxta

2136 4271 2259 4322 illud
2317 4269 2533 4336 apostoli
2592 4269 2731 4321 Pauli
2779 4286 2790 4320 :
2838 4271 3083 4337 Spiritum
3143 4275 3297 4326 nolite
3351 4278 3634 4344 exstinguere

2135 4357 2202 4430 (1
2235 4359 2405 4412 Thess.
2432 4360 2507 4427 v).
2558 4359 2746 4425 Sicque
2775 4361 2830 4410 lit
2859 4369 2911 4412 ut
2931 4362 3150 4414 docente
3181 4363 3394 4417 interius
3414 4379 3500 4417 vos
3525 4365 3627 4432 Spi-

502 4453 711 4502 llltt'islo
760 4451 849 4502 Dei
898 4449 1028 4503 Filio
1079 4451 1308 4503 debitum
1358 4453 1557 4503 timoris
1608 4454 1685 4505 vcl
1735 4455 2037 4510 dilectionis
2066 4450 2263 4544 Dritu.
2311 4451 2479 4501 minus
2505 4447 2776 4514 indisemis
2801 4449 3131 4503 extrinsecus
3160 4451 3426 4506 hominum
3457 4453 3636 4506 institu-

505 4543 766 4595 scrvitium
809 4543 1128 4610 impendunt,
1176 4544 1266 4595 sed
1305 4545 1446 4597 velut
1485 4546 1682 4598 homini
1719 4548 1912 4601 nullius
1945 4564 2038 4616 po-

507 4643 524 4685 ι
563 4635 682 4684 ntizc
717 4634 778 4683 ad
816 4633 1014 4684 libitum
1047 4633 1401 4684 contradicere
1429 4650 1527 4684 non
1557 4635 1758 4686 timent.
1811 4637 2036 4704 Ideoque

505 4739 691 4776 otitttes
737 4721 786 4774 hi
832 4722 1109 4772 mendaces
1136 4727 1189 4771 et
1217 4720 1547 4783 Antichristi,
1601 4723 1646 4773 id
1677 4732 1774 4786 est,
1826 4723 2040 4780 Christo

512 4811 780 4873 contrarii,
831 4809 1115 4875 probantur
1157 4806 1405 4872 existere,
1456 4817 1735 4864 attestante
1767 4814 2036 4880 Apostolo,

504 4899 589 4964 qui
632 4899 754 4950 dicit
794 4916 806 4949 :
837 4896 1145 4963 Conﬁtentur
1170 4913 1221 4950 se
1268 4913 1412 4951 nosse
1450 4898 1639 4962 Deum,
1691 4901 1838 4967 {actis
1874 4913 2042 4955 autem

507 4997 682 5055 ncgant
708 4985 832 5053 (Tit.
863 4989 923 5051 t).

580 5077 677 5129 Hic
722 5083 790 5128 est
835 5075 1183 5141 Antichristus,
1206 5079 1288 5146 qui
1315 5089 1460 5148 negat
1492 5078 1690 5130 Patrem
1733 5088 1780 5132 et
1826 5076 2040 5131 Filium.

511 5171 616 5222 llac
649 5169 901 5222 Sententia
942 5181 1058 5219 cum
1089 5170 1395 5233 hasreticos,
1433 5181 1539 5222 tum
1584 5171 1810 5222 maxime
1855 5185 2043 5237 percu-

508 5262 571 5313 tit
615 5259 840 5320 ludmos,
878 5259 961 5327 qui
1001 5267 1252 5327 negantes
1299 5259 1472 5310 lesum
1503 5274 1620 5311 esse
1661 5258 1926 5311 Christum
1957 5257 2046 5310 Fi-

509 5350 631 5401 liunt
665 5348 777 5411 Dei,
821 5350 1155 5401 nihilominus
1187 5347 1350 5400 Deum
1397 5347 1604 5400 Patrem
1639 5362 1695 5401 se
1729 5348 1922 5401 habere
1968 5349 2045 5401 di-

507 5438 712 5498 cohunt,
744 5439 1019 5490 ostendens
1064 5453 1152 5491 eos
1201 5439 1391 5490 frustra
1429 5438 1587 5488 Deum
1643 5438 1843 5490 Patrem
1879 5439 2042 5489 conﬁ-

510 5526 622 5584 teri,
673 5527 758 5593 qni
794 5524 979 5578 Filium
1026 5537 1234 5590 negant.
1282 5526 1411 5578 llinc
1441 5535 1492 5578 et
1525 5526 1631 5591 ipse
1665 5526 1914 5583 Dominus
1952 5546 2044 5585 eos

506 5629 784 5666 exsecrans
813 5615 920 5667 ait:
954 5614 1014 5667 Si
1041 5612 1176 5665 Deus
1216 5613 1365 5663 Patcr
1396 5625 1551 5666 vester
1576 5626 1721 5678 esset,
1768 5619 2038 5688 diligeretis

505 5705 672 5767 utique
698 5721 772 5755 mc
793 5719 812 5757 .°
830 5721 916 5774 ego
932 5721 1103 5758 emma
1127 5703 1230 5756 Deo
1251 5706 1485 5768 processi,
1510 5714 1551 5756 et
1579 5709 1684 5760 veni
1700 5707 1877 5776 (loan.
1905 5713 2038 5781 vui).

2143 4541 2281 4591 tione
2302 4538 2496 4590 doceri.
2531 4539 2702 4592 Potest
2724 4539 2897 4591 unctio
2924 4539 2989 4593 de
3012 4557 3109 4608 qua
3132 4542 3379 4609 loquitur,
3418 4545 3520 4612 ipsa
3558 4545 3634 4597 Dei

2138 4627 2358 4682 charitas
2386 4627 2620 4695 intelligi,
2651 4641 2766 4694 quae
2795 4628 3096 4681 diffunditur
3121 4631 3172 4681 in
3201 4631 3436 4683 cordibus
3465 4633 3630 4684 nostris

2139 4735 2222 4786 per
2249 4717 2494 4784 Spiritum
2522 4727 2777 4780 sanctum,
2816 4718 2898 4782 qui
2920 4718 3067 4769 datus
3106 4727 3177 4771 est
3209 4722 3349 4772 nobis
3387 4720 3549 4790 (Rom.
3576 4725 3634 4786 ι),

2140 4823 2253 4874 quae
2283 4807 2533 4858 citissime
2572 4808 2634 4858 ad
2666 4806 2986 4861 observanda
3020 4809 3110 4863 Dci
3139 4811 3380 4865 mandata
3407 4827 3496 4867 cor
3521 4811 3639 4882 quod

2143 4895 2322 4960 implet
2350 4895 2653 4947 inflammat.

2210 4981 2315 5032 Sed
2343 4983 2467 5033 sicut
2496 4982 2661 5034 unctio
2688 4986 2796 5053 ejus
2825 4985 2968 5038 docet
3006 5001 3088 5038 vos
3119 4987 3181 5038 de
3215 4988 3458 5041 omnibus.
3486 4987 3643 5041 Merito

2143 5071 2338 5123 addidit
2365 5075 2428 5124 de
2452 5073 2701 5138 omnibus,
2733 5074 2998 5143 quomodo
3026 5075 3076 5126 in
3108 5075 3388 5144 Evangelio
3419 5077 3642 5132 Dominus

2141 5162 2207 5215 de
2227 5163 2409 5214 eodem
2432 5163 2623 5229 Spiritu
2653 5163 2868 5231 loquens
2887 5163 3151 5230 discipulis
3177 5167 3286 5218 ait:
3317 5164 3435 5234 Ipse
3456 5181 3536 5218 vos
3572 5167 3644 5216 do-

2144 5251 2265 5302 cebit
2289 5253 2453 5304 omnia
2477 5253 2652 5320 (Joan.
2681 5253 2811 5315 xiv).
2842 5253 2970 5318 Quia
2996 5256 3090 5307 nisi
3115 5255 3249 5309 idem
3275 5257 3500 5322 Spiritus
3518 5253 3641 5308 cordi

2143 5341 2279 5392 adsit
2320 5343 2597 5406 audientis,
2641 5344 2839 5394 otiosus
2867 5351 2948 5395 est
2994 5361 3166 5400 sermo
3207 5345 3459 5400 doctoris.
3512 5345 3648 5398 Nemo

2144 5445 2267 5496 ergo
2306 5430 2510 5485 docenti
2562 5429 2757 5484 homini
2806 5429 2994 5485 tribuat
3037 5434 3170 5501 quod
3210 5446 3273 5486 es
3316 5446 3410 5486 ore
3437 5432 3646 5486 docentis

2145 5522 2403 5590 intelligit,
2451 5524 2570 5590 quia
2613 5521 2710 5576 nisi
2759 5522 2896 5578 intus
2936 5525 3004 5577 sit
3042 5524 3129 5593 qui
3175 5523 3385 5585 doceat,
3441 5523 3645 5578 doctoris

2146 5615 2314 5681 lingua
2343 5616 2572 5670 exterius
2615 5616 2668 5668 in
2699 5631 2917 5670 vacuum
2947 5617 3164 5670 laborat.
3200 5615 3303 5669 Nec
3337 5625 3508 5672 tamen
3537 5618 3644 5668 doc-

2147 5717 2226 5760 tor
2255 5722 2460 5762 cessare
2489 5708 2662 5774 debet,
2696 5709 2818 5778 quin
2867 5709 3003 5778 quod
3035 5710 3169 5762 valet
3198 5707 3387 5774 faciat,
3441 5709 3580 5776 juxta
3605 5701 3641 5752 id
