3860 6230
262 477 337 530 97
1396 476 1457 530 IN
1499 478 1512 530 Ι
1555 476 1810 532 EPISTOI

1919 479 1933 531 Ι
1970 480 2025 531 S.
2064 479 2353 532 JOANNIS.
3402 487 3467 540 98

261 595 417 663 quod
448 593 637 648 Paulus
657 594 727 647 ait
757 612 767 646 :
801 595 908 664 Ego
955 596 1195 661 plantavi,
1246 596 1426 665 Apollo
1448 597 1646 666 rigavit,
1693 596 1824 648 Deus
1855 600 1896 653 Α
1926 595 2142 662 justitia.
2174 598 2311 665 Ergo
2341 599 2383 650 si
2406 599 2562 663 scitis,
2592 601 2827 667 quoniam
2847 604 3016 670 justus
3043 611 3132 664 est,
3166 602 3259 666 ait,
3293 617 3327 654 st
3347 603 3464 653 itote

259 693 445 735 autem
469 685 827 736 incrementum
853 685 990 736 dedit
1021 684 1070 754 (l
1103 684 1217 736 Cor.
1261 685 1360 754 ιιι).

342 772 414 826 Et
436 790 605 826 verum
633 784 725 834 est,
757 783 924 826 etnon
954 783 1026 827 est
1059 775 1392 828 mendacium.
1417 775 1668 829 Solertius
1709 790 1825 828 cre-

259 861 365 914 ltra
398 863 676 915 iteratione
727 863 953 916 inculcat
988 878 1108 915 vera
1131 878 1248 917 esse
1289 879 1406 931 qute
1448 864 1715 928 praedicat,
1769 871 1823 915 et

257 952 334 1003 ab
367 953 513 1005 omni
541 952 777 1006 falsitatis
822 953 978 1004 sonte
1020 952 1380 1012 mundissima,
1412 963 1467 1005 ut
1491 967 1582 1004 eos
1612 955 1698 1019 qui
1727 950 1822 1004 ali-

260 1046 357 1093 ter
386 1039 678 1110 praedicare
706 1041 1138 1106 praesumpserint
1165 1034 1428 1104 coerceat,
1463 1048 1517 1092 et
1558 1055 1652 1094 nos
1693 1053 1822 1106 quo-
1867 1111 1874 1117 '

256 1144 378 1199 que
436 1130 651 1183 sedulus
699 1128 979 1182 admoneat
1030 1145 1133 1182 non
1183 1130 1336 1182 aliter
1388 1128 1544 1181 vitam
1599 1128 1820 1181 inveniri

259 1234 438 1287 posse
465 1229 794 1288 perpetuam,
821 1219 916 1270 nisi
950 1218 1090 1270 illam
1116 1232 1398 1286 sequamur
1419 1217 1536 1270 fidei
1565 1227 1617 1269 et
1643 1215 1817 1282 operis

254 1307 602 1368 castitalem,
644 1319 758 1374 qua:
805 1306 1195 1372 perapostolos
1247 1305 1523 1372 pritnitivxe
1565 1303 1818 1355 Ecclesia:

255 1398 395 1452 data
435 1409 534 1461 est,
569 1409 723 1467 atque
761 1401 812 1453 in
853 1400 1037 1453 eadem
1078 1399 1338 1466 sequenda
1381 1408 1436 1452 et
1477 1396 1817 1450 custodienda

258 1503 442 1557 usque
472 1489 536 1542 ad
586 1490 738 1542 linem
769 1491 890 1550 vita:
937 1488 1091 1558 hujus
1137 1503 1554 1556 permaneatnus.
1612 1487 1705 1541 Cui
1747 1485 1818 1537 si-

260 1578 404 1630 mile
435 1585 518 1630 est
540 1576 662 1629 illud
704 1578 922 1644 apostoli
966 1579 1105 1630 Pauli
1133 1596 1144 1629 :
1176 1576 1339 1630 Nemo
1370 1593 1452 1629 vos
1475 1578 1678 1630 seducet
1706 1578 1815 1626 ina-

255 1665 416 1716 nibus
446 1665 643 1726 verbis;
677 1675 880 1734 prapter
908 1665 1012 1717 Ita'c
1041 1666 1168 1716 enim
1197 1665 1324 1716 venit
1353 1666 1428 1715 ira
1463 1663 1553 1715 Dei
1583 1665 1632 1714 in
1678 1664 1812 1715 ﬁlios

254 1754 570 1821 difﬁdentia?
616 1753 829 1823 (Ephes.
876 1752 951 1823 ν).
993 1753 1136 1819 Quod
1162 1769 1287 1806 vero
1328 1753 1377 1805 itt
1422 1753 1518 1804 alia
1563 1751 1815 1803 Transla-

253 1844 412 1896 timte
459 1843 683 1895 dicitur:
717 1841 780 1894 Et
807 1858 954 1895 rerax
981 1852 1074 1905 est,
1123 1851 1167 1894 et
1209 1857 1310 1893 non
1349 1851 1422 1892 est
1467 1841 1702 1902 mendax,
1749 1840 1814 1891 ad

1924 686 2153 745 quoniam
2184 689 2341 737 omnis
2376 686 2459 750 qui
2485 687 2602 749 facit
2635 686 2910 753 justitiam,
2952 704 3013 740 ex
3039 688 3147 754 ipso
3174 696 3319 740 natus
3349 699 3419 738 est
3448 703 3464 748 ;

1925 772 1973 824 id
2002 782 2102 837 est,
2129 788 2191 826 ex
2221 773 2448 826 Christo.
2496 774 2559 826 Et
2585 777 2701 840 quia
2750 776 2877 827 dixit
2915 792 2976 829 es:
3017 778 3124 844 ipso
3166 788 3312 829 natus
3364 788 3455 840 est,

1925 860 2160 912 hortatur
2180 876 2273 914 nos
2294 862 2400 927 jam
2430 877 2552 930 ergo
2585 863 2720 930 quod
2751 879 2812 917 ex
2862 864 2950 917 illo
2997 865 3103 918 nati
3143 881 3346 928 sumus,
3397 876 3454 918 ut

1922 949 2137 1017 perfecti
2174 952 2356 1003 simus.
2418 951 2550 1002 Audi
2595 951 2820 1016 denique
2859 955 3154 1021 sequentia.

2509 1039 2729 1092 CAPUT
2771 1040 2851 1093 ΙΙΙ.

1996 1122 2177 1177 Videte
2203 1125 2394 1192 qualem
2435 1126 2726 1179 charitatem
2777 1129 2913 1181 dedit
2956 1130 3098 1182 nobis
3130 1129 3299 1193 Pater,
3346 1144 3448 1184 etc.

1919 1211 2098 1278 Magna
2129 1223 2208 1265 est
2234 1215 2396 1280 gratia
2425 1213 2720 1267 Conditoris
2760 1216 2942 1279 nostri,
2972 1231 3086 1284 qua!
3116 1219 3265 1271 nobis
3289 1219 3455 1272 dona-

1924 1301 1997 1351 vit
2030 1311 2084 1352 ut
2121 1318 2238 1352 eum
2270 1317 2447 1354 amare
2476 1313 2526 1353 et
2555 1304 2848 1356 noverimus
2889 1313 2942 1357 et
2972 1304 3228 1371 possimus
3263 1325 3273 1357 :
3305 1316 3357 1359 et
3384 1307 3453 1358 ita

1920 1401 2114 1452 amare,
2147 1396 2202 1440 ttt
2227 1399 2421 1454 patrem
2450 1390 2562 1453 lilii,
2586 1405 2702 1443 cum
2732 1399 2786 1444 et
2817 1390 2913 1444 hoc
2935 1408 3174 1460 magnum
3205 1404 3364 1457 esset,
3407 1397 3452 1447 si

1917 1474 1993 1527 sic
2046 1475 2190 1526 illum
2236 1491 2407 1528 amztre
2457 1491 2728 1542 possemus
2781 1479 3042 1546 quomodo
3095 1480 3270 1532 ﬁdeles
3318 1483 3453 1534 St'l‘ti

1916 1563 2176 1621 dominos.
2212 1563 2472 1630 quomodo
2502 1564 2741 1617 dominos
2782 1567 2952 1618 devoti
2980 1576 3157 1619 amant
3179 1583 3448 1621 mercena-

1915 1650 1998 1702 rii.
2031 1649 2457 1715 Qualiterantem
2511 1653 2596 1705 lilii
2649 1655 2735 1705 Dei
2766 1653 2904 1706 eflibi
2955 1655 3258 1722 debeamus,
3311 1657 3444 1710 idem

1916 1737 2143 1791 Joannes
2173 1738 2222 1790 in
2251 1737 2532 1806 Evangelia
2556 1750 2805 1794 teSIatur:
2841 1741 2904 1795 In
2926 1745 3131 1812 prapria
3155 1745 3442 1813 (inquiens)

1914 1824 2061 1888 venit,
2092 1837 2136 1878 et
2161 1828 2240 1879 sui
2283 1843 2394 1878 eam
2422 1844 2520 1880 non
2546 1840 2852 1894 receperunt.
2887 1833 3138 1899 Quotquot
3184 1844 3345 1885 auten
3373 1852 3454 1886 rc-

252 1935 504 2002 priorem
561 1947 767 1985 versum
821 1933 1055 1999 respicit,
1105 1948 1206 1997 quo
1252 1932 1442 1985 dicitur
1474 1947 1489 1985 ς
1524 1932 1628 1984 sed
1684 1933 1808 1982 ,ῑσηι
1846 1919 1890 1977 Β
1918 1929 2154 1984 ceperunt
2179 1934 2311 1980 eum,
2354 1918 2486 1970 dedit
2518 1921 2589 1971 eis
2617 1930 2906 1982 potestatem
2934 1921 3065 1987 ﬁlios
3112 1921 3205 1973 Dei
3231 1925 3360 1988 ﬁeri,
3394 1925 3459 1977 iis

251 2024 437 2076 unctio
466 2024 574 2092 ejus
598 2023 739 2073 docet
770 2038 859 2075 nos
885 2023 946 2074 de
975 2021 1221 2082 omnibus,
1247 2021 1543 2087 signiﬁcans
1575 2022 1693 2086 quin
1725 2035 1812 2072 ve-

249 2129 356 2167 rax
412 2123 492 2167 est
522 2115 702 2167 eadem
731 2114 926 2175 unctio,
980 2112 1029 2164 id
1059 2122 1157 2178 est,
1191 2117 1300 2180 ipse
1333 2113 1560 2180 Spiritus
1588 2131 1680 2181 qui
1720 2113 1814 2166 do-

253 2213 348 2256 cet
381 2203 641 2266 homines,
677 2203 881 2257 mentiri
914 2219 1014 2254 non
1047 2214 1238 2268 potest.

339 2293 410 2345 Et
440 2292 570 2345 sicut
597 2292 762 2345 docuit
787 2309 893 2355 vos,
918 2305 1106 2344 manete
1125 2294 1175 2344 in
1196 2307 1271 2344 eo.
1299 2288 1558 2345 Doctrinis
1578 2294 1731 2343 variis
1762 2303 1812 2345 et

254 2385 568 2453 peregrinis
619 2383 779 2436 nolite
825 2382 1030 2435 abduci.
1070 2383 1137 2435 Ea
1170 2382 1290 2444 fide,
1342 2398 1405 2434 eo
1436 2383 1534 2434 ritu
1563 2400 1666 2448 quo
1699 2385 1808 2448 ipse

254 2475 471 2538 docuit,
504 2473 556 2525 in
585 2473 673 2524 illo
703 2482 924 2523 manete.
954 2472 1052 2535 Qui
1079 2473 1207 2522 enim
1239 2473 1614 2538 perseveraverit
1649 2487 1804 2538 usque

251 2565 314 2616 in
345 2565 525 2632 ﬁnem,
556 2563 634 2614 hic
661 2563 825 2614 salvus
851 2562 940 2615 erit
972 2560 1176 2628 (Matth.
1207 2561 1370 2628 ιιιν).

336 2652 407 2706 Ει
447 2666 602 2714 nunc,
645 2651 811 2716 ﬁlioli,
845 2661 1034 2703 manete
1064 2651 1113 2702 in
1143 2667 1222 2712 eo,
1267 2659 1318 2701 ut
1349 2666 1458 2702 cum
1502 2650 1808 2718 apparuerit,

256 2749 373 2796 etc.
423 2739 521 2805 Qui
573 2740 718 2792 inter
744 2739 1137 2807 persecutiones
1177 2737 1481 2794 iulidelium,
1534 2738 1664 2786 inter
1697 2734 1810 2786 irri-

258 2831 452 2884 siones
477 2828 761 2880 earnalium
792 2825 1147 2895 proximorum
1179 2835 1454 2892 permanet
1483 2825 1533 2876 in
1569 2824 1806 2886 Domino,

251 2919 508 2974 ﬁduciam
536 2917 693 2969 habet
721 2917 771 2968 in
802 2915 1020 2968 adventu
1042 2915 1176 2982 ejus,
1201 2915 1374 2967 sciens
1413 2915 1531 2981 quia
1563 2912 1810 2979 patientia

252 3023 564 3079 pauperum
597 3021 696 3059 non
731 3005 922 3071 peribit
969 3006 1020 3056 in
1053 3007 1227 3056 linem.
1263 3007 1330 3056 At
1368 3004 1661 3069 quicunque
1690 3018 1806 3055 eru-

255 3098 437 3152 licscit
463 3095 542 3149 vel
569 3094 870 3161 percutienti
902 3106 958 3147 se
1001 3093 1288 3156 maxillam,
1341 3093 1574 3158 prmbere
1606 3101 1658 3143 et
1683 3093 1809 3142 alte-

253 3201 402 3247 ram,
449 3186 533 3239 vel
588 3184 880 3238 convicium
935 3198 964 3236 a
1014 3183 1250 3251 proximo
1299 3181 1498 3234 illatum
1554 3181 1808 3247 patienter

1915 2007 1999 2074 qui
2028 2011 2232 2058 credunt
2259 2007 2309 2057 in
2338 2009 2533 2060 nomine
2556 2009 2664 2075 ejus
2693 2008 2869 2079 (Joan.
2915 2012 2974 2078 ι).
3008 2009 3299 2079 Conjunctu
3328 2026 3453 2079 ergo

1918 2104 2136 2163 utroque
2183 2097 2497 2159 testimonio,
2529 2106 2732 2148 constat
2760 2097 2874 2164 quia
2912 2114 3003 2166 per
3049 2099 3199 2150 (idem
3231 2108 3283 2151 cl.
3326 2100 3453 2152 dile-

1921 2185 2148 2237 ctionem
2199 2185 2292 2236 lilii
2345 2184 2435 2237 Dei
2465 2186 2737 2238 eflicitnur.
2769 2185 2874 2239 Sed
2926 2194 2978 2236 et
3030 2186 3220 2256 Pelagii
3264 2198 3314 2240 et
3347 2188 3456 2241 Arii

1920 2275 2105 2338 dogma
2158 2290 2248 2341 per
2277 2273 2388 2326 1ιςιιε
2433 2276 2828 2327 condemnatur.
2867 2275 3059 2343 Pelagii
3093 2278 3296 2341 quidem
3345 2278 3458 2345 (qui

1923 2362 2099 2416 uicere
2129 2380 2288 2438 ausus
2318 2377 2396 2416 t-st
2441 2365 2680 2418 homines
2710 2370 2821 2419 sine
2852 2367 3016 2433 gratia
3060 2367 3148 2419 Dei
3184 2383 3332 2433 posse
3357 2368 3460 2420 Sal-

1919 2450 2050 2520 vari)
2083 2455 2457 2506 condemnatur
2497 2454 2711 2506 haeresis
2739 2455 2792 2507 in
2821 2470 2884 2526 eo
2914 2456 3049 2522 quod
3076 2456 3268 2508 dicitur
3289 2475 3314 2504 ιι
3350 2457 3454 2507 Deo

1916 2544 2064 2594 nobis
2108 2543 2416 2596 charitatem
2449 2547 2526 2597 vel
2559 2554 2865 2611 potestatem
2908 2547 3041 2612 dari,
3073 2563 3171 2614 qua
3213 2548 3453 2614 adoptio-

1913 2647 2032 2683 nem
2075 2631 2297 2685 liliorum
2330 2635 2663 2700 accipiamus.
2715 2635 2876 2688 Porro
2928 2636 3105 2697 Arius,
3137 2639 3220 2706 qui
3252 2637 3456 2690 dicebat

1913 2720 2164 2772 minorem
2218 2721 2369 2773 l'atre
2408 2736 2468 2774 ac
2497 2721 2806 2775 dissitniTem
2848 2739 2966 2777 esse
3012 2723 3220 2786 Filium,
3254 2725 3455 2777 rel‘elli-

1910 2813 1994 2857 tur
2023 2806 2074 2857 in
2100 2821 2164 2858 eo
2192 2808 2326 2872 quod
2359 2808 2492 2859 idem
2517 2807 2744 2862 Joztnnes
2765 2820 2814 2861 et
2841 2809 2923 2862 hic
2947 2811 3092 2876 dicit,
3123 2811 3327 2864 Patrem
3356 2827 3449 2863 no-

1911 2893 1990 2947 bis
2017 2894 2142 2947 dare
2181 2895 2489 2948 charitatem
2518 2912 2617 2962 qua
2647 2897 2736 2949 lilii
2788 2897 2877 2949 Dei
2928 2901 3258 2952 nominemur
3294 2909 3342 2952 ct
3371 2901 3445 2952 si-

1912 3000 2048 3050 mu~',
2079 2996 2130 3038 et
2162 2985 2211 3038 in
2256 2987 2556 3054 Evangelio,
2592 3002 2682 3052 per
2719 2987 2992 3041 Dominum
3025 2989 3344 3044 Salvatorcm
3377 2995 3447 3043 ait

1913 3083 2222 3141 potestatem
2253 3077 2364 3128 dari
2407 3077 2742 3132 crtdentihus
2789 3080 2919 3131 lilins
2952 3079 3039 3131 Dei
3069 3079 3199 3132 llt'l‘i.
3227 3081 3440 3132 Constat

1912 3163 2050 3216 enim
2081 3167 2231 3217 unius
2274 3165 2580 3218 subsmntiaa
2623 3180 2674 3219 et
2721 3168 2951 3234 ejusdem
2982 3184 3072 3221 eos
3113 3184 3228 3222 esse
3261 3182 3444 3238 puten-

253 3245 508 3337 δησιέηε,
559 3275 639 3324 νει
668 3273 767 3325 alia
820 3245 1178 3339 ιιυίηερέηιοαί
1218 3287 1332 3340 quin
1364 3245 1612 3324 Domini],
1653 3269 1809 3338 jussu
1837 3245 1880 3305 C
1914 3257 2018 3320 tite,
2051 3257 2137 3326 qtti
2164 3258 2430 3325 requaliter
2451 3258 2745 3311 hominibus
2770 3268 2924 3326 atque
2955 3258 3311 3314 indill’erenter
3335 3275 3444 3315 ca)-

263 3367 582 3430 ohservare,
631 3363 710 3416 vel
751 3373 895 3416 certe
936 3363 986 3415 iit
1037 3371 1269 3430 tempore
1310 3361 1687 3430 persecutionis
1717 3375 1810 3428 pti-

253 3455 401 3509 lilice
430 3454 779 3508 Christianum
811 3468 867 3506 se
896 3451 1123 3520 profiteri
1150 3452 1363 3514 metuit,
1413 3452 1518 3502 iste
1564 3450 1806 3501 nimirum

254 3546 513 3600 ﬁduciam
541 3543 589 3596 in
617 3545 836 3596 adventu
869 3541 1068 3596 Domini
1100 3541 1289 3593 habere
1320 3555 1422 3592 non
1459 3547 1656 3607 potest,
1688 3540 1805 3605 quia

257 3634 514 3686 fiduciam
561 3630 898 3698 professionis
938 3629 1129 3696 ejusin
1163 3629 1259 3680 hac
1300 3627 1404 3679 vita
1454 3640 1668 3680 servare
1716 3641 1810 3680 ne-

263 3722 456 3792 glexit.
494 3720 626 3786 Quin
668 3718 835 3788 potius
872 3717 1220 3772 conlundetur
1265 3717 1329 3769 ab
1376 3731 1440 3769 eo
1482 3719 1530 3768 in
1579 3715 1806 3768 adventu

257 3812 405 3878 ejus.
457 3809 586 3862 llinc
609 3822 828 3874 namque
850 3805 1010 3859 dicit:
1044 3806 1140 3870 Qui
1179 3821 1256 3856 me
1293 3803 1544 3856 erubuerit
1591 3813 1637 3857 et
1677 3819 1810 3856 meos

258 3913 542 3958 sermones,
571 3897 701 3947 hunc
730 3894 892 3948 Filius
921 3896 1134 3946 hominis
1155 3897 1431 3956 erubescet,
1480 3911 1592 3946 cum
1626 3895 1809 3946 venerit

262 3992 320 4042 in
376 3991 634 4057 majestate
678 3975 770 4038 sua
810 3995 854 4036 et
903 3981 1072 4035 Putris
1099 3995 1142 4034 et
1184 3994 1469 4034 sanctorum
1507 3983 1806 4051 angelorum

268 4075 427 4145 (Luc.
463 4074 558 4143 ιι).

335 4166 398 4219 Si
428 4165 561 4218 scitis
596 4163 827 4234 quoniam
871 4163 1036 4232 justus
1076 4171 1168 4227 est,
1213 4163 1406 4227 scitote,
1434 4169 1535 4214 etc.
1595 4161 1807 4214 Iustitia

263 4254 450 4308 nostra
482 4256 634 4306 modo
655 4267 716 4306 ex
744 4253 845 4306 ﬁde
869 4260 969 4304 est.
989 4245 1190 4304 Justiti.)
1219 4251 1440 4317 perfecta
1474 4266 1576 4303 non
1606 4260 1685 4302 est
1709 4248 1808 4302 nisi

264 4348 318 4398 in
363 4345 585 4412 angelis,
625 4353 675 4396 et
701 4343 781 4394 vix
829 4342 880 4394 in
924 4343 1138 4403 angelis,
1182 4341 1223 4393 si
1273 4340 1376 4392 Deo
1418 4351 1806 4406 comparentur.

260 4436 467 4488 Tamen
499 4433 542 4485 si
569 4446 676 4499 qua
694 4430 916 4498 perfecta
941 4429 1139 4497 justitia
1166 4422 1247 4482 cst
1273 4431 1561 4482 animarum
1611 4442 1663 4483 et
1694 4434 1807 4496 spi-

263 4523 464 4576 rituum
495 4535 622 4588 quos
652 4519 786 4574 Deus
815 4520 1012 4572 creavit
1052 4520 1101 4571 in
1137 4519 1332 4586 angelis
1377 4529 1428 4571 et
1462 4519 1674 4582 sanctis,
1719 4518 1808 4586 juo

266 4617 392 4679 stis,
436 4621 490 4667 et
533 4600 699 4680 bonis,
747 4614 887 4666 nullo
928 4613 1072 4678 lapsu
1110 4612 1329 4675 aversis,
1382 4611 1516 4662 nulla
1565 4613 1805 4677 superbia

275 4704 609 4770 eadetttihns,
653 4703 743 4755 sed
777 4701 1103 4754 manentibus
1148 4713 1354 4767 semper
1401 4700 1449 4750 itt
1492 4699 1808 4766 contempla-

272 4799 423 4850 tione
443 4794 583 4848 verbi
615 4795 723 4859 Dei,
748 4807 797 4848 et
822 4794 946 4846 nihil
975 4793 1110 4845 aliud
1139 4791 1288 4844 dulce
1312 4789 1620 4843 habentibus
1652 4789 1748 4841 nisi
1777 4804 1808 4842 a

269 4900 380 4954 quo
410 4885 569 4938 creati
599 4894 736 4947 sunt,
771 4884 821 4936 in
852 4883 977 4950 ipsis
1005 4882 1231 4950 perfecta
1253 4879 1454 4949 iustitia
1493 4889 1592 4934 est.
1625 4879 1678 4932 ln
1707 4896 1806 4933 no-

269 4978 355 5031 bis
386 4985 557 5029 autem
595 4989 656 5028 ex
688 4975 788 5027 lide
825 4975 984 5041 cmpit
1029 4988 1146 5026 esse
1191 4972 1476 5026 secundum
1524 4971 1801 5035 Spiritum.

271 5066 427 5123 Unde
455 5065 581 5120 dicit
609 5065 881 5118 Psalmista
905 5081 919 5116 :
953 5062 1164 5129 Incipite
1191 5060 1406 5113 Domino
1427 5060 1476 5112 in
1501 5063 1810 5127 confessione

274 5157 452 5228 (Psal.
481 5156 678 5220 CXLVI).
719 5155 952 5221 Incipite,
993 5154 1176 5222 inquit.
1219 5153 1420 5207 Initium
1453 5149 1666 5219 iustitiae
1715 5167 1807 5204 no-

275 5261 405 5304 stra
435 5255 515 5301 est
541 5244 810 5298 confessio
839 5255 1187 5310 peccatorum.
1230 5241 1446 5308 Coepisti
1479 5256 1579 5294 non
1624 5240 1807 5294 defen-

276 5340 409 5390 dere
441 5341 707 5404 peccatum
739 5340 901 5395 tuum,
933 5330 1033 5397 iam
1065 5331 1316 5384 inchoasti
1343 5331 1613 5398 justitiam.
1648 5329 1814 5382 Perli-

278 5427 452 5481 cietur
481 5434 653 5478 autem
680 5423 732 5476 in
761 5429 832 5486 te,
863 5421 1069 5488 quando
1093 5430 1144 5475 te
1184 5423 1312 5476 nihil
1351 5423 1488 5475 aliud
1515 5421 1684 5475 facere
1711 5421 1809 5474 de-

281 5517 520 5572 lectabit.
571 5513 786 5580 Quando
836 5511 1194 5564 absorbebitur
1253 5526 1394 5565 mors
1449 5514 1500 5564 in
1552 5510 1810 5571 victoria,

281 5605 495 5675 quando
523 5604 664 5658 nulla
713 5599 1132 5668 concupiscentia
1182 5600 1425 5663 titillabit,
1472 5600 1677 5670 quando
1700 5613 1810 5650 non

283 5695 387 5749 erit
414 5693 546 5746 lucta
575 5706 692 5746 cum
717 5705 875 5745 carne
899 5697 952 5744 et
979 5690 1246 5756 sanguine,
1271 5691 1477 5757 quando
1498 5692 1596 5743 erit
1618 5703 1813 5743 corona

286 5781 543 5848 victoria,
567 5792 619 5839 et
648 5783 937 5850 triumphus
965 5780 1028 5836 de
1050 5779 1276 5845 inimico,
1303 5791 1426 5835 tunc
1452 5783 1550 5836 erit
1584 5779 1811 5850 perfecta

1908 3346 2054 3399 lcstla
2094 3348 2230 3399 dona
2263 3349 2516 3400 tribuunt.

1977 3432 2191 3501 Propter
2216 3435 2308 3487 hoc
2339 3435 2547 3486 mundus
2579 3451 2674 3486 non
2714 3437 2843 3486 norit
2874 3452 2980 3498 nos,
3011 3439 3126 3504 quia
3170 3455 3264 3489 non
3309 3440 3442 3489 novit

1907 3538 2036 3574 cum.
2083 3522 2329 3573 Mundum
2361 3523 2459 3573 hoc
2510 3523 2644 3586 Ιοευ,
2686 3523 2863 3575 tttttndi
2906 3535 3164 3578 amatores
3194 3528 3436 3594 appellnt.

1907 3611 1974 3664 Et
2009 3614 2106 3662 hoc
2127 3618 2208 3663 est
2231 3612 2365 3676 quod
2391 3611 2542 3664 iidem
2574 3613 2619 3661 in
2644 3611 2839 3678 judicio
2869 3613 2977 3667 visa
3010 3624 3304 3668 S'IﬂClOl‘Uill
3333 3617 3442 3684 glu-

1905 3701 1980 3752 ria
2010 3717 2227 3765 quorum
2261 3703 2412 3755 lidem
2442 3704 2812 3771 despexerunt,
2849 3707 3027 3760 dicent
3073 3708 3205 3760 intra
3249 3724 3306 3761 se
3351 3725 3444 3776 ge-

1907 3798 2112 3843 mentes
2162 3798 2214 3842 et
2253 3792 2607 3854 pmnileutiam
2646 3807 2894 3859 agentes:
2940 3794 3008 3845 lli
3046 3804 3157 3845 sunt
3193 3812 3315 3863 quos
3351 3799 3450 3846 ali-

1907 3878 2108 3948 quando
2149 3878 2413 3932 habuimus
2441 3881 2492 3931 itt
2519 3880 2759 3946 derisum,
2783 3891 2828 3932 et
2859 3884 2908 3935 itt
2940 3884 3311 3936 similitudinem
3353 3888 3446 3936 im-

1908 3969 2148 4039 properii.
2201 3968 2309 4022 Nos
2352 3970 2584 4022 insensati
2635 3972 2784 4022 vitam
2831 3972 3030 4024 illorum
3076 3973 3442 4027 wstimabamus

1917 4060 2188 4122 insaniam,
2241 4069 2285 4111 et
2336 4061 2483 4126 ﬁnem
2530 4061 2729 4112 illorum
2778 4062 2884 4116 sine
2934 4064 3135 4116 honore.
3184 4066 3444 4127 Quomodo

1905 4150 2174 4216 computati
2202 4159 2316 4201 sunt
2364 4151 2493 4201 inter
2529 4151 2660 4216 [ilius
2709 4151 2818 4215 Dei,
2854 4162 2899 4205 et
2937 4153 3065 4204 inter
3097 4163 3299 4208 sanctos
3335 4172 3454 4212 sor;

1863 4242 2109 4316 .illorum
2139 4252 2209 4294 est
2237 4243 2389 4312 (Sap.
2433 4243 2518 4311 v)?

1979 4332 2293 4399 Charissimi,
2334 4349 2463 4384 nunc
2485 4334 2578 4400 ﬁlii
2613 4333 2703 4385 Dei
2733 4350 2927 4398 sumus,
2958 4345 3001 4388 et
3033 4336 3253 4388 nondum
3295 4353 3452 4405 appa-

1907 4423 2002 4474 ruit
2027 4423 2146 4491 Quid
2178 4424 2380 4474 erimus.
2417 4422 2478 4474 Et
2514 4422 2701 4475 Paulus
2732 4424 2842 4476 ait:
2876 4422 3066 4476 Mortui
3088 4427 3217 4476 enim
3243 4427 3374 4488 estis,
3399 4436 3450 4479 et

1907 4511 2006 4560 vita
2029 4519 2185 4560 vestra
2210 4511 2496 4561 abscondita
2523 4521 2593 4562 est
2617 4525 2727 4562 cum
2780 4509 2978 4563 Christo
3009 4512 3059 4563 in
3087 4510 3439 4580 Deo.(Colost.

1910 4598 2008 4664 ιιι).
2041 4599 2272 4651 Mortuus
2300 4599 2462 4653 fidelis
2489 4609 2570 4653 est
2593 4601 2937 4654 exstinctione
2965 4604 3152 4656 veteris
3190 4603 3309 4654 vita:
3331 4618 3452 4670 quae

1909 4695 2021 4740 erat
2042 4686 2092 4739 in
2121 4689 2366 4754 peccatis,
2397 4701 2448 4741 et
2485 4689 2648 4742 vitam
2681 4690 2878 4741 habens
2906 4703 3094 4742 novam
3150 4689 3199 4742 in
3241 4689 3454 4743 Clu-No

1912 4788 2003 4841 per
2055 4773 2234 4841 (idem,
2272 4776 2422 4844 cujus
2457 4776 2681 4828 altitudo
2720 4775 2948 4830 necdum
2987 4776 3264 4832 visibiliter
3297 4778 3453 4832 nobis

1910 4874 2172 4930 apparuit.

1981 4972 2180 5025 Scimus
2208 4971 2441 5034 quoniam
2468 4987 2579 5024 cum
2608 4974 2917 5042 apparuerit,
2961 4973 3144 5026 similes
3176 4974 3221 5026 ei
3241 4975 3446 5028 erimus.

1912 5060 1975 5112 Et
2021 5059 2118 5111 hoc
2162 5074 2371 5128 quoque
2412 5061 2601 5115 Paulus
2644 5065 2760 5115 aliis
2806 5061 3033 5129 explicat
3059 5064 3271 5117 verbis:
3322 5063 3451 5117 Cum

1915 5143 2142 5202 Christus
2170 5147 2460 5220 (inquiens)
2483 5155 2769 5221 apparuerit
2794 5153 2895 5205 vita
2922 5163 3108 5216 vestra,
3153 5163 3268 5204 tunc
3295 5163 3340 5206 et
3365 5171 3450 5208 vos

1911 5239 2214 5306 apparebitis
2243 5255 2352 5292 cum
2403 5241 2512 5310 ipso
2550 5243 2793 5309 ingloria
2821 5243 3036 5310 (Coloss.
3091 5241 3188 5310 ut).
3234 5241 3452 5297 Similes

1915 5326 2119 5394 (inquit)
2148 5328 2192 5378 ei
2228 5330 2435 5394 erimus,
2459 5332 2578 5398 quia
2633 5346 2752 5385 cum
2800 5332 3144 5401 immutabiles
3170 5339 3222 5385 et
3242 5345 3453 5387 aeterm:

1912 5416 2199 5470 divinitatis
2236 5423 2675 5487 contemplatione
2726 5423 3075 5489 perfruemur,
3124 5437 3216 5476 nos
3245 5437 3452 5490 quoque

1914 5505 2227 5559 immortales
2249 5508 2463 5560 erimus.
2491 5509 2555 5560 Et
2586 5510 2781 5564 similes
2807 5511 3018 5578 quidem
3062 5512 3279 5574 erimus,
3322 5510 3446 5576 quia

1915 5595 2074 5659 beati;
2105 5604 2158 5649 et
2184 5605 2358 5649 tamen
2401 5598 2632 5651 Creatori
2677 5599 2879 5652 similes
2923 5615 3023 5653 non
3064 5601 3276 5662 erimus,
3324 5600 3446 5666 quia

1915 5692 2148 5738 creatura
2176 5699 2387 5752 sumus;
2418 5688 2532 5751 quis
2562 5687 2698 5740 enim
2730 5689 2914 5743 similis
2943 5690 3042 5742 erit
3083 5689 3187 5741 Deo
3224 5689 3358 5742 inter
3381 5689 3443 5740 ti-

1919 5776 2014 5830 lios
2044 5776 2171 5830 Dei?
2212 5775 2515 5845 Quanquam
2547 5779 2713 5846 possit
2739 5779 2837 5834 hoc
2869 5780 3026 5833 etiam
3054 5780 3119 5835 de
3141 5779 3446 5834 immortali-
