3860 6230
484 466 550 519 99
892 463 1090 519 ΒΕῡΑΞ
1132 467 1568 526 VlaNERABlLIS
1603 471 1750 526 ΟΡΡ.
1793 473 1964 529 PARS
2002 474 2009 529 Ι

2115 477 2291 532 SECT.
2334 480 2373 531 Ι.
2412 509 2478 519 -
2519 480 2894 536 EXEGETICA
2932 482 3243 541 GENUIN.\.

3556 488 3647 543 109

486 586 591 628 tate
610 575 845 641 corporis
872 576 1063 628 dictum
1097 578 1277 630 videri.
1310 579 1373 632 Et
1402 582 1450 633 in
1479 580 1575 634 huc
1596 582 1785 650 quippe
1810 584 2009 637 similes
2044 590 2089 648 Α
2116 603 2216 656 que
2265 598 2436 643 autem
2486 590 2819 659 Pelagianum
2872 596 3056 665 dogma
3098 600 3283 665 juvare
3331 603 3645 660 credendum

491 666 688 714 erimus
728 659 858 726 Deo,
906 662 997 714 sed
1048 667 1405 719 tantummodo
1462 667 1611 731 Filio,
1658 672 1744 737 qui
1773 672 1915 724 solus
1960 674 2010 725 in

487 751 745 804 Tiinitate
760 767 947 819 Corpus
971 757 1213 822 suscepit,
1245 758 1294 809 in
1321 774 1423 827 quo
1446 770 1678 815 mortuus
1703 765 2009 829 resurrexit,

486 849 645 904 atque
676 840 722 891 id
752 840 816 891 ad
845 856 1065 908 superna
1091 846 1349 909 provexit.

567 926 811 989 Quoniam
853 928 1122 979 videbimus
1170 946 1279 983 eum
1324 934 1472 986 sicuti
1500 949 1589 989 est.
1624 937 1752 992 Esse
1802 941 1888 993 Dei
1933 949 2014 996 est

491 1023 743 1065 :rternum
784 1016 920 1068 hunc
963 1024 1119 1079 atque
1167 1018 1637 1077 incommutabilem
1682 1042 2010 1092 permanere.

490 1102 635 1155 Unde
655 1106 717 1155 ad
746 1104 957 1171 Moysen
986 1106 1110 1158 dicit
1139 1122 1153 1159 :
1182 1106 1289 1175 Ego
1315 1125 1421 1160 sum
1450 1112 1532 1175 qui
1556 1129 1661 1164 sum
1687 1114 1875 1182 (Exod.
1909 1118 2010 1185 tu);

485 1200 536 1241 et
564 1207 574 1238 ;
611 1187 755 1241 Dices
776 1190 892 1256 ﬁliis
916 1189 1105 1243 Israel:
1128 1192 1225 1255 Qui
1246 1204 1337 1255 est,
1362 1197 1491 1248 misit
1516 1214 1592 1249 me
1611 1200 1677 1249 ad
1700 1216 1785 1252 vos
1807 1200 2011 1271 (Ibid).

490 1275 789 1328 Videbimus
830 1292 951 1344 ergo
978 1292 1094 1330 eum
1125 1279 1271 1332 siculi
1300 1291 1399 1341 est,
1425 1283 1631 1349 quando
1661 1284 1797 1339 hunc
1828 1288 1875 1339 in
1901 1290 2009 1355 ipsa

488 1363 697 1415 deitatis
747 1378 853 1416 sua:
900 1366 1187 1418 substantia
1234 1371 1721 1440 coiitemplabimur,
1778 1378 1912 1442 quod
1963 1376 2013 1432 in

484 1452 579 1503 hac
612 1454 711 1505 vita
758 1454 881 1506 nulli
943 1470 1154 1519 prorsus
1202 1456 1479 1510 electorum
1523 1460 1841 1523 conceditur,
1893 1479 2009 1518 cum

482 1542 637 1592 etiam
670 1542 779 1606 ipse
801 1542 1066 1607 legislator
1098 1545 1367 1598 hominum
1392 1562 1543 1613 quem
1573 1550 1622 1601 in
1645 1552 1872 1618 angelica
1898 1571 2010 1618 spe-

483 1634 562 1684 cie
588 1634 926 1698 cuntemplari
966 1636 1497 1701 solebat'obseeraus,
1526 1640 1705 1693 dicens
1736 1659 1746 1691 :
1784 1645 2014 1707 Domine,

487 1723 685 1773 ostende
714 1724 831 1773 mihi
859 1724 1083 1791 teipsnm,
1114 1733 1164 1775 ut
1197 1726 1386 1778 videam
1413 1737 1459 1779 te
1490 1728 1676 1793 (Exod.
1700 1735 1914 1802 sunt),
1950 1739 2014 1789 ab

484 1812 667 1861 eodem
700 1810 914 1863 Domino
939 1813 1161 1865 audierit
1194 1831 1206 1865 :
1241 1814 1401 1868 Nemo
1436 1820 1614 1870 videbit
1652 1821 1828 1887 faciem
1859 1840 2017 1877 meum

486 1909 532 1949 ct
562 1898 683 1950 vivet
712 1897 918 1967 (lbid.).
962 1900 1057 1952 Cui
1088 1910 1257 1955 tamen
1291 1920 1383 1969 pro
1428 1908 1613 1959 merito
1656 1925 1851 1978 magna:
1884 1930 2005 1965 san-
2042 1902 2087 1960 Β
2125 1924 2258 1990 quod
2287 1897 2563 1993 significatt

490 1986 681 2039 ctitatis
710 1986 816 2038 ait:
851 1988 1119 2039 Ostendam
1148 2006 1289 2042 omne
1317 1994 1497 2044 bonum
1528 1997 1613 2047 tibi
1644 1997 1849 2067 (Ibid).
1884 2002 2013 2056 llinc

483 2086 539 2130 et
568 2077 756 2130 Paulus
796 2079 868 2129 ait
901 2094 916 2131 :
968 2078 1116 2131 Nunc
1146 2083 1362 2137 uidemus
1390 2104 1474 2150 per
1502 2092 1751 2155 speculum
1781 2094 1831 2145 in
1857 2096 2018 2164 (enig-

484 2178 633 2231 mate,
663 2176 779 2218 tunc
822 2176 987 2219 autem
1016 2169 1144 2234 facie
1176 2174 1239 2221 nd
1270 2177 1445 2241 faciem
1476 2175 1527 2245 (1
1559 2178 1675 2231 Cor.
1709 2181 1845 2250 xui).
1876 2183 2024 2239 Unde

487 2261 623 2327 quod
656 2276 961 2327 responsum
985 2272 1060 2315 est
1085 2263 1244 2331 Moysi
1275 2281 1453 2317 verum
1478 2277 1576 2331 est,
1609 2271 1747 2337 quod
1771 2288 1912 2325 nemo
1933 2289 2039 2342 po-g

490 2355 578 2397 test
607 2349 783 2416 faciem
812 2348 904 2400 Dei
930 2350 1092 2404 uidere
1119 2363 1164 2403 et
1185 2354 1339 2404 vivere
1372 2355 1564 2421 (Exod.
1601 2362 1807 2426 ιιιιιιι),
1842 2362 1889 2413 id
1922 2372 2019 2425 est,

484 2450 636 2487 nemo
666 2444 835 2501 potest
879 2451 996 2488 eum
1040 2440 1086 2489 in
1122 2440 1215 2491 hac
1265 2442 1364 2493 vita
1410 2446 1609 2505 vivens,
1645 2449 1823 2502 videre
1869 2452 2021 2505 sicuti

477 2530 579 2573 est.
609 2522 735 2573 Nam
768 2524 913 2576 multi
945 2527 1202 2589 viderunt,
1239 2534 1329 2582 sed
1358 2547 1425 2598 qu
1451 2536 1495 2584 ιιι
1526 2536 1760 2590 voluntas
1791 2538 1877 2591 Dei
1904 2541 2012 2595 cle-

480 2608 573 2676 git,
599 2624 699 2661 non
724 2612 858 2677 quod
884 2622 1064 2665 natura
1109 2615 1369 2669 formavit.
1432 2622 1491 2671 lit
1530 2620 1655 2674 illud
1687 2627 1824 2690 quod
1855 2627 2017 2680 Joan-

485 2714 576 2752 nes
616 2704 687 2753 ait
716 2702 791 2755 sic
842 2718 979 2757 reete
1013 2707 1357 2774 intelligitur:
1412 2709 1750 2779 Dilectissimi,
1785 2718 1878 2777 ﬁlii
1928 2719 2017 2771 Dei

475 2802 661 2848 sumus,
694 2798 736 2838 et
768 2792 991 2843 nondum
1019 2796 1250 2861 apparuit
1280 2798 1399 2862 quid
1428 2802 1628 2852 erimus.
1668 2803 1864 2857 Scimus
1890 2808 2013 2873 quia

479 2889 588 2923 cum
617 2879 923 2943 apparuerit,
954 2882 1135 2933 similes
1179 2884 1223 2934 ei
1250 2885 1452 2948 erimus,
1482 2891 1714 2956 quoniam
1744 2893 2014 2949 videbimus

483 2976 590 3011 eum
632 2965 776 3015 sicuti
835 2975 924 3017 est.
974 2968 1084 3021 Non
1143 2973 1274 3024 sicut
1316 2991 1433 3027 eum
1482 2979 1719 3032 homines
1758 2984 2015 3050 viderunt,

479 3052 691 3115 quando
746 3055 926 3119 voluit,
966 3058 1014 3107 in
1065 3062 1238 3125 specie
1267 3077 1363 3129 qua
1394 3066 1577 3131 voluit,
1622 3084 1722 3120 non
1754 3070 1801 3122 in
1837 3081 2017 3124 natura

485 3158 598 3207 qote
627 3142 677 3197 in
728 3147 1003 3213 semetipso
1049 3153 1202 3203 etiam
1234 3169 1348 3221 cum
1396 3158 1661 3211 videretur
1707 3161 1888 3225 latuit;
1920 3165 2012 3218 sed

483 3235 613 3283 sicut
634 3243 710 3285 est
732 3236 865 3301 quod
894 3239 957 3289 ab
983 3253 1045 3291 eo
1075 3254 1103 3291 a
1148 3242 1322 3310 Moyse
1354 3245 1641 3309 petebatur,
1660 3263 1775 3301 cum
1804 3252 1847 3302 ei
1878 3251 2017 3306 dice-

480 3330 622 3373 retur
652 3340 662 3372 :
699 3323 914 3376 Ostende
962 3328 1086 3380 mihi
1118 3336 1425 3398 temetipsum
1469 3333 1657 3401 (Exod.
1713 3340 1924 3411 xxxttt),
1953 3345 2018 3397 ab

481 3422 544 3459 eo
573 3413 656 3475 qui
683 3427 799 3464 cum
841 3428 905 3466 eo
931 3415 1059 3469 facie
1086 3420 1147 3470 ad
1190 3420 1369 3474 faciem
1401 3424 1725 3493 loquebatur.
1756 3430 1867 3485 Non
1897 3434 2015 3501 quia

487 3502 569 3552 Dei
602 3503 974 3568 plenitudinem
1002 3510 1274 3577 quisquam
1306 3531 1406 3567 non
1447 3519 1615 3573 solum
1639 3524 1802 3577 oculis
1831 3541 2017 3593 corpo-

482 3588 573 3652 ris,
606 3591 696 3642 sed
747 3594 825 3645 vel
882 3594 991 3659 ipsa
1060 3608 1233 3651 mente
1280 3602 1557 3669 aliquando
1601 3614 2011 3675 comprehcndit.

485 3678 639 3729 Aliud
692 3690 771 3732 est
818 3685 955 3736 enim
1015 3685 1208 3751 videre,
1258 3690 1397 3743 aliud
1455 3704 1535 3746 est
1581 3705 1745 3749 totum
1792 3701 2015 3755 videndo

486 3768 949 3832 comprehendere.
1027 3774 1449 3847 Quandoquidem
1517 3782 1567 3835 id
1625 3784 1826 3839 videtur
1874 3791 2010 3855 quod

485 3868 713 3919 presens
758 3870 1017 3931 utcunque
1048 3868 1289 3934 sentitur,
1340 3878 1501 3923 torum
1547 3885 1718 3926 autem
1767 3892 2009 3942 compreo

489 3941 734 3997 henditur
764 3948 986 4003 videndo
1008 3954 1144 4020 quod
1176 3953 1241 4005 ita
1272 3956 1493 4020 videtur,
1524 3970 1580 4011 ut
1619 3962 1743 4014 nihil
1789 3941 1902 4031 ejus
1934 3968 2007 4021 la-

486 4040 596 4083 teat
625 4031 898 4099 videntem,
933 4048 1021 4089 aut
1050 4042 1195 4105 cujus
1236 4044 1364 4096 lines
1407 4047 1729 4115 circumspici
1778 4069 2006 4121 possunt,

486 4121 622 4174 sicut
649 4132 700 4175 te
727 4124 850 4176 nihil
883 4126 1004 4178 latet
1027 4131 1291 4194 praesentis
1317 4134 1592 4191 voluntatis
1623 4150 1741 4194 tute.
1774 4145 2008 4200 Circum-

482 4209 683 4273 spicere
727 4220 896 4264 autem
929 4223 1073 4278 potes
1111 4215 1241 4271 fines
1269 4224 1442 4275 annuli
1474 4228 1566 4281 tui.
1613 4230 1843 4298 Exempli
1887 4250 2006 4301 gru-

480 4295 567 4355 tia,
602 4296 701 4347 duo
733 4300 897 4364 po.~ui,
929 4316 1147 4367 quorum
1190 4306 1409 4362 alterum
1437 4313 1500 4365 ad
1533 4317 1722 4369 mentis
1743 4295 2004 4385 obtutum,

484 4384 701 4437 alterum
751 4388 813 4439 ad
844 4393 1140 4457 corporales
1176 4400 1352 4452 oculos
1398 4405 1635 4468 pertinet.
1684 4408 1831 4460 Visus
1868 4412 2004 4464 enim

484 4474 547 4524 ad
572 4482 844 4543 utrumque
879 4481 1179 4539 referendus
1207 4498 1305 4555 est,
1337 4490 1384 4542 id
1428 4502 1526 4559 est,
1558 4505 1609 4549 et
1636 4497 1699 4548 ad
1730 4500 1907 4551 oculos
1939 4511 1989 4554 et

481 4561 545 4613 ad
588 4574 833 4619 mentem.

554 4650 619 4704 Et
647 4659 800 4709 omnis
841 4663 921 4727 qui
952 4664 1091 4716 habet
1119 4682 1251 4733 spcm
1277 4670 1403 4721 lianc
1450 4673 1497 4721 in
1527 4688 1604 4734 eo,
1634 4678 1909 4742 sanctiﬁcat
1934 4699 2006 4744 se,

477 4749 576 4794 etc.
612 4743 748 4796 Multi
781 4762 835 4800 se
877 4752 1053 4805 dicunt
1096 4770 1240 4819 spem
1289 4758 1480 4810 habere
1510 4762 1626 4821 vita:
1670 4768 1900 4820 rtelestis
1952 4774 2001 4823 in

478 4832 707 4899 Christo,
741 4841 829 4890 sed
863 4842 990 4895 hanc
1019 4848 1398 4902 confessionem
1430 4860 1747 4924 negligenter
1771 4867 2002 4920 vivendo

479 4937 747 4978 cvncuant.
795 4930 1113 4987 Manifestum
1160 4948 1332 4991 autem
1383 4943 1446 4995 de
1504 4961 1560 4998 se
1608 4948 1851 5005 indicium
1896 4961 2002 5021 spei

482 5026 722 5075 supernae
764 5021 995 5083 exhibet,
1043 5028 1125 5091 qui
1172 5030 1319 5082 bonis
1373 5048 1581 5098 operam
1635 5040 1760 5094 dare
1804 5049 2004 5101 actibus

482 5103 675 5167 studet,
718 5120 875 5160 certus
922 5115 1034 5178 quin
1080 5132 1175 5167 non
1222 5120 1364 5171 aliter
1404 5128 1468 5173 ad
1497 5126 1865 5186 similitudinem
1913 5136 2003 5190 Dei

482 5192 590 5255 quis
620 5195 669 5245 in
696 5198 860 5263 futuro
889 5206 1151 5267 perveniet,
1197 5212 1293 5261 nisi
1340 5211 1429 5263 Dei
1457 5221 1766 5274 sanctitatem
1797 5226 1845 5276 in
1874 5242 2001 5291 prm-

481 5280 607 5329 scnti
634 5298 683 5335 se
707 5288 1078 5351 sanctiﬁcando,
1126 5295 1173 5345 id
1204 5308 1303 5360 est,
1335 5302 1636 5371 abnegando
1677 5310 1997 5379 impietatem

480 5375 532 5418 et
558 5373 816 5425 saecularia
846 5376 1120 5443 desideria,
1150 5387 1321 5439 sobrie
1350 5400 1518 5445 autem
1548 5405 1599 5447 et
1633 5373 1770 5462 juste
1812 5415 1864 5456 et
1918 5407 1998 5470 pie

482 5456 699 5511 vivendo
730 5460 972 5517 imitetur.
1010 5468 1098 5522 Sic
1127 5485 1299 5526 autem
1322 5478 1505 5531 divina:
1535 5485 1821 5543 sanctitatis
1852 5508 1998 5546 mun-

479 5546 651 5598 ditiam
684 5562 775 5613 pro
805 5563 991 5607 nostra:
1014 5562 1314 5626 capacitatis
1346 5572 1845 5639 mensurajubemur
1870 5582 1987 5634 imi-

475 5637 591 5699 tari,
625 5642 757 5692 sicut
799 5642 986 5698 divinat
1028 5651 1377 5709 similitudinis
1420 5660 1635 5726 gloriam
1670 5680 1765 5732 pro
1793 5680 1990 5735 nostra,

474 5722 524 5775 id
564 5739 664 5793 est,
692 5742 940 5787 creaturae
982 5751 1217 5795 mensura
1263 5761 1470 5813 sperare
1498 5756 1847 5824 praecipimur.
1888 5761 1993 5814 Ne-

2117 688 2215 742 est,
2244 682 2377 748 quod
2408 681 2594 735 dicitur
2615 683 2681 737 de
2719 685 2926 739 homine
2947 687 3242 756 Sanctificat
3274 708 3347 753 se.
3379 695 3529 761 quasi
3562 698 3642 750 ali-

2116 768 2231 836 quis
2259 771 2372 823 sine
2395 769 2569 825 divino
2594 772 2788 827 auxilio
2820 790 2910 841 per
2937 776 3154 831 liberum
3183 781 3455 834 arbitrium
3489 789 3648 850 possit

2117 871 2175 908 se
2199 859 2539 914 sanctiﬁcare.
2579 862 2679 917 Sed
2710 864 2794 931 qui
2826 865 2984 919 habet
3012 882 3159 934 spem
3203 871 3250 922 in
3278 870 3503 926 Domino
3529 891 3647 927 sau-

2117 949 2306 1000 ctiﬁcat
2334 964 2393 1002 se
2418 963 2666 1018 quantum
2700 962 2871 1019 potest
2910 956 3020 1021 ipse
3063 959 3299 1024 nitendo,
3328 970 3382 1014 et
3419 964 3535 1031 ejus
3565 982 3648 1030 per

2118 1041 2288 1089 omnia
2319 1042 2534 1106 gratiam
2564 1042 2862 1109 flagitando,
2884 1045 2969 1110 qui
2996 1046 3068 1099 ait
3098 1064 3109 1098 :
3146 1047 3267 1101 Sine
3295 1066 3371 1101 me
3398 1052 3527 1103 nihil
3552 1071 3640 1119 po-

2118 1131 2249 1180 testis
2301 1133 2464 1197 facere
2522 1130 2696 1200 (Joan.
2755 1134 2873 1201 xv);
2923 1138 3076 1204 eique
3126 1138 3390 1193 dicendo:
3438 1143 3648 1212 Adjutor

2117 1229 2252 1265 meus
2281 1226 2399 1280 esto,
2448 1234 2506 1269 nc
2534 1220 2848 1288 derelinquas
2876 1239 2952 1276 me
2998 1222 3166 1293 (Psal.
3209 1230 3378 1294 xxVI).

2194 1301 2365 1353 Omnis
2394 1306 2476 1371 qni
2505 1306 2624 1371 facit
2647 1319 2917 1375 peccatum,
2935 1321 2977 1363 et
2996 1313 3311 1379 iniquitatem
3333 1319 3473 1381 facit.
3496 1317 3651 1372 Nemo

2124 1388 2261 1441 diettt
2291 1407 2301 1441 :
2330 1391 2470 1444 aliud
2497 1401 2579 1447 est
2599 1406 2885 1463 peccatum,
2917 1399 3056 1452 aliud
3089 1401 3351 1469 iniquitas.
3378 1405 3542 1459 Nemo
3581 1408 3654 1461 di-

2120 1491 2238 1530 cat:
2275 1479 2382 1548 Ego
2406 1492 2648 1547 peceator
2673 1500 2810 1548 sum,
2837 1488 2927 1539 sed
2960 1488 3162 1557 iniquus
3188 1508 3288 1543 non
3319 1508 3452 1545 sum.
3486 1497 3650 1549 Ouini:

2121 1569 2251 1622 cnim
2271 1570 2357 1634 qui
2385 1571 2504 1637 facit
2530 1586 2804 1640 peccatum,
2831 1588 2875 1627 et
2902 1580 3203 1645 iniquitatem
3226 1583 3368 1646 facit,
3393 1589 3509 1651 quia
3544 1603 3652 1650 puc-

2120 1666 2290 1706 catum
2321 1667 2403 1709 est
2434 1660 2693 1726 iniquitas.
2731 1664 2901 1717 Virtus
2934 1667 3083 1733 hujus
3133 1674 3409 1725 sententia:
3454 1675 3651 1728 facilius

2122 1744 2171 1796 in
2196 1745 2367 1813 lingua
2396 1746 2714 1815 Graecorum,
2742 1768 2837 1819 qua
2870 1756 3005 1807 edita
3038 1767 3115 1809 est
3144 1758 3394 1825 Epistola,
3421 1777 3651 1830 compre-

2123 1833 2383 1902 henditur,
2411 1837 2665 1905 siquidem
2696 1843 2831 1908 apud
2861 1860 2947 1897 eos
2978 1847 3209 1914 iniquitas
3230 1851 3407 1921 ἀνομία
3422 1867 3647 1919 vocatur,

2568 1934 2694 1996 μιυεί
2717 1944 2892 1986 contra
2915 1936 3074 2004 legem
3097 1942 3170 1991 vel
3190 1941 3301 1993 sine
3320 1944 3427 2011 lege
3442 1945 3646 2008 lacttno,

2123 2013 2373 2081 siquidem
2407 2019 2485 2068 lea:
2528 2018 2708 2073 Grzece
2737 2023 2885 2093 νόμος
2910 2027 3214 2091 appellatur.
3236 2029 3361 2082 Cum
3390 2047 3513 2100 ergo
3533 2034 3649 2087 dicit

2122 2101 2367 2165 Joannes,
2406 2109 2524 2172 quia
2553 2112 2713 2162 onmis
2740 2115 2822 2179 qui
2846 2114 2965 2179 facit
2988 2127 3258 2182 peccatum,
3279 2129 3325 2170 et
3348 2122 3645 2190 iniquitatem

2122 2193 2263 2259 facit,
2297 2197 2392 2249 hoc
2422 2210 2500 2251 est
2526 2202 2748 2269 ἀνομίαν,
2780 2214 2832 2256 ει
2862 2220 3123 2272 peceatum
3154 2224 3231 2263 εει
3260 2211 3521 2279 iniquitas,
3546 2232 3645 2268 ma-

2125 2284 2312 2339 nifeste
2343 2288 2569 2345 insinuat
2596 2295 2712 2360 quia
2740 2311 2893 2348 omne
2920 2300 3168 2368 quidquid
3204 2319 3500 2371 peccamus,
3529 2324 3644 2361 con-

2125 2380 2198 2424 tra
2233 2373 2393 2441 legem
2428 2378 2516 2429 Dei
2548 2378 2950 2452 facimus,juxta
2975 2388 3053 2437 illa
3091 2390 3375 2447 Psalnristm
3404 2414 3415 2445 :
3451 2396 3642 2449 Pram-

2122 2462 2335 2514 ricantcs
2364 2468 2582 2531 reputavi
2604 2486 2769 2524 omnes
2785 2487 3057 2541 peccatores
3082 2490 3225 2533 terra’
3249 2483 3413 2551 (Psal.
3441 2492 3640 2557 cum).

2122 2550 2312 2605 Omnes
2335 2556 2471 2609 enim
2508 2559 2596 2625 qui
2632 2576 2845 2628 pezcaut
2903 2572 3336 2632 prtevaricatiunis
3383 2580 3454 2631 rei
3505 2593 3638 2643 sunt,

2127 2638 2227 2691 hoc
2253 2654 2353 2706 est,
2380 2660 2478 2696 non
2512 2650 2678 2701 solum
2712 2652 2783 2703 illi
2815 2656 2899 2717 qui
2931 2657 3100 2709 datam
3127 2662 3223 2711 sibi
3274 2665 3478 2732 scripta:
3525 2670 3639 2736 legis

2120 2727 2388 2784 scientiam
2414 2724 2781 2803 contemnunt,
2811 2744 2905 2795 sed
2944 2756 2994 2796 et
3051 2748 3120 2799 illi
3172 2751 3260 2816 qui
3306 2753 3638 2810 innocentiam

2119 2813 2248 2884 legis
2274 2823 2522 2876 naturalis
2552 2841 2701 2889 qttam
2728 2830 2776 2881 in
2802 2838 3118 2900 protoplasto
3134 2856 3313 2893 omnes
3335 2847 3635 2910 accepimus,

2120 2909 2228 2960 sive
2258 2908 2573 2977 infirmitate,
2605 2918 2712 2968 sive
2761 2922 3097 2990 negligentia,
3150 2930 3261 2995 sive
3306 2933 3461 2987 etiam
3502 2938 3638 3003 igno-

2118 2998 2304 3063 rantia,
2333 3015 2691 3071 corrumpunt.
2726 3012 2827 3064 Sed
2854 3027 2901 3067 et
2954 3016 3187 3074 Latinum
3241 3040 3427 3080 nomen
3478 3031 3637 3085 eidem

2119 3088 2303 3140 rationi
2332 3094 2588 3161 coogiuit,
2614 3100 2747 3163 quod
2778 3102 3019 3173 iniquitas
3076 3115 3221 3174 quasi
3272 3120 3502 3183 tnquitali
3553 3122 3634 3173 ad-

2120 3189 2265 3229 versa
2309 3194 2651 3249 nuncupatur,
2680 3191 2869 3257 quique
2900 3192 3019 3249 facit
3063 3211 3349 3268 peceatum,
3378 3216 3430 3259 et
3462 3209 3634 3276 iniqui-

2119 3274 2274 3317 tatem
2308 3270 2444 3333 lacit,
2477 3282 2527 3323 et
2561 3289 2823 3340 peccatum
2853 3294 2930 3336 est
2978 3286 3239 3355 iniquitas.
3278 3296 3403 3361 Quia
3436 3304 3635 3368 quicuo-

2116 3369 2215 3419 que
2246 3369 2426 3421 peccat
2465 3367 2754 3422 contrarius
2782 3371 3021 3429 nimirum
3050 3383 3280 3447 mquitati
3303 3367 3488 3443 divinae
3519 3393 3633 3459 legis

2117 3446 2376 3506 peccando
2396 3450 2597 3506 existit.
2635 3456 2843 3520 Verum,
2878 3479 2939 3516 ne
2970 3484 3085 3532 nos,
3110 3474 3195 3538 qui
3224 3481 3443 3540 peccatis
3471 3492 3520 3532 et
3552 3484 3632 3533 ini-

2114 3533 2396 3599 quitatibus
2426 3541 2487 3593 ad
2525 3559 2707 3608 purum
2740 3564 2924 3605 carere
2969 3560 3268 3629 nequimus,
3318 3582 3524 3632 prorsus
3552 3573 3633 3623 ‘de

2113 3624 2279 3676 salute
2299 3627 2648 3699 desperemus,
2686 3638 2944 3697 iideamus
2973 3624 3107 3714 quod
3146 3624 3379 3720 sequitur
3425 3658 3489 3713 de
3543 3660 3631 3713 Do-

2182 3799 2246 3852 Et
2272 3806 2403 3857 scitis
2428 3812 2661 3875 quoniam
2706 3817 2792 3869 ille
2815 3826 3065 3886 apparuit,
3091 3837 3141 3879 ut
3166 3842 3366 3895 peccata
3421 3840 3621 3897 tolleret,

2110 3900 2209 3941 etc.
2242 3889 2349 3945 Hoc
2372 3904 2423 3946 et
2450 3898 2678 3955 Joannes
2709 3905 2933 3973 Baptista
2966 3916 3318 3974 testimonium
3358 3926 3627 3988 perhibetis

2110 3977 2174 4030 de
2199 3980 2413 4035 Domino
2439 3988 2508 4040 ait
2539 4008 2553 4043 :
2584 3990 2709 4046 Ecce
2736 3998 2903 4066 Agnus
2934 4001 3043 4068 Dci,
3076 4024 3186 4061 ecce
3211 4014 3299 4079 qui
3360 4018 3483 4068 tollit
3528 4036 3628 4083 pec-

2110 4082 2218 4121 cata
2241 4076 2431 4127 mundi.
2466 4079 2583 4131 lde‘o
2613 4094 2786 4137 autem
2811 4103 3019 4154 peetata
3046 4076 3230 4154 tollere
3259 4108 3421 4169 potuit
3468 4107 3627 4158 Domi-

2109 4172 2225 4222 nus,
2253 4163 2370 4227 quia
2403 4164 2673 4231 peccatum
2702 4175 2748 4225 in
2780 4189 2841 4227 eo
2867 4194 2966 4230 non
2989 4194 3089 4235 est.
3119 4163 3287 4242 Tote—t
3311 4195 3434 4245 tanti
3480 4198 3627 4247 homi-

2109 4259 2199 4299 nes
2242 4248 2567 4307 inmundum
2603 4271 2791 4315 venere
2847 4269 3074 4335 perfecti,
3101 4275 3192 4327 sed
3238 4291 3417 4332 eorum
3472 4284 3624 4335 nullus

2110 4349 2315 4399 peccata
2349 4344 2531 4397 tollere
2562 4349 2724 4413 potuit
2764 4356 2961 4415 mundi,
2995 4362 3111 4425 quia
3139 4366 3311 4420 nullus
3359 4372 3469 4422 sine
3515 4387 3622 4437 pec-

2108 4432 2223 4474 cato
2254 4440 2373 4479 esse
2402 4438 2567 4495 potuit
2589 4434 2638 4486 in
2669 4443 2879 4493 mundo.
2906 4444 3014 4497 Non
3040 4463 3163 4518 ergo
3189 4455 3441 4519 glorietur
3493 4432 3623 4510 Dela-

2037 4548 2086 4605 D
2109 4512 2240 4579 gius,
2274 4532 2371 4567 ιιοιι
2402 4536 2457 4573 se
2487 4524 2720 4580 Julianus
2752 4532 2863 4595 ejus
2892 4548 3116 4592 seetator
3164 4546 3395 4608 extollat,
3424 4556 3623 4601 audens

2108 4606 2225 4669 quia
2248 4610 2407 4660 omnis
2437 4613 2520 4676 qui
2549 4614 2691 4693 liabet
2713 4634 2845 4684 spem
2875 4623 2926 4675 in
2974 4626 3189 4682 Domino
3234 4638 3507 4703 sanctiﬁcat
3558 4657 3619 4690 se.

2107 4692 2268 4747 Nemo
2298 4702 2438 4751 enim
2473 4704 2603 4757 tollit
2624 4692 2854 4775 peccata,
2881 4733 2993 4784 qua:
3025 4733 3117 4774 nec
3148 4721 3224 4776 lex
3254 4729 3489 4790 quamvis
3515 4743 3621 4779 s.:n-

2107 4793 2185 4832 cta
2216 4794 2268 4835 et
2294 4788 2427 4851 justa
2455 4802 2507 4843 et
2533 4795 2665 4847 bOna
2698 4803 2858 4864 potuit
2888 4807 3117 4871 auferre,
3149 4812 3243 4863 nisi
3299 4815 3383 4866 ille
3439 4816 3484 4866 in
3530 4833 3620 4881 quo

2108 4886 2373 4935 peceatum
2416 4895 2516 4932 non
2546 4893 2645 4935 est.
2674 4884 2825 4941 Tollit
2851 4906 3042 4959 autem,
3067 4910 3118 4951 et
3163 4902 3473 4959 dimittenda
3518 4928 3617 4975 qua:

2106 4960 2237 5011 facta
2270 4976 2407 5027 sunt,
2438 4975 2488 5018 et
2516 4970 2808 5037 adjuvando
2838 4997 2899 5033 ne
2926 4986 3071 5051 liant,
3092 4999 3142 5041 et
3188 4960 3614 5058 perducendo'ad

2106 5048 2264 5101 vitam
2296 5052 2378 5103 ubi
2410 5053 2519 5107 lieri
2542 5062 2749 5117 omnino
2781 5084 2877 5121 non
2903 5048 3113 5137 possint.

2177 5137 2347 5194 Omnis
2371 5146 2454 5211 qui
2483 5146 2535 5199 in
2563 5166 2618 5202 eo
2646 5170 2827 5219 manet,
2858 5178 2951 5213 non
2980 5178 3164 5228 peccat.
3218 5169 3269 5223 In
3299 5187 3541 5241 quantum
3572 5182 3612 5228 in

2102 5243 2163 5281 eo
2186 5244 2375 5296 manet,
2410 5238 2459 5289 in
2484 5248 2679 5295 tantum
2705 5263 2805 5299 non
2831 5266 3027 5317 peccat.

2173 5316 2235 5368 Et
2266 5325 2422 5376 omnis
2446 5330 2530 5391 qui
2553 5345 2722 5396 peccat
2744 5352 2839 5387 non
2866 5342 2982 5394 vidit
3002 5360 3132 5409 eum,
3150 5364 3238 5399 nec
3252 5356 3470 5418 Cognovit
3491 5373 3609 5407 cum.

2105 5405 2364 5462 Visionem
2397 5415 2517 5467 dicit
2548 5428 2601 5470 et
2624 5425 2969 5489 cognitionem
3019 5434 3163 5504 ﬁdei,
3195 5453 3293 5501 qua
3309 5405 3443 5505 justi
3470 5458 3609 5497 etimit

2103 5495 2151 5545 in
2184 5496 2276 5549 hac
2298 5501 2399 5551 vita
2424 5502 2585 5557 Deum
2618 5510 2792 5565 videre
2812 5495 3160 5585 delectantur,
3184 5495 3351 5579 donec
3375 5530 3438 5581 ad
3463 5533 3608 5597 ipsam

2101 5587 2326 5648 speciem
2350 5603 2540 5655 aperta:
2566 5596 2776 5655 visionis
2801 5604 2911 5671 ejus
2935 5608 2982 5659 in
3012 5608 3182 5660 futuro
3208 5617 3527 5683 perveniant,
3552 5623 3609 5674 de

2098 5688 2193 5736 qua
2222 5690 2375 5743 supra
2401 5680 2613 5738 dicitur:
2641 5688 2885 5755 Quoniam
2909 5696 3174 5751 videbimus
3200 5716 3310 5753 cum
3332 5707 3477 5757 sicuti
3528 5725 3605 5763 ιρι.

2102 5763 2270 5819 Omnis
2283 5784 2400 5838 ergo
2412 5776 2495 5839 qui
2508 5792 2691 5843 peccat,
2709 5796 2802 5834 non
2816 5782 2933 5838 vidit
2947 5802 3075 5851 cum,
3092 5805 3176 5842 nec
3187 5808 3287 5862 cog.
3300 5797 3409 5850 cui!
3421 5816 3542 5851 eum.
3564 5805 3608 5853 Si
