3860 6230
175 490 266 547 ,οέ
1330 489 1390 544 IN
1432 492 1446 542 Ι
1489 488 1868 544 EPISTULAM
1908 491 1964 545 S.
2005 483 2304 579 JUANNIS.

3284 501 3387 556 10?.

171 603 306 658 enim
347 609 611 671 gustasset
653 607 708 656 et
730 600 944 656 vidisset
966 615 1120 670 quam
1150 602 1326 656 suavis
1353 615 1432 657 est
1467 604 1715 657 Dominus
1749 602 1798 662 A
1825 604 1935 659 Non
1964 619 2134 659 autem
2167 608 2276 660 hrc
2302 607 2367 660 de
2397 609 2538 661 omni
2570 618 2780 674 peccato
2802 608 2930 664 dicit
2959 627 2971 663 :
2997 613 3039 664 si
3065 614 3199 666 enim
3230 616 3346 668 dixe
3367 647 3386 658 ο

169 693 340 760 (Prol.
377 694 567 756 sum)
594 732 609 757 ,
640 706 965 760 nequaquam
1013 708 1070 746 se
1108 693 1370 760 peccando
1417 710 1446 747 a
1499 694 1722 747 videnda

169 785 282 853 ejus
303 785 474 852 gl0ria
507 793 830 852 segregaret.
871 784 948 837 Et-
965 783 1014 836 in
1060 793 1311 851 quantum
1355 784 1480 852 justi
1522 800 1723 838 memo-

170 878 298 930 riam
321 875 658 928 abundantize
679 875 950 928 suavitatis
967 873 1080 944 ejus
1099 885 1358 939 eructant,
1379 885 1430 928 et
1452 875 1501 928 in
1517 873 1720 944 justitia

171 966 281 1030 ejus
309 963 583 1017 exsultant
607 961 776 1032 (Psal.
806 964 1004 1032 cxuv),
1035 963 1086 1017 iu
1126 973 1326 1016 tantum
1355 979 1414 1018 se
1436 979 1464 1017 a
1496 966 1723 1032 peccatis

166 1051 481 1106 abstinendo
497 1052 711 1120 justitiai
743 1051 857 1119 ejus
883 1051 1291 1106 incommutabili
1316 1060 1369 1106 et
1401 1052 1725 1120 incompara-

166 1140 256 1194 bili
306 1140 634 1194 concordare
663 1146 923 1207 satagunt.
1711 1128 1718 1134 ’

232 1227 438 1294 Filioli,
470 1245 612 1282 nemo
638 1244 722 1281 vos
752 1228 975 1282 seducat.
1005 1227 1104 1293 Qui
1154 1227 1275 1296 facit
1308 1228 1582 1297 justitiam,
1613 1231 1722 1294 ius-

163 1328 240 1371 tus
263 1327 357 1379 est.
379 1327 485 1372 etc.
507 1319 568 1372 Et
591 1332 746 1387 supra
773 1335 785 1369 :
808 1317 1102 1384 Sanctiﬁcat
1124 1333 1198 1383 se,
1225 1315 1408 1384 inquit,
1433 1319 1557 1368 sicut
1575 1328 1621 1370 et
1639 1318 1723 1369 ille

165 1416 368 1460 sanctus
392 1415 488 1462 est.
515 1406 627 1460 Non
650 1405 788 1474 quod
819 1415 994 1460 nostra
1017 1405 1218 1472 justitia
1251 1406 1328 1458 vel
1359 1407 1612 1458 sanctitas
1642 1405 1719 1458 di-

164 1495 293 1547 vina:
343 1510 441 1562 par
484 1509 603 1548 esse
646 1495 836 1553 valeat.
884 1509 1002 1546 cum
1051 1492 1300 1560 scriptum
1331 1492 1442 1544 sit:
1487 1492 1603 1544 Non
1650 1503 1720 1545 est

162 1594 363 1641 sanctus
393 1595 448 1636 ut
474 1595 543 1638 est
565 1583 813 1638 Dominus
841 1584 892 1654 (Ι
931 1584 1053 1654 Reg.
1085 1582 1182 1652 ιι),
1210 1583 1301 1637 sed
1332 1584 1469 1637 sicut
1499 1584 1719 1637 multum

161 1676 380 1728 interest
409 1677 548 1729 inter
568 1673 754 1730 faciem
775 1675 1001 1729 hominis
1018 1685 1071 1728 et
1095 1675 1375 1743 imaginem
1398 1675 1461 1728 de
1482 1675 1712 1742 speculo,

162 1767 276 1835 quia
305 1768 484 1836 imago
504 1777 585 1821 est
617 1768 665 1821 in
695 1767 1010 1832 imitatione,
1055 1779 1246 1832 corpus
1297 1768 1348 1819 in
1391 1767 1634 1829 veritate,
1664 1774 1718 1819 ει

164 1868 334 1911 tamen
367 1860 510 1912 sicut
542 1859 624 1913 hic
653 1859 814 1924 oculi,
841 1859 917 1912 sic
945 1869 999 1911 et
1051 1857 1119 1910 ibi
1145 1875 1158 1908 :
1188 1857 1364 1925 dispar
1422 1868 1593 1910 tamen
1639 1866 1717 1911 est

164 1962 267 2010 res,
300 1949 394 2001 sed
427 1949 565 2001 sicut
603 1949 667 2002 ad
693 1948 1088 2002 similitudinem
1122 1948 1375 2010 refertur,
1408 1947 1474 2000 ita
1521 1956 1576 2001 et
1621 1962 1716 2002 nos

163 2037 416 2091 habemus
445 2037 656 2105 quidem
686 2037 966 2105 imaginem
993 2036 1106 2101 Dei,
1136 2036 1227 2089 sed
1260 2050 1363 2088 non
1391 2036 1529 2088 illam
1562 2051 1718 2103 quam

160 2126 313 2179 habet
342 2127 511 2180 Filios
535 2127 752 2192 atqualis
801 2125 959 2179 Patri.
1009 2125 1138 2179 Nam
1189 2134 1241 2179 et
1287 2140 1380 2177 nos
1427 2141 1519 2193 pro
1565 2127 1720 2179 modo

161 2227 359 2279 nostro,
395 2217 443 2269 si
471 2231 574 2268 non
606 2216 740 2269 sicut
769 2215 857 2268 ille
879 2229 1136 2277 essemus,
1163 2229 1226 2267 es
1259 2215 1400 2266 nulla
1447 2224 1610 2281 parte,
1643 2215 1717 2267 si-

159 2312 306 2365 miles
335 2312 657 2364 diceremur.
693 2310 833 2378 Ergo
855 2309 1147 2362 sanctificat
1173 2323 1289 2372 nos,
1320 2310 1455 2360 sicut
1501 2317 1556 2360 et
1604 2309 1716 2374 ipso

158 2412 365 2453 sanctus
393 2408 495 2454 cst.
527 2398 629 2453 Sed
653 2399 742 2453 ille
770 2407 984 2451 sanctus
1041 2396 1351 2458 aeternitate,
1406 2409 1499 2448 nos
1547 2396 1716 2450 sancti

159 2490 275 2543 fide.
307 2491 443 2544 Justi
493 2503 698 2556 sumus,
740 2472 876 2541 sicut
926 2497 979 2541 et
1011 2488 1294 2553 illejnstns
1321 2498 1420 2538 est.
1470 2485 1570 2538 Sed
1626 2485 1714 2539 ille

161 2583 206 2632 in
238 2581 347 2647 ipsa
371 2576 786 2632 incomtnutabili
813 2576 1177 2645 perpetuitate,
1200 2574 1432 2643 nosjnsti
1451 2574 1713 2628 credendo

160 2671 207 2722 in
237 2685 355 2722 eum
385 2683 543 2738 quem
590 2685 694 2721 non
722 2668 981 2732 videmus,
1011 2675 1067 2717 ut
1111 2665 1390 2732 aliquando
1422 2663 1709 2716 videamus.

224 2758 318 2824 Qui
346 2761 468 2827 facit
487 2767 764 2824 peccatum,
793 2771 856 2808 ea:
874 2754 1070 2806 diabolo
1095 2762 1188 2806 est.
1218 2752 1329 2804 Non
1352 2751 1528 2804 carnis
1556 2749 1712 2818 origi-

157 2863 268 2902 nem
291 2849 537 2903 ducendo
563 2863 629 2902 ex
659 2847 885 2910 diabolo,
902 2845 1037 2899 sicut
1061 2844 1375 2900 Maniclizeus
1402 2843 1710 2910 impiissime

155 2940 218 2992 de
255 2939 460 2992 cunctis
511 2938 680 2991 credit
732 2936 1052 2998 hominibus,
1102 2935 1193 2988 sed
1241 2934 1581 2986 imitationem
1628 2933 1707 2986 vel

155 3029 542 3094 suggesdonetn
566 3024 813 3093 peccandi
839 3024 903 3077 ab
940 3024 1028 3075 illo
1050 3023 1330 3085 sumendo,
1358 3024 1620 3089 quomodo
1656 3031 1707 3075 et

156 3130 246 3169 nos
266 3116 356 3168 lilii
386 3115 608 3168 Abrahte
631 3126 812 3166 sumus
838 3112 956 3165 facti
983 3111 1231 3164 imitando
1256 3111 1409 3164 fidem
1456 3111 1703 3162 Abrahae.

157 3205 481 3259 Etecontra
525 3204 716 3268 Judtei,
765 3202 856 3255 lilii
912 3202 1158 3265 Abt-alite,
1206 3201 1498 3253 deserendo
1549 3201 1700 3251 iidem

155 3296 395 3358 Abrahte,
424 3296 543 3348 l'acti
575 3304 700 3348 sunt
731 3294 823 3348 ﬁlii
855 3293 1070 3354 diaboli,
1095 3293 1303 3345 dicente
1348 3289 1411 3343 ad
1458 3304 1549 3343 eos
1600 3291 1702 3342 Uo-

154 3386 292 3436 tnino
319 3401 332 3435 :
377 3382 476 3436 Vos
502 3399 561 3436 ea:
585 3395 728 3452 patre
753 3384 952 3435 diabolo
982 3382 1097 3434 estis
1126 3379 1302 3449 (lc-an.
1330 3382 1467 3447 vin).

219 3475 469 3540 Quoniam
497 3474 558 3526 ab
588 3475 730 3526 initio
757 3473 988 3525 diabolus
1010 3479 1200 3538 peccat.
1250 3469 1379 3522 Cum
1423 3467 1703 3536 pratmitte-

155 3574 230 3617 ret
255 3566 316 3615 ab
341 3565 508 3625 initio.
532 3563 802 3630 subjunxit
831 3566 1044 3616 verbum
1104 3559 1378 3626 praesentis
1430 3559 1698 3623 temporis,

153 3664 337 3718 peccat.
368 3653 500 3718 Quia
529 3669 592 3706 ex
616 3668 719 3719 quo
742 3652 808 3704 ab
839 3652 990 3704 initio
1010 3651 1168 3717 cmpit
1188 3649 1426 3702 diabolus
1457 3662 1694 3715 peccare,

153 3757 410 3810 nunquam
447 3743 626 3808 desiit,
653 3756 748 3795 nec
799 3742 1136 3809 praesentium
1186 3740 1385 3792 scilicet
1428 3752 1698 3804 pinnarum

152 3833 462 3885 enormitate
491 3847 586 3886 nec
631 3833 920 3884 futurarum
953 3841 1094 3885 metu
1141 3839 1418 3884 coercitus.
1453 3827 1604 3882 Unde
1633 3842 1697 3880 ex

154 3921 234 3973 illo
253 3922 368 3987 jnre
391 3936 513 3974 esse
539 3922 748 3985 dicitur,
769 3923 1002 3989 quisquis
1025 3937 1053 3973 a
1080 3921 1344 3989 peccando
1368 3935 1424 3973 se
1451 3933 1698 3972 revocare

152 4011 376 4078 negligit.
403 4009 484 4072 Ab
505 4007 654 4062 initio
682 4020 856 4062 autem
886 4010 1126 4063 diabolus
1176 4019 1378 4075 peccat,
1405 4009 1492 4060 illo
1521 4007 1697 4075 utique

151 4113 250 4166 quo
279 4099 392 4166 ipse
442 4098 609 4152 factus
647 4107 746 4164 est,
775 4114 878 4166 quo
920 4099 1078 4153 etiam
1129 4110 1484 4152 creaturarum
1539 4101 1698 4163 coepit

151 4189 292 4258 origo
318 4197 648 4241 cunctarum.
677 4187 856 4256 Neque
885 4191 1026 4242 enim
1055 4188 1398 4241 dubitandum
1429 4198 1508 4241 est
1560 4189 1695 4238 inter

149 4280 337 4348 primas
359 4290 628 4334 creaturas
656 4282 866 4348 angelos
896 4294 1014 4334 esse
1069 4278 1328 4341 conditos,
1360 4277 1450 4331 sed
1485 4279 1694 4330 caeteris

150 4371 210 4422 ad
239 4371 441 4423 laudem
465 4367 725 4422 Creatoris
754 4371 977 4436 gloriam
1027 4384 1135 4422 suae
1189 4368 1506 4420 conditionis
1557 4366 1691 4420 refc-

151 4460 375 4514 rentibus
394 4499 410 4523 ,
445 4459 532 4513 ille
561 4461 646 4526 qui
673 4461 870 4526 primus
900 4467 979 4512 est
999 4456 1257 4518 conditus,
1282 4471 1402 4508 mox
1439 4466 1494 4507 ut
1516 4457 1690 4508 altitu-

1830 695 1983 747 rimus
2009 698 2241 763 quoniam
2271 706 2522 764 peccatum
2553 714 2649 750 non
2674 697 2933 764 habemus,
2965 718 3054 754 nos
3109 703 3244 772 ipsos
3302 722 3384 756 se-

1831 785 2057 838 ducimus
2085 786 2137 854 (Ι
2165 785 2320 838 Joan.
2351 789 2426 852 t),
2475 788 2565 839 sed
2613 787 2677 840 de
2731 787 3015 844 violatione
3066 791 3342 844 charitatis
3367 833 3386 857 ,

1831 887 1987 939 quam
2019 878 2106 942 qui
2137 889 2318 929 semen
2353 876 2464 940 Dei,
2497 877 2544 928 id
2571 884 2672 941 εει,
2703 879 2916 931 verbum
2948 879 3064 943 Dei,
3104 896 3210 944 quo
3234 895 3385 933 rena-

1832 970 1917 1014 tus
1946 970 2050 1023 est,
2084 962 2134 1014 in
2163 977 2221 1016 se
2271 964 2444 1023 habet.
2495 963 2824 1018 committere
2873 980 2975 1018 non
3030 976 3222 1034 potest.
3277 969 3380 1023 lloc

1827 1052 1964 1104 enim
1986 1054 2250 1118 sequendo
2278 1055 2596 1120 manifestat,
2628 1055 2808 1108 dicens
2839 1070 2854 1110 :

1896 1139 1962 1193 In
1990 1143 2081 1195 hoc
2108 1143 2359 1210 manifesti
2383 1153 2496 1195 sunt
2523 1144 2619 1210 ﬁlii
2661 1143 2754 1196 Dei
2795 1156 2841 1196 et
2877 1144 2974 1211 ﬁlii
3021 1145 3231 1209 diaboli,
3263 1155 3376 1202 etc.

1829 1233 2046 1288 Dilectio
2073 1250 2197 1301 ergo
2219 1234 2324 1286 sola
2349 1234 2600 1288 discernit
2630 1235 2765 1289 inter
2795 1235 2929 1289 filios
2982 1234 3074 1289 Dei
3133 1245 3186 1289 et
3241 1235 3379 1290 filios

1825 1323 2042 1376 diaboli.
2070 1323 2166 1389 Qui
2198 1324 2391 1376 habent
2417 1324 2756 1387 charitatem,
2792 1326 2902 1377 nati
2954 1336 3080 1378 sunt
3131 1341 3196 1380 ex
3253 1327 3378 1379 Deo.

1823 1412 1922 1476 Qui
1955 1428 2059 1466 non
2109 1413 2322 1476 habent,
2355 1429 2456 1467 non
2506 1423 2628 1468 sunt
2675 1415 2778 1468 nati
2831 1395 3068 1468 ex'Deo.
3119 1415 3380 1485 Quidquid

1826 1506 1902 1560 vis
1935 1507 2084 1570 habe,
2110 1507 2210 1561 hoc
2240 1509 2412 1561 solum
2441 1509 2485 1564 si
2511 1524 2614 1562 non
2643 1510 2857 1574 habeas,
2883 1511 3008 1562 nihil
3028 1511 3115 1565 tibi
3143 1512 3376 1579 prodest.

1825 1595 1938 1647 Alia
1970 1596 2013 1648 si
2064 1609 2165 1648 noo
2216 1595 2430 1658 habeas,
2467 1598 2565 1649 hoc
2613 1596 2766 1662 habe,
2801 1606 2852 1650 et
2901 1599 3124 1664 implesti
3182 1600 3374 1666 legem.

1822 1684 1918 1749 Qui
1949 1684 2084 1737 enim
2108 1684 2275 1752 diligit
2305 1686 2622 1752 proximum,
2651 1687 2817 1755 legem
2849 1686 3107 1752 implevit-
3163 1686 3227 1741 Et
3256 1687 3369 1756 ple-

1825 1772 2007 1825 nitodo
2030 1772 2158 1841 legis
2183 1782 2266 1825 est
2291 1774 2540 1826 charitas.

1894 1861 2146 1924 Quoniam
2164 1863 2267 1914 hinc
2290 1875 2360 1914 est
2378 1863 2694 1914 annuntiatio
2722 1879 2872 1929 quant
2893 1863 3106 1914 audistis
3127 1866 3186 1915 ab
3209 1865 3376 1930 initio,

1823 1960 1873 2002 ut
1902 1951 2126 2021 diligatis
2147 1951 2485 2027 alterutrum.
2528 1953 2743 2006 Dicente
2801 1952 3024 2005 Domino
3070 1973 3083 2008 :
3131 1953 3249 2006 Hoc
3300 1964 3375 2007 est

1825 2051 2126 2109 pra'crptum
2155 2058 2334 2104 meum,
2368 2051 2420 2093 ut
2450 2042 2673 2106 diligatis
2711 2042 2918 2095 invicem
2949 2042 3121 2112 (Joan.
3155 2044 3261 2111 xv).

1893 2131 2012 2186 Non
2038 2137 2166 2186 sicut
2192 2132 2338 2196 Cain,
2369 2135 2454 2199 qui
2481 2149 2543 2186 ex
2566 2133 2783 2203 maligno
2812 2145 2939 2198 erat,
2986 2143 3087 2187 etc.
3138 2133 3370 2202 Exponit

1820 2224 2083 2292 quomodo
2107 2240 2164 2274 cr
2197 2226 2425 2292 maligno
2455 2235 2565 2275 erat
2588 2224 2736 2287 Cain,
2765 2223 2883 2289 quia
2917 2224 3155 2276 videlicet
3178 2236 3230 2277 et
3263 2225 3376 2288 ipse

1820 2314 2039 2381 maligna
2065 2313 2288 2364 habebat
2319 2328 2495 2378 opera.
2524 2310 2660 2379 Ergo
2705 2312 2789 2364 ubi
2837 2322 2917 2364 est
2959 2312 3175 2376 invidia,
3219 2327 3370 2366 amor

1819 2402 2081 2456 fraternus
2111 2417 2228 2456 esse
2254 2417 2354 2454 non
2391 2411 2592 2466 potest;
2625 2401 2715 2454 sed
2751 2411 3014 2467 peccatum
3049 2402 3282 2469 maligni,
3320 2403 3372 2455 id

1815 2502 1916 2555 cst,
1952 2478 2172 2555 diaboli,
2204 2503 2283 2544 est
2313 2493 2362 2542 in
2396 2502 2608 2557 pectore
2633 2490 2739 2552 tali,
2765 2492 2885 2555 quia
2911 2500 2963 2543 et
2990 2491 3229 2544 diabolus
3279 2493 3375 2544 lio-

1817 2579 2008 2632 tnincm
2045 2578 2324 2631 invidendo
2353 2579 2525 2644 ejecit.
2575 2578 2741 2644 Opera
2767 2592 2890 2642 ergo
2911 2578 3050 2644 justa
3083 2578 3235 2644 Abel,
3267 2594 3370 2632 non

1813 2670 1939 2721 dicit
1962 2669 2058 2722 nisi
2087 2669 2417 2722 charitatcin.
2450 2671 2619 2735 Upera
2650 2665 2784 2718 mala
2807 2665 2952 2731 Cain,
2989 2681 3089 2719 non
3117 2666 3242 2719 dicit
3271 2668 3368 2722 nisi

1811 2761 1985 2813 odium
2018 2760 2325 2811 fraternum.
2361 2759 2546 2810 Parum
2575 2767 2655 2810 est
2678 2757 2793 2822 quia
2818 2754 2928 2810 odit
2953 2755 3167 2809 fratrem
3191 2770 3365 2821 suum,

1811 2863 1862 2908 et
1894 2851 2091 2905 invidet
2114 2852 2360 2918 cperibns
2391 2851 2540 2902 bonis
2585 2849 2720 2917 (sic).
2782 2849 2912 2902 llinc
2943 2851 3118 2915 itaque
3162 2847 3363 2902 discer-

1811 2953 2001 2994 nuntur
2032 2941 2290 2992 hornines.
2351 2939 2512 2992 Nrmo
2541 2941 2771 2990 attendat
2803 2941 3021 3007 linguas,
3065 2939 3156 2992 sed
3207 2939 3360 2992 facta.

1810 3031 1913 3081 (Zur
1936 3031 1976 3082 si
2002 3046 2101 3081 non
2136 3029 2301 3080 benef:
2325 3029 2426 3079 ciat
2449 3044 2539 3091 pro
2573 3028 2817 3080 l‘ratnbus
2842 3031 2969 3088 suis,
2994 3025 3219 3079 ostendit
3240 3027 3362 3092 quid

1809 3121 1858 3171 itt
1887 3134 1943 3171 se
1976 3119 2194 3170 habeat?
2227 3119 2622 3169 'l'cnlatiunilius
2654 3116 2937 3182 probantur
2969 3114 3223 3166 homines.

1879 3205 2051 3258 Nolite
2089 3207 2282 3266 mirari,
2318 3207 2514 3272 fratres,
2539 3208 2582 3256 si
2605 3206 2708 3256 odit
2735 3220 2818 3254 nos
2844 3204 3079 3253 mundus.
3106 3202 3348 3254 Mundum

1808 3295 2084 3347 dilectores
2142 3296 2315 3346 mumli
2373 3296 2519 3348 dicit.
2585 3295 2686 3345 Nec
2731 3292 3024 3345 mirandum
3075 3289 3212 3355 quod
3264 3292 3361 3350 qui

1805 3393 1981 3437 amant
2007 3385 2253 3435 mundum
2287 3383 2495 3435 fratrem
2521 3398 2548 3434 a
2577 3381 2751 3434 mundi
2801 3394 2980 3431 amore
3029 3386 3358 3444 separatum,

1802 3482 1856 3526 et
1883 3472 2182 3525 cmleSIibus
2214 3482 2412 3522 tantum
2441 3471 2715 3522 desideriis
2744 3469 3021 3527 intentum,
3043 3480 3218 3518 amare
3249 3481 3351 3518 non

1804 3570 2037 3626 possunt.
2066 3558 2398 3612 Abominatio
2428 3569 2508 3611 est
2556 3559 2692 3610 enim
2747 3553 3008 3625 peccaturi
3067 3553 3270 3622 religio,
3301 3564 3360 3608 ut

1801 3649 2068 3717 Scriptura
2101 3661 2340 3702 testatur.

1870 3738 1979 3791 Nos
2001 3740 2181 3793 scimus
2206 3740 2322 3807 quia
2354 3737 2582 3790 translati
2607 3751 2778 3788 sumus
2808 3735 2872 3787 de
2900 3743 3056 3786 morte
3087 3735 3155 3786 ad
3177 3735 3349 3798 vitam,

1797 3832 2032 3897 quoniam
2055 3831 2307 3898 diligimus
2335 3829 2535 3898 fratres.
2561 3827 2722 3878 Nemo
2737 3841 2794 3878 se
2817 3826 2882 3878 de
2909 3824 3184 3887 virtutibus
3212 3825 3347 3877 falso

1798 3919 2052 3982 extollat,
2106 3935 2259 3973 nemo
2306 3934 2514 3972 suarum
2567 3917 2754 3970 virium
2804 3923 3160 3984 paupertatem
3214 3916 3347 3969 ultra

1797 4011 2006 4062 modum
2040 4011 2281 4062 metiatur
2311 4027 2320 4060 :
2349 4020 2584 4074 apertum
2616 4009 2702 4060 dat
2746 4007 3021 4073 judicium,
3050 4006 3346 4072 quicunque

1795 4095 2022 4150 fraterna
2054 4100 2341 4151 dilectione
2372 4101 2557 4166 plenus
2581 4106 2680 4162 est,
2707 4098 2844 4164 quod
2873 4097 2937 4149 ad
2967 4107 3161 4150 sortem
3209 4097 3348 4150 elec-

1796 4197 1963 4238 torum
1996 4187 2242 4252 pcrtinet,
2259 4188 2375 4254 quia
2401 4189 2692 4254 portionem
2717 4187 2906 4240 habere
2929 4185 2978 4237 in
3004 4195 3137 4239 terra
3164 4187 3352 4239 viven-

1798 4277 1923 4328 tium
1955 4275 2163 4327 meruit.

1833 4379 1839 4384 '
1869 4365 1965 4429 Qui
1988 4380 2081 4416 non
2099 4365 2281 4433 diligit,
2301 4374 2464 4416 manet
2488 4365 2535 4414 in
2559 4371 2730 4415 morte.
2753 4362 2969 4416 Mortem
2992 4360 3176 4412 animus
3198 4361 3344 4413 dicit.

1798 4457 1982 4507 Anima
2025 4453 2161 4506 enim
2208 4469 2325 4522 qua:
2372 4454 2681 4520 peccaverit,
2737 4453 2844 4520 ipsa
2904 4451 3176 4504 morietur.
3232 4449 3344 4502 Vita

148 4549 316 4604 dinem
375 4563 487 4602 sure
541 4550 799 4604 claritatis
842 4551 1075 4616 aspexit,
1121 4560 1300 4601 contra
1350 4547 1687 4600 Conditorem
1722 4577 1773 4634 Β
1798 4546 1990 4613 quippe
2011 4538 2186 4595 carnis"
2211 4544 2400 4606 anima,
2432 4544 2532 4595 vita
2561 4546 2747 4595 anima:
2779 4542 2914 4594 Deus
2939 4552 3038 4595 est.
3071 4543 3206 4593 Mors
3231 4555 3342 4592 cor-

148 4653 262 4693 cum
293 4641 401 4692 suis
420 4641 734 4705 sequacibus
755 4642 1012 4706 superbus
1043 4637 1304 4701 intumuit,
1331 4650 1527 4702 perque
1548 4650 1688 4688 eam-
1721 4699 1724 4701 Α

152 4731 262 4784 deni
292 4731 590 4799 superbiam
625 4729 692 4780 ab
723 4731 869 4781 initio
896 4741 1142 4796 peccans,
1176 4727 1240 4780 de
1291 4725 1604 4793 archangelo
1635 4726 1686 4779 in

153 4821 403 4875 diabolum
433 4830 513 4875 est
539 4834 739 4873 versus.

218 4911 280 4962 In
310 4918 400 4962 hoc
428 4910 662 4978 apparuit
694 4907 860 4960 Filius
887 4906 998 4972 Dei,
1032 4917 1085 4960 ut
1113 4905 1348 4960 dissolvat
1375 4920 1525 4974 opera
1577 4905 1688 4958 dia-

156 5001 268 5054 boli.
297 5001 490 5054 Omnes
513 5009 816 5068 peccatores
835 5013 902 5050 ex
929 4999 1138 5052 diabolo
1165 4999 1270 5051 nati
1301 5005 1422 5049 sunt
1453 4998 1500 5049 in
1523 5011 1687 5064 quau-

156 5103 256 5145 tnm
287 5101 608 5160 peccatores.
639 5091 799 5144 Adam
825 5105 852 5142 a
883 5090 990 5143 Deo
1021 5090 1184 5145 lactus
1205 5098 1317 5154 est;
1365 5088 1455 5142 sed
1477 5090 1688 5157 quando

158 5183 416 5236 consensit
442 5181 672 5242 diabolo,
699 5195 762 5233 ex
784 5180 995 5233 diabolo
1025 5189 1176 5233 natus
1205 5191 1305 5245 est,
1337 5190 1388 5232 et
1419 5181 1548 5232 tales
1575 5193 1687 5230 om-

161 5287 246 5325 nes
275 5272 448 5340 genuit
468 5268 635 5335 qualis
662 5277 797 5320 erat.
819 5267 1080 5321 Nativitas
1105 5268 1190 5322 illa
1214 5269 1405 5336 dejecit
1434 5268 1497 5320 ad
1547 5282 1688 5320 mor-

162 5369 293 5424 tem;
340 5362 579 5414 nativitas
605 5356 854 5420 secunda,
883 5358 933 5410 id
961 5368 1062 5421 est,
1107 5357 1372 5426 baptismi,
1404 5358 1572 5412 erexit
1619 5356 1682 5409 ad

162 5448 330 5503 vitam.
361 5449 609 5502 Nativitas
636 5445 722 5498 illa
755 5445 913 5498 trahit
938 5461 1116 5500 secum
1150 5456 1453 5516 peccatum;
1485 5448 1680 5500 nativi-

168 5546 239 5589 tas
264 5541 482 5592 secunda
515 5537 697 5591 liberat
722 5550 750 5587 a
780 5543 1013 5601 peccsito.
1047 5537 1168 5591 ideo
1196 5540 1336 5592 enim
1363 5537 1506 5590 venit
1532 5538 1682 5589 Chri-

168 5639 269 5682 stus
295 5631 470 5693 homo,
501 5640 557 5682 ut
577 5630 806 5682 solveret
835 5637 1045 5693 peccata
1101 5629 1404 5693 hominum;
1464 5628 1528 5683 de
1580 5644 1683 5696 qua

167 5715 406 5771 solutione
434 5730 571 5773 recte
596 5717 830 5772 subditur
859 5733 872 5769 :

235 5811 393 5865 Omnis
419 5813 503 5882 qui
527 5820 670 5864 natus
697 5817 766 5862 est
795 5825 856 5862 ex
885 5807 990 5864 Deo
1019 5818 1270 5878 peccatum
1297 5826 1394 5864 non
1412 5810 1556 5879 facit,
1573 5817 1677 5864 etc.

1800 4634 1941 4700 poris
1993 4633 2231 4684 amittere
2285 4632 2545 4697 spiritum,
2581 4645 2720 4682 mors
2757 4642 2838 4683 est
2892 4632 3077 4682 anima.-
3108 4633 3344 4683 amittere

1801 4724 1979 4775 Deum.
2008 4722 2153 4777 Unde
2181 4731 2401 4784 Constat,
2424 4720 2561 4788 quod
2592 4722 2641 4772 in
2671 4721 2840 4772 anima
2871 4722 3058 4772 mortui
3082 4734 3264 4771 omnes
3289 4721 3340 4772 in

1797 4812 1929 4866 hanc
1971 4815 2134 4867 lucem
2183 4812 2463 4877 nascimur,
2499 4811 2764 4862 trahentes
2797 4824 2859 4861 ex
2892 4810 3054 4862 Adam
3085 4810 3337 4877 originale

1796 4915 2087 4970 peccatum,
2118 4903 2206 4956 sed
2256 4901 2447 4952 Christi
2498 4901 2659 4967 gratia
2709 4899 2945 4950 fidelibus
2983 4900 3337 4966 regeneraiido

1791 4991 1979 5058 agitur,
2006 5001 2060 5044 ut
2089 4991 2136 5044 in
2165 4991 2332 5043 anima
2356 4989 2527 5040 vivere
2555 4987 2772 5054 possint.
2795 4987 2984 5038 Verum
3013 4986 3340 5054 baptismatis

1792 5090 1850 5133 et
1881 5081 1998 5133 fidei
2030 5082 2334 5148 mysterium
2363 5077 2465 5130 illis
2493 5076 2824 5130 solummodo
2855 5075 3086 5143 prodest,
3121 5076 3234 5128 illos
3275 5078 3339 5129 de

1793 5179 1984 5222 morte
2014 5171 2224 5221 attrahit
2257 5170 2320 5222 ad
2353 5170 2509 5221 vitam
2552 5168 2636 5234 qui
2669 5168 2869 5219 sincera
2901 5175 3074 5219 mente
3118 5164 3338 5232 diligunt

1791 5259 2189 5325 t'iatres.Atque
2213 5260 2328 5312 ideo
2353 5260 2636 5313 notandum
2668 5258 2804 5327 quod
2837 5272 2938 5309 non
2968 5257 3038 5308 ait
3065 5272 3078 5307 :
3111 5256 3207 5318 Qui
3233 5273 3332 5308 non

1788 5348 1959 5415 diligit
1989 5356 2240 5402 venturus
2281 5359 2362 5404 est
2392 5352 2442 5412 in
2487 5358 2732 5412 mortem,
2762 5346 2908 5417 quasi
2937 5346 3001 5398 de
3030 5359 3181 5412 pcena
3218 5361 3334 5411 per-

1789 5451 1939 5507 petua
1960 5440 2278 5507 loqueretur,
2294 5458 2407 5510 qua
2425 5452 2585 5496 restat
2610 5438 2969 5510 peccatoribus
2996 5441 3045 5492 in
3078 5437 3332 5497 futurum,

1786 5535 1877 5588 sed
1904 5534 1990 5600 qui
2019 5550 2116 5585 non
2144 5534 2335 5603 diligit,
2364 5535 2547 5602 inquit,
2576 5544 2739 5587 manet
2766 5535 2815 5587 in
2847 5545 3021 5587 morte.
3050 5534 3100 5586 In
3130 5533 3209 5586 illa
3243 5531 3337 5584 uti-

1785 5637 1886 5690 que
1912 5632 2098 5683 morte,
2121 5623 2189 5674 de
2216 5638 2315 5688 qua
2357 5622 2514 5675 etiam
2547 5623 2596 5674 in
2630 5624 2726 5675 hac
2753 5623 2880 5688 vita,
2907 5623 2950 5676 si
2987 5621 3172 5675 fratres
3203 5636 3322 5686 per-

1787 5718 1915 5770 lecte
1953 5724 2172 5775 amaret,
2202 5726 2482 5781 exsurgere
2511 5723 2704 5781 posset.
2738 5712 2869 5766 Ilinc
2907 5711 3100 5765 etenim
3145 5711 3333 5763 dicitur

1786 5808 1837 5863 in
1866 5801 2175 5872 Apocalypsi
2214 5817 2227 5855 :
2255 5801 2438 5857 Beatus
2468 5812 2512 5857 et
2541 5813 2744 5859 simctus
2787 5804 2869 5871 qui
2897 5801 3042 5857 habet
3067 5811 3254 5870 partem
3285 5801 3336 5851 in
