  <div class='ocr_page' id='page_1' title='image "/cluster/home/n/w/nwhite01/storage/ocr_20150623/92-93/uva.x000827076/581.png"; bbox 0 0 3860 6230; ppageno 0'>
   <div class='ocr_carea' id='block_1_1' title="bbox 540 375 637 428">
    <p class='ocr_par' dir='ltr' id='par_1_1' title="bbox 540 375 637 428">
     <span class='ocr_line' id='line_1_1' title="bbox 540 375 637 428; baseline 0 -1"><span class='ocrx_word' id='word_1_1' title='bbox 540 375 637 428; x_wconf 68' lang='grc'><strong>103</strong></span> 
     </span>
    </p>
   </div>
   <div class='ocr_carea' id='block_1_2' title="bbox 940 370 3678 431">
    <p class='ocr_par' dir='ltr' id='par_1_2' title="bbox 940 370 3678 431">
     <span class='ocr_line' id='line_1_2' title="bbox 940 370 3678 431; baseline 0.002 -6"><span class='ocrx_word' id='word_1_2' title='bbox 940 372 1137 426; x_wconf 76' lang='grc' dir='ltr'><strong>ΒΕΟΑΞ</strong></span> <span class='ocrx_word' id='word_1_3' title='bbox 1178 371 1618 426; x_wconf 76' lang='lat' dir='ltr'><strong>VENE-RABILIS</strong></span> <span class='ocrx_word' id='word_1_4' title='bbox 1654 372 1799 424; x_wconf 79' lang='lat' dir='ltr'>UPP.</span> <span class='ocrx_word' id='word_1_5' title='bbox 1843 372 2012 425; x_wconf 77' lang='lat' dir='ltr'><strong>PARS</strong></span> <span class='ocrx_word' id='word_1_6' title='bbox 2049 372 2112 428; x_wconf 68' lang='lat' dir='ltr'><strong>il.</strong></span> <span class='ocrx_word' id='word_1_7' title='bbox 2151 370 2340 426; x_wconf 80' lang='lat' dir='ltr'><strong>SECT.</strong></span> <span class='ocrx_word' id='word_1_8' title='bbox 2384 371 2423 424; x_wconf 91' lang='lat' dir='ltr'><strong>l.</strong></span> <span class='ocrx_word' id='word_1_9' title='bbox 2464 400 2528 409; x_wconf 92' lang='lat'><strong>—</strong></span> <span class='ocrx_word' id='word_1_10' title='bbox 2567 370 2950 425; x_wconf 76' lang='lat' dir='ltr'><strong>EXEGETICA</strong></span> <span class='ocrx_word' id='word_1_11' title='bbox 2989 370 3307 428; x_wconf 67' lang='lat' dir='ltr'><strong>GENUINA.</strong></span> <span class='ocrx_word' id='word_1_12' title='bbox 3608 379 3678 431; x_wconf 77' lang='lat' dir='ltr'><strong>lllt</strong></span> 
     </span>
    </p>
   </div>
   <div class='ocr_carea' id='block_1_3' title="bbox 534 479 3676 553">
    <p class='ocr_par' dir='ltr' id='par_1_3' title="bbox 534 479 3676 553">
     <span class='ocr_line' id='line_1_3' title="bbox 534 479 3676 553; baseline -0 -17"><span class='ocrx_word' id='word_1_13' title='bbox 534 486 893 537; x_wconf 70' lang='lat' dir='ltr'><strong>resurrectione</strong></span> <span class='ocrx_word' id='word_1_14' title='bbox 929 482 1089 549; x_wconf 81' lang='lat' dir='ltr'><strong>prima</strong></span> <span class='ocrx_word' id='word_1_15' title='bbox 1118 481 1295 549; x_wconf 74' lang='lat' dir='ltr'><strong>(Apoc.</strong></span> <span class='ocrx_word' id='word_1_16' title='bbox 1325 480 1445 548; x_wconf 79' lang='lat' dir='ltr'><strong>xx);</strong></span> <span class='ocrx_word' id='word_1_17' title='bbox 1482 480 1529 531; x_wconf 92' lang='lat' dir='ltr'><strong>in</strong></span> <span class='ocrx_word' id='word_1_18' title='bbox 1562 480 1641 531; x_wconf 98' lang='lat' dir='ltr'><strong>his</strong></span> <span class='ocrx_word' id='word_1_19' title='bbox 1675 481 1901 533; x_wconf 87' lang='lat' dir='ltr'><strong>secumla</strong></span> <span class='ocrx_word' id='word_1_20' title='bbox 1935 494 2077 532; x_wconf 72' lang='lat' dir='ltr'><strong>mors</strong></span> <span class='ocrx_word' id='word_1_21' title='bbox 2108 484 2153 540; x_wconf 77' lang='grc' dir='ltr'>Α</span> <span class='ocrx_word' id='word_1_22' title='bbox 2182 494 2285 530; x_wconf 90' lang='lat' dir='ltr'><strong>non</strong></span> <span class='ocrx_word' id='word_1_23' title='bbox 2317 479 2471 541; x_wconf 88' lang='lat' dir='ltr'><strong>valet,</strong></span> <span class='ocrx_word' id='word_1_24' title='bbox 2504 480 2707 533; x_wconf 88' lang='lat' dir='ltr'><strong>etiamsi</strong></span> <span class='ocrx_word' id='word_1_25' title='bbox 2739 495 2871 546; x_wconf 80' lang='lat' dir='ltr'><strong>Opus</strong></span> <span class='ocrx_word' id='word_1_26' title='bbox 2901 481 3197 534; x_wconf 74' lang='lat' dir='ltr'><strong>dilectionis</strong></span> <span class='ocrx_word' id='word_1_27' title='bbox 3232 482 3486 548; x_wconf 78' lang='lat' dir='ltr'><strong>proximis</strong></span> <span class='ocrx_word' id='word_1_28' title='bbox 3514 482 3676 553; x_wconf 73' lang='lat' dir='ltr'><strong>llllpen.</strong></span> 
     </span>
    </p>
   </div>
   <div class='ocr_carea' id='block_1_4' title="bbox 537 575 1182 639">
    <p class='ocr_par' dir='ltr' id='par_1_4' title="bbox 537 575 1182 639">
     <span class='ocr_line' id='line_1_4' title="bbox 537 575 1182 639; baseline -0.008 -12"><span class='ocrx_word' id='word_1_29' title='bbox 537 592 639 627; x_wconf 85' lang='lat' dir='ltr'><strong>nun</strong></span> <span class='ocrx_word' id='word_1_30' title='bbox 670 575 823 626; x_wconf 85' lang='lat' dir='ltr'><strong>habet</strong></span> <span class='ocrx_word' id='word_1_31' title='bbox 852 580 1182 639; x_wconf 73' lang='lat' dir='ltr'><strong>potestatein.</strong></span> 
     </span>
    </p>
   </div>
   <div class='ocr_carea' id='block_1_5' title="bbox 607 657 2075 724">
    <p class='ocr_par' dir='ltr' id='par_1_5' title="bbox 607 657 2075 724">
     <span class='ocr_line' id='line_1_5' title="bbox 607 657 2075 724; baseline -0.003 -11"><span class='ocrx_word' id='word_1_32' title='bbox 607 664 779 713; x_wconf 83' lang='lat' dir='ltr'><strong>Omnis</strong></span> <span class='ocrx_word' id='word_1_33' title='bbox 824 663 907 724; x_wconf 90' lang='lat' dir='ltr'><strong>qui</strong></span> <span class='ocrx_word' id='word_1_34' title='bbox 954 660 1056 712; x_wconf 87' lang='lat' dir='ltr'><strong>odit</strong></span> <span class='ocrx_word' id='word_1_35' title='bbox 1101 661 1311 721; x_wconf 75' lang='lat' dir='ltr'><strong>fratrem</strong></span> <span class='ocrx_word' id='word_1_36' title='bbox 1357 676 1533 720; x_wconf 85' lang='lat' dir='ltr'><strong>suum,</strong></span> <span class='ocrx_word' id='word_1_37' title='bbox 1576 658 1824 710; x_wconf 73' lang='lat' dir='ltr'><strong>homicida</strong></span> <span class='ocrx_word' id='word_1_38' title='bbox 1885 667 1972 710; x_wconf 88' lang='lat' dir='ltr'><strong>est.</strong></span> <span class='ocrx_word' id='word_1_39' title='bbox 2023 657 2075 710; x_wconf 75' lang='lat' dir='ltr'><strong>Si</strong></span> 
     </span>
    </p>
   </div>
   <div class='ocr_carea' id='block_1_6' title="bbox 534 744 2074 817">
    <p class='ocr_par' dir='ltr' id='par_1_6' title="bbox 534 744 2074 817">
     <span class='ocr_line' id='line_1_6' title="bbox 534 744 2074 817; baseline -0.003 -15"><span class='ocrx_word' id='word_1_40' title='bbox 534 751 902 802; x_wconf 86' lang='lat' dir='ltr'><strong>contemnebat</strong></span> <span class='ocrx_word' id='word_1_41' title='bbox 946 751 1219 817; x_wconf 84' lang='lat' dir='ltr'><strong>quisquam</strong></span> <span class='ocrx_word' id='word_1_42' title='bbox 1260 746 1438 798; x_wconf 90' lang='lat' dir='ltr'><strong>odium</strong></span> <span class='ocrx_word' id='word_1_43' title='bbox 1487 747 1795 809; x_wconf 85' lang='lat' dir='ltr'><strong>fraternum,</strong></span> <span class='ocrx_word' id='word_1_44' title='bbox 1831 744 2074 812; x_wconf 78' lang='lat' dir='ltr'><strong>nunquid</strong></span> 
     </span>
    </p>
   </div>
   <div class='ocr_carea' id='block_1_7' title="bbox 446 820 2074 901">
    <p class='ocr_par' dir='ltr' id='par_1_7' title="bbox 446 820 2074 901">
     <span class='ocr_line' id='line_1_7' title="bbox 446 820 2074 901; baseline -0.004 -11"><span class='ocrx_word' id='word_1_45' title='bbox 446 820 449 823; x_wconf 7' lang='grc' dir='ltr'>ἤ</span> <span class='ocrx_word' id='word_1_46' title='bbox 534 850 585 890; x_wconf 88' lang='lat' dir='ltr'><strong>et</strong></span> <span class='ocrx_word' id='word_1_47' title='bbox 618 839 949 892; x_wconf 75' lang='lat' dir='ltr'><strong>homicidium</strong></span> <span class='ocrx_word' id='word_1_48' title='bbox 980 839 1031 890; x_wconf 86' lang='lat' dir='ltr'><strong>in</strong></span> <span class='ocrx_word' id='word_1_49' title='bbox 1060 840 1219 889; x_wconf 88' lang='lat' dir='ltr'><strong>corde</strong></span> <span class='ocrx_word' id='word_1_50' title='bbox 1250 851 1345 887; x_wconf 90' lang='lat' dir='ltr'><strong>suo</strong></span> <span class='ocrx_word' id='word_1_51' title='bbox 1377 845 1770 901; x_wconf 76' lang='lat' dir='ltr'><strong>contempturus</strong></span> <span class='ocrx_word' id='word_1_52' title='bbox 1800 832 1920 887; x_wconf 88' lang='lat' dir='ltr'><strong>est?</strong></span> <span class='ocrx_word' id='word_1_53' title='bbox 1960 833 2074 884; x_wconf 76' lang='lat' dir='ltr'><strong>Nati</strong></span> 
     </span>
    </p>
   </div>
   <div class='ocr_carea' id='block_1_8' title="bbox 537 921 2072 987">
    <p class='ocr_par' dir='ltr' id='par_1_8' title="bbox 537 921 2072 987">
     <span class='ocr_line' id='line_1_8' title="bbox 537 921 2072 987; baseline -0.005 -7"><span class='ocrx_word' id='word_1_54' title='bbox 537 938 709 980; x_wconf 89' lang='lat' dir='ltr'><strong>tnovet</strong></span> <span class='ocrx_word' id='word_1_55' title='bbox 734 942 917 979; x_wconf 81' lang='lat' dir='ltr'><strong>manus</strong></span> <span class='ocrx_word' id='word_1_56' title='bbox 935 926 997 977; x_wconf 89' lang='lat' dir='ltr'><strong>ad</strong></span> <span class='ocrx_word' id='word_1_57' title='bbox 1021 924 1363 977; x_wconf 81' lang='lat' dir='ltr'><strong>occidendum</strong></span> <span class='ocrx_word' id='word_1_58' title='bbox 1390 922 1672 983; x_wconf 85' lang='lat' dir='ltr'><strong>hominem,</strong></span> <span class='ocrx_word' id='word_1_59' title='bbox 1692 921 2072 987; x_wconf 65' lang='lat' dir='ltr'><strong>homicidajatn</strong></span> 
     </span>
    </p>
   </div>
   <div class='ocr_carea' id='block_1_9' title="bbox 538 1011 2075 1078">
    <p class='ocr_par' dir='ltr' id='par_1_9' title="bbox 538 1011 2075 1078">
     <span class='ocr_line' id='line_1_9' title="bbox 538 1011 2075 1078; baseline -0.003 -11"><span class='ocrx_word' id='word_1_60' title='bbox 538 1025 783 1068; x_wconf 86' lang='lat' dir='ltr'><strong>tenetura</strong></span> <span class='ocrx_word' id='word_1_61' title='bbox 801 1013 1068 1066; x_wconf 76' lang='lat' dir='ltr'><strong>beo.\&#39;iv.it</strong></span> <span class='ocrx_word' id='word_1_62' title='bbox 1084 1014 1243 1075; x_wconf 90' lang='lat' dir='ltr'><strong>ille,et</strong></span> <span class='ocrx_word' id='word_1_63' title='bbox 1260 1011 1467 1077; x_wconf 82' lang='lat' dir='ltr'><strong>istejam</strong></span> <span class='ocrx_word' id='word_1_64' title='bbox 1482 1011 2075 1078; x_wconf 82' lang='lat' dir='ltr'><strong>interfectorjudicatnr.</strong></span> 
     </span>
    </p>
   </div>
   <div class='ocr_carea' id='block_1_10' title="bbox 602 1103 2074 1171">
    <p class='ocr_par' dir='ltr' id='par_1_10' title="bbox 602 1103 2074 1171">
     <span class='ocr_line' id='line_1_10' title="bbox 602 1103 2074 1171; baseline -0.003 -16"><span class='ocrx_word' id='word_1_65' title='bbox 602 1104 667 1155; x_wconf 82' lang='lat' dir='ltr'><strong>Et</strong></span> <span class='ocrx_word' id='word_1_66' title='bbox 695 1106 829 1156; x_wconf 89' lang='lat' dir='ltr'><strong>scitis</strong></span> <span class='ocrx_word' id='word_1_67' title='bbox 850 1106 966 1171; x_wconf 79' lang='lat' dir='ltr'><strong>quia</strong></span> <span class='ocrx_word' id='word_1_68' title='bbox 996 1104 1155 1155; x_wconf 79' lang='lat' dir='ltr'><strong>omnis</strong></span> <span class='ocrx_word' id='word_1_69' title='bbox 1182 1104 1435 1155; x_wconf 81' lang='lat' dir='ltr'><strong>homicida</strong></span> <span class='ocrx_word' id='word_1_70' title='bbox 1458 1119 1557 1153; x_wconf 86' lang='lat' dir='ltr'><strong>non</strong></span> <span class='ocrx_word' id='word_1_71' title='bbox 1589 1103 1731 1153; x_wconf 87' lang='lat' dir='ltr'><strong>habet</strong></span> <span class='ocrx_word' id='word_1_72' title='bbox 1754 1104 1901 1153; x_wconf 86' lang='lat' dir='ltr'><strong>vitam</strong></span> <span class='ocrx_word' id='word_1_73' title='bbox 1923 1113 2074 1153; x_wconf 67' lang='lat' dir='ltr'><strong>aeter-</strong></span> 
     </span>
    </p>
   </div>
   <div class='ocr_carea' id='block_1_11' title="bbox 534 1195 2068 1262">
    <p class='ocr_par' dir='ltr' id='par_1_11' title="bbox 534 1195 2068 1262">
     <span class='ocr_line' id='line_1_11' title="bbox 534 1195 2068 1262; baseline -0.003 -13"><span class='ocrx_word' id='word_1_74' title='bbox 534 1215 649 1250; x_wconf 82' lang='lat' dir='ltr'><strong>nam</strong></span> <span class='ocrx_word' id='word_1_75' title='bbox 676 1200 723 1250; x_wconf 90' lang='lat' dir='ltr'><strong>in</strong></span> <span class='ocrx_word' id='word_1_76' title='bbox 741 1216 792 1251; x_wconf 87' lang='lat' dir='ltr'><strong>se</strong></span> <span class='ocrx_word' id='word_1_77' title='bbox 816 1208 1113 1250; x_wconf 89' lang='lat' dir='ltr'><strong>manentem.</strong></span> <span class='ocrx_word' id='word_1_78' title='bbox 1140 1198 1247 1251; x_wconf 88' lang='lat' dir='ltr'><strong>Etsi</strong></span> <span class='ocrx_word' id='word_1_79' title='bbox 1278 1198 1360 1249; x_wconf 89' lang='lat' dir='ltr'><strong>hic</strong></span> <span class='ocrx_word' id='word_1_80' title='bbox 1390 1212 1479 1262; x_wconf 87' lang='lat' dir='ltr'><strong>per</strong></span> <span class='ocrx_word' id='word_1_81' title='bbox 1510 1196 1660 1248; x_wconf 82' lang='lat' dir='ltr'><strong>[idem</strong></span> <span class='ocrx_word' id='word_1_82' title='bbox 1695 1195 1831 1247; x_wconf 90' lang='lat' dir='ltr'><strong>inter</strong></span> <span class='ocrx_word' id='word_1_83' title='bbox 1861 1204 2068 1245; x_wconf 87' lang='lat' dir='ltr'><strong>sam-tus</strong></span> 
     </span>
    </p>
   </div>
   <div class='ocr_carea' id='block_1_12' title="bbox 531 1285 2063 1351">
    <p class='ocr_par' dir='ltr' id='par_1_12' title="bbox 531 1285 2063 1351">
     <span class='ocr_line' id='line_1_12' title="bbox 531 1285 2063 1351; baseline -0.001 -15"><span class='ocrx_word' id='word_1_84' title='bbox 531 1287 705 1339; x_wconf 89' lang='lat' dir='ltr'><strong>vivere</strong></span> <span class='ocrx_word' id='word_1_85' title='bbox 743 1286 996 1349; x_wconf 84' lang='lat' dir='ltr'><strong>cernitur,</strong></span> <span class='ocrx_word' id='word_1_86' title='bbox 1043 1301 1145 1338; x_wconf 91' lang='lat' dir='ltr'><strong>non</strong></span> <span class='ocrx_word' id='word_1_87' title='bbox 1198 1286 1352 1337; x_wconf 89' lang='lat' dir='ltr'><strong>habet</strong></span> <span class='ocrx_word' id='word_1_88' title='bbox 1396 1285 1445 1336; x_wconf 89' lang='lat' dir='ltr'><strong>itt</strong></span> <span class='ocrx_word' id='word_1_89' title='bbox 1493 1299 1550 1336; x_wconf 91' lang='lat' dir='ltr'><strong>se</strong></span> <span class='ocrx_word' id='word_1_90' title='bbox 1602 1294 1852 1351; x_wconf 88' lang='lat' dir='ltr'><strong>perpetuo</strong></span> <span class='ocrx_word' id='word_1_91' title='bbox 1907 1285 2063 1334; x_wconf 80' lang='lat' dir='ltr'><strong>vitam</strong></span> 
     </span>
    </p>
   </div>
   <div class='ocr_carea' id='block_1_13' title="bbox 530 1374 2066 1441">
    <p class='ocr_par' dir='ltr' id='par_1_13' title="bbox 530 1374 2066 1441">
     <span class='ocr_line' id='line_1_13' title="bbox 530 1374 2066 1441; baseline -0.001 -14"><span class='ocrx_word' id='word_1_92' title='bbox 530 1388 846 1429; x_wconf 87' lang='lat' dir='ltr'><strong>manentem.</strong></span> <span class='ocrx_word' id='word_1_93' title='bbox 873 1376 998 1427; x_wconf 82' lang='lat' dir='ltr'><strong>Nam</strong></span> <span class='ocrx_word' id='word_1_94' title='bbox 1026 1374 1110 1428; x_wconf 86' lang='lat' dir='ltr'><strong>ubi</strong></span> <span class='ocrx_word' id='word_1_95' title='bbox 1143 1374 1496 1427; x_wconf 89' lang='lat' dir='ltr'><strong>retributionis</strong></span> <span class='ocrx_word' id='word_1_96' title='bbox 1529 1382 1731 1441; x_wconf 85' lang='lat' dir='ltr'><strong>tempus</strong></span> <span class='ocrx_word' id='word_1_97' title='bbox 1756 1375 2066 1433; x_wconf 70' lang='lat' dir='ltr'><strong>advenerit.</strong></span> 
     </span>
    </p>
   </div>
   <div class='ocr_carea' id='block_1_14' title="bbox 528 1461 2064 1530">
    <p class='ocr_par' dir='ltr' id='par_1_14' title="bbox 528 1461 2064 1530">
     <span class='ocr_line' id='line_1_14' title="bbox 528 1461 2064 1530; baseline -0.005 -12"><span class='ocrx_word' id='word_1_98' title='bbox 528 1482 649 1518; x_wconf 89' lang='lat' dir='ltr'><strong>cum</strong></span> <span class='ocrx_word' id='word_1_99' title='bbox 671 1467 816 1528; x_wconf 83' lang='lat' dir='ltr'><strong>Cain,</strong></span> <span class='ocrx_word' id='word_1_100' title='bbox 842 1466 927 1530; x_wconf 87' lang='lat' dir='ltr'><strong>qui</strong></span> <span class='ocrx_word' id='word_1_101' title='bbox 953 1479 1017 1517; x_wconf 78' lang='lat' dir='ltr'><strong>ex</strong></span> <span class='ocrx_word' id='word_1_102' title='bbox 1037 1464 1261 1530; x_wconf 84' lang='lat' dir='ltr'><strong>maligno</strong></span> <span class='ocrx_word' id='word_1_103' title='bbox 1287 1476 1419 1522; x_wconf 86' lang='lat' dir='ltr'><strong>erat,</strong></span> <span class='ocrx_word' id='word_1_104' title='bbox 1448 1462 1781 1513; x_wconf 87' lang='lat' dir='ltr'><strong>damnabitur</strong></span> <span class='ocrx_word' id='word_1_105' title='bbox 1802 1461 1956 1512; x_wconf 79' lang='lat' dir='ltr'><strong>etiam</strong></span> <span class='ocrx_word' id='word_1_106' title='bbox 1983 1462 2064 1524; x_wconf 67' lang='lat' dir='ltr'><strong>qui</strong></span> 
     </span>
    </p>
   </div>
   <div class='ocr_carea' id='block_1_15' title="bbox 530 1550 2065 1621">
    <p class='ocr_par' dir='ltr' id='par_1_15' title="bbox 530 1550 2065 1621">
     <span class='ocr_line' id='line_1_15' title="bbox 530 1550 2065 1621; baseline -0.005 -14"><span class='ocrx_word' id='word_1_107' title='bbox 530 1557 627 1608; x_wconf 90' lang='lat' dir='ltr'><strong>hoc</strong></span> <span class='ocrx_word' id='word_1_108' title='bbox 642 1556 901 1608; x_wconf 82' lang='lat' dir='ltr'><strong>homicidii</strong></span> <span class='ocrx_word' id='word_1_109' title='bbox 922 1569 1112 1621; x_wconf 79' lang='lat' dir='ltr'><strong>genere</strong></span> <span class='ocrx_word' id='word_1_110' title='bbox 1135 1562 1359 1614; x_wconf 82' lang='lat' dir='ltr'><strong>tenetur,</strong></span> <span class='ocrx_word' id='word_1_111' title='bbox 1375 1561 1429 1602; x_wconf 92' lang='lat' dir='ltr'><strong>ut</strong></span> <span class='ocrx_word' id='word_1_112' title='bbox 1448 1551 1709 1603; x_wconf 77' lang='lat' dir='ltr'><strong>tl.scordet</strong></span> <span class='ocrx_word' id='word_1_113' title='bbox 1723 1562 1773 1602; x_wconf 89' lang='lat' dir='ltr'><strong>et</strong></span> <span class='ocrx_word' id='word_1_114' title='bbox 1792 1550 2038 1602; x_wconf 81' lang='lat' dir='ltr'><strong>dissident</strong></span> <span class='ocrx_word' id='word_1_115' title='bbox 2052 1587 2065 1609; x_wconf 89' lang='lat'><strong>,</strong></span> 
     </span>
    </p>
   </div>
   <div class='ocr_carea' id='block_1_16' title="bbox 535 1638 2064 1707">
    <p class='ocr_par' dir='ltr' id='par_1_16' title="bbox 535 1638 2064 1707">
     <span class='ocr_line' id='line_1_16' title="bbox 535 1638 2064 1707; baseline -0.002 -12"><span class='ocrx_word' id='word_1_116' title='bbox 535 1658 586 1696; x_wconf 87' lang='lat' dir='ltr'><strong>et</strong></span> <span class='ocrx_word' id='word_1_117' title='bbox 621 1660 795 1707; x_wconf 78' lang='lat' dir='ltr'><strong>pacem</strong></span> <span class='ocrx_word' id='word_1_118' title='bbox 822 1658 939 1695; x_wconf 90' lang='lat' dir='ltr'><strong>cum</strong></span> <span class='ocrx_word' id='word_1_119' title='bbox 974 1642 1215 1695; x_wconf 80' lang='lat' dir='ltr'><strong>fratribus</strong></span> <span class='ocrx_word' id='word_1_120' title='bbox 1243 1656 1343 1692; x_wconf 91' lang='lat' dir='ltr'><strong>non</strong></span> <span class='ocrx_word' id='word_1_121' title='bbox 1373 1638 1583 1692; x_wconf 79' lang='lat' dir='ltr'><strong>habent.</strong></span> <span class='ocrx_word' id='word_1_122' title='bbox 1610 1638 1900 1690; x_wconf 74' lang='lat' dir='ltr'><strong>Notandum</strong></span> <span class='ocrx_word' id='word_1_123' title='bbox 1925 1638 2064 1692; x_wconf 79' lang='lat' dir='ltr'><strong>enfin</strong></span> 
     </span>
    </p>
   </div>
   <div class='ocr_carea' id='block_1_17' title="bbox 531 1730 2064 1801">
    <p class='ocr_par' dir='ltr' id='par_1_17' title="bbox 531 1730 2064 1801">
     <span class='ocr_line' id='line_1_17' title="bbox 531 1730 2064 1801; baseline -0.001 -18"><span class='ocrx_word' id='word_1_124' title='bbox 531 1735 668 1801; x_wconf 86' lang='lat' dir='ltr'><strong>quod</strong></span> <span class='ocrx_word' id='word_1_125' title='bbox 695 1749 794 1785; x_wconf 89' lang='lat' dir='ltr'><strong>non</strong></span> <span class='ocrx_word' id='word_1_126' title='bbox 818 1733 889 1784; x_wconf 91' lang='lat' dir='ltr'><strong>ait</strong></span> <span class='ocrx_word' id='word_1_127' title='bbox 914 1733 1153 1785; x_wconf 86' lang='lat' dir='ltr'><strong>absolute</strong></span> <span class='ocrx_word' id='word_1_128' title='bbox 1177 1750 1189 1784; x_wconf 89' lang='lat'><strong>:</strong></span> <span class='ocrx_word' id='word_1_129' title='bbox 1217 1732 1484 1783; x_wconf 71' lang='lat' dir='ltr'><strong>Homicida</strong></span> <span class='ocrx_word' id='word_1_130' title='bbox 1514 1747 1613 1782; x_wconf 91' lang='lat' dir='ltr'><strong>non</strong></span> <span class='ocrx_word' id='word_1_131' title='bbox 1639 1731 1793 1781; x_wconf 55' lang='lat' dir='ltr'><strong>habet</strong></span> <span class='ocrx_word' id='word_1_132' title='bbox 1827 1730 1978 1780; x_wconf 86' lang='lat' dir='ltr'><strong>vitam</strong></span> <span class='ocrx_word' id='word_1_133' title='bbox 2013 1734 2064 1781; x_wconf 93' lang='lat' dir='ltr'><strong>in</strong></span> 
     </span>
    </p>
   </div>
   <div class='ocr_carea' id='block_1_18' title="bbox 2177 568 2551 623">
    <p class='ocr_par' dir='ltr' id='par_1_18' title="bbox 2177 568 2551 623">
     <span class='ocr_line' id='line_1_18' title="bbox 2177 568 2551 623; baseline 0.011 -4"><span class='ocrx_word' id='word_1_134' title='bbox 2177 568 2301 622; x_wconf 90' lang='lat' dir='ltr'><strong>dere</strong></span> <span class='ocrx_word' id='word_1_135' title='bbox 2330 570 2551 623; x_wconf 91' lang='lat' dir='ltr'><strong>videtur.</strong></span> 
     </span>
    </p>
   </div>
   <div class='ocr_carea' id='block_1_19' title="bbox 2246 654 3675 726">
    <p class='ocr_par' dir='ltr' id='par_1_19' title="bbox 2246 654 3675 726">
     <span class='ocr_line' id='line_1_19' title="bbox 2246 654 3675 726; baseline 0.008 -20"><span class='ocrx_word' id='word_1_136' title='bbox 2246 654 2310 707; x_wconf 84' lang='lat' dir='ltr'><strong>In</strong></span> <span class='ocrx_word' id='word_1_137' title='bbox 2356 656 2447 709; x_wconf 79' lang='lat' dir='ltr'><strong>hoc</strong></span> <span class='ocrx_word' id='word_1_138' title='bbox 2490 659 2808 726; x_wconf 77' lang='lat' dir='ltr'><strong>cognovimus</strong></span> <span class='ocrx_word' id='word_1_139' title='bbox 2845 660 3080 721; x_wconf 88' lang='lat' dir='ltr'><strong>quoniam</strong></span> <span class='ocrx_word' id='word_1_140' title='bbox 3118 675 3181 711; x_wconf 75' lang='lat' dir='ltr'><strong>ea:</strong></span> <span class='ocrx_word' id='word_1_141' title='bbox 3223 661 3429 712; x_wconf 78' lang='lat' dir='ltr'><strong>veritate</strong></span> <span class='ocrx_word' id='word_1_142' title='bbox 3452 677 3617 715; x_wconf 74' lang='lat' dir='ltr'><strong>sumtis.</strong></span> <span class='ocrx_word' id='word_1_143' title='bbox 3641 666 3675 718; x_wconf 84' lang='lat' dir='ltr'><strong>Id</strong></span> 
     </span>
    </p>
   </div>
   <div class='ocr_carea' id='block_1_20' title="bbox 2175 750 3679 820">
    <p class='ocr_par' dir='ltr' id='par_1_20' title="bbox 2175 750 3679 820">
     <span class='ocr_line' id='line_1_20' title="bbox 2175 750 3679 820; baseline 0.005 -22"><span class='ocrx_word' id='word_1_144' title='bbox 2175 755 2273 807; x_wconf 88' lang='lat' dir='ltr'><strong>est,</strong></span> <span class='ocrx_word' id='word_1_145' title='bbox 2301 762 2418 799; x_wconf 90' lang='lat' dir='ltr'><strong>cum</strong></span> <span class='ocrx_word' id='word_1_146' title='bbox 2464 762 2621 814; x_wconf 87' lang='lat' dir='ltr'><strong>opera</strong></span> <span class='ocrx_word' id='word_1_147' title='bbox 2670 750 2878 815; x_wconf 75' lang='lat' dir='ltr'><strong>pietatis</strong></span> <span class='ocrx_word' id='word_1_148' title='bbox 2930 751 2979 802; x_wconf 88' lang='lat' dir='ltr'><strong>itt</strong></span> <span class='ocrx_word' id='word_1_149' title='bbox 3029 755 3253 803; x_wconf 82' lang='lat' dir='ltr'><strong>veritate</strong></span> <span class='ocrx_word' id='word_1_150' title='bbox 3296 750 3531 813; x_wconf 79' lang='lat' dir='ltr'><strong>facimus,</strong></span> <span class='ocrx_word' id='word_1_151' title='bbox 3571 764 3679 820; x_wconf 72' lang='lat' dir='ltr'><strong>pain</strong></span> 
     </span>
    </p>
   </div>
   <div class='ocr_carea' id='block_1_21' title="bbox 2173 836 3677 907">
    <p class='ocr_par' dir='ltr' id='par_1_21' title="bbox 2173 836 3677 907">
     <span class='ocr_line' id='line_1_21' title="bbox 2173 836 3677 907; baseline 0.007 -22"><span class='ocrx_word' id='word_1_152' title='bbox 2173 836 2309 901; x_wconf 91' lang='lat' dir='ltr'><strong>quod</strong></span> <span class='ocrx_word' id='word_1_153' title='bbox 2357 851 2419 887; x_wconf 81' lang='lat' dir='ltr'><strong>ex</strong></span> <span class='ocrx_word' id='word_1_154' title='bbox 2461 838 2679 890; x_wconf 72' lang='lat' dir='ltr'><strong>veritate</strong></span> <span class='ocrx_word' id='word_1_155' title='bbox 2718 853 2932 903; x_wconf 87' lang='lat' dir='ltr'><strong>smnus,</strong></span> <span class='ocrx_word' id='word_1_156' title='bbox 2982 853 3098 905; x_wconf 75' lang='lat' dir='ltr'><strong>qua:</strong></span> <span class='ocrx_word' id='word_1_157' title='bbox 3149 839 3286 892; x_wconf 88' lang='lat' dir='ltr'><strong>Deus</strong></span> <span class='ocrx_word' id='word_1_158' title='bbox 3332 851 3447 905; x_wconf 86' lang='lat' dir='ltr'><strong>est,</strong></span> <span class='ocrx_word' id='word_1_159' title='bbox 3492 851 3538 893; x_wconf 91' lang='lat' dir='ltr'><strong>ut</strong></span> <span class='ocrx_word' id='word_1_160' title='bbox 3588 854 3677 907; x_wconf 76' lang='lat' dir='ltr'><strong>pote</strong></span> 
     </span>
    </p>
   </div>
   <div class='ocr_carea' id='block_1_22' title="bbox 2173 926 3593 994">
    <p class='ocr_par' dir='ltr' id='par_1_22' title="bbox 2173 926 3593 994">
     <span class='ocr_line' id='line_1_22' title="bbox 2173 926 3593 994; baseline 0.007 -19"><span class='ocrx_word' id='word_1_161' title='bbox 2173 926 2257 992; x_wconf 85' lang='lat' dir='ltr'><strong>qui</strong></span> <span class='ocrx_word' id='word_1_162' title='bbox 2287 926 2400 993; x_wconf 89' lang='lat' dir='ltr'><strong>ejus</strong></span> <span class='ocrx_word' id='word_1_163' title='bbox 2426 928 2798 994; x_wconf 77' lang='lat' dir='ltr'><strong>perfectionem</strong></span> <span class='ocrx_word' id='word_1_164' title='bbox 2826 945 2920 993; x_wconf 92' lang='lat' dir='ltr'><strong>pro</strong></span> <span class='ocrx_word' id='word_1_165' title='bbox 2945 931 3099 981; x_wconf 88' lang='lat' dir='ltr'><strong>modo</strong></span> <span class='ocrx_word' id='word_1_166' title='bbox 3119 942 3301 984; x_wconf 84' lang='lat' dir='ltr'><strong>n05tro</strong></span> <span class='ocrx_word' id='word_1_167' title='bbox 3329 931 3593 985; x_wconf 88' lang='lat' dir='ltr'><strong>imitemur.</strong></span> 
     </span>
    </p>
   </div>
   <div class='ocr_carea' id='block_1_23' title="bbox 2244 1012 3675 1085">
    <p class='ocr_par' dir='ltr' id='par_1_23' title="bbox 2244 1012 3675 1085">
     <span class='ocr_line' id='line_1_23' title="bbox 2244 1012 3675 1085; baseline 0.005 -20"><span class='ocrx_word' id='word_1_168' title='bbox 2244 1012 2307 1065; x_wconf 82' lang='lat' dir='ltr'><strong>Et</strong></span> <span class='ocrx_word' id='word_1_169' title='bbox 2338 1016 2388 1065; x_wconf 88' lang='lat' dir='ltr'><strong>in</strong></span> <span class='ocrx_word' id='word_1_170' title='bbox 2414 1028 2677 1081; x_wconf 81' lang='lat' dir='ltr'><strong>conspectu</strong></span> <span class='ocrx_word' id='word_1_171' title='bbox 2704 1019 2811 1085; x_wconf 79' lang='lat' dir='ltr'><strong>ejus</strong></span> <span class='ocrx_word' id='word_1_172' title='bbox 2838 1018 3155 1069; x_wconf 71' lang='lat' dir='ltr'><strong>suadebimus</strong></span> <span class='ocrx_word' id='word_1_173' title='bbox 3188 1020 3344 1069; x_wconf 86' lang='lat' dir='ltr'><strong>corda</strong></span> <span class='ocrx_word' id='word_1_174' title='bbox 3376 1031 3560 1070; x_wconf 87' lang='lat' dir='ltr'><strong>nostra.</strong></span> <span class='ocrx_word' id='word_1_175' title='bbox 3583 1019 3675 1072; x_wconf 60' lang='lat' dir='ltr'><strong>Hac</strong></span> 
     </span>
    </p>
   </div>
   <div class='ocr_carea' id='block_1_24' title="bbox 2171 1108 3672 1174">
    <p class='ocr_par' dir='ltr' id='par_1_24' title="bbox 2171 1108 3672 1174">
     <span class='ocr_line' id='line_1_24' title="bbox 2171 1108 3672 1174; baseline 0.003 -18"><span class='ocrx_word' id='word_1_176' title='bbox 2171 1108 2425 1158; x_wconf 84' lang='lat' dir='ltr'><strong>sententia</strong></span> <span class='ocrx_word' id='word_1_177' title='bbox 2460 1110 2645 1167; x_wconf 75' lang='lat' dir='ltr'><strong>tendet</strong></span> <span class='ocrx_word' id='word_1_178' title='bbox 2673 1126 2697 1159; x_wconf 88' lang='lat' dir='ltr'><strong>a</strong></span> <span class='ocrx_word' id='word_1_179' title='bbox 2729 1108 3111 1174; x_wconf 71' lang='lat' dir='ltr'><strong>superioribus.</strong></span> <span class='ocrx_word' id='word_1_180' title='bbox 3148 1110 3278 1171; x_wconf 79' lang='lat' dir='ltr'><strong>Quia</strong></span> <span class='ocrx_word' id='word_1_181' title='bbox 3310 1124 3430 1160; x_wconf 91' lang='lat' dir='ltr'><strong>cum</strong></span> <span class='ocrx_word' id='word_1_182' title='bbox 3463 1124 3605 1171; x_wconf 84' lang='lat' dir='ltr'><strong>opere</strong></span> <span class='ocrx_word' id='word_1_183' title='bbox 3634 1122 3672 1162; x_wconf 86' lang='lat' dir='ltr'><strong>et</strong></span> 
     </span>
    </p>
   </div>
   <div class='ocr_carea' id='block_1_25' title="bbox 2171 1196 3672 1263">
    <p class='ocr_par' dir='ltr' id='par_1_25' title="bbox 2171 1196 3672 1263">
     <span class='ocr_line' id='line_1_25' title="bbox 2171 1196 3672 1263; baseline 0.001 -17"><span class='ocrx_word' id='word_1_184' title='bbox 2171 1196 2391 1248; x_wconf 77' lang='lat' dir='ltr'><strong>veritate</strong></span> <span class='ocrx_word' id='word_1_185' title='bbox 2418 1198 2681 1262; x_wconf 77' lang='lat' dir='ltr'><strong>proximos</strong></span> <span class='ocrx_word' id='word_1_186' title='bbox 2702 1196 2993 1263; x_wconf 73' lang='lat' dir='ltr'><strong>diligimus,</strong></span> <span class='ocrx_word' id='word_1_187' title='bbox 3026 1197 3303 1249; x_wconf 81' lang='lat' dir='ltr'><strong>manifeste</strong></span> <span class='ocrx_word' id='word_1_188' title='bbox 3330 1198 3672 1263; x_wconf 68' lang='lat' dir='ltr'><strong>cognoscimus,</strong></span> 
     </span>
    </p>
   </div>
   <div class='ocr_carea' id='block_1_26' title="bbox 2170 1283 3672 1351">
    <p class='ocr_par' dir='ltr' id='par_1_26' title="bbox 2170 1283 3672 1351">
     <span class='ocr_line' id='line_1_26' title="bbox 2170 1283 3672 1351; baseline 0 -18"><span class='ocrx_word' id='word_1_189' title='bbox 2170 1284 2415 1351; x_wconf 76' lang='lat' dir='ltr'><strong>quoniam</strong></span> <span class='ocrx_word' id='word_1_190' title='bbox 2462 1283 2511 1334; x_wconf 93' lang='lat' dir='ltr'><strong>in</strong></span> <span class='ocrx_word' id='word_1_191' title='bbox 2563 1294 2845 1350; x_wconf 89' lang='lat' dir='ltr'><strong>conspectu</strong></span> <span class='ocrx_word' id='word_1_192' title='bbox 2890 1299 3109 1336; x_wconf 81' lang='lat' dir='ltr'><strong>sutnnue</strong></span> <span class='ocrx_word' id='word_1_193' title='bbox 3153 1285 3389 1336; x_wconf 75' lang='lat' dir='ltr'><strong>veritatis</strong></span> <span class='ocrx_word' id='word_1_194' title='bbox 3436 1286 3672 1337; x_wconf 81' lang='lat' dir='ltr'><strong>sitadetnus</strong></span> 
     </span>
    </p>
   </div>
   <div class='ocr_carea' id='block_1_27' title="bbox 2170 1371 3675 1441">
    <p class='ocr_par' dir='ltr' id='par_1_27' title="bbox 2170 1371 3675 1441">
     <span class='ocr_line' id='line_1_27' title="bbox 2170 1371 3675 1441; baseline 0.003 -18"><span class='ocrx_word' id='word_1_195' title='bbox 2170 1371 2323 1423; x_wconf 85' lang='lat' dir='ltr'><strong>corda</strong></span> <span class='ocrx_word' id='word_1_196' title='bbox 2357 1380 2554 1424; x_wconf 86' lang='lat' dir='ltr'><strong>nostra.</strong></span> <span class='ocrx_word' id='word_1_197' title='bbox 2579 1372 2775 1425; x_wconf 88' lang='lat' dir='ltr'><strong>Omnes</strong></span> <span class='ocrx_word' id='word_1_198' title='bbox 2803 1376 2940 1425; x_wconf 90' lang='lat' dir='ltr'><strong>enim</strong></span> <span class='ocrx_word' id='word_1_199' title='bbox 2973 1374 3215 1426; x_wconf 88' lang='lat' dir='ltr'><strong>homines</strong></span> <span class='ocrx_word' id='word_1_200' title='bbox 3245 1389 3365 1427; x_wconf 89' lang='lat' dir='ltr'><strong>cum</strong></span> <span class='ocrx_word' id='word_1_201' title='bbox 3397 1377 3578 1441; x_wconf 86' lang='lat' dir='ltr'><strong>aliquid</strong></span> <span class='ocrx_word' id='word_1_202' title='bbox 3617 1376 3675 1427; x_wconf 82' lang='lat' dir='ltr'><strong>la-</strong></span> 
     </span>
    </p>
   </div>
   <div class='ocr_carea' id='block_1_28' title="bbox 2169 1458 3673 1529">
    <p class='ocr_par' dir='ltr' id='par_1_28' title="bbox 2169 1458 3673 1529">
     <span class='ocr_line' id='line_1_28' title="bbox 2169 1458 3673 1529; baseline 0.005 -19"><span class='ocrx_word' id='word_1_203' title='bbox 2169 1474 2289 1511; x_wconf 89' lang='lat' dir='ltr'><strong>cere</strong></span> <span class='ocrx_word' id='word_1_204' title='bbox 2319 1458 2623 1526; x_wconf 88' lang='lat' dir='ltr'><strong>disponunt,</strong></span> <span class='ocrx_word' id='word_1_205' title='bbox 2652 1462 2714 1512; x_wconf 90' lang='lat' dir='ltr'><strong>ad</strong></span> <span class='ocrx_word' id='word_1_206' title='bbox 2764 1462 2903 1513; x_wconf 90' lang='lat' dir='ltr'><strong>idem</strong></span> <span class='ocrx_word' id='word_1_207' title='bbox 2943 1463 3132 1515; x_wconf 83' lang='lat' dir='ltr'><strong>factum</strong></span> <span class='ocrx_word' id='word_1_208' title='bbox 3165 1462 3517 1529; x_wconf 73' lang='lat' dir='ltr'><strong>meditandum</strong></span> <span class='ocrx_word' id='word_1_209' title='bbox 3551 1470 3673 1517; x_wconf 75' lang='lat' dir='ltr'><strong>conta</strong></span> 
     </span>
    </p>
   </div>
   <div class='ocr_carea' id='block_1_29' title="bbox 2168 1553 3675 1621">
    <p class='ocr_par' dir='ltr' id='par_1_29' title="bbox 2168 1553 3675 1621">
     <span class='ocr_line' id='line_1_29' title="bbox 2168 1553 3675 1621; baseline 0.004 -21"><span class='ocrx_word' id='word_1_210' title='bbox 2168 1564 2259 1600; x_wconf 90' lang='lat' dir='ltr'><strong>sua</strong></span> <span class='ocrx_word' id='word_1_211' title='bbox 2292 1565 2349 1603; x_wconf 90' lang='lat' dir='ltr'><strong>se</strong></span> <span class='ocrx_word' id='word_1_212' title='bbox 2380 1562 2685 1603; x_wconf 80' lang='lat' dir='ltr'><strong>cctivertere</strong></span> <span class='ocrx_word' id='word_1_213' title='bbox 2734 1553 2976 1605; x_wconf 83' lang='lat' dir='ltr'><strong>Suadeot.</strong></span> <span class='ocrx_word' id='word_1_214' title='bbox 3021 1554 3121 1605; x_wconf 81' lang='lat' dir='ltr'><strong>Sed</strong></span> <span class='ocrx_word' id='word_1_215' title='bbox 3174 1555 3261 1620; x_wconf 83' lang='lat' dir='ltr'><strong>qui</strong></span> <span class='ocrx_word' id='word_1_216' title='bbox 3305 1557 3435 1605; x_wconf 60' lang='lat' dir='ltr'><strong>tnula</strong></span> <span class='ocrx_word' id='word_1_217' title='bbox 3466 1558 3675 1621; x_wconf 68' lang='lat' dir='ltr'><strong>cgitant,</strong></span> 
     </span>
    </p>
   </div>
   <div class='ocr_carea' id='block_1_30' title="bbox 2170 1635 3676 1709">
    <p class='ocr_par' dir='ltr' id='par_1_30' title="bbox 2170 1635 3676 1709">
     <span class='ocr_line' id='line_1_30' title="bbox 2170 1635 3676 1709; baseline 0.005 -22"><span class='ocrx_word' id='word_1_218' title='bbox 2170 1635 2282 1688; x_wconf 68' lang='lat' dir='ltr'><strong>hinc</strong></span> <span class='ocrx_word' id='word_1_219' title='bbox 2310 1652 2336 1687; x_wconf 89' lang='lat' dir='ltr'><strong>a</strong></span> <span class='ocrx_word' id='word_1_220' title='bbox 2371 1636 2501 1699; x_wconf 84' lang='lat' dir='ltr'><strong>Deo,</strong></span> <span class='ocrx_word' id='word_1_221' title='bbox 2527 1639 2567 1690; x_wconf 90' lang='lat' dir='ltr'><strong>si</strong></span> <span class='ocrx_word' id='word_1_222' title='bbox 2608 1642 2860 1703; x_wconf 79' lang='lat' dir='ltr'><strong>valerent,</strong></span> <span class='ocrx_word' id='word_1_223' title='bbox 2884 1643 3147 1693; x_wconf 62' lang='lat' dir='ltr'><strong>oci&#39;nltare</strong></span> <span class='ocrx_word' id='word_1_224' title='bbox 3180 1643 3405 1704; x_wconf 83' lang='lat' dir='ltr'><strong>vellent;</strong></span> <span class='ocrx_word' id='word_1_225' title='bbox 3439 1644 3545 1709; x_wconf 80' lang='lat' dir='ltr'><strong>ipso</strong></span> <span class='ocrx_word' id='word_1_226' title='bbox 3578 1655 3676 1695; x_wconf 75' lang='lat' dir='ltr'><strong>atte-</strong></span> 
     </span>
    </p>
   </div>
   <div class='ocr_carea' id='block_1_31' title="bbox 2169 1729 3677 1802">
    <p class='ocr_par' dir='ltr' id='par_1_31' title="bbox 2169 1729 3677 1802">
     <span class='ocr_line' id='line_1_31' title="bbox 2169 1729 3677 1802; baseline 0.006 -25"><span class='ocrx_word' id='word_1_227' title='bbox 2169 1736 2338 1779; x_wconf 87' lang='lat' dir='ltr'><strong>staute</strong></span> <span class='ocrx_word' id='word_1_228' title='bbox 2368 1729 2452 1791; x_wconf 85' lang='lat' dir='ltr'><strong>qui</strong></span> <span class='ocrx_word' id='word_1_229' title='bbox 2500 1731 2565 1779; x_wconf 82' lang='lat' dir='ltr'><strong>ait</strong></span> <span class='ocrx_word' id='word_1_230' title='bbox 2595 1746 2607 1781; x_wconf 93' lang='lat'>:</span> <span class='ocrx_word' id='word_1_231' title='bbox 2641 1731 2814 1782; x_wconf 78' lang='lat' dir='ltr'><strong>Omnis</strong></span> <span class='ocrx_word' id='word_1_232' title='bbox 2860 1732 2989 1783; x_wconf 89' lang='lat' dir='ltr'><strong>enim</strong></span> <span class='ocrx_word' id='word_1_233' title='bbox 3031 1736 3119 1799; x_wconf 85' lang='lat' dir='ltr'><strong>qui</strong></span> <span class='ocrx_word' id='word_1_234' title='bbox 3162 1735 3295 1785; x_wconf 82' lang='lat' dir='ltr'><strong>male</strong></span> <span class='ocrx_word' id='word_1_235' title='bbox 3337 1736 3459 1802; x_wconf 82' lang='lat' dir='ltr'><strong>agit,</strong></span> <span class='ocrx_word' id='word_1_236' title='bbox 3491 1735 3588 1786; x_wconf 85' lang='lat' dir='ltr'><strong>odit</strong></span> <span class='ocrx_word' id='word_1_237' title='bbox 3620 1738 3677 1786; x_wconf 85' lang='lat' dir='ltr'><strong>lti-</strong></span> 
     </span>
    </p>
   </div>
   <div class='ocr_carea' id='block_1_32' title="bbox 526 1798 3677 1890">
    <p class='ocr_par' dir='ltr' id='par_1_32' title="bbox 526 1798 3677 1890">
     <span class='ocr_line' id='line_1_32' title="bbox 526 1798 3677 1890; baseline 0 -17"><span class='ocrx_word' id='word_1_238' title='bbox 526 1836 583 1873; x_wconf 85' lang='lat' dir='ltr'><strong>se</strong></span> <span class='ocrx_word' id='word_1_239' title='bbox 609 1830 928 1885; x_wconf 86' lang='lat' dir='ltr'><strong>manentem,</strong></span> <span class='ocrx_word' id='word_1_240' title='bbox 951 1818 1041 1872; x_wconf 86' lang='lat' dir='ltr'><strong>sed</strong></span> <span class='ocrx_word' id='word_1_241' title='bbox 1068 1837 1081 1871; x_wconf 89' lang='lat'><strong>:</strong></span> <span class='ocrx_word' id='word_1_242' title='bbox 1106 1818 1308 1876; x_wconf 73' lang='lat' dir='ltr'><strong>Omnis.</strong></span> <span class='ocrx_word' id='word_1_243' title='bbox 1342 1818 1526 1883; x_wconf 89' lang='lat' dir='ltr'><strong>inquit,</strong></span> <span class='ocrx_word' id='word_1_244' title='bbox 1556 1816 1835 1868; x_wconf 89' lang='lat' dir='ltr'><strong>homicida.</strong></span> <span class='ocrx_word' id='word_1_245' title='bbox 1856 1817 2067 1870; x_wconf 74' lang='lat' dir='ltr'><strong>Scilicet</strong></span> <span class='ocrx_word' id='word_1_246' title='bbox 2103 1798 2142 1855; x_wconf 74' lang='grc' dir='ltr'><strong>Β</strong></span> <span class='ocrx_word' id='word_1_247' title='bbox 2170 1830 2303 1877; x_wconf 76' lang='lat' dir='ltr'><strong>cem;</strong></span> <span class='ocrx_word' id='word_1_248' title='bbox 2330 1826 2374 1865; x_wconf 89' lang='lat' dir='ltr'><strong>et</strong></span> <span class='ocrx_word' id='word_1_249' title='bbox 2421 1832 2517 1866; x_wconf 85' lang='lat' dir='ltr'><strong>non</strong></span> <span class='ocrx_word' id='word_1_250' title='bbox 2556 1819 2684 1868; x_wconf 72' lang='lat' dir='ltr'><strong>venit</strong></span> <span class='ocrx_word' id='word_1_251' title='bbox 2710 1820 2776 1868; x_wconf 87' lang='lat' dir='ltr'><strong>ad</strong></span> <span class='ocrx_word' id='word_1_252' title='bbox 2815 1819 2991 1881; x_wconf 82' lang='lat' dir='ltr'><strong>lucem,</strong></span> <span class='ocrx_word' id='word_1_253' title='bbox 3029 1833 3079 1870; x_wconf 90' lang='lat' dir='ltr'><strong>ut</strong></span> <span class='ocrx_word' id='word_1_254' title='bbox 3115 1838 3213 1872; x_wconf 86' lang='lat' dir='ltr'><strong>non</strong></span> <span class='ocrx_word' id='word_1_255' title='bbox 3257 1830 3535 1890; x_wconf 79' lang='lat' dir='ltr'><strong>arguantur</strong></span> <span class='ocrx_word' id='word_1_256' title='bbox 3558 1838 3677 1886; x_wconf 83' lang='lat' dir='ltr'><strong>opm</strong></span> 
     </span>
    </p>
   </div>
   <div class='ocr_carea' id='block_1_33' title="bbox 527 1905 2064 1975">
    <p class='ocr_par' dir='ltr' id='par_1_33' title="bbox 527 1905 2064 1975">
     <span class='ocr_line' id='line_1_33' title="bbox 527 1905 2064 1975; baseline -0.003 -14"><span class='ocrx_word' id='word_1_257' title='bbox 527 1925 627 1961; x_wconf 78' lang='lat' dir='ltr'><strong>noa</strong></span> <span class='ocrx_word' id='word_1_258' title='bbox 656 1912 822 1961; x_wconf 86' lang='lat' dir='ltr'><strong>solum</strong></span> <span class='ocrx_word' id='word_1_259' title='bbox 850 1908 938 1962; x_wconf 90' lang='lat' dir='ltr'><strong>ille</strong></span> <span class='ocrx_word' id='word_1_260' title='bbox 968 1910 1053 1975; x_wconf 91' lang='lat' dir='ltr'><strong>qui</strong></span> <span class='ocrx_word' id='word_1_261' title='bbox 1087 1906 1247 1972; x_wconf 75' lang='lat' dir='ltr'><strong>ferro,</strong></span> <span class='ocrx_word' id='word_1_262' title='bbox 1280 1922 1461 1959; x_wconf 88' lang='lat' dir='ltr'><strong>verum</strong></span> <span class='ocrx_word' id='word_1_263' title='bbox 1489 1916 1536 1959; x_wconf 92' lang='lat' dir='ltr'><strong>et</strong></span> <span class='ocrx_word' id='word_1_264' title='bbox 1570 1906 1657 1959; x_wconf 86' lang='lat' dir='ltr'><strong>ille</strong></span> <span class='ocrx_word' id='word_1_265' title='bbox 1685 1905 1771 1973; x_wconf 87' lang='lat' dir='ltr'><strong>qui</strong></span> <span class='ocrx_word' id='word_1_266' title='bbox 1799 1908 1925 1959; x_wconf 91' lang='lat' dir='ltr'><strong>odio</strong></span> <span class='ocrx_word' id='word_1_267' title='bbox 1956 1910 2064 1958; x_wconf 73' lang='grc' dir='ltr'><strong>[ι’ςι-</strong></span> 
     </span>
    </p>
   </div>
   <div class='ocr_carea' id='block_1_34' title="bbox 526 1999 995 2063">
    <p class='ocr_par' dir='ltr' id='par_1_34' title="bbox 526 1999 995 2063">
     <span class='ocr_line' id='line_1_34' title="bbox 526 1999 995 2063; baseline -0.013 -11"><span class='ocrx_word' id='word_1_268' title='bbox 526 2009 656 2051; x_wconf 89' lang='lat' dir='ltr'><strong>tretn</strong></span> <span class='ocrx_word' id='word_1_269' title='bbox 690 1999 995 2063; x_wconf 77' lang='lat' dir='ltr'><strong>insequitur.</strong></span> 
     </span>
    </p>
   </div>
   <div class='ocr_carea' id='block_1_35' title="bbox 594 2084 2064 2156">
    <p class='ocr_par' dir='ltr' id='par_1_35' title="bbox 594 2084 2064 2156">
     <span class='ocr_line' id='line_1_35' title="bbox 594 2084 2064 2156; baseline -0.001 -19"><span class='ocrx_word' id='word_1_270' title='bbox 594 2085 657 2138; x_wconf 84' lang='lat' dir='ltr'><strong>In</strong></span> <span class='ocrx_word' id='word_1_271' title='bbox 689 2088 778 2138; x_wconf 87' lang='lat' dir='ltr'><strong>hoc</strong></span> <span class='ocrx_word' id='word_1_272' title='bbox 802 2087 1120 2156; x_wconf 83' lang='lat' dir='ltr'><strong>cognovimus</strong></span> <span class='ocrx_word' id='word_1_273' title='bbox 1145 2087 1434 2137; x_wconf 87' lang='lat' dir='ltr'><strong>charitatem</strong></span> <span class='ocrx_word' id='word_1_274' title='bbox 1465 2084 1574 2150; x_wconf 79' lang='lat' dir='ltr'><strong>Dei,</strong></span> <span class='ocrx_word' id='word_1_275' title='bbox 1604 2096 1706 2137; x_wconf 87' lang='lat' dir='ltr'><strong>etc.</strong></span> <span class='ocrx_word' id='word_1_276' title='bbox 1738 2085 1915 2148; x_wconf 88' lang='lat' dir='ltr'><strong>Qualis</strong></span> <span class='ocrx_word' id='word_1_277' title='bbox 1949 2100 2064 2152; x_wconf 75' lang='lat' dir='ltr'><strong>pcr-</strong></span> 
     </span>
    </p>
   </div>
   <div class='ocr_carea' id='block_1_36' title="bbox 524 2173 2066 2239">
    <p class='ocr_par' dir='ltr' id='par_1_36' title="bbox 524 2173 2066 2239">
     <span class='ocr_line' id='line_1_36' title="bbox 524 2173 2066 2239; baseline -0.004 -12"><span class='ocrx_word' id='word_1_278' title='bbox 524 2176 655 2229; x_wconf 80' lang='lat' dir='ltr'><strong>lecla</strong></span> <span class='ocrx_word' id='word_1_279' title='bbox 697 2174 925 2227; x_wconf 80' lang='lat' dir='ltr'><strong>cltaritas</strong></span> <span class='ocrx_word' id='word_1_280' title='bbox 951 2189 1069 2228; x_wconf 90' lang='lat' dir='ltr'><strong>esse</strong></span> <span class='ocrx_word' id='word_1_281' title='bbox 1098 2174 1284 2227; x_wconf 78' lang='lat' dir='ltr'><strong>debent</strong></span> <span class='ocrx_word' id='word_1_282' title='bbox 1315 2175 1363 2224; x_wconf 92' lang='lat' dir='ltr'><strong>in</strong></span> <span class='ocrx_word' id='word_1_283' title='bbox 1407 2173 1576 2236; x_wconf 87' lang='lat' dir='ltr'><strong>nobis,</strong></span> <span class='ocrx_word' id='word_1_284' title='bbox 1625 2173 1903 2227; x_wconf 73' lang='lat' dir='ltr'><strong>Dominicte</strong></span> <span class='ocrx_word' id='word_1_285' title='bbox 1948 2187 2066 2239; x_wconf 70' lang='lat' dir='ltr'><strong>pas-</strong></span> 
     </span>
    </p>
   </div>
   <div class='ocr_carea' id='block_1_37' title="bbox 525 2262 2062 2343">
    <p class='ocr_par' dir='ltr' id='par_1_37' title="bbox 525 2262 2062 2343">
     <span class='ocr_line' id='line_1_37' title="bbox 525 2262 2062 2343; baseline -0.006 -21"><span class='ocrx_word' id='word_1_286' title='bbox 525 2271 690 2322; x_wconf 87' lang='lat' dir='ltr'><strong>sionis</strong></span> <span class='ocrx_word' id='word_1_287' title='bbox 732 2269 970 2335; x_wconf 77' lang='lat' dir='ltr'><strong>exemplo</strong></span> <span class='ocrx_word' id='word_1_288' title='bbox 1002 2266 1296 2319; x_wconf 82' lang='lat' dir='ltr'><strong>didicimus.</strong></span> <span class='ocrx_word' id='word_1_289' title='bbox 1328 2264 1573 2343; x_wconf 63' lang='lat' dir='ltr'><strong>.llrtjorem</strong></span> <span class='ocrx_word' id='word_1_290' title='bbox 1604 2280 1815 2332; x_wconf 85' lang='lat' dir='ltr'><strong>namque</strong></span> <span class='ocrx_word' id='word_1_291' title='bbox 1849 2264 1943 2315; x_wconf 82' lang='lat' dir='ltr'><strong>hac</strong></span> <span class='ocrx_word' id='word_1_292' title='bbox 1982 2262 2062 2313; x_wconf 81' lang='lat' dir='ltr'><strong>(il-</strong></span> 
     </span>
    </p>
   </div>
   <div class='ocr_carea' id='block_1_38' title="bbox 524 2354 2065 2419">
    <p class='ocr_par' dir='ltr' id='par_1_38' title="bbox 524 2354 2065 2419">
     <span class='ocr_line' id='line_1_38' title="bbox 524 2354 2065 2419; baseline -0.005 -10"><span class='ocrx_word' id='word_1_293' title='bbox 524 2360 781 2409; x_wconf 85' lang='lat' dir='ltr'><strong>lectionem</strong></span> <span class='ocrx_word' id='word_1_294' title='bbox 820 2372 961 2407; x_wconf 81' lang='lat' dir='ltr'><strong>nemo</strong></span> <span class='ocrx_word' id='word_1_295' title='bbox 990 2355 1165 2417; x_wconf 82' lang='lat' dir='ltr'><strong>habet,</strong></span> <span class='ocrx_word' id='word_1_296' title='bbox 1197 2369 1343 2419; x_wconf 88' lang='lat' dir='ltr'><strong>quam</strong></span> <span class='ocrx_word' id='word_1_297' title='bbox 1386 2364 1434 2403; x_wconf 87' lang='lat' dir='ltr'><strong>ut</strong></span> <span class='ocrx_word' id='word_1_298' title='bbox 1465 2354 1682 2403; x_wconf 84' lang='lat' dir='ltr'><strong>animant</strong></span> <span class='ocrx_word' id='word_1_299' title='bbox 1728 2368 1871 2403; x_wconf 78' lang='lat' dir='ltr'><strong>suam</strong></span> <span class='ocrx_word' id='word_1_300' title='bbox 1915 2360 2065 2417; x_wconf 79' lang='lat' dir='ltr'><strong>patuit</strong></span> 
     </span>
    </p>
   </div>
   <div class='ocr_carea' id='block_1_39' title="bbox 498 2426 2058 2514">
    <p class='ocr_par' dir='ltr' id='par_1_39' title="bbox 498 2426 2058 2514">
     <span class='ocr_line' id='line_1_39' title="bbox 498 2426 2058 2514; baseline -0.004 -18"><span class='ocrx_word' id='word_1_301' title='bbox 498 2484 504 2490; x_wconf 93' lang='lat'><strong>.</strong></span> <span class='ocrx_word' id='word_1_302' title='bbox 529 2447 637 2514; x_wconf 89' lang='lat' dir='ltr'><strong>quis</strong></span> <span class='ocrx_word' id='word_1_303' title='bbox 663 2426 752 2510; x_wconf 77' lang='lat' dir='ltr'><strong>pro</strong></span> <span class='ocrx_word' id='word_1_304' title='bbox 781 2444 951 2495; x_wconf 78' lang='lat' dir='ltr'><strong>amicis</strong></span> <span class='ocrx_word' id='word_1_305' title='bbox 979 2443 1082 2495; x_wconf 88' lang='lat' dir='ltr'><strong>suis</strong></span> <span class='ocrx_word' id='word_1_306' title='bbox 1112 2442 1263 2510; x_wconf 84' lang='lat' dir='ltr'><strong>(Joan</strong></span> <span class='ocrx_word' id='word_1_307' title='bbox 1308 2442 1425 2510; x_wconf 68' lang='lat' dir='ltr'><strong>xv).</strong></span> <span class='ocrx_word' id='word_1_308' title='bbox 1452 2441 1594 2496; x_wconf 84' lang='lat' dir='ltr'><strong>Unde</strong></span> <span class='ocrx_word' id='word_1_309' title='bbox 1636 2450 1689 2494; x_wconf 90' lang='lat' dir='ltr'><strong>et</strong></span> <span class='ocrx_word' id='word_1_310' title='bbox 1730 2440 1924 2494; x_wconf 89' lang='lat' dir='ltr'><strong>Paulus</strong></span> <span class='ocrx_word' id='word_1_311' title='bbox 1951 2440 2021 2491; x_wconf 88' lang='lat' dir='ltr'><strong>ait</strong></span> <span class='ocrx_word' id='word_1_312' title='bbox 2046 2456 2058 2490; x_wconf 92' lang='lat'>:</span> 
     </span>
    </p>
   </div>
   <div class='ocr_carea' id='block_1_40' title="bbox 519 2529 2059 2594">
    <p class='ocr_par' dir='ltr' id='par_1_40' title="bbox 519 2529 2059 2594">
     <span class='ocr_line' id='line_1_40' title="bbox 519 2529 2059 2594; baseline -0.006 -6"><span class='ocrx_word' id='word_1_313' title='bbox 519 2535 839 2588; x_wconf 83' lang='lat' dir='ltr'><strong>Commendat</strong></span> <span class='ocrx_word' id='word_1_314' title='bbox 879 2542 1040 2584; x_wconf 81' lang='lat' dir='ltr'><strong>autent</strong></span> <span class='ocrx_word' id='word_1_315' title='bbox 1096 2531 1225 2583; x_wconf 82' lang='lat' dir='ltr'><strong>Deus</strong></span> <span class='ocrx_word' id='word_1_316' title='bbox 1276 2532 1566 2581; x_wconf 76' lang='lat' dir='ltr'><strong>churitatem</strong></span> <span class='ocrx_word' id='word_1_317' title='bbox 1610 2546 1756 2581; x_wconf 87' lang='lat' dir='ltr'><strong>suam</strong></span> <span class='ocrx_word' id='word_1_318' title='bbox 1801 2531 1851 2580; x_wconf 87' lang='lat' dir='ltr'><strong>in</strong></span> <span class='ocrx_word' id='word_1_319' title='bbox 1900 2529 2059 2594; x_wconf 84' lang='lat' dir='ltr'><strong>nobis,</strong></span> 
     </span>
    </p>
   </div>
   <div class='ocr_carea' id='block_1_41' title="bbox 518 2618 2063 2694">
    <p class='ocr_par' dir='ltr' id='par_1_41' title="bbox 518 2618 2063 2694">
     <span class='ocr_line' id='line_1_41' title="bbox 518 2618 2063 2694; baseline -0.004 -18"><span class='ocrx_word' id='word_1_320' title='bbox 518 2628 751 2694; x_wconf 81' lang='lat' dir='ltr'><strong>quoniam</strong></span> <span class='ocrx_word' id='word_1_321' title='bbox 777 2638 890 2674; x_wconf 89' lang='lat' dir='ltr'><strong>cum</strong></span> <span class='ocrx_word' id='word_1_322' title='bbox 929 2622 1094 2674; x_wconf 85' lang='lat' dir='ltr'><strong>adhuc</strong></span> <span class='ocrx_word' id='word_1_323' title='bbox 1131 2633 1408 2688; x_wconf 82' lang='lat' dir='ltr'><strong>peccatores</strong></span> <span class='ocrx_word' id='word_1_324' title='bbox 1437 2636 1670 2682; x_wconf 75' lang='lat' dir='ltr'><strong>essemus,</strong></span> <span class='ocrx_word' id='word_1_325' title='bbox 1701 2618 1925 2670; x_wconf 82' lang='lat' dir='ltr'><strong>Christus</strong></span> <span class='ocrx_word' id='word_1_326' title='bbox 1972 2635 2063 2683; x_wconf 60' lang='lat' dir='ltr'><strong>pro</strong></span> 
     </span>
    </p>
   </div>
   <div class='ocr_carea' id='block_1_42' title="bbox 518 2706 2061 2779">
    <p class='ocr_par' dir='ltr' id='par_1_42' title="bbox 518 2706 2061 2779">
     <span class='ocr_line' id='line_1_42' title="bbox 518 2706 2061 2779; baseline -0.004 -16"><span class='ocrx_word' id='word_1_327' title='bbox 518 2714 684 2779; x_wconf 86' lang='lat' dir='ltr'><strong>impiis</strong></span> <span class='ocrx_word' id='word_1_328' title='bbox 715 2722 935 2765; x_wconf 80' lang='lat' dir='ltr'><strong>mortuus</strong></span> <span class='ocrx_word' id='word_1_329' title='bbox 958 2722 1027 2762; x_wconf 82' lang='lat' dir='ltr'><strong>est</strong></span> <span class='ocrx_word' id='word_1_330' title='bbox 1060 2709 1234 2779; x_wconf 82' lang='lat' dir='ltr'><strong>(llum.</strong></span> <span class='ocrx_word' id='word_1_331' title='bbox 1259 2712 1334 2777; x_wconf 92' lang='lat' dir='ltr'><strong>v).</strong></span> <span class='ocrx_word' id='word_1_332' title='bbox 1368 2708 1725 2760; x_wconf 50' lang='lat' dir='ltr'><strong>llanc&#39;bcatus</strong></span> <span class='ocrx_word' id='word_1_333' title='bbox 1756 2706 1938 2767; x_wconf 77' lang='lat' dir='ltr'><strong>Petrus</strong></span> <span class='ocrx_word' id='word_1_334' title='bbox 1968 2709 2061 2758; x_wconf 66' lang='lat' dir='ltr'><strong>ha.</strong></span> 
     </span>
    </p>
   </div>
   <div class='ocr_carea' id='block_1_43' title="bbox 520 2794 2063 2867">
    <p class='ocr_par' dir='ltr' id='par_1_43' title="bbox 520 2794 2063 2867">
     <span class='ocr_line' id='line_1_43' title="bbox 520 2794 2063 2867; baseline -0.005 -12"><span class='ocrx_word' id='word_1_335' title='bbox 520 2804 643 2855; x_wconf 86' lang='lat' dir='ltr'><strong>bere</strong></span> <span class='ocrx_word' id='word_1_336' title='bbox 675 2803 1001 2867; x_wconf 76' lang='lat' dir='ltr'><strong>innitebatur,</strong></span> <span class='ocrx_word' id='word_1_337' title='bbox 1031 2814 1152 2852; x_wconf 84' lang='lat' dir='ltr'><strong>eum</strong></span> <span class='ocrx_word' id='word_1_338' title='bbox 1187 2799 1406 2850; x_wconf 85' lang='lat' dir='ltr'><strong>Domino</strong></span> <span class='ocrx_word' id='word_1_339' title='bbox 1443 2797 1686 2848; x_wconf 85' lang='lat' dir='ltr'><strong>dicente:</strong></span> <span class='ocrx_word' id='word_1_340' title='bbox 1724 2794 1890 2857; x_wconf 84' lang='lat' dir='ltr'><strong>Petre,</strong></span> <span class='ocrx_word' id='word_1_341' title='bbox 1924 2813 2063 2848; x_wconf 82' lang='lat' dir='ltr'><strong>amas</strong></span> 
     </span>
    </p>
   </div>
   <div class='ocr_carea' id='block_1_44' title="bbox 517 2883 2058 2956">
    <p class='ocr_par' dir='ltr' id='par_1_44' title="bbox 517 2883 2058 2956">
     <span class='ocr_line' id='line_1_44' title="bbox 517 2883 2058 2956; baseline -0.005 -14"><span class='ocrx_word' id='word_1_342' title='bbox 517 2890 631 2943; x_wconf 84' lang='lat' dir='ltr'><strong>me?</strong></span> <span class='ocrx_word' id='word_1_343' title='bbox 653 2905 798 2956; x_wconf 81' lang='lat' dir='ltr'><strong>pasce</strong></span> <span class='ocrx_word' id='word_1_344' title='bbox 821 2905 929 2941; x_wconf 85' lang='lat' dir='ltr'><strong>oves</strong></span> <span class='ocrx_word' id='word_1_345' title='bbox 957 2903 1089 2940; x_wconf 86' lang='lat' dir='ltr'><strong>meas</strong></span> <span class='ocrx_word' id='word_1_346' title='bbox 1110 2886 1285 2955; x_wconf 85' lang='lat' dir='ltr'><strong>(Joan.</strong></span> <span class='ocrx_word' id='word_1_347' title='bbox 1312 2883 1455 2953; x_wconf 72' lang='lat' dir='ltr'><strong>XXI);</strong></span> <span class='ocrx_word' id='word_1_348' title='bbox 1490 2885 1757 2951; x_wconf 84' lang='lat' dir='ltr'><strong>respondit</strong></span> <span class='ocrx_word' id='word_1_349' title='bbox 1782 2899 1839 2937; x_wconf 90' lang='lat' dir='ltr'><strong>se</strong></span> <span class='ocrx_word' id='word_1_350' title='bbox 1860 2898 2058 2949; x_wconf 81' lang='lat' dir='ltr'><strong>amare,</strong></span> 
     </span>
    </p>
   </div>
   <div class='ocr_carea' id='block_1_45' title="bbox 520 2974 2061 3049">
    <p class='ocr_par' dir='ltr' id='par_1_45' title="bbox 520 2974 2061 3049">
     <span class='ocr_line' id='line_1_45' title="bbox 520 2974 2061 3049; baseline -0.006 -15"><span class='ocrx_word' id='word_1_351' title='bbox 520 2982 799 3049; x_wconf 85' lang='lat' dir='ltr'><strong>statimque</strong></span> <span class='ocrx_word' id='word_1_352' title='bbox 856 2979 1051 3031; x_wconf 88' lang='lat' dir='ltr'><strong>audivit</strong></span> <span class='ocrx_word' id='word_1_353' title='bbox 1094 2997 1105 3030; x_wconf 90' lang='lat'><strong>:</strong></span> <span class='ocrx_word' id='word_1_354' title='bbox 1157 2976 1284 3031; x_wconf 86' lang='lat' dir='ltr'><strong>Cum</strong></span> <span class='ocrx_word' id='word_1_355' title='bbox 1327 2987 1491 3028; x_wconf 89' lang='lat' dir='ltr'><strong>autem</strong></span> <span class='ocrx_word' id='word_1_356' title='bbox 1536 2975 1788 3038; x_wconf 78' lang='lat' dir='ltr'><strong>seuueris,</strong></span> <span class='ocrx_word' id='word_1_357' title='bbox 1830 2974 2061 3026; x_wconf 75' lang='lat' dir='ltr'><strong>extendes</strong></span> 
     </span>
    </p>
   </div>
   <div class='ocr_carea' id='block_1_46' title="bbox 518 3064 2059 3137">
    <p class='ocr_par' dir='ltr' id='par_1_46' title="bbox 518 3064 2059 3137">
     <span class='ocr_line' id='line_1_46' title="bbox 518 3064 2059 3137; baseline -0.005 -15"><span class='ocrx_word' id='word_1_358' title='bbox 518 3088 694 3123; x_wconf 89' lang='lat' dir='ltr'><strong>manus</strong></span> <span class='ocrx_word' id='word_1_359' title='bbox 718 3080 849 3137; x_wconf 89' lang='lat' dir='ltr'><strong>tuas,</strong></span> <span class='ocrx_word' id='word_1_360' title='bbox 874 3078 919 3120; x_wconf 78' lang='lat' dir='ltr'><strong>ct</strong></span> <span class='ocrx_word' id='word_1_361' title='bbox 950 3068 1082 3121; x_wconf 88' lang='lat' dir='ltr'><strong>alius</strong></span> <span class='ocrx_word' id='word_1_362' title='bbox 1106 3076 1150 3119; x_wconf 89' lang='lat' dir='ltr'><strong>te</strong></span> <span class='ocrx_word' id='word_1_363' title='bbox 1186 3067 1366 3134; x_wconf 82' lang='lat' dir='ltr'><strong>cinget,</strong></span> <span class='ocrx_word' id='word_1_364' title='bbox 1391 3076 1436 3119; x_wconf 87' lang='lat' dir='ltr'><strong>et</strong></span> <span class='ocrx_word' id='word_1_365' title='bbox 1460 3067 1602 3118; x_wconf 84' lang='lat' dir='ltr'><strong>ducet</strong></span> <span class='ocrx_word' id='word_1_366' title='bbox 1646 3081 1743 3133; x_wconf 90' lang='lat' dir='ltr'><strong>quo</strong></span> <span class='ocrx_word' id='word_1_367' title='bbox 1769 3073 1818 3116; x_wconf 92' lang='lat' dir='ltr'><strong>tu</strong></span> <span class='ocrx_word' id='word_1_368' title='bbox 1848 3080 1945 3115; x_wconf 85' lang='lat' dir='ltr'><strong>non</strong></span> <span class='ocrx_word' id='word_1_369' title='bbox 1986 3064 2059 3114; x_wconf 74' lang='lat' dir='ltr'><strong>vis</strong></span> 
     </span>
    </p>
   </div>
   <div class='ocr_carea' id='block_1_47' title="bbox 518 3153 2056 3229">
    <p class='ocr_par' dir='ltr' id='par_1_47' title="bbox 518 3153 2056 3229">
     <span class='ocr_line' id='line_1_47' title="bbox 518 3153 2056 3229; baseline -0.003 -18"><span class='ocrx_word' id='word_1_370' title='bbox 518 3158 727 3229; x_wconf 87' lang='lat' dir='ltr'><strong>(lbid.).</strong></span> <span class='ocrx_word' id='word_1_371' title='bbox 764 3160 871 3211; x_wconf 88' lang='lat' dir='ltr'><strong>lloc</strong></span> <span class='ocrx_word' id='word_1_372' title='bbox 904 3170 1078 3211; x_wconf 89' lang='lat' dir='ltr'><strong>autem</strong></span> <span class='ocrx_word' id='word_1_373' title='bbox 1108 3155 1238 3209; x_wconf 75' lang='lat' dir='ltr'><strong>dixit</strong></span> <span class='ocrx_word' id='word_1_374' title='bbox 1267 3158 1360 3225; x_wconf 87' lang='lat' dir='ltr'><strong>(ait</strong></span> <span class='ocrx_word' id='word_1_375' title='bbox 1389 3156 1726 3223; x_wconf 76' lang='lat' dir='ltr'><strong>evangelista)</strong></span> <span class='ocrx_word' id='word_1_376' title='bbox 1758 3153 2056 3223; x_wconf 77' lang='lat' dir='ltr'><strong>signiﬁcans</strong></span> 
     </span>
    </p>
   </div>
   <div class='ocr_carea' id='block_1_48' title="bbox 517 3246 2058 3320">
    <p class='ocr_par' dir='ltr' id='par_1_48' title="bbox 517 3246 2058 3320">
     <span class='ocr_line' id='line_1_48' title="bbox 517 3246 2058 3320; baseline -0.003 -18"><span class='ocrx_word' id='word_1_377' title='bbox 517 3268 615 3320; x_wconf 88' lang='lat' dir='ltr'><strong>qua</strong></span> <span class='ocrx_word' id='word_1_378' title='bbox 648 3263 812 3303; x_wconf 90' lang='lat' dir='ltr'><strong>morte</strong></span> <span class='ocrx_word' id='word_1_379' title='bbox 839 3251 1214 3303; x_wconf 84' lang='lat' dir='ltr'><strong>clarillcaturus</strong></span> <span class='ocrx_word' id='word_1_380' title='bbox 1236 3260 1373 3300; x_wconf 84' lang='lat' dir='ltr'><strong>esset</strong></span> <span class='ocrx_word' id='word_1_381' title='bbox 1404 3250 1584 3299; x_wconf 77' lang='lat' dir='ltr'><strong>lleunt.</strong></span> <span class='ocrx_word' id='word_1_382' title='bbox 1612 3246 1704 3299; x_wconf 90' lang='lat' dir='ltr'><strong>Cui</strong></span> <span class='ocrx_word' id='word_1_383' title='bbox 1736 3249 1875 3300; x_wconf 90' lang='lat' dir='ltr'><strong>enim</strong></span> <span class='ocrx_word' id='word_1_384' title='bbox 1908 3261 2058 3298; x_wconf 80' lang='lat' dir='ltr'><strong>amo-</strong></span> 
     </span>
    </p>
   </div>
   <div class='ocr_carea' id='block_1_49' title="bbox 519 3338 2055 3399">
    <p class='ocr_par' dir='ltr' id='par_1_49' title="bbox 519 3338 2055 3399">
     <span class='ocr_line' id='line_1_49' title="bbox 519 3338 2055 3399; baseline -0.003 -5"><span class='ocrx_word' id='word_1_385' title='bbox 519 3359 627 3395; x_wconf 85' lang='lat' dir='ltr'><strong>rem</strong></span> <span class='ocrx_word' id='word_1_386' title='bbox 671 3341 939 3395; x_wconf 90' lang='lat' dir='ltr'><strong>conlitenti</strong></span> <span class='ocrx_word' id='word_1_387' title='bbox 983 3355 1103 3393; x_wconf 87' lang='lat' dir='ltr'><strong>suas</strong></span> <span class='ocrx_word' id='word_1_388' title='bbox 1131 3356 1257 3392; x_wconf 89' lang='lat' dir='ltr'><strong>oves</strong></span> <span class='ocrx_word' id='word_1_389' title='bbox 1304 3338 1715 3399; x_wconf 83' lang='lat' dir='ltr'><strong>commendaret,</strong></span> <span class='ocrx_word' id='word_1_390' title='bbox 1748 3352 1865 3389; x_wconf 90' lang='lat' dir='ltr'><strong>eum</strong></span> <span class='ocrx_word' id='word_1_391' title='bbox 1899 3340 1948 3389; x_wconf 89' lang='lat' dir='ltr'><strong>itt</strong></span> <span class='ocrx_word' id='word_1_392' title='bbox 1980 3346 2055 3390; x_wconf 80' lang='lat' dir='ltr'><strong>tc-</strong></span> 
     </span>
    </p>
   </div>
   <div class='ocr_carea' id='block_1_50' title="bbox 518 3426 2054 3498">
    <p class='ocr_par' dir='ltr' id='par_1_50' title="bbox 518 3426 2054 3498">
     <span class='ocr_line' id='line_1_50' title="bbox 518 3426 2054 3498; baseline -0.007 -11"><span class='ocrx_word' id='word_1_393' title='bbox 518 3433 820 3487; x_wconf 88' lang='lat' dir='ltr'><strong>stimonium</strong></span> <span class='ocrx_word' id='word_1_394' title='bbox 859 3430 1072 3498; x_wconf 80' lang='lat' dir='ltr'><strong>perfecti</strong></span> <span class='ocrx_word' id='word_1_395' title='bbox 1096 3433 1287 3481; x_wconf 87' lang='lat' dir='ltr'><strong>amoris</strong></span> <span class='ocrx_word' id='word_1_396' title='bbox 1311 3429 1539 3481; x_wconf 81' lang='lat' dir='ltr'><strong>animum</strong></span> <span class='ocrx_word' id='word_1_397' title='bbox 1566 3442 1711 3479; x_wconf 86' lang='lat' dir='ltr'><strong>suam</strong></span> <span class='ocrx_word' id='word_1_398' title='bbox 1741 3442 1832 3493; x_wconf 92' lang='lat' dir='ltr'><strong>pro</strong></span> <span class='ocrx_word' id='word_1_399' title='bbox 1858 3426 2054 3477; x_wconf 84' lang='lat' dir='ltr'><strong>eisdem</strong></span> 
     </span>
    </p>
   </div>
   <div class='ocr_carea' id='block_1_51' title="bbox 518 3516 2057 3591">
    <p class='ocr_par' dir='ltr' id='par_1_51' title="bbox 518 3516 2057 3591">
     <span class='ocr_line' id='line_1_51' title="bbox 518 3516 2057 3591; baseline -0.008 -15"><span class='ocrx_word' id='word_1_400' title='bbox 518 3525 701 3577; x_wconf 87' lang='lat' dir='ltr'><strong>ovibus</strong></span> <span class='ocrx_word' id='word_1_401' title='bbox 736 3536 931 3591; x_wconf 89' lang='lat' dir='ltr'><strong>ponere</strong></span> <span class='ocrx_word' id='word_1_402' title='bbox 979 3521 1221 3574; x_wconf 85' lang='lat' dir='ltr'><strong>docebat.</strong></span> <span class='ocrx_word' id='word_1_403' title='bbox 1253 3520 1371 3580; x_wconf 86' lang='lat' dir='ltr'><strong>Ille,</strong></span> <span class='ocrx_word' id='word_1_404' title='bbox 1404 3520 1585 3585; x_wconf 83' lang='lat' dir='ltr'><strong>inquit,</strong></span> <span class='ocrx_word' id='word_1_405' title='bbox 1624 3534 1714 3585; x_wconf 88' lang='lat' dir='ltr'><strong>pro</strong></span> <span class='ocrx_word' id='word_1_406' title='bbox 1761 3518 1899 3567; x_wconf 90' lang='lat' dir='ltr'><strong>nobis</strong></span> <span class='ocrx_word' id='word_1_407' title='bbox 1944 3516 2057 3565; x_wconf 74' lang='lat' dir='ltr'><strong>ani-</strong></span> 
     </span>
    </p>
   </div>
   <div class='ocr_carea' id='block_1_52' title="bbox 514 3605 2055 3677">
    <p class='ocr_par' dir='ltr' id='par_1_52' title="bbox 514 3605 2055 3677">
     <span class='ocr_line' id='line_1_52' title="bbox 514 3605 2055 3677; baseline -0.004 -16"><span class='ocrx_word' id='word_1_408' title='bbox 514 3626 644 3661; x_wconf 87' lang='lat' dir='ltr'><strong>mum</strong></span> <span class='ocrx_word' id='word_1_409' title='bbox 668 3627 805 3663; x_wconf 83' lang='lat' dir='ltr'><strong>suam</strong></span> <span class='ocrx_word' id='word_1_410' title='bbox 830 3610 1015 3677; x_wconf 84' lang='lat' dir='ltr'><strong>posuit,</strong></span> <span class='ocrx_word' id='word_1_411' title='bbox 1040 3617 1085 3659; x_wconf 86' lang='lat' dir='ltr'><strong>et</strong></span> <span class='ocrx_word' id='word_1_412' title='bbox 1113 3624 1201 3657; x_wconf 85' lang='lat' dir='ltr'><strong>nos</strong></span> <span class='ocrx_word' id='word_1_413' title='bbox 1223 3608 1455 3659; x_wconf 83' lang='lat' dir='ltr'><strong>debemus</strong></span> <span class='ocrx_word' id='word_1_414' title='bbox 1478 3622 1566 3671; x_wconf 89' lang='lat' dir='ltr'><strong>pro</strong></span> <span class='ocrx_word' id='word_1_415' title='bbox 1592 3605 1830 3669; x_wconf 65' lang='lat' dir='ltr'><strong>fratribus</strong></span> <span class='ocrx_word' id='word_1_416' title='bbox 1857 3606 2055 3655; x_wconf 83' lang='lat' dir='ltr'><strong>animos</strong></span> 
     </span>
    </p>
   </div>
   <div class='ocr_carea' id='block_1_53' title="bbox 515 3697 2053 3774">
    <p class='ocr_par' dir='ltr' id='par_1_53' title="bbox 515 3697 2053 3774">
     <span class='ocr_line' id='line_1_53' title="bbox 515 3697 2053 3774; baseline -0.005 -19"><span class='ocrx_word' id='word_1_417' title='bbox 515 3720 712 3774; x_wconf 84' lang='lat' dir='ltr'><strong>ponere.</strong></span> <span class='ocrx_word' id='word_1_418' title='bbox 736 3705 836 3758; x_wconf 88' lang='lat' dir='ltr'><strong>Sed</strong></span> <span class='ocrx_word' id='word_1_419' title='bbox 866 3704 993 3757; x_wconf 89' lang='lat' dir='ltr'><strong>dicit</strong></span> <span class='ocrx_word' id='word_1_420' title='bbox 1020 3704 1152 3755; x_wconf 88' lang='lat' dir='ltr'><strong>forte</strong></span> <span class='ocrx_word' id='word_1_421' title='bbox 1180 3702 1370 3769; x_wconf 74' lang='lat' dir='ltr'><strong>aliquis</strong></span> <span class='ocrx_word' id='word_1_422' title='bbox 1396 3717 1408 3751; x_wconf 89' lang='lat'><strong>:</strong></span> <span class='ocrx_word' id='word_1_423' title='bbox 1448 3699 1510 3751; x_wconf 84' lang='lat' dir='ltr'><strong>Et</strong></span> <span class='ocrx_word' id='word_1_424' title='bbox 1548 3697 1809 3764; x_wconf 90' lang='lat' dir='ltr'><strong>quomodo</strong></span> <span class='ocrx_word' id='word_1_425' title='bbox 1840 3712 2053 3763; x_wconf 82' lang='lat' dir='ltr'><strong>possunt</strong></span> 
     </span>
    </p>
   </div>
   <div class='ocr_carea' id='block_1_54' title="bbox 521 3786 2051 3850">
    <p class='ocr_par' dir='ltr' id='par_1_54' title="bbox 521 3786 2051 3850">
     <span class='ocr_line' id='line_1_54' title="bbox 521 3786 2051 3850; baseline -0.008 -5"><span class='ocrx_word' id='word_1_426' title='bbox 521 3794 716 3846; x_wconf 84' lang='lat' dir='ltr'><strong>habere</strong></span> <span class='ocrx_word' id='word_1_427' title='bbox 746 3792 895 3846; x_wconf 85' lang='lat' dir='ltr'><strong>istam</strong></span> <span class='ocrx_word' id='word_1_428' title='bbox 923 3792 1265 3846; x_wconf 73' lang='lat' dir='ltr'><strong>cltaritatcm‘l</strong></span> <span class='ocrx_word' id='word_1_429' title='bbox 1293 3788 1405 3841; x_wconf 81' lang='lat' dir='ltr'><strong>Noli</strong></span> <span class='ocrx_word' id='word_1_430' title='bbox 1432 3788 1533 3840; x_wconf 90' lang='lat' dir='ltr'><strong>cito</strong></span> <span class='ocrx_word' id='word_1_431' title='bbox 1560 3787 1624 3838; x_wconf 90' lang='lat' dir='ltr'><strong>de</strong></span> <span class='ocrx_word' id='word_1_432' title='bbox 1662 3796 1713 3837; x_wconf 86' lang='lat' dir='ltr'><strong>te</strong></span> <span class='ocrx_word' id='word_1_433' title='bbox 1744 3786 2051 3850; x_wconf 69' lang='lat' dir='ltr'><strong>destierare,</strong></span> 
     </span>
    </p>
   </div>
   <div class='ocr_carea' id='block_1_55' title="bbox 522 3876 2052 3948">
    <p class='ocr_par' dir='ltr' id='par_1_55' title="bbox 522 3876 2052 3948">
     <span class='ocr_line' id='line_1_55' title="bbox 522 3876 2052 3948; baseline -0.008 -12"><span class='ocrx_word' id='word_1_434' title='bbox 522 3885 655 3937; x_wconf 88' lang='lat' dir='ltr'><strong>forte</strong></span> <span class='ocrx_word' id='word_1_435' title='bbox 686 3891 801 3935; x_wconf 88' lang='lat' dir='ltr'><strong>nata</strong></span> <span class='ocrx_word' id='word_1_436' title='bbox 825 3893 925 3948; x_wconf 74' lang='grc' dir='ltr'><strong>εει,</strong></span> <span class='ocrx_word' id='word_1_437' title='bbox 958 3882 1048 3935; x_wconf 89' lang='lat' dir='ltr'><strong>sed</strong></span> <span class='ocrx_word' id='word_1_438' title='bbox 1077 3882 1303 3934; x_wconf 90' lang='lat' dir='ltr'><strong>nondum</strong></span> <span class='ocrx_word' id='word_1_439' title='bbox 1335 3877 1459 3945; x_wconf 59' lang='lat' dir='ltr'><strong>perii</strong></span> <span class='ocrx_word' id='word_1_440' title='bbox 1481 3888 1561 3930; x_wconf 85' lang='lat' dir='ltr'><strong>cta</strong></span> <span class='ocrx_word' id='word_1_441' title='bbox 1606 3886 1704 3929; x_wconf 87' lang='lat' dir='ltr'><strong>est.</strong></span> <span class='ocrx_word' id='word_1_442' title='bbox 1734 3876 1879 3927; x_wconf 83' lang='lat' dir='ltr'><strong>Nutri</strong></span> <span class='ocrx_word' id='word_1_443' title='bbox 1913 3889 2052 3934; x_wconf 85' lang='lat' dir='ltr'><strong>eam,</strong></span> 
     </span>
    </p>
   </div>
   <div class='ocr_carea' id='block_1_56' title="bbox 516 3965 2051 4034">
    <p class='ocr_par' dir='ltr' id='par_1_56' title="bbox 516 3965 2051 4034">
     <span class='ocr_line' id='line_1_56' title="bbox 516 3965 2051 4034; baseline -0.007 -7"><span class='ocrx_word' id='word_1_444' title='bbox 516 3988 581 4027; x_wconf 89' lang='lat' dir='ltr'><strong>ne</strong></span> <span class='ocrx_word' id='word_1_445' title='bbox 637 3972 910 4025; x_wconf 68' lang='lat' dir='ltr'><strong>educetur.</strong></span> <span class='ocrx_word' id='word_1_446' title='bbox 965 3971 1028 4024; x_wconf 84' lang='lat' dir='ltr'><strong>Et</strong></span> <span class='ocrx_word' id='word_1_447' title='bbox 1095 3970 1265 4030; x_wconf 86' lang='lat' dir='ltr'><strong>unde,</strong></span> <span class='ocrx_word' id='word_1_448' title='bbox 1320 3971 1516 4034; x_wconf 88' lang='lat' dir='ltr'><strong>inquis,</strong></span> <span class='ocrx_word' id='word_1_449' title='bbox 1574 3968 1691 4019; x_wconf 87' lang='lat' dir='ltr'><strong>novi</strong></span> <span class='ocrx_word' id='word_1_450' title='bbox 1762 3974 1930 4017; x_wconf 85' lang='lat' dir='ltr'><strong>natant</strong></span> <span class='ocrx_word' id='word_1_451' title='bbox 2002 3965 2051 4016; x_wconf 93' lang='lat' dir='ltr'><strong>in</strong></span> 
     </span>
    </p>
   </div>
   <div class='ocr_carea' id='block_1_57' title="bbox 515 4056 2051 4127">
    <p class='ocr_par' dir='ltr' id='par_1_57' title="bbox 515 4056 2051 4127">
     <span class='ocr_line' id='line_1_57' title="bbox 515 4056 2051 4127; baseline -0.01 -8"><span class='ocrx_word' id='word_1_452' title='bbox 515 4080 599 4118; x_wconf 88' lang='lat' dir='ltr'><strong>me</strong></span> <span class='ocrx_word' id='word_1_453' title='bbox 631 4064 935 4116; x_wconf 83' lang='lat' dir='ltr'><strong>cliaritatetn</strong></span> <span class='ocrx_word' id='word_1_454' title='bbox 968 4074 1252 4127; x_wconf 83' lang='lat' dir='ltr'><strong>essequam</strong></span> <span class='ocrx_word' id='word_1_455' title='bbox 1276 4057 1541 4112; x_wconf 78' lang='lat' dir='ltr'><strong>nuli-inm?</strong></span> <span class='ocrx_word' id='word_1_456' title='bbox 1573 4058 1706 4109; x_wconf 81' lang='lat' dir='ltr'><strong>Audi</strong></span> <span class='ocrx_word' id='word_1_457' title='bbox 1736 4056 2008 4122; x_wconf 82' lang='lat' dir='ltr'><strong>sequentia</strong></span> <span class='ocrx_word' id='word_1_458' title='bbox 2037 4071 2051 4110; x_wconf 89' lang='lat'><strong>;</strong></span> 
     </span>
    </p>
   </div>
   <div class='ocr_carea' id='block_1_58' title="bbox 590 4149 2052 4216">
    <p class='ocr_par' dir='ltr' id='par_1_58' title="bbox 590 4149 2052 4216">
     <span class='ocr_line' id='line_1_58' title="bbox 590 4149 2052 4216; baseline -0.001 -13"><span class='ocrx_word' id='word_1_459' title='bbox 590 4153 688 4216; x_wconf 82' lang='lat' dir='ltr'><strong>Qui</strong></span> <span class='ocrx_word' id='word_1_460' title='bbox 733 4150 953 4202; x_wconf 85' lang='lat' dir='ltr'><strong>habuerit</strong></span> <span class='ocrx_word' id='word_1_461' title='bbox 1002 4149 1329 4201; x_wconf 80' lang='lat' dir='ltr'><strong>substantiam</strong></span> <span class='ocrx_word' id='word_1_462' title='bbox 1375 4149 1545 4199; x_wconf 85' lang='lat' dir='ltr'><strong>mundi</strong></span> <span class='ocrx_word' id='word_1_463' title='bbox 1587 4151 1757 4216; x_wconf 85' lang='lat' dir='ltr'><strong>hujus.</strong></span> <span class='ocrx_word' id='word_1_464' title='bbox 1790 4161 1831 4202; x_wconf 87' lang='lat' dir='ltr'><strong>et</strong></span> <span class='ocrx_word' id='word_1_465' title='bbox 1874 4152 1969 4202; x_wconf 79' lang='lat' dir='ltr'><strong>vid.</strong></span> <span class='ocrx_word' id='word_1_466' title='bbox 1987 4152 2052 4201; x_wconf 88' lang='lat' dir='ltr'><strong>rit</strong></span> 
     </span>
    </p>
   </div>
   <div class='ocr_carea' id='block_1_59' title="bbox 516 4238 2051 4311">
    <p class='ocr_par' dir='ltr' id='par_1_59' title="bbox 516 4238 2051 4311">
     <span class='ocr_line' id='line_1_59' title="bbox 516 4238 2051 4311; baseline 0.003 -23"><span class='ocrx_word' id='word_1_467' title='bbox 516 4242 725 4307; x_wconf 68' lang='lat' dir='ltr'><strong>fratrem</strong></span> <span class='ocrx_word' id='word_1_468' title='bbox 755 4255 896 4291; x_wconf 87' lang='lat' dir='ltr'><strong>suum</strong></span> <span class='ocrx_word' id='word_1_469' title='bbox 926 4239 1260 4311; x_wconf 82' lang='lat' dir='ltr'><strong>necessitatem</strong></span> <span class='ocrx_word' id='word_1_470' title='bbox 1292 4238 1488 4299; x_wconf 84' lang='lat' dir='ltr'><strong>habere,</strong></span> <span class='ocrx_word' id='word_1_471' title='bbox 1512 4250 1612 4291; x_wconf 86' lang='lat' dir='ltr'><strong>etc.</strong></span> <span class='ocrx_word' id='word_1_472' title='bbox 1651 4241 1782 4291; x_wconf 82' lang='lat' dir='ltr'><strong>Ecce</strong></span> <span class='ocrx_word' id='word_1_473' title='bbox 1811 4241 1945 4291; x_wconf 89' lang='lat' dir='ltr'><strong>unde</strong></span> <span class='ocrx_word' id='word_1_474' title='bbox 1976 4256 2051 4292; x_wconf 84' lang='lat' dir='ltr'><strong>ill-</strong></span> 
     </span>
    </p>
   </div>
   <div class='ocr_carea' id='block_1_60' title="bbox 524 4327 2047 4395">
    <p class='ocr_par' dir='ltr' id='par_1_60' title="bbox 524 4327 2047 4395">
     <span class='ocr_line' id='line_1_60' title="bbox 524 4327 2047 4395; baseline 0.001 -17"><span class='ocrx_word' id='word_1_475' title='bbox 524 4329 653 4392; x_wconf 89' lang='lat' dir='ltr'><strong>cipit</strong></span> <span class='ocrx_word' id='word_1_476' title='bbox 678 4329 927 4381; x_wconf 83' lang='lat' dir='ltr'><strong>cliaritas.</strong></span> <span class='ocrx_word' id='word_1_477' title='bbox 950 4327 1001 4381; x_wconf 92' lang='lat' dir='ltr'><strong>Si</strong></span> <span class='ocrx_word' id='word_1_478' title='bbox 1029 4327 1252 4380; x_wconf 89' lang='lat' dir='ltr'><strong>nondum</strong></span> <span class='ocrx_word' id='word_1_479' title='bbox 1275 4342 1330 4380; x_wconf 86' lang='lat' dir='ltr'><strong>es</strong></span> <span class='ocrx_word' id='word_1_480' title='bbox 1355 4327 1569 4378; x_wconf 87' lang='lat' dir='ltr'><strong>idoneus</strong></span> <span class='ocrx_word' id='word_1_481' title='bbox 1598 4328 1725 4379; x_wconf 88' lang='lat' dir='ltr'><strong>mori</strong></span> <span class='ocrx_word' id='word_1_482' title='bbox 1754 4344 1847 4395; x_wconf 91' lang='lat' dir='ltr'><strong>pro</strong></span> <span class='ocrx_word' id='word_1_483' title='bbox 1870 4329 2047 4392; x_wconf 74' lang='lat' dir='ltr'><strong>fratre,</strong></span> 
     </span>
    </p>
   </div>
   <div class='ocr_carea' id='block_1_61' title="bbox 521 4413 2131 4492">
    <p class='ocr_par' dir='ltr' id='par_1_61' title="bbox 521 4413 2131 4492">
     <span class='ocr_line' id='line_1_61' title="bbox 521 4413 2131 4492; baseline 0.003 -28"><span class='ocrx_word' id='word_1_484' title='bbox 521 4414 625 4481; x_wconf 82' lang='lat' dir='ltr'><strong>jam</strong></span> <span class='ocrx_word' id='word_1_485' title='bbox 672 4413 889 4464; x_wconf 85' lang='lat' dir='ltr'><strong>idoneus</strong></span> <span class='ocrx_word' id='word_1_486' title='bbox 919 4422 1030 4465; x_wconf 79' lang='lat' dir='ltr'><strong>esto</strong></span> <span class='ocrx_word' id='word_1_487' title='bbox 1056 4414 1185 4465; x_wconf 86' lang='lat' dir='ltr'><strong>dare</strong></span> <span class='ocrx_word' id='word_1_488' title='bbox 1206 4414 1269 4465; x_wconf 92' lang='lat' dir='ltr'><strong>de</strong></span> <span class='ocrx_word' id='word_1_489' title='bbox 1297 4414 1397 4465; x_wconf 90' lang='lat' dir='ltr'><strong>tuis</strong></span> <span class='ocrx_word' id='word_1_490' title='bbox 1428 4414 1756 4466; x_wconf 75' lang='lat' dir='ltr'><strong>facultatibus</strong></span> <span class='ocrx_word' id='word_1_491' title='bbox 1798 4414 1962 4468; x_wconf 73' lang='lat' dir='ltr'><strong>fratri.</strong></span> <span class='ocrx_word' id='word_1_492' title='bbox 1995 4417 2047 4469; x_wconf 82' lang='lat' dir='ltr'><strong>Si</strong></span> <span class='ocrx_word' id='word_1_493' title='bbox 2085 4433 2131 4492; x_wconf 77' lang='grc' dir='ltr'><strong>υ</strong></span> 
     </span>
    </p>
   </div>
   <div class='ocr_carea' id='block_1_62' title="bbox 520 4501 2051 4569">
    <p class='ocr_par' dir='ltr' id='par_1_62' title="bbox 520 4501 2051 4569">
     <span class='ocr_line' id='line_1_62' title="bbox 520 4501 2051 4569; baseline -0.001 -13"><span class='ocrx_word' id='word_1_494' title='bbox 520 4502 661 4556; x_wconf 90' lang='lat' dir='ltr'><strong>enim</strong></span> <span class='ocrx_word' id='word_1_495' title='bbox 694 4501 837 4554; x_wconf 84' lang='lat' dir='ltr'><strong>fratri</strong></span> <span class='ocrx_word' id='word_1_496' title='bbox 867 4502 1157 4553; x_wconf 79' lang='lat' dir='ltr'><strong>molestiam</strong></span> <span class='ocrx_word' id='word_1_497' title='bbox 1199 4501 1406 4567; x_wconf 89' lang='lat' dir='ltr'><strong>patienti</strong></span> <span class='ocrx_word' id='word_1_498' title='bbox 1440 4516 1539 4553; x_wconf 92' lang='lat' dir='ltr'><strong>non</strong></span> <span class='ocrx_word' id='word_1_499' title='bbox 1583 4504 1918 4569; x_wconf 89' lang='lat' dir='ltr'><strong>compateris,</strong></span> <span class='ocrx_word' id='word_1_500' title='bbox 1951 4520 2051 4556; x_wconf 80' lang='lat' dir='ltr'><strong>non</strong></span> 
     </span>
    </p>
   </div>
   <div class='ocr_carea' id='block_1_63' title="bbox 517 4589 2052 4658">
    <p class='ocr_par' dir='ltr' id='par_1_63' title="bbox 517 4589 2052 4658">
     <span class='ocr_line' id='line_1_63' title="bbox 517 4589 2052 4658; baseline 0.001 -16"><span class='ocrx_word' id='word_1_501' title='bbox 517 4591 693 4658; x_wconf 79' lang='lat' dir='ltr'><strong>otique</strong></span> <span class='ocrx_word' id='word_1_502' title='bbox 727 4590 911 4653; x_wconf 83' lang='lat' dir='ltr'><strong>l’atris,</strong></span> <span class='ocrx_word' id='word_1_503' title='bbox 939 4604 1001 4642; x_wconf 83' lang='lat' dir='ltr'><strong>ex</strong></span> <span class='ocrx_word' id='word_1_504' title='bbox 1047 4603 1150 4657; x_wconf 88' lang='lat' dir='ltr'><strong>quo</strong></span> <span class='ocrx_word' id='word_1_505' title='bbox 1178 4589 1328 4641; x_wconf 87' lang='lat' dir='ltr'><strong>ambo</strong></span> <span class='ocrx_word' id='word_1_506' title='bbox 1381 4592 1665 4656; x_wconf 85' lang='lat' dir='ltr'><strong>regenerati</strong></span> <span class='ocrx_word' id='word_1_507' title='bbox 1697 4594 1841 4656; x_wconf 82' lang='lat' dir='ltr'><strong>estis,</strong></span> <span class='ocrx_word' id='word_1_508' title='bbox 1875 4593 2052 4646; x_wconf 86' lang='lat' dir='ltr'><strong>chari-</strong></span> 
     </span>
    </p>
   </div>
   <div class='ocr_carea' id='block_1_64' title="bbox 519 4681 982 4732">
    <p class='ocr_par' dir='ltr' id='par_1_64' title="bbox 519 4681 982 4732">
     <span class='ocr_line' id='line_1_64' title="bbox 519 4681 982 4732; baseline 0.002 -1"><span class='ocrx_word' id='word_1_509' title='bbox 519 4692 599 4731; x_wconf 85' lang='lat' dir='ltr'><strong>las</strong></span> <span class='ocrx_word' id='word_1_510' title='bbox 630 4692 801 4732; x_wconf 86' lang='lat' dir='ltr'><strong>manet</strong></span> <span class='ocrx_word' id='word_1_511' title='bbox 830 4681 878 4732; x_wconf 87' lang='lat' dir='ltr'><strong>itt</strong></span> <span class='ocrx_word' id='word_1_512' title='bbox 912 4690 982 4732; x_wconf 90' lang='lat' dir='ltr'><strong>te.</strong></span> 
     </span>
    </p>
   </div>
   <div class='ocr_carea' id='block_1_65' title="bbox 590 4766 2048 4841">
    <p class='ocr_par' dir='ltr' id='par_1_65' title="bbox 590 4766 2048 4841">
     <span class='ocr_line' id='line_1_65' title="bbox 590 4766 2048 4841; baseline 0.005 -22"><span class='ocrx_word' id='word_1_513' title='bbox 590 4766 763 4822; x_wconf 78' lang='lat' dir='ltr'><strong>Filioli</strong></span> <span class='ocrx_word' id='word_1_514' title='bbox 795 4770 909 4831; x_wconf 82' lang='lat' dir='ltr'><strong>mei,</strong></span> <span class='ocrx_word' id='word_1_515' title='bbox 933 4785 1029 4820; x_wconf 83' lang='lat' dir='ltr'><strong>non</strong></span> <span class='ocrx_word' id='word_1_516' title='bbox 1059 4769 1324 4836; x_wconf 80' lang='lat' dir='ltr'><strong>diligamus</strong></span> <span class='ocrx_word' id='word_1_517' title='bbox 1349 4770 1511 4835; x_wconf 86' lang='lat' dir='ltr'><strong>verba,</strong></span> <span class='ocrx_word' id='word_1_518' title='bbox 1542 4786 1698 4839; x_wconf 88' lang='lat' dir='ltr'><strong>neque</strong></span> <span class='ocrx_word' id='word_1_519' title='bbox 1727 4771 1922 4841; x_wconf 86' lang='lat' dir='ltr'><strong>lingua,</strong></span> <span class='ocrx_word' id='word_1_520' title='bbox 1948 4784 2048 4827; x_wconf 66' lang='lat' dir='ltr'><strong>etc.</strong></span> 
     </span>
    </p>
   </div>
   <div class='ocr_carea' id='block_1_66' title="bbox 527 4856 2049 4927">
    <p class='ocr_par' dir='ltr' id='par_1_66' title="bbox 527 4856 2049 4927">
     <span class='ocr_line' id='line_1_66' title="bbox 527 4856 2049 4927; baseline 0.003 -17"><span class='ocrx_word' id='word_1_521' title='bbox 527 4858 696 4924; x_wconf 76' lang='lat' dir='ltr'><strong>Opere</strong></span> <span class='ocrx_word' id='word_1_522' title='bbox 731 4858 990 4919; x_wconf 80' lang='lat' dir='ltr'><strong>videlicet,</strong></span> <span class='ocrx_word' id='word_1_523' title='bbox 1024 4866 1078 4908; x_wconf 90' lang='lat' dir='ltr'><strong>ut</strong></span> <span class='ocrx_word' id='word_1_524' title='bbox 1107 4871 1222 4908; x_wconf 89' lang='lat' dir='ltr'><strong>cum</strong></span> <span class='ocrx_word' id='word_1_525' title='bbox 1255 4856 1417 4911; x_wconf 79' lang='lat' dir='ltr'><strong>frater</strong></span> <span class='ocrx_word' id='word_1_526' title='bbox 1446 4872 1533 4911; x_wconf 88' lang='lat' dir='ltr'><strong>aut</strong></span> <span class='ocrx_word' id='word_1_527' title='bbox 1563 4874 1711 4914; x_wconf 87' lang='lat' dir='ltr'><strong>soror</strong></span> <span class='ocrx_word' id='word_1_528' title='bbox 1751 4862 1870 4914; x_wconf 88' lang='lat' dir='ltr'><strong>ttudi</strong></span> <span class='ocrx_word' id='word_1_529' title='bbox 1910 4872 2049 4927; x_wconf 89' lang='lat' dir='ltr'><strong>sunt,</strong></span> 
     </span>
    </p>
   </div>
   <div class='ocr_carea' id='block_1_67' title="bbox 512 4946 2053 5017">
    <p class='ocr_par' dir='ltr' id='par_1_67' title="bbox 512 4946 2053 5017">
     <span class='ocr_line' id='line_1_67' title="bbox 512 4946 2053 5017; baseline 0.004 -18"><span class='ocrx_word' id='word_1_530' title='bbox 512 4957 568 4999; x_wconf 84' lang='lat' dir='ltr'><strong>et</strong></span> <span class='ocrx_word' id='word_1_531' title='bbox 597 4946 823 5013; x_wconf 74' lang='lat' dir='ltr'><strong>indigent</strong></span> <span class='ocrx_word' id='word_1_532' title='bbox 851 4946 990 4998; x_wconf 87' lang='lat' dir='ltr'><strong>victu</strong></span> <span class='ocrx_word' id='word_1_533' title='bbox 1020 4946 1345 5013; x_wconf 88' lang='lat' dir='ltr'><strong>quotidiano,</strong></span> <span class='ocrx_word' id='word_1_534' title='bbox 1373 4946 1556 5000; x_wconf 90' lang='lat' dir='ltr'><strong>demus</strong></span> <span class='ocrx_word' id='word_1_535' title='bbox 1599 4951 1676 5002; x_wconf 81' lang='lat' dir='ltr'><strong>eis</strong></span> <span class='ocrx_word' id='word_1_536' title='bbox 1717 4965 1832 5017; x_wconf 74' lang='lat' dir='ltr'><strong>qua:</strong></span> <span class='ocrx_word' id='word_1_537' title='bbox 1863 4967 2053 5005; x_wconf 83' lang='lat' dir='ltr'><strong>ncces-</strong></span> 
     </span>
    </p>
   </div>
   <div class='ocr_carea' id='block_1_68' title="bbox 516 5035 2053 5105">
    <p class='ocr_par' dir='ltr' id='par_1_68' title="bbox 516 5035 2053 5105">
     <span class='ocr_line' id='line_1_68' title="bbox 516 5035 2053 5105; baseline 0.005 -17"><span class='ocrx_word' id='word_1_538' title='bbox 516 5036 648 5088; x_wconf 83' lang='lat' dir='ltr'><strong>saria</strong></span> <span class='ocrx_word' id='word_1_539' title='bbox 677 5043 798 5087; x_wconf 90' lang='lat' dir='ltr'><strong>sunt</strong></span> <span class='ocrx_word' id='word_1_540' title='bbox 822 5038 1048 5103; x_wconf 85' lang='lat' dir='ltr'><strong>corpori.</strong></span> <span class='ocrx_word' id='word_1_541' title='bbox 1076 5035 1330 5088; x_wconf 89' lang='lat' dir='ltr'><strong>Similiter</strong></span> <span class='ocrx_word' id='word_1_542' title='bbox 1360 5050 1475 5088; x_wconf 91' lang='lat' dir='ltr'><strong>cum</strong></span> <span class='ocrx_word' id='word_1_543' title='bbox 1512 5039 1869 5105; x_wconf 83' lang='lat' dir='ltr'><strong>spiritualibus</strong></span> <span class='ocrx_word' id='word_1_544' title='bbox 1900 5041 2053 5095; x_wconf 70' lang='lat' dir='ltr'><strong>donis</strong></span> 
     </span>
    </p>
   </div>
   <div class='ocr_carea' id='block_1_69' title="bbox 510 5127 2054 5195">
    <p class='ocr_par' dir='ltr' id='par_1_69' title="bbox 510 5127 2054 5195">
     <span class='ocr_line' id='line_1_69' title="bbox 510 5127 2054 5195; baseline 0.005 -16"><span class='ocrx_word' id='word_1_545' title='bbox 510 5142 604 5179; x_wconf 90' lang='lat' dir='ltr'><strong>eos</strong></span> <span class='ocrx_word' id='word_1_546' title='bbox 643 5140 798 5193; x_wconf 85' lang='lat' dir='ltr'><strong>egere</strong></span> <span class='ocrx_word' id='word_1_547' title='bbox 836 5127 1204 5190; x_wconf 85' lang='lat' dir='ltr'><strong>conspicimus,</strong></span> <span class='ocrx_word' id='word_1_548' title='bbox 1243 5137 1551 5195; x_wconf 76' lang='lat' dir='ltr'><strong>priestetnus</strong></span> <span class='ocrx_word' id='word_1_549' title='bbox 1598 5143 1776 5182; x_wconf 89' lang='lat' dir='ltr'><strong>eorum</strong></span> <span class='ocrx_word' id='word_1_550' title='bbox 1822 5133 2054 5185; x_wconf 86' lang='lat' dir='ltr'><strong>necessi-</strong></span> 
     </span>
    </p>
   </div>
   <div class='ocr_carea' id='block_1_70' title="bbox 517 5215 2053 5283">
    <p class='ocr_par' dir='ltr' id='par_1_70' title="bbox 517 5215 2053 5283">
     <span class='ocr_line' id='line_1_70' title="bbox 517 5215 2053 5283; baseline 0.006 -18"><span class='ocrx_word' id='word_1_551' title='bbox 517 5216 607 5267; x_wconf 81' lang='lat' dir='ltr'><strong>tati</strong></span> <span class='ocrx_word' id='word_1_552' title='bbox 636 5230 751 5283; x_wconf 70' lang='lat' dir='ltr'><strong>quae</strong></span> <span class='ocrx_word' id='word_1_553' title='bbox 783 5228 1078 5283; x_wconf 84' lang='lat' dir='ltr'><strong>possumus.</strong></span> <span class='ocrx_word' id='word_1_554' title='bbox 1116 5215 1346 5269; x_wconf 82' lang='lat' dir='ltr'><strong>Veritate</strong></span> <span class='ocrx_word' id='word_1_555' title='bbox 1374 5229 1568 5283; x_wconf 85' lang='lat' dir='ltr'><strong>autem,</strong></span> <span class='ocrx_word' id='word_1_556' title='bbox 1599 5231 1652 5272; x_wconf 88' lang='lat' dir='ltr'><strong>ut</strong></span> <span class='ocrx_word' id='word_1_557' title='bbox 1682 5220 1863 5273; x_wconf 86' lang='lat' dir='ltr'><strong>eadem</strong></span> <span class='ocrx_word' id='word_1_558' title='bbox 1896 5223 2053 5275; x_wconf 85' lang='lat' dir='ltr'><strong>bette-</strong></span> 
     </span>
    </p>
   </div>
   <div class='ocr_carea' id='block_1_71' title="bbox 514 5304 2050 5380">
    <p class='ocr_par' dir='ltr' id='par_1_71' title="bbox 514 5304 2050 5380">
     <span class='ocr_line' id='line_1_71' title="bbox 514 5304 2050 5380; baseline 0.006 -24"><span class='ocrx_word' id='word_1_559' title='bbox 514 5305 631 5357; x_wconf 76' lang='lat' dir='ltr'><strong>ﬁcia</strong></span> <span class='ocrx_word' id='word_1_560' title='bbox 679 5306 755 5357; x_wconf 88' lang='lat' dir='ltr'><strong>eis</strong></span> <span class='ocrx_word' id='word_1_561' title='bbox 784 5304 1003 5369; x_wconf 84' lang='lat' dir='ltr'><strong>simplici</strong></span> <span class='ocrx_word' id='word_1_562' title='bbox 1040 5305 1319 5358; x_wconf 89' lang='lat' dir='ltr'><strong>intentione</strong></span> <span class='ocrx_word' id='word_1_563' title='bbox 1349 5308 1646 5374; x_wconf 77' lang='lat' dir='ltr'><strong>largiamur,</strong></span> <span class='ocrx_word' id='word_1_564' title='bbox 1679 5319 1731 5363; x_wconf 89' lang='lat' dir='ltr'><strong>et</strong></span> <span class='ocrx_word' id='word_1_565' title='bbox 1777 5328 1881 5365; x_wconf 90' lang='lat' dir='ltr'><strong>non</strong></span> <span class='ocrx_word' id='word_1_566' title='bbox 1926 5326 2050 5380; x_wconf 88' lang='lat' dir='ltr'><strong>pto-</strong></span> 
     </span>
    </p>
   </div>
   <div class='ocr_carea' id='block_1_72' title="bbox 515 5396 2050 5466">
    <p class='ocr_par' dir='ltr' id='par_1_72' title="bbox 515 5396 2050 5466">
     <span class='ocr_line' id='line_1_72' title="bbox 515 5396 2050 5466; baseline 0.007 -21"><span class='ocrx_word' id='word_1_567' title='bbox 515 5409 631 5464; x_wconf 84' lang='lat' dir='ltr'><strong>pter</strong></span> <span class='ocrx_word' id='word_1_568' title='bbox 662 5397 863 5449; x_wconf 81' lang='lat' dir='ltr'><strong>Iaudem</strong></span> <span class='ocrx_word' id='word_1_569' title='bbox 897 5396 1197 5458; x_wconf 85' lang='lat' dir='ltr'><strong>humanam,</strong></span> <span class='ocrx_word' id='word_1_570' title='bbox 1232 5412 1330 5448; x_wconf 92' lang='lat' dir='ltr'><strong>non</strong></span> <span class='ocrx_word' id='word_1_571' title='bbox 1382 5413 1472 5465; x_wconf 83' lang='lat' dir='ltr'><strong>per</strong></span> <span class='ocrx_word' id='word_1_572' title='bbox 1512 5401 1831 5466; x_wconf 88' lang='lat' dir='ltr'><strong>jactantiatn,</strong></span> <span class='ocrx_word' id='word_1_573' title='bbox 1864 5419 1965 5455; x_wconf 90' lang='lat' dir='ltr'><strong>non</strong></span> <span class='ocrx_word' id='word_1_574' title='bbox 1997 5402 2050 5455; x_wconf 79' lang='lat' dir='ltr'><strong>in</strong></span> 
     </span>
    </p>
   </div>
   <div class='ocr_carea' id='block_1_73' title="bbox 520 5482 2039 5552">
    <p class='ocr_par' dir='ltr' id='par_1_73' title="bbox 520 5482 2039 5552">
     <span class='ocr_line' id='line_1_73' title="bbox 520 5482 2039 5552; baseline 0.005 -18"><span class='ocrx_word' id='word_1_575' title='bbox 520 5484 759 5551; x_wconf 82' lang='lat' dir='ltr'><strong>iujnriant</strong></span> <span class='ocrx_word' id='word_1_576' title='bbox 803 5482 1021 5533; x_wconf 87' lang='lat' dir='ltr'><strong>aliorum</strong></span> <span class='ocrx_word' id='word_1_577' title='bbox 1052 5484 1135 5549; x_wconf 92' lang='lat' dir='ltr'><strong>qui</strong></span> <span class='ocrx_word' id='word_1_578' title='bbox 1181 5485 1461 5549; x_wconf 84' lang='lat' dir='ltr'><strong>majoribus</strong></span> <span class='ocrx_word' id='word_1_579' title='bbox 1494 5488 1698 5552; x_wconf 57' lang='lat' dir='ltr'><strong>praediti</strong></span> <span class='ocrx_word' id='word_1_580' title='bbox 1730 5491 2039 5542; x_wconf 72' lang='lat' dir='ltr'><strong>substantiis</strong></span> 
     </span>
    </p>
   </div>
   <div class='ocr_carea' id='block_1_74' title="bbox 518 5572 2038 5645">
    <p class='ocr_par' dir='ltr' id='par_1_74' title="bbox 518 5572 2038 5645">
     <span class='ocr_line' id='line_1_74' title="bbox 518 5572 2038 5645; baseline 0.009 -27"><span class='ocrx_word' id='word_1_581' title='bbox 518 5574 585 5619; x_wconf 87' lang='lat' dir='ltr'><strong>tut</strong></span> <span class='ocrx_word' id='word_1_582' title='bbox 615 5575 711 5622; x_wconf 81' lang='lat' dir='ltr'><strong>tale</strong></span> <span class='ocrx_word' id='word_1_583' title='bbox 744 5572 997 5623; x_wconf 86' lang='lat' dir='ltr'><strong>fecerunt.</strong></span> <span class='ocrx_word' id='word_1_584' title='bbox 1026 5572 1357 5641; x_wconf 69' lang='lat' dir='ltr'><strong>Qua-cunque</strong></span> <span class='ocrx_word' id='word_1_585' title='bbox 1386 5575 1521 5629; x_wconf 91' lang='lat' dir='ltr'><strong>enim</strong></span> <span class='ocrx_word' id='word_1_586' title='bbox 1554 5592 1699 5630; x_wconf 86' lang='lat' dir='ltr'><strong>mens</strong></span> <span class='ocrx_word' id='word_1_587' title='bbox 1742 5579 2038 5645; x_wconf 67' lang='lat' dir='ltr'><strong>huiusmodi</strong></span> 
     </span>
    </p>
   </div>
   <div class='ocr_carea' id='block_1_75' title="bbox 518 5658 2045 5731">
    <p class='ocr_par' dir='ltr' id='par_1_75' title="bbox 518 5658 2045 5731">
     <span class='ocr_line' id='line_1_75' title="bbox 518 5658 2045 5731; baseline 0.012 -25"><span class='ocrx_word' id='word_1_588' title='bbox 518 5658 757 5724; x_wconf 72' lang='lat' dir='ltr'><strong>nequitiis</strong></span> <span class='ocrx_word' id='word_1_589' title='bbox 800 5661 1039 5723; x_wconf 81' lang='lat' dir='ltr'><strong>inficitur,</strong></span> <span class='ocrx_word' id='word_1_590' title='bbox 1072 5662 1123 5712; x_wconf 86' lang='lat' dir='ltr'><strong>in</strong></span> <span class='ocrx_word' id='word_1_591' title='bbox 1154 5662 1249 5715; x_wconf 87' lang='lat' dir='ltr'><strong>hac</strong></span> <span class='ocrx_word' id='word_1_592' title='bbox 1282 5666 1477 5731; x_wconf 82' lang='lat' dir='ltr'><strong>paritas</strong></span> <span class='ocrx_word' id='word_1_593' title='bbox 1524 5668 1759 5722; x_wconf 79' lang='lat' dir='ltr'><strong>veritatis</strong></span> <span class='ocrx_word' id='word_1_594' title='bbox 1808 5671 2045 5724; x_wconf 80' lang='lat' dir='ltr'><strong>habitare</strong></span> 
     </span>
    </p>
   </div>
   <div class='ocr_carea' id='block_1_76' title="bbox 2167 1903 3676 1976">
    <p class='ocr_par' dir='ltr' id='par_1_76' title="bbox 2167 1903 3676 1976">
     <span class='ocr_line' id='line_1_76' title="bbox 2167 1903 3676 1976; baseline 0.006 -23"><span class='ocrx_word' id='word_1_595' title='bbox 2167 1903 2275 1963; x_wconf 82' lang='lat' dir='ltr'><strong>eius</strong></span> <span class='ocrx_word' id='word_1_596' title='bbox 2307 1903 2484 1971; x_wconf 83' lang='lat' dir='ltr'><strong>(Joan.</strong></span> <span class='ocrx_word' id='word_1_597' title='bbox 2513 1905 2618 1972; x_wconf 87' lang='lat' dir='ltr'><strong>ut);</strong></span> <span class='ocrx_word' id='word_1_598' title='bbox 2650 1908 2736 1971; x_wconf 78' lang='lat' dir='ltr'><strong>qui</strong></span> <span class='ocrx_word' id='word_1_599' title='bbox 2782 1922 2906 1959; x_wconf 91' lang='lat' dir='ltr'><strong>vero</strong></span> <span class='ocrx_word' id='word_1_600' title='bbox 2956 1911 3086 1960; x_wconf 89' lang='lat' dir='ltr'><strong>bona</strong></span> <span class='ocrx_word' id='word_1_601' title='bbox 3124 1911 3329 1976; x_wconf 84' lang='lat' dir='ltr'><strong>Operari</strong></span> <span class='ocrx_word' id='word_1_602' title='bbox 3379 1912 3676 1973; x_wconf 86' lang='lat' dir='ltr'><strong>meditantur,</strong></span> 
     </span>
    </p>
   </div>
   <div class='ocr_carea' id='block_1_77' title="bbox 2166 1991 3676 2065">
    <p class='ocr_par' dir='ltr' id='par_1_77' title="bbox 2166 1991 3676 2065">
     <span class='ocr_line' id='line_1_77' title="bbox 2166 1991 3676 2065; baseline 0.008 -24"><span class='ocrx_word' id='word_1_603' title='bbox 2166 1991 2218 2042; x_wconf 85' lang='lat' dir='ltr'><strong>lii</strong></span> <span class='ocrx_word' id='word_1_604' title='bbox 2269 1994 2512 2047; x_wconf 82' lang='lat' dir='ltr'><strong>facillime</strong></span> <span class='ocrx_word' id='word_1_605' title='bbox 2554 1996 2663 2047; x_wconf 78' lang='lat' dir='ltr'><strong>suis</strong></span> <span class='ocrx_word' id='word_1_606' title='bbox 2711 1998 2962 2050; x_wconf 88' lang='lat' dir='ltr'><strong>cordibus</strong></span> <span class='ocrx_word' id='word_1_607' title='bbox 3014 2001 3350 2065; x_wconf 82' lang='lat' dir='ltr'><strong>persuadent,</strong></span> <span class='ocrx_word' id='word_1_608' title='bbox 3392 2010 3449 2053; x_wconf 90' lang='lat' dir='ltr'><strong>ut</strong></span> <span class='ocrx_word' id='word_1_609' title='bbox 3490 2002 3538 2053; x_wconf 87' lang='lat' dir='ltr'><strong>itt</strong></span> <span class='ocrx_word' id='word_1_610' title='bbox 3577 2017 3676 2053; x_wconf 85' lang='lat' dir='ltr'><strong>cou-</strong></span> 
     </span>
    </p>
   </div>
   <div class='ocr_carea' id='block_1_78' title="bbox 2167 2083 3675 2159">
    <p class='ocr_par' dir='ltr' id='par_1_78' title="bbox 2167 2083 3675 2159">
     <span class='ocr_line' id='line_1_78' title="bbox 2167 2083 3675 2159; baseline 0.009 -29"><span class='ocrx_word' id='word_1_611' title='bbox 2167 2092 2348 2144; x_wconf 82' lang='lat' dir='ltr'><strong>5pcctu</strong></span> <span class='ocrx_word' id='word_1_612' title='bbox 2378 2083 2661 2135; x_wconf 82' lang='lat' dir='ltr'><strong>divinitatis</strong></span> <span class='ocrx_word' id='word_1_613' title='bbox 2688 2100 2746 2137; x_wconf 87' lang='lat' dir='ltr'><strong>sc</strong></span> <span class='ocrx_word' id='word_1_614' title='bbox 2785 2089 3019 2153; x_wconf 88' lang='lat' dir='ltr'><strong>patelieri</strong></span> <span class='ocrx_word' id='word_1_615' title='bbox 3057 2090 3374 2151; x_wconf 83' lang='lat' dir='ltr'><strong>desiderent,</strong></span> <span class='ocrx_word' id='word_1_616' title='bbox 3412 2095 3539 2159; x_wconf 86' lang='lat' dir='ltr'><strong>quod</strong></span> <span class='ocrx_word' id='word_1_617' title='bbox 3566 2108 3675 2143; x_wconf 87' lang='lat' dir='ltr'><strong>sutu-</strong></span> 
     </span>
    </p>
   </div>
   <div class='ocr_carea' id='block_1_79' title="bbox 2166 2173 3674 2248">
    <p class='ocr_par' dir='ltr' id='par_1_79' title="bbox 2166 2173 3674 2248">
     <span class='ocr_line' id='line_1_79' title="bbox 2166 2173 3674 2248; baseline 0.009 -29"><span class='ocrx_word' id='word_1_618' title='bbox 2166 2182 2266 2221; x_wconf 74' lang='lat' dir='ltr'><strong>mre</strong></span> <span class='ocrx_word' id='word_1_619' title='bbox 2298 2173 2628 2235; x_wconf 68' lang='lat' dir='ltr'><strong>t-erlcctionis</strong></span> <span class='ocrx_word' id='word_1_620' title='bbox 2667 2177 2915 2229; x_wconf 82' lang='lat' dir='ltr'><strong>iudiciuin</strong></span> <span class='ocrx_word' id='word_1_621' title='bbox 2950 2194 3068 2231; x_wconf 84' lang='lat' dir='ltr'><strong>esse</strong></span> <span class='ocrx_word' id='word_1_622' title='bbox 3096 2181 3248 2242; x_wconf 86' lang='lat' dir='ltr'><strong>solet,</strong></span> <span class='ocrx_word' id='word_1_623' title='bbox 3274 2196 3393 2231; x_wconf 89' lang='lat' dir='ltr'><strong>cum</strong></span> <span class='ocrx_word' id='word_1_624' title='bbox 3434 2197 3519 2232; x_wconf 84' lang='lat' dir='ltr'><strong>sua</strong></span> <span class='ocrx_word' id='word_1_625' title='bbox 3545 2196 3674 2248; x_wconf 77' lang='lat' dir='ltr'><strong>Opera</strong></span> 
     </span>
    </p>
   </div>
   <div class='ocr_carea' id='block_1_80' title="bbox 2166 2263 3674 2336">
    <p class='ocr_par' dir='ltr' id='par_1_80' title="bbox 2166 2263 3674 2336">
     <span class='ocr_line' id='line_1_80' title="bbox 2166 2263 3674 2336; baseline 0.005 -21"><span class='ocrx_word' id='word_1_626' title='bbox 2166 2263 2384 2328; x_wconf 68' lang='lat' dir='ltr'><strong>Quisque</strong></span> <span class='ocrx_word' id='word_1_627' title='bbox 2414 2265 2491 2317; x_wconf 88' lang='lat' dir='ltr'><strong>vel</strong></span> <span class='ocrx_word' id='word_1_628' title='bbox 2525 2278 2751 2333; x_wconf 81' lang='lat' dir='ltr'><strong>cogitata</strong></span> <span class='ocrx_word' id='word_1_629' title='bbox 2786 2282 2815 2318; x_wconf 90' lang='lat' dir='ltr'><strong>a</strong></span> <span class='ocrx_word' id='word_1_630' title='bbox 2851 2268 2958 2330; x_wconf 87' lang='lat' dir='ltr'><strong>Deo</strong></span> <span class='ocrx_word' id='word_1_631' title='bbox 2988 2270 3181 2334; x_wconf 86' lang='lat' dir='ltr'><strong>gaudet</strong></span> <span class='ocrx_word' id='word_1_632' title='bbox 3210 2271 3393 2323; x_wconf 89' lang='lat' dir='ltr'><strong>videri.</strong></span> <span class='ocrx_word' id='word_1_633' title='bbox 3426 2271 3563 2324; x_wconf 89' lang='lat' dir='ltr'><strong>Unde</strong></span> <span class='ocrx_word' id='word_1_634' title='bbox 3590 2274 3674 2336; x_wconf 82' lang='lat' dir='ltr'><strong>ipse</strong></span> 
     </span>
    </p>
   </div>
   <div class='ocr_carea' id='block_1_81' title="bbox 2165 2355 3674 2425">
    <p class='ocr_par' dir='ltr' id='par_1_81' title="bbox 2165 2355 3674 2425">
     <span class='ocr_line' id='line_1_81' title="bbox 2165 2355 3674 2425; baseline 0.003 -18"><span class='ocrx_word' id='word_1_635' title='bbox 2165 2355 2545 2421; x_wconf 68' lang='lat' dir='ltr'><strong>enliquueuter</strong></span> <span class='ocrx_word' id='word_1_636' title='bbox 2571 2356 2696 2406; x_wconf 78' lang='lat' dir='ltr'><strong>dcit</strong></span> <span class='ocrx_word' id='word_1_637' title='bbox 2728 2372 2741 2407; x_wconf 89' lang='lat'><strong>:</strong></span> <span class='ocrx_word' id='word_1_638' title='bbox 2777 2355 2875 2421; x_wconf 86' lang='lat' dir='ltr'><strong>Qui</strong></span> <span class='ocrx_word' id='word_1_639' title='bbox 2916 2367 3082 2408; x_wconf 86' lang='lat' dir='ltr'><strong>autem</strong></span> <span class='ocrx_word' id='word_1_640' title='bbox 3126 2359 3250 2425; x_wconf 76' lang='lat' dir='ltr'><strong>facit</strong></span> <span class='ocrx_word' id='word_1_641' title='bbox 3280 2361 3544 2421; x_wconf 76' lang='lat' dir='ltr'><strong>veritatem,</strong></span> <span class='ocrx_word' id='word_1_642' title='bbox 3569 2372 3674 2411; x_wconf 62' lang='lat' dir='ltr'><strong>penu</strong></span> 
     </span>
    </p>
   </div>
   <div class='ocr_carea' id='block_1_82' title="bbox 2164 2443 3671 2516">
    <p class='ocr_par' dir='ltr' id='par_1_82' title="bbox 2164 2443 3671 2516">
     <span class='ocr_line' id='line_1_82' title="bbox 2164 2443 3671 2516; baseline 0.005 -23"><span class='ocrx_word' id='word_1_643' title='bbox 2164 2444 2229 2494; x_wconf 86' lang='lat' dir='ltr'><strong>ad</strong></span> <span class='ocrx_word' id='word_1_644' title='bbox 2264 2443 2422 2495; x_wconf 75' lang='lat' dir='ltr'><strong>ltthm</strong></span> <span class='ocrx_word' id='word_1_645' title='bbox 2468 2454 2518 2494; x_wconf 82' lang='lat' dir='ltr'><strong>ut</strong></span> <span class='ocrx_word' id='word_1_646' title='bbox 2564 2445 2941 2511; x_wconf 77' lang='lat' dir='ltr'><strong>ntanifcstentur</strong></span> <span class='ocrx_word' id='word_1_647' title='bbox 2982 2449 3090 2511; x_wconf 80' lang='lat' dir='ltr'><strong>ejus</strong></span> <span class='ocrx_word' id='word_1_648' title='bbox 3128 2464 3313 2512; x_wconf 87' lang='lat' dir='ltr'><strong>opera,</strong></span> <span class='ocrx_word' id='word_1_649' title='bbox 3341 2449 3456 2516; x_wconf 87' lang='lat' dir='ltr'><strong>quia</strong></span> <span class='ocrx_word' id='word_1_650' title='bbox 3498 2449 3546 2500; x_wconf 86' lang='lat' dir='ltr'><strong>in</strong></span> <span class='ocrx_word' id='word_1_651' title='bbox 3588 2450 3671 2500; x_wconf 77' lang='lat' dir='ltr'><strong>Dea</strong></span> 
     </span>
    </p>
   </div>
   <div class='ocr_carea' id='block_1_83' title="bbox 2163 2531 3673 2603">
    <p class='ocr_par' dir='ltr' id='par_1_83' title="bbox 2163 2531 3673 2603">
     <span class='ocr_line' id='line_1_83' title="bbox 2163 2531 3673 2603; baseline 0.002 -18"><span class='ocrx_word' id='word_1_652' title='bbox 2163 2545 2277 2585; x_wconf 81' lang='lat' dir='ltr'><strong>sunt</strong></span> <span class='ocrx_word' id='word_1_653' title='bbox 2323 2533 2459 2598; x_wconf 80' lang='lat' dir='ltr'><strong>facta</strong></span> <span class='ocrx_word' id='word_1_654' title='bbox 2506 2531 2715 2601; x_wconf 64' lang='lat' dir='ltr'><strong>(Ibid).</strong></span> <span class='ocrx_word' id='word_1_655' title='bbox 2747 2533 2845 2586; x_wconf 84' lang='lat' dir='ltr'><strong>Per</strong></span> <span class='ocrx_word' id='word_1_656' title='bbox 2872 2550 3048 2586; x_wconf 83' lang='lat' dir='ltr'><strong>veram</strong></span> <span class='ocrx_word' id='word_1_657' title='bbox 3090 2550 3216 2603; x_wconf 90' lang='lat' dir='ltr'><strong>ergo</strong></span> <span class='ocrx_word' id='word_1_658' title='bbox 3243 2538 3568 2590; x_wconf 84' lang='lat' dir='ltr'><strong>dilectionem</strong></span> <span class='ocrx_word' id='word_1_659' title='bbox 3601 2554 3673 2591; x_wconf 82' lang='lat' dir='ltr'><strong>Co-</strong></span> 
     </span>
    </p>
   </div>
   <div class='ocr_carea' id='block_1_84' title="bbox 2163 2622 3671 2694">
    <p class='ocr_par' dir='ltr' id='par_1_84' title="bbox 2163 2622 3671 2694">
     <span class='ocr_line' id='line_1_84' title="bbox 2163 2622 3671 2694; baseline 0.005 -24"><span class='ocrx_word' id='word_1_660' title='bbox 2163 2622 2484 2689; x_wconf 68' lang='lat' dir='ltr'><strong>gnoscitnus.</strong></span> <span class='ocrx_word' id='word_1_661' title='bbox 2513 2622 2757 2689; x_wconf 86' lang='lat' dir='ltr'><strong>quoniam</strong></span> <span class='ocrx_word' id='word_1_662' title='bbox 2789 2637 2851 2675; x_wconf 82' lang='lat' dir='ltr'><strong>ex</strong></span> <span class='ocrx_word' id='word_1_663' title='bbox 2884 2623 3101 2675; x_wconf 63' lang='lat' dir='ltr'><strong>veritate</strong></span> <span class='ocrx_word' id='word_1_664' title='bbox 3142 2639 3347 2689; x_wconf 69' lang='lat' dir='ltr'><strong>sumus,</strong></span> <span class='ocrx_word' id='word_1_665' title='bbox 3380 2638 3429 2679; x_wconf 91' lang='lat' dir='ltr'><strong>et</strong></span> <span class='ocrx_word' id='word_1_666' title='bbox 3460 2630 3671 2694; x_wconf 78' lang='lat' dir='ltr'><strong>quoniam</strong></span> 
     </span>
    </p>
   </div>
   <div class='ocr_carea' id='block_1_85' title="bbox 2165 2709 3672 2778">
    <p class='ocr_par' dir='ltr' id='par_1_85' title="bbox 2165 2709 3672 2778">
     <span class='ocr_line' id='line_1_85' title="bbox 2165 2709 3672 2778; baseline 0.003 -16"><span class='ocrx_word' id='word_1_667' title='bbox 2165 2713 2215 2762; x_wconf 87' lang='lat' dir='ltr'><strong>itt</strong></span> <span class='ocrx_word' id='word_1_668' title='bbox 2280 2726 2456 2777; x_wconf 66' lang='lat' dir='ltr'><strong>consp:</strong></span> <span class='ocrx_word' id='word_1_669' title='bbox 2477 2724 2562 2762; x_wconf 90' lang='lat' dir='ltr'><strong>ctu</strong></span> <span class='ocrx_word' id='word_1_670' title='bbox 2622 2711 2857 2778; x_wconf 70' lang='lat' dir='ltr'><strong>ejusdem</strong></span> <span class='ocrx_word' id='word_1_671' title='bbox 2916 2713 3147 2765; x_wconf 70' lang='lat' dir='ltr'><strong>vrritatis</strong></span> <span class='ocrx_word' id='word_1_672' title='bbox 3217 2715 3493 2766; x_wconf 85' lang='lat' dir='ltr'><strong>suademus</strong></span> <span class='ocrx_word' id='word_1_673' title='bbox 3543 2709 3672 2766; x_wconf 74' lang='lat' dir='ltr'><strong>cordi</strong></span> 
     </span>
    </p>
   </div>
   <div class='ocr_carea' id='block_1_86' title="bbox 2166 2802 3673 2871">
    <p class='ocr_par' dir='ltr' id='par_1_86' title="bbox 2166 2802 3673 2871">
     <span class='ocr_line' id='line_1_86' title="bbox 2166 2802 3673 2871; baseline 0.004 -20"><span class='ocrx_word' id='word_1_674' title='bbox 2166 2812 2366 2861; x_wconf 86' lang='lat' dir='ltr'><strong>nostra,</strong></span> <span class='ocrx_word' id='word_1_675' title='bbox 2403 2804 2499 2852; x_wconf 88' lang='lat' dir='ltr'><strong>hoc</strong></span> <span class='ocrx_word' id='word_1_676' title='bbox 2529 2811 2609 2852; x_wconf 83' lang='lat' dir='ltr'><strong>e-t</strong></span> <span class='ocrx_word' id='word_1_677' title='bbox 2643 2802 2770 2854; x_wconf 90' lang='lat' dir='ltr'><strong>tales</strong></span> <span class='ocrx_word' id='word_1_678' title='bbox 2808 2803 3151 2871; x_wconf 80' lang='lat' dir='ltr'><strong>cogitationes</strong></span> <span class='ocrx_word' id='word_1_679' title='bbox 3199 2806 3359 2857; x_wconf 86' lang='lat' dir='ltr'><strong>corda</strong></span> <span class='ocrx_word' id='word_1_680' title='bbox 3396 2817 3560 2859; x_wconf 85' lang='lat' dir='ltr'><strong>nostra</strong></span> <span class='ocrx_word' id='word_1_681' title='bbox 3594 2809 3673 2857; x_wconf 82' lang='lat' dir='ltr'><strong>lia-</strong></span> 
     </span>
    </p>
   </div>
   <div class='ocr_carea' id='block_1_87' title="bbox 2163 2889 3672 2966">
    <p class='ocr_par' dir='ltr' id='par_1_87' title="bbox 2163 2889 3672 2966">
     <span class='ocr_line' id='line_1_87' title="bbox 2163 2889 3672 2966; baseline 0.005 -27"><span class='ocrx_word' id='word_1_682' title='bbox 2163 2889 2285 2941; x_wconf 85' lang='lat' dir='ltr'><strong>bcre</strong></span> <span class='ocrx_word' id='word_1_683' title='bbox 2311 2890 2587 2944; x_wconf 77' lang='lat' dir='ltr'><strong>sandemus</strong></span> <span class='ocrx_word' id='word_1_684' title='bbox 2618 2908 2734 2957; x_wconf 76' lang='lat' dir='ltr'><strong>qua:</strong></span> <span class='ocrx_word' id='word_1_685' title='bbox 2760 2893 2952 2945; x_wconf 89' lang='lat' dir='ltr'><strong>divinis</strong></span> <span class='ocrx_word' id='word_1_686' title='bbox 2983 2893 3090 2946; x_wconf 90' lang='lat' dir='ltr'><strong>sint</strong></span> <span class='ocrx_word' id='word_1_687' title='bbox 3115 2895 3288 2963; x_wconf 77' lang='lat' dir='ltr'><strong>digna:</strong></span> <span class='ocrx_word' id='word_1_688' title='bbox 3318 2900 3672 2966; x_wconf 77' lang='lat' dir='ltr'><strong>conspeczilms.</strong></span> 
     </span>
    </p>
   </div>
   <div class='ocr_carea' id='block_1_88' title="bbox 2234 2976 3673 3047">
    <p class='ocr_par' dir='ltr' id='par_1_88' title="bbox 2234 2976 3673 3047">
     <span class='ocr_line' id='line_1_88' title="bbox 2234 2976 3673 3047; baseline 0.006 -19"><span class='ocrx_word' id='word_1_689' title='bbox 2234 2976 2485 3040; x_wconf 69' lang='lat' dir='ltr'><strong>Quoniam</strong></span> <span class='ocrx_word' id='word_1_690' title='bbox 2526 2982 2567 3031; x_wconf 84' lang='lat' dir='ltr'><strong>si</strong></span> <span class='ocrx_word' id='word_1_691' title='bbox 2596 2982 2970 3046; x_wconf 85' lang='lat' dir='ltr'><strong>reprehenderit</strong></span> <span class='ocrx_word' id='word_1_692' title='bbox 3012 3001 3100 3037; x_wconf 83' lang='lat' dir='ltr'><strong>nos</strong></span> <span class='ocrx_word' id='word_1_693' title='bbox 3130 3002 3215 3037; x_wconf 87' lang='lat' dir='ltr'><strong>cor</strong></span> <span class='ocrx_word' id='word_1_694' title='bbox 3244 2998 3485 3047; x_wconf 88' lang='lat' dir='ltr'><strong>nostrum,</strong></span> <span class='ocrx_word' id='word_1_695' title='bbox 3516 3001 3603 3040; x_wconf 88' lang='lat' dir='ltr'><strong>etc.</strong></span> <span class='ocrx_word' id='word_1_696' title='bbox 3632 2987 3673 3039; x_wconf 86' lang='lat' dir='ltr'><strong>Si</strong></span> 
     </span>
    </p>
   </div>
   <div class='ocr_carea' id='block_1_89' title="bbox 2164 3069 3674 3142">
    <p class='ocr_par' dir='ltr' id='par_1_89' title="bbox 2164 3069 3674 3142">
     <span class='ocr_line' id='line_1_89' title="bbox 2164 3069 3674 3142; baseline 0.001 -22"><span class='ocrx_word' id='word_1_697' title='bbox 2164 3069 2271 3133; x_wconf 83' lang='lat' dir='ltr'><strong>ipsa</strong></span> <span class='ocrx_word' id='word_1_698' title='bbox 2303 3069 2622 3121; x_wconf 87' lang='lat' dir='ltr'><strong>conscientia</strong></span> <span class='ocrx_word' id='word_1_699' title='bbox 2665 3072 2991 3125; x_wconf 88' lang='lat' dir='ltr'><strong>accusaverit</strong></span> <span class='ocrx_word' id='word_1_700' title='bbox 3033 3088 3127 3125; x_wconf 88' lang='lat' dir='ltr'><strong>nos</strong></span> <span class='ocrx_word' id='word_1_701' title='bbox 3168 3074 3330 3137; x_wconf 89' lang='lat' dir='ltr'><strong>intus,</strong></span> <span class='ocrx_word' id='word_1_702' title='bbox 3361 3080 3477 3142; x_wconf 87' lang='lat' dir='ltr'><strong>quia</strong></span> <span class='ocrx_word' id='word_1_703' title='bbox 3507 3093 3597 3128; x_wconf 87' lang='lat' dir='ltr'><strong>tttnt</strong></span> <span class='ocrx_word' id='word_1_704' title='bbox 3625 3095 3674 3125; x_wconf 74' lang='lat' dir='ltr'><strong>ro</strong></span> 
     </span>
    </p>
   </div>
   <div class='ocr_carea' id='block_1_90' title="bbox 2163 3159 3671 3233">
    <p class='ocr_par' dir='ltr' id='par_1_90' title="bbox 2163 3159 3671 3233">
     <span class='ocr_line' id='line_1_90' title="bbox 2163 3159 3671 3233; baseline 0.001 -23"><span class='ocrx_word' id='word_1_705' title='bbox 2163 3159 2339 3211; x_wconf 91' lang='lat' dir='ltr'><strong>animo</strong></span> <span class='ocrx_word' id='word_1_706' title='bbox 2368 3159 2499 3211; x_wconf 85' lang='lat' dir='ltr'><strong>bona</strong></span> <span class='ocrx_word' id='word_1_707' title='bbox 2531 3173 2706 3211; x_wconf 73' lang='lat' dir='ltr'><strong>nosua</strong></span> <span class='ocrx_word' id='word_1_708' title='bbox 2737 3159 2956 3214; x_wconf 79' lang='lat' dir='ltr'><strong>iacimus</strong></span> <span class='ocrx_word' id='word_1_709' title='bbox 2983 3178 3087 3229; x_wconf 92' lang='lat' dir='ltr'><strong>quo</strong></span> <span class='ocrx_word' id='word_1_710' title='bbox 3129 3162 3365 3218; x_wconf 78' lang='lat' dir='ltr'><strong>facienda</strong></span> <span class='ocrx_word' id='word_1_711' title='bbox 3398 3180 3532 3229; x_wconf 84' lang='lat' dir='ltr'><strong>sunt,</strong></span> <span class='ocrx_word' id='word_1_712' title='bbox 3564 3184 3671 3233; x_wconf 82' lang='lat' dir='ltr'><strong>quo-</strong></span> 
     </span>
    </p>
   </div>
   <div class='ocr_carea' id='block_1_91' title="bbox 2159 3247 3667 3319">
    <p class='ocr_par' dir='ltr' id='par_1_91' title="bbox 2159 3247 3667 3319">
     <span class='ocr_line' id='line_1_91' title="bbox 2159 3247 3667 3319; baseline 0.007 -22"><span class='ocrx_word' id='word_1_713' title='bbox 2159 3247 2315 3298; x_wconf 87' lang='lat' dir='ltr'><strong>modo</strong></span> <span class='ocrx_word' id='word_1_714' title='bbox 2344 3248 2456 3313; x_wconf 77' lang='lat' dir='ltr'><strong>ejus</strong></span> <span class='ocrx_word' id='word_1_715' title='bbox 2488 3250 2761 3300; x_wconf 83' lang='lat' dir='ltr'><strong>scientiam</strong></span> <span class='ocrx_word' id='word_1_716' title='bbox 2805 3249 2970 3304; x_wconf 87' lang='lat' dir='ltr'><strong>latere</strong></span> <span class='ocrx_word' id='word_1_717' title='bbox 3019 3267 3313 3319; x_wconf 86' lang='lat' dir='ltr'><strong>possumus.</strong></span> <span class='ocrx_word' id='word_1_718' title='bbox 3344 3258 3423 3307; x_wconf 88' lang='lat' dir='ltr'><strong>cui</strong></span> <span class='ocrx_word' id='word_1_719' title='bbox 3453 3268 3667 3307; x_wconf 77' lang='lat' dir='ltr'><strong>(animi:</strong></span> 
     </span>
    </p>
   </div>
   <div class='ocr_carea' id='block_1_92' title="bbox 2158 3334 3675 3407">
    <p class='ocr_par' dir='ltr' id='par_1_92' title="bbox 2158 3334 3675 3407">
     <span class='ocr_line' id='line_1_92' title="bbox 2158 3334 3675 3407; baseline 0.007 -20"><span class='ocrx_word' id='word_1_720' title='bbox 2158 3334 2290 3389; x_wconf 79' lang='lat' dir='ltr'><strong>Ecce</strong></span> <span class='ocrx_word' id='word_1_721' title='bbox 2334 3347 2406 3399; x_wconf 89' lang='lat' dir='ltr'><strong>tu,</strong></span> <span class='ocrx_word' id='word_1_722' title='bbox 2441 3335 2671 3402; x_wconf 84' lang='lat' dir='ltr'><strong>Domine,</strong></span> <span class='ocrx_word' id='word_1_723' title='bbox 2715 3341 2982 3407; x_wconf 82' lang='lat' dir='ltr'><strong>cognovisti</strong></span> <span class='ocrx_word' id='word_1_724' title='bbox 3010 3344 3198 3406; x_wconf 88' lang='lat' dir='ltr'><strong>omnia,</strong></span> <span class='ocrx_word' id='word_1_725' title='bbox 3230 3353 3302 3405; x_wconf 91' lang='lat' dir='ltr'><strong>et,</strong></span> <span class='ocrx_word' id='word_1_726' title='bbox 3340 3346 3465 3407; x_wconf 78' lang='lat' dir='ltr'><strong>Quia</strong></span> <span class='ocrx_word' id='word_1_727' title='bbox 3490 3350 3675 3397; x_wconf 67' lang='lat' dir='ltr'><strong>tenable</strong></span> 
     </span>
    </p>
   </div>
   <div class='ocr_carea' id='block_1_93' title="bbox 2158 3427 3673 3495">
    <p class='ocr_par' dir='ltr' id='par_1_93' title="bbox 2158 3427 3673 3495">
     <span class='ocr_line' id='line_1_93' title="bbox 2158 3427 3673 3495; baseline 0.007 -20"><span class='ocrx_word' id='word_1_728' title='bbox 2158 3442 2255 3476; x_wconf 85' lang='lat' dir='ltr'><strong>non</strong></span> <span class='ocrx_word' id='word_1_729' title='bbox 2285 3427 2683 3479; x_wconf 86' lang='lat' dir='ltr'><strong>obscurabuntur</strong></span> <span class='ocrx_word' id='word_1_730' title='bbox 2712 3430 2799 3480; x_wconf 82' lang='lat' dir='ltr'><strong>abs</strong></span> <span class='ocrx_word' id='word_1_731' title='bbox 2841 3438 2905 3495; x_wconf 84' lang='lat' dir='ltr'><strong>te,</strong></span> <span class='ocrx_word' id='word_1_732' title='bbox 2930 3440 2978 3482; x_wconf 91' lang='lat' dir='ltr'><strong>et</strong></span> <span class='ocrx_word' id='word_1_733' title='bbox 3007 3447 3107 3483; x_wconf 67' lang='lat' dir='ltr'><strong>nos:</strong></span> <span class='ocrx_word' id='word_1_734' title='bbox 3131 3433 3259 3485; x_wconf 80' lang='lat' dir='ltr'><strong>sicut</strong></span> <span class='ocrx_word' id='word_1_735' title='bbox 3300 3436 3403 3486; x_wconf 83' lang='lat' dir='ltr'><strong>dies</strong></span> <span class='ocrx_word' id='word_1_736' title='bbox 3441 3436 3673 3487; x_wconf 80' lang='lat' dir='ltr'><strong>illumina-</strong></span> 
     </span>
    </p>
   </div>
   <div class='ocr_carea' id='block_1_94' title="bbox 2157 3514 2791 3586">
    <p class='ocr_par' dir='ltr' id='par_1_94' title="bbox 2157 3514 2791 3586">
     <span class='ocr_line' id='line_1_94' title="bbox 2157 3514 2791 3586; baseline 0.008 -22"><span class='ocrx_word' id='word_1_737' title='bbox 2157 3516 2285 3565; x_wconf 78' lang='lat' dir='ltr'><strong>bitur</strong></span> <span class='ocrx_word' id='word_1_738' title='bbox 2312 3514 2478 3583; x_wconf 75' lang='lat' dir='ltr'><strong>(Ps-al.</strong></span> <span class='ocrx_word' id='word_1_739' title='bbox 2503 3518 2791 3586; x_wconf 70' lang='lat' dir='ltr'><strong>cxxxvnt)?</strong></span> 
     </span>
    </p>
   </div>
   <div class='ocr_carea' id='block_1_95' title="bbox 2226 3605 3669 3680">
    <p class='ocr_par' dir='ltr' id='par_1_95' title="bbox 2226 3605 3669 3680">
     <span class='ocr_line' id='line_1_95' title="bbox 2226 3605 3669 3680; baseline 0.006 -25"><span class='ocrx_word' id='word_1_740' title='bbox 2226 3605 2297 3656; x_wconf 79' lang='lat' dir='ltr'><strong>Ch</strong></span> <span class='ocrx_word' id='word_1_741' title='bbox 2320 3607 2542 3670; x_wconf 82' lang='lat' dir='ltr'><strong>.rissimi,</strong></span> <span class='ocrx_word' id='word_1_742' title='bbox 2580 3608 2621 3657; x_wconf 88' lang='lat' dir='ltr'><strong>si</strong></span> <span class='ocrx_word' id='word_1_743' title='bbox 2654 3623 2741 3659; x_wconf 89' lang='lat' dir='ltr'><strong>cor</strong></span> <span class='ocrx_word' id='word_1_744' title='bbox 2769 3618 2989 3661; x_wconf 85' lang='lat' dir='ltr'><strong>nostrum</strong></span> <span class='ocrx_word' id='word_1_745' title='bbox 3034 3626 3133 3662; x_wconf 86' lang='lat' dir='ltr'><strong>non</strong></span> <span class='ocrx_word' id='word_1_746' title='bbox 3172 3613 3537 3680; x_wconf 74' lang='lat' dir='ltr'><strong>reprehenderit</strong></span> <span class='ocrx_word' id='word_1_747' title='bbox 3577 3630 3669 3678; x_wconf 73' lang='lat' dir='ltr'><strong>nos,</strong></span> 
     </span>
    </p>
   </div>
   <div class='ocr_carea' id='block_1_96' title="bbox 2155 3692 3673 3769">
    <p class='ocr_par' dir='ltr' id='par_1_96' title="bbox 2155 3692 3673 3769">
     <span class='ocr_line' id='line_1_96' title="bbox 2155 3692 3673 3769; baseline 0.005 -25"><span class='ocrx_word' id='word_1_748' title='bbox 2155 3706 2257 3744; x_wconf 87' lang='lat' dir='ltr'><strong>etc.</strong></span> <span class='ocrx_word' id='word_1_749' title='bbox 2292 3692 2345 3745; x_wconf 90' lang='lat' dir='ltr'><strong>Si</strong></span> <span class='ocrx_word' id='word_1_750' title='bbox 2394 3709 2571 3746; x_wconf 87' lang='lat' dir='ltr'><strong>verum</strong></span> <span class='ocrx_word' id='word_1_751' title='bbox 2608 3698 2755 3748; x_wconf 88' lang='lat' dir='ltr'><strong>nobis</strong></span> <span class='ocrx_word' id='word_1_752' title='bbox 2802 3699 3133 3763; x_wconf 78' lang='lat' dir='ltr'><strong>responderit</strong></span> <span class='ocrx_word' id='word_1_753' title='bbox 3162 3702 3283 3767; x_wconf 84' lang='lat' dir='ltr'><strong>quia</strong></span> <span class='ocrx_word' id='word_1_754' title='bbox 3329 3703 3453 3769; x_wconf 80' lang='lat' dir='ltr'><strong>dilig</strong></span> <span class='ocrx_word' id='word_1_755' title='bbox 3477 3719 3600 3761; x_wconf 79' lang='lat' dir='ltr'><strong>mus.</strong></span> <span class='ocrx_word' id='word_1_756' title='bbox 3630 3712 3673 3752; x_wconf 66' lang='lat' dir='ltr'><strong>ut</strong></span> 
     </span>
    </p>
   </div>
   <div class='ocr_carea' id='block_1_97' title="bbox 2155 3782 3669 3849">
    <p class='ocr_par' dir='ltr' id='par_1_97' title="bbox 2155 3782 3669 3849">
     <span class='ocr_line' id='line_1_97' title="bbox 2155 3782 3669 3849; baseline 0.007 -21"><span class='ocrx_word' id='word_1_757' title='bbox 2155 3794 2396 3845; x_wconf 73' lang='lat' dir='ltr'><strong>germana</strong></span> <span class='ocrx_word' id='word_1_758' title='bbox 2431 3782 2479 3833; x_wconf 91' lang='lat' dir='ltr'><strong>in</strong></span> <span class='ocrx_word' id='word_1_759' title='bbox 2527 3785 2675 3835; x_wconf 88' lang='lat' dir='ltr'><strong>nobis</strong></span> <span class='ocrx_word' id='word_1_760' title='bbox 2705 3786 2909 3837; x_wconf 82' lang='lat' dir='ltr'><strong>dilectio</strong></span> <span class='ocrx_word' id='word_1_761' title='bbox 2940 3794 3049 3849; x_wconf 78' lang='lat' dir='ltr'><strong>est,</strong></span> <span class='ocrx_word' id='word_1_762' title='bbox 3074 3799 3125 3839; x_wconf 87' lang='lat' dir='ltr'><strong>et</strong></span> <span class='ocrx_word' id='word_1_763' title='bbox 3161 3802 3261 3839; x_wconf 89' lang='lat' dir='ltr'><strong>nun</strong></span> <span class='ocrx_word' id='word_1_764' title='bbox 3298 3791 3433 3848; x_wconf 83' lang='lat' dir='ltr'><strong>licia.</strong></span> <span class='ocrx_word' id='word_1_765' title='bbox 3465 3791 3550 3842; x_wconf 87' lang='lat' dir='ltr'><strong>sed</strong></span> <span class='ocrx_word' id='word_1_766' title='bbox 3579 3791 3669 3841; x_wconf 62' lang='lat' dir='ltr'><strong>sin-</strong></span> 
     </span>
    </p>
   </div>
   <div class='ocr_carea' id='block_1_98' title="bbox 2156 3872 3672 3942">
    <p class='ocr_par' dir='ltr' id='par_1_98' title="bbox 2156 3872 3672 3942">
     <span class='ocr_line' id='line_1_98' title="bbox 2156 3872 3672 3942; baseline 0.006 -23"><span class='ocrx_word' id='word_1_767' title='bbox 2156 3883 2296 3930; x_wconf 89' lang='lat' dir='ltr'><strong>cera,</strong></span> <span class='ocrx_word' id='word_1_768' title='bbox 2337 3872 2559 3923; x_wconf 66' lang='lat' dir='ltr'><strong>salu&#39;etn</strong></span> <span class='ocrx_word' id='word_1_769' title='bbox 2610 3872 2887 3925; x_wconf 83' lang='lat' dir='ltr'><strong>fraternam</strong></span> <span class='ocrx_word' id='word_1_770' title='bbox 2933 3891 3190 3942; x_wconf 67' lang='lat' dir='ltr'><strong>quaerens,</strong></span> <span class='ocrx_word' id='word_1_771' title='bbox 3243 3879 3440 3930; x_wconf 86' lang='lat' dir='ltr'><strong>nullum</strong></span> <span class='ocrx_word' id='word_1_772' title='bbox 3494 3888 3672 3931; x_wconf 62' lang='lat' dir='ltr'><strong>ettlaltt-</strong></span> 
     </span>
    </p>
   </div>
   <div class='ocr_carea' id='block_1_99' title="bbox 2158 3966 3670 4038">
    <p class='ocr_par' dir='ltr' id='par_1_99' title="bbox 2158 3966 3670 4038">
     <span class='ocr_line' id='line_1_99' title="bbox 2158 3966 3670 4038; baseline 0.007 -28"><span class='ocrx_word' id='word_1_773' title='bbox 2158 3972 2388 4013; x_wconf 85' lang='lat' dir='ltr'><strong>mentum</strong></span> <span class='ocrx_word' id='word_1_774' title='bbox 2441 3975 2752 4028; x_wconf 75' lang='lat' dir='ltr'><strong>exspecmts</strong></span> <span class='ocrx_word' id='word_1_775' title='bbox 2798 3980 2825 4015; x_wconf 71' lang='grc' dir='ltr'><strong>ει</strong></span> <span class='ocrx_word' id='word_1_776' title='bbox 2876 3966 3034 4019; x_wconf 70' lang='lat' dir='ltr'><strong>Fratre</strong></span> <span class='ocrx_word' id='word_1_777' title='bbox 3085 3968 3181 4019; x_wconf 89' lang='lat' dir='ltr'><strong>nisi</strong></span> <span class='ocrx_word' id='word_1_778' title='bbox 3230 3970 3447 4023; x_wconf 87' lang='lat' dir='ltr'><strong>salutem</strong></span> <span class='ocrx_word' id='word_1_779' title='bbox 3500 3971 3670 4038; x_wconf 80' lang='lat' dir='ltr'><strong>ipsius;</strong></span> 
     </span>
    </p>
   </div>
   <div class='ocr_carea' id='block_1_100' title="bbox 2157 4052 3669 4123">
    <p class='ocr_par' dir='ltr' id='par_1_100' title="bbox 2157 4052 3669 4123">
     <span class='ocr_line' id='line_1_100' title="bbox 2157 4052 3669 4123; baseline 0.009 -22"><span class='ocrx_word' id='word_1_780' title='bbox 2157 4052 2277 4102; x_wconf 80' lang='lat' dir='ltr'><strong>item</strong></span> <span class='ocrx_word' id='word_1_781' title='bbox 2322 4052 2364 4101; x_wconf 91' lang='lat' dir='ltr'><strong>si</strong></span> <span class='ocrx_word' id='word_1_782' title='bbox 2414 4066 2505 4104; x_wconf 90' lang='lat' dir='ltr'><strong>cor</strong></span> <span class='ocrx_word' id='word_1_783' title='bbox 2536 4064 2767 4105; x_wconf 87' lang='lat' dir='ltr'><strong>nostrum</strong></span> <span class='ocrx_word' id='word_1_784' title='bbox 2797 4070 2895 4107; x_wconf 90' lang='lat' dir='ltr'><strong>non</strong></span> <span class='ocrx_word' id='word_1_785' title='bbox 2943 4061 3340 4123; x_wconf 86' lang='lat' dir='ltr'><strong>reprehenderit</strong></span> <span class='ocrx_word' id='word_1_786' title='bbox 3379 4076 3505 4123; x_wconf 87' lang='lat' dir='ltr'><strong>nos,</strong></span> <span class='ocrx_word' id='word_1_787' title='bbox 3549 4064 3669 4112; x_wconf 59' lang='grc' dir='ltr'><strong>κλάε-</strong></span> 
     </span>
    </p>
   </div>
   <div class='ocr_carea' id='block_1_101' title="bbox 2159 4140 3670 4203">
    <p class='ocr_par' dir='ltr' id='par_1_101' title="bbox 2159 4140 3670 4203">
     <span class='ocr_line' id='line_1_101' title="bbox 2159 4140 3670 4203; baseline 0.007 -14"><span class='ocrx_word' id='word_1_788' title='bbox 2159 4140 2278 4191; x_wconf 90' lang='lat' dir='ltr'><strong>licet</strong></span> <span class='ocrx_word' id='word_1_789' title='bbox 2316 4154 2433 4191; x_wconf 81' lang='lat' dir='ltr'><strong>cmn</strong></span> <span class='ocrx_word' id='word_1_790' title='bbox 2470 4142 2516 4191; x_wconf 87' lang='lat' dir='ltr'><strong>itt</strong></span> <span class='ocrx_word' id='word_1_791' title='bbox 2550 4144 2781 4195; x_wconf 85' lang='lat' dir='ltr'><strong>oratione</strong></span> <span class='ocrx_word' id='word_1_792' title='bbox 2810 4143 3035 4197; x_wconf 71' lang='lat' dir='ltr'><strong>dicimus</strong></span> <span class='ocrx_word' id='word_1_793' title='bbox 3065 4162 3078 4197; x_wconf 91' lang='lat'><strong>:</strong></span> <span class='ocrx_word' id='word_1_794' title='bbox 3116 4146 3321 4199; x_wconf 86' lang='lat' dir='ltr'><strong>Dimitte</strong></span> <span class='ocrx_word' id='word_1_795' title='bbox 3357 4152 3492 4203; x_wconf 83' lang='lat' dir='ltr'><strong>nobis</strong></span> <span class='ocrx_word' id='word_1_796' title='bbox 3521 4152 3670 4203; x_wconf 77' lang='lat' dir='ltr'><strong>debite</strong></span> 
     </span>
    </p>
   </div>
   <div class='ocr_carea' id='block_1_102' title="bbox 2154 4229 3670 4291">
    <p class='ocr_par' dir='ltr' id='par_1_102' title="bbox 2154 4229 3670 4291">
     <span class='ocr_line' id='line_1_102' title="bbox 2154 4229 3670 4291; baseline 0.009 -14"><span class='ocrx_word' id='word_1_797' title='bbox 2154 4237 2351 4288; x_wconf 86' lang='lat' dir='ltr'><strong>nostra,</strong></span> <span class='ocrx_word' id='word_1_798' title='bbox 2390 4229 2519 4279; x_wconf 88' lang='lat' dir='ltr'><strong>sicut</strong></span> <span class='ocrx_word' id='word_1_799' title='bbox 2567 4238 2613 4280; x_wconf 79' lang='lat' dir='ltr'><strong>et</strong></span> <span class='ocrx_word' id='word_1_800' title='bbox 2668 4247 2754 4283; x_wconf 88' lang='lat' dir='ltr'><strong>nos</strong></span> <span class='ocrx_word' id='word_1_801' title='bbox 2804 4232 3100 4287; x_wconf 85' lang='lat' dir='ltr'><strong>dimittimus</strong></span> <span class='ocrx_word' id='word_1_802' title='bbox 3151 4236 3451 4291; x_wconf 78' lang='lat' dir='ltr'><strong>debitoribus</strong></span> <span class='ocrx_word' id='word_1_803' title='bbox 3510 4242 3670 4291; x_wconf 81' lang='lat' dir='ltr'><strong>nostris</strong></span> 
     </span>
    </p>
   </div>
   <div class='ocr_carea' id='block_1_103' title="bbox 2155 4315 3670 4383">
    <p class='ocr_par' dir='ltr' id='par_1_103' title="bbox 2155 4315 3670 4383">
     <span class='ocr_line' id='line_1_103' title="bbox 2155 4315 3670 4383; baseline 0.007 -16"><span class='ocrx_word' id='word_1_804' title='bbox 2155 4315 2363 4383; x_wconf 81' lang='lat' dir='ltr'><strong>(Matth.</strong></span> <span class='ocrx_word' id='word_1_805' title='bbox 2392 4322 2487 4383; x_wconf 87' lang='lat' dir='ltr'><strong>vt),</strong></span> <span class='ocrx_word' id='word_1_806' title='bbox 2508 4317 2745 4372; x_wconf 83' lang='lat' dir='ltr'><strong>ﬁduciam</strong></span> <span class='ocrx_word' id='word_1_807' title='bbox 2780 4321 3031 4377; x_wconf 86' lang='lat' dir='ltr'><strong>habemus</strong></span> <span class='ocrx_word' id='word_1_808' title='bbox 3062 4328 3126 4377; x_wconf 87' lang='lat' dir='ltr'><strong>ad</strong></span> <span class='ocrx_word' id='word_1_809' title='bbox 3161 4326 3322 4379; x_wconf 87' lang='lat' dir='ltr'><strong>Deum</strong></span> <span class='ocrx_word' id='word_1_810' title='bbox 3356 4345 3455 4379; x_wconf 84' lang='lat' dir='ltr'><strong>non</strong></span> <span class='ocrx_word' id='word_1_811' title='bbox 3487 4328 3533 4381; x_wconf 87' lang='lat' dir='ltr'><strong>itt</strong></span> <span class='ocrx_word' id='word_1_812' title='bbox 3561 4346 3670 4380; x_wconf 86' lang='lat' dir='ltr'><strong>cun-</strong></span> 
     </span>
    </p>
   </div>
   <div class='ocr_carea' id='block_1_104' title="bbox 2156 4405 3667 4477">
    <p class='ocr_par' dir='ltr' id='par_1_104' title="bbox 2156 4405 3667 4477">
     <span class='ocr_line' id='line_1_104' title="bbox 2156 4405 3667 4477; baseline 0.01 -23"><span class='ocrx_word' id='word_1_813' title='bbox 2156 4416 2333 4469; x_wconf 84' lang='lat' dir='ltr'><strong>spectn</strong></span> <span class='ocrx_word' id='word_1_814' title='bbox 2364 4405 2665 4469; x_wconf 87' lang='lat' dir='ltr'><strong>hominum,</strong></span> <span class='ocrx_word' id='word_1_815' title='bbox 2694 4410 2783 4461; x_wconf 81' lang='lat' dir='ltr'><strong>sed</strong></span> <span class='ocrx_word' id='word_1_816' title='bbox 2815 4413 2900 4461; x_wconf 91' lang='lat' dir='ltr'><strong>ubi</strong></span> <span class='ocrx_word' id='word_1_817' title='bbox 2931 4411 3043 4477; x_wconf 84' lang='lat' dir='ltr'><strong>ipse</strong></span> <span class='ocrx_word' id='word_1_818' title='bbox 3077 4414 3213 4468; x_wconf 86' lang='lat' dir='ltr'><strong>Deus</strong></span> <span class='ocrx_word' id='word_1_819' title='bbox 3248 4418 3395 4470; x_wconf 85' lang='lat' dir='ltr'><strong>videt</strong></span> <span class='ocrx_word' id='word_1_820' title='bbox 3441 4419 3487 4470; x_wconf 90' lang='lat' dir='ltr'><strong>itt</strong></span> <span class='ocrx_word' id='word_1_821' title='bbox 3510 4419 3667 4471; x_wconf 75' lang='lat' dir='ltr'><strong>corde.</strong></span> 
     </span>
    </p>
   </div>
   <div class='ocr_carea' id='block_1_105' title="bbox 2224 4490 3669 4574">
    <p class='ocr_par' dir='ltr' id='par_1_105' title="bbox 2224 4490 3669 4574">
     <span class='ocr_line' id='line_1_105' title="bbox 2224 4490 3669 4574; baseline 0.008 -29"><span class='ocrx_word' id='word_1_822' title='bbox 2224 4493 2289 4545; x_wconf 82' lang='lat' dir='ltr'><strong>Et</strong></span> <span class='ocrx_word' id='word_1_823' title='bbox 2314 4498 2557 4564; x_wconf 85' lang='lat' dir='ltr'><strong>quidquid</strong></span> <span class='ocrx_word' id='word_1_824' title='bbox 2584 4502 2861 4563; x_wconf 79' lang='lat' dir='ltr'><strong>petierimus</strong></span> <span class='ocrx_word' id='word_1_825' title='bbox 2881 4490 3180 4567; x_wconf 78' lang='lat' dir='ltr'><strong>accipiemus</strong></span> <span class='ocrx_word' id='word_1_826' title='bbox 3202 4504 3264 4555; x_wconf 81' lang='lat' dir='ltr'><strong>ab</strong></span> <span class='ocrx_word' id='word_1_827' title='bbox 3286 4522 3361 4569; x_wconf 81' lang='lat' dir='ltr'><strong>eo,</strong></span> <span class='ocrx_word' id='word_1_828' title='bbox 3389 4518 3485 4560; x_wconf 90' lang='lat' dir='ltr'><strong>etc.</strong></span> <span class='ocrx_word' id='word_1_829' title='bbox 3508 4507 3669 4574; x_wconf 70' lang='lat' dir='ltr'><strong>Magna</strong></span> 
     </span>
    </p>
   </div>
   <div class='ocr_carea' id='block_1_106' title="bbox 2155 4586 3666 4662">
    <p class='ocr_par' dir='ltr' id='par_1_106' title="bbox 2155 4586 3666 4662">
     <span class='ocr_line' id='line_1_106' title="bbox 2155 4586 3666 4662; baseline 0.005 -25"><span class='ocrx_word' id='word_1_830' title='bbox 2155 4586 2267 4640; x_wconf 68' lang='lat' dir='ltr'><strong>haec</strong></span> <span class='ocrx_word' id='word_1_831' title='bbox 2293 4599 2343 4642; x_wconf 91' lang='lat' dir='ltr'><strong>et</strong></span> <span class='ocrx_word' id='word_1_832' title='bbox 2371 4590 2734 4644; x_wconf 84' lang='lat' dir='ltr'><strong>desiderabilis</strong></span> <span class='ocrx_word' id='word_1_833' title='bbox 2764 4591 3006 4645; x_wconf 86' lang='lat' dir='ltr'><strong>tidelibus</strong></span> <span class='ocrx_word' id='word_1_834' title='bbox 3048 4593 3165 4647; x_wconf 81' lang='lat' dir='ltr'><strong>data</strong></span> <span class='ocrx_word' id='word_1_835' title='bbox 3195 4607 3275 4647; x_wconf 83' lang='lat' dir='ltr'><strong>est</strong></span> <span class='ocrx_word' id='word_1_836' title='bbox 3309 4597 3587 4662; x_wconf 86' lang='lat' dir='ltr'><strong>promissio.</strong></span> <span class='ocrx_word' id='word_1_837' title='bbox 3615 4598 3666 4647; x_wconf 82' lang='lat' dir='ltr'><strong>Si</strong></span> 
     </span>
    </p>
   </div>
   <div class='ocr_carea' id='block_1_107' title="bbox 2152 4668 3669 4752">
    <p class='ocr_par' dir='ltr' id='par_1_107' title="bbox 2152 4668 3669 4752">
     <span class='ocr_line' id='line_1_107' title="bbox 2152 4668 3669 4752; baseline 0.005 -24"><span class='ocrx_word' id='word_1_838' title='bbox 2152 4678 2265 4744; x_wconf 85' lang='lat' dir='ltr'><strong>quis</strong></span> <span class='ocrx_word' id='word_1_839' title='bbox 2290 4692 2414 4730; x_wconf 84' lang='lat' dir='ltr'><strong>vero</strong></span> <span class='ocrx_word' id='word_1_840' title='bbox 2443 4689 2546 4731; x_wconf 83' lang='lat' dir='ltr'><strong>tam</strong></span> <span class='ocrx_word' id='word_1_841' title='bbox 2580 4696 2761 4732; x_wconf 88' lang='lat' dir='ltr'><strong>vecors</strong></span> <span class='ocrx_word' id='word_1_842' title='bbox 2796 4693 2847 4733; x_wconf 91' lang='lat' dir='ltr'><strong>et</strong></span> <span class='ocrx_word' id='word_1_843' title='bbox 2888 4668 3145 4736; x_wconf 81' lang='lat' dir='ltr'><strong>absurdus</strong></span> <span class='ocrx_word' id='word_1_844' title='bbox 3188 4696 3293 4749; x_wconf 76' lang='lat' dir='ltr'><strong>est,</strong></span> <span class='ocrx_word' id='word_1_845' title='bbox 3325 4696 3381 4737; x_wconf 92' lang='lat' dir='ltr'><strong>ut</strong></span> <span class='ocrx_word' id='word_1_846' title='bbox 3422 4688 3669 4752; x_wconf 80' lang='lat' dir='ltr'><strong>promissis</strong></span> 
     </span>
    </p>
   </div>
   <div class='ocr_carea' id='block_1_108' title="bbox 2153 4768 3667 4840">
    <p class='ocr_par' dir='ltr' id='par_1_108' title="bbox 2153 4768 3667 4840">
     <span class='ocr_line' id='line_1_108' title="bbox 2153 4768 3667 4840; baseline 0.004 -21"><span class='ocrx_word' id='word_1_847' title='bbox 2153 4783 2255 4819; x_wconf 88' lang='lat' dir='ltr'><strong>non</strong></span> <span class='ocrx_word' id='word_1_848' title='bbox 2304 4768 2595 4823; x_wconf 80' lang='lat' dir='ltr'><strong>deleCtetur</strong></span> <span class='ocrx_word' id='word_1_849' title='bbox 2646 4771 2966 4833; x_wconf 73' lang='lat' dir='ltr'><strong>cmlestihus,</strong></span> <span class='ocrx_word' id='word_1_850' title='bbox 3000 4774 3185 4826; x_wconf 80' lang='lat' dir='ltr'><strong>saltem</strong></span> <span class='ocrx_word' id='word_1_851' title='bbox 3220 4774 3541 4840; x_wconf 76' lang='lat' dir='ltr'><strong>pertimescat</strong></span> <span class='ocrx_word' id='word_1_852' title='bbox 3580 4776 3667 4826; x_wconf 81' lang='lat' dir='ltr'><strong>huc</strong></span> 
     </span>
    </p>
   </div>
   <div class='ocr_carea' id='block_1_109' title="bbox 2152 4860 3670 4929">
    <p class='ocr_par' dir='ltr' id='par_1_109' title="bbox 2152 4860 3670 4929">
     <span class='ocr_line' id='line_1_109' title="bbox 2152 4860 3670 4929; baseline 0.006 -22"><span class='ocrx_word' id='word_1_853' title='bbox 2152 4860 2286 4923; x_wconf 86' lang='lat' dir='ltr'><strong>quod</strong></span> <span class='ocrx_word' id='word_1_854' title='bbox 2317 4875 2345 4911; x_wconf 89' lang='lat' dir='ltr'><strong>e</strong></span> <span class='ocrx_word' id='word_1_855' title='bbox 2390 4860 2653 4913; x_wconf 83' lang='lat' dir='ltr'><strong>contrario</strong></span> <span class='ocrx_word' id='word_1_856' title='bbox 2696 4864 2946 4927; x_wconf 78' lang='lat' dir='ltr'><strong>sapientia</strong></span> <span class='ocrx_word' id='word_1_857' title='bbox 2994 4866 3295 4918; x_wconf 88' lang='lat' dir='ltr'><strong>terribiliter</strong></span> <span class='ocrx_word' id='word_1_858' title='bbox 3335 4867 3554 4929; x_wconf 87' lang='lat' dir='ltr'><strong>intonat,</strong></span> <span class='ocrx_word' id='word_1_859' title='bbox 3589 4868 3670 4917; x_wconf 84' lang='lat' dir='ltr'><strong>di-</strong></span> 
     </span>
    </p>
   </div>
   <div class='ocr_carea' id='block_1_110' title="bbox 2152 4948 3667 5025">
    <p class='ocr_par' dir='ltr' id='par_1_110' title="bbox 2152 4948 3667 5025">
     <span class='ocr_line' id='line_1_110' title="bbox 2152 4948 3667 5025; baseline 0.004 -26"><span class='ocrx_word' id='word_1_860' title='bbox 2152 4964 2276 5001; x_wconf 88' lang='lat' dir='ltr'><strong>cens</strong></span> <span class='ocrx_word' id='word_1_861' title='bbox 2303 4966 2313 4999; x_wconf 91' lang='lat'>:</span> <span class='ocrx_word' id='word_1_862' title='bbox 2350 4948 2443 5011; x_wconf 83' lang='lat' dir='ltr'><strong>Qui</strong></span> <span class='ocrx_word' id='word_1_863' title='bbox 2472 4953 2645 5001; x_wconf 78' lang='lat' dir='ltr'><strong>avertit</strong></span> <span class='ocrx_word' id='word_1_864' title='bbox 2677 4968 2848 5005; x_wconf 85' lang='lat' dir='ltr'><strong>aurem</strong></span> <span class='ocrx_word' id='word_1_865' title='bbox 2873 4958 3013 5005; x_wconf 84' lang='lat' dir='ltr'><strong>suam</strong></span> <span class='ocrx_word' id='word_1_866' title='bbox 3041 4971 3100 5007; x_wconf 79' lang='lat' dir='ltr'><strong>ne</strong></span> <span class='ocrx_word' id='word_1_867' title='bbox 3124 4954 3297 5007; x_wconf 77' lang='lat' dir='ltr'><strong>audiat</strong></span> <span class='ocrx_word' id='word_1_868' title='bbox 3329 4958 3503 5025; x_wconf 76' lang='lat' dir='ltr'><strong>legem,</strong></span> <span class='ocrx_word' id='word_1_869' title='bbox 3525 4958 3667 5009; x_wconf 82' lang='lat' dir='ltr'><strong>oratio</strong></span> 
     </span>
    </p>
   </div>
   <div class='ocr_carea' id='block_1_111' title="bbox 2150 5040 3666 5113">
    <p class='ocr_par' dir='ltr' id='par_1_111' title="bbox 2150 5040 3666 5113">
     <span class='ocr_line' id='line_1_111' title="bbox 2150 5040 3666 5113; baseline 0.002 -23"><span class='ocrx_word' id='word_1_870' title='bbox 2150 5040 2259 5099; x_wconf 85' lang='lat' dir='ltr'><strong>eius</strong></span> <span class='ocrx_word' id='word_1_871' title='bbox 2284 5040 2378 5089; x_wconf 87' lang='lat' dir='ltr'><strong>erit</strong></span> <span class='ocrx_word' id='word_1_872' title='bbox 2407 5040 2719 5093; x_wconf 66' lang='lat' dir='ltr'><strong>exsecrabilis</strong></span> <span class='ocrx_word' id='word_1_873' title='bbox 2748 5040 2926 5104; x_wconf 83' lang='lat' dir='ltr'><strong>(Prov.</strong></span> <span class='ocrx_word' id='word_1_874' title='bbox 2957 5043 3160 5108; x_wconf 72' lang='lat' dir='ltr'><strong>urttt).</strong></span> <span class='ocrx_word' id='word_1_875' title='bbox 3190 5043 3371 5113; x_wconf 82' lang='lat' dir='ltr'><strong>Neque</strong></span> <span class='ocrx_word' id='word_1_876' title='bbox 3402 5045 3516 5098; x_wconf 88' lang='lat' dir='ltr'><strong>huic</strong></span> <span class='ocrx_word' id='word_1_877' title='bbox 3547 5045 3666 5097; x_wconf 67' lang='lat' dir='ltr'><strong>lenti</strong></span> 
     </span>
    </p>
   </div>
   <div class='ocr_carea' id='block_1_112' title="bbox 2152 5128 3669 5203">
    <p class='ocr_par' dir='ltr' id='par_1_112' title="bbox 2152 5128 3669 5203">
     <span class='ocr_line' id='line_1_112' title="bbox 2152 5128 3669 5203; baseline 0.002 -22"><span class='ocrx_word' id='word_1_878' title='bbox 2152 5128 2365 5181; x_wconf 81' lang='lat' dir='ltr'><strong>Joannis</strong></span> <span class='ocrx_word' id='word_1_879' title='bbox 2408 5131 2682 5181; x_wconf 75' lang='lat' dir='ltr'><strong>sententia:</strong></span> <span class='ocrx_word' id='word_1_880' title='bbox 2728 5132 3049 5185; x_wconf 81' lang='lat' dir='ltr'><strong>contrarium</strong></span> <span class='ocrx_word' id='word_1_881' title='bbox 3097 5133 3262 5187; x_wconf 83' lang='lat' dir='ltr'><strong>videri</strong></span> <span class='ocrx_word' id='word_1_882' title='bbox 3292 5144 3517 5203; x_wconf 84' lang='lat' dir='ltr'><strong>oportet,</strong></span> <span class='ocrx_word' id='word_1_883' title='bbox 3549 5133 3669 5201; x_wconf 69' lang='lat' dir='ltr'><strong>qua-il</strong></span> 
     </span>
    </p>
   </div>
   <div class='ocr_carea' id='block_1_113' title="bbox 2152 5217 3671 5287">
    <p class='ocr_par' dir='ltr' id='par_1_113' title="bbox 2152 5217 3671 5287">
     <span class='ocr_line' id='line_1_113' title="bbox 2152 5217 3671 5287; baseline 0.005 -18"><span class='ocrx_word' id='word_1_884' title='bbox 2152 5217 2339 5269; x_wconf 85' lang='lat' dir='ltr'><strong>Paulus</strong></span> <span class='ocrx_word' id='word_1_885' title='bbox 2382 5226 2460 5270; x_wconf 90' lang='lat' dir='ltr'><strong>ter</strong></span> <span class='ocrx_word' id='word_1_886' title='bbox 2509 5219 2781 5273; x_wconf 88' lang='lat' dir='ltr'><strong>Dominum</strong></span> <span class='ocrx_word' id='word_1_887' title='bbox 2828 5223 3059 5287; x_wconf 76' lang='lat' dir='ltr'><strong>rogavit,</strong></span> <span class='ocrx_word' id='word_1_888' title='bbox 3099 5234 3154 5275; x_wconf 83' lang='grc' dir='ltr'><strong>ιιι</strong></span> <span class='ocrx_word' id='word_1_889' title='bbox 3193 5225 3484 5277; x_wconf 80' lang='lat' dir='ltr'><strong>d.scederet</strong></span> <span class='ocrx_word' id='word_1_890' title='bbox 3528 5228 3589 5276; x_wconf 78' lang='lat' dir='ltr'><strong>ab</strong></span> <span class='ocrx_word' id='word_1_891' title='bbox 3616 5241 3671 5277; x_wconf 84' lang='lat' dir='ltr'><strong>eo</strong></span> 
     </span>
    </p>
   </div>
   <div class='ocr_carea' id='block_1_114' title="bbox 2152 5307 3673 5383">
    <p class='ocr_par' dir='ltr' id='par_1_114' title="bbox 2152 5307 3673 5383">
     <span class='ocr_line' id='line_1_114' title="bbox 2152 5307 3673 5383; baseline 0.01 -27"><span class='ocrx_word' id='word_1_892' title='bbox 2152 5307 2367 5373; x_wconf 84' lang='lat' dir='ltr'><strong>angelus</strong></span> <span class='ocrx_word' id='word_1_893' title='bbox 2399 5309 2624 5375; x_wconf 61' lang='lat' dir='ltr'><strong>Satanae,</strong></span> <span class='ocrx_word' id='word_1_894' title='bbox 2660 5328 2756 5363; x_wconf 86' lang='lat' dir='ltr'><strong>nec</strong></span> <span class='ocrx_word' id='word_1_895' title='bbox 2801 5312 3077 5378; x_wconf 86' lang='lat' dir='ltr'><strong>impetrare</strong></span> <span class='ocrx_word' id='word_1_896' title='bbox 3124 5317 3290 5381; x_wconf 89' lang='lat' dir='ltr'><strong>potuit</strong></span> <span class='ocrx_word' id='word_1_897' title='bbox 3320 5314 3405 5381; x_wconf 85' lang='grc' dir='ltr'><strong>(ιι</strong></span> <span class='ocrx_word' id='word_1_898' title='bbox 3431 5315 3545 5369; x_wconf 77' lang='lat' dir='ltr'><strong>Cor.</strong></span> <span class='ocrx_word' id='word_1_899' title='bbox 3570 5321 3673 5383; x_wconf 74' lang='lat' dir='ltr'><strong>sn).</strong></span> 
     </span>
    </p>
   </div>
   <div class='ocr_carea' id='block_1_115' title="bbox 2150 5396 3668 5469">
    <p class='ocr_par' dir='ltr' id='par_1_115' title="bbox 2150 5396 3668 5469">
     <span class='ocr_line' id='line_1_115' title="bbox 2150 5396 3668 5469; baseline 0.006 -21"><span class='ocrx_word' id='word_1_900' title='bbox 2150 5396 2239 5448; x_wconf 85' lang='lat' dir='ltr'><strong>sed</strong></span> <span class='ocrx_word' id='word_1_901' title='bbox 2266 5396 2465 5449; x_wconf 86' lang='lat' dir='ltr'><strong>dictum</strong></span> <span class='ocrx_word' id='word_1_902' title='bbox 2490 5408 2569 5451; x_wconf 85' lang='lat' dir='ltr'><strong>est</strong></span> <span class='ocrx_word' id='word_1_903' title='bbox 2601 5399 2668 5451; x_wconf 90' lang='lat' dir='ltr'><strong>illi</strong></span> <span class='ocrx_word' id='word_1_904' title='bbox 2695 5415 2707 5450; x_wconf 87' lang='lat'>:</span> <span class='ocrx_word' id='word_1_905' title='bbox 2740 5400 2930 5468; x_wconf 68' lang='lat' dir='ltr'><strong>Su/ficit</strong></span> <span class='ocrx_word' id='word_1_906' title='bbox 2962 5403 3047 5453; x_wconf 89' lang='lat' dir='ltr'><strong>tibi</strong></span> <span class='ocrx_word' id='word_1_907' title='bbox 3088 5406 3251 5469; x_wconf 82' lang='lat' dir='ltr'><strong>gratia</strong></span> <span class='ocrx_word' id='word_1_908' title='bbox 3282 5421 3412 5466; x_wconf 85' lang='lat' dir='ltr'><strong>mea,</strong></span> <span class='ocrx_word' id='word_1_909' title='bbox 3446 5422 3561 5456; x_wconf 80' lang='lat' dir='ltr'><strong>nam</strong></span> <span class='ocrx_word' id='word_1_910' title='bbox 3588 5407 3668 5457; x_wconf 69' lang='lat' dir='ltr'><strong>uir-</strong></span> 
     </span>
    </p>
   </div>
   <div class='ocr_carea' id='block_1_116' title="bbox 2150 5488 3669 5561">
    <p class='ocr_par' dir='ltr' id='par_1_116' title="bbox 2150 5488 3669 5561">
     <span class='ocr_line' id='line_1_116' title="bbox 2150 5488 3669 5561; baseline 0.005 -25"><span class='ocrx_word' id='word_1_911' title='bbox 2150 5496 2226 5537; x_wconf 87' lang='lat' dir='ltr'><strong>tus</strong></span> <span class='ocrx_word' id='word_1_912' title='bbox 2274 5488 2324 5537; x_wconf 84' lang='lat' dir='ltr'><strong>iu</strong></span> <span class='ocrx_word' id='word_1_913' title='bbox 2373 5489 2661 5553; x_wconf 76' lang='lat' dir='ltr'><strong>inﬁrmitate</strong></span> <span class='ocrx_word' id='word_1_914' title='bbox 2704 5493 2957 5557; x_wconf 84' lang='lat' dir='ltr'><strong>per/icitur</strong></span> <span class='ocrx_word' id='word_1_915' title='bbox 2998 5490 3204 5561; x_wconf 64' lang='lat' dir='ltr'><strong>(Ibid).</strong></span> <span class='ocrx_word' id='word_1_916' title='bbox 3240 5494 3353 5546; x_wconf 82' lang='lat' dir='ltr'><strong>Etsi</strong></span> <span class='ocrx_word' id='word_1_917' title='bbox 3400 5497 3539 5547; x_wconf 88' lang='lat' dir='ltr'><strong>enim</strong></span> <span class='ocrx_word' id='word_1_918' title='bbox 3586 5508 3669 5545; x_wconf 84' lang='lat' dir='ltr'><strong>non</strong></span> 
     </span>
    </p>
   </div>
   <div class='ocr_carea' id='block_1_117' title="bbox 2148 5579 3667 5650">
    <p class='ocr_par' dir='ltr' id='par_1_117' title="bbox 2148 5579 3667 5650">
     <span class='ocr_line' id='line_1_117' title="bbox 2148 5579 3667 5650; baseline 0.005 -22"><span class='ocrx_word' id='word_1_919' title='bbox 2148 5591 2355 5643; x_wconf 85' lang='lat' dir='ltr'><strong>semper</strong></span> <span class='ocrx_word' id='word_1_920' title='bbox 2401 5579 2462 5630; x_wconf 87' lang='lat' dir='ltr'><strong>ad</strong></span> <span class='ocrx_word' id='word_1_921' title='bbox 2519 5579 2835 5635; x_wconf 87' lang='lat' dir='ltr'><strong>voluntatem</strong></span> <span class='ocrx_word' id='word_1_922' title='bbox 2891 5584 3172 5649; x_wconf 79' lang='lat' dir='ltr'><strong>accipimus</strong></span> <span class='ocrx_word' id='word_1_923' title='bbox 3225 5594 3463 5650; x_wconf 84' lang='lat' dir='ltr'><strong>orantes,</strong></span> <span class='ocrx_word' id='word_1_924' title='bbox 3515 5598 3667 5638; x_wconf 82' lang='lat' dir='ltr'><strong>tamen</strong></span> 
     </span>
    </p>
   </div>
   <div class='ocr_carea' id='block_1_118' title="bbox 2151 5662 3669 5745">
    <p class='ocr_par' dir='ltr' id='par_1_118' title="bbox 2151 5662 3669 5745">
     <span class='ocr_line' id='line_1_118' title="bbox 2151 5662 3669 5745; baseline 0.007 -26"><span class='ocrx_word' id='word_1_925' title='bbox 2151 5670 2437 5722; x_wconf 72' lang='lat' dir='ltr'><strong>mercedem</strong></span> <span class='ocrx_word' id='word_1_926' title='bbox 2486 5671 2779 5727; x_wconf 82' lang='lat' dir='ltr'><strong>devotionis</strong></span> <span class='ocrx_word' id='word_1_927' title='bbox 2827 5662 2890 5727; x_wconf 86' lang='lat' dir='ltr'><strong>ad</strong></span> <span class='ocrx_word' id='word_1_928' title='bbox 2940 5674 3161 5727; x_wconf 84' lang='lat' dir='ltr'><strong>salutem</strong></span> <span class='ocrx_word' id='word_1_929' title='bbox 3205 5674 3510 5745; x_wconf 74' lang='lat' dir='ltr'><strong>accipimus,</strong></span> <span class='ocrx_word' id='word_1_930' title='bbox 3550 5679 3669 5731; x_wconf 73' lang='lat' dir='ltr'><strong>stout</strong></span> 
     </span>
    </p>
   </div>
  </div>
