3860 6230
123 363 207 416 11έὸ
1211 347 1272 400 IN
1315 347 1331 397 l
1375 341 1755 396 EPISTULA.“
1798 339 1854 393 S.
1896 337 2187 409 JUANNIS.

3213 329 3304 381 I08

118 475 239 524 idem
269 468 454 521 Paulus
487 466 762 518 Dominum
796 473 1004 527 rogans,
1041 473 1141 509 non
1171 457 1306 524 quol
1354 455 1646 522 qumrehat,
1684 457 1724 511 Α
1763 450 2021 514 Numquid
2049 449 2290 514 colligunt
2312 449 2372 498 dc
2399 447 2556 512 spinis
2587 461 2724 507 uvas,
2755 455 2840 496 aut
2869 447 2930 497 de
2959 443 3151 496 tributis
3183 445 3306 508 ﬁcus

119 563 197 615 sed
226 561 360 626 quod
405 560 531 610 utile
582 556 806 607 habebat
833 551 1053 618 accepit.
1088 553 1152 601 At
1180 557 1359 601 contra
1392 560 1532 611 sa'pe
1573 560 1658 597 re-

123 653 250 719 probi
293 650 644 702 oxaudiuntur
674 645 739 698 ad
771 647 1112 703 voluntatem,
1146 644 1187 692 si
1221 656 1322 692 non
1373 640 1658 691 audiuntur

122 743 178 794 ad
202 744 444 793 salutem.
472 739 622 792 Unde
650 747 702 790 et
732 751 915 789 eorum
956 743 1112 799 eaput
1155 733 1414 794 diabolus,
1450 740 1504 782 nt
1539 731 1659 782 bea-

125 843 218 880 tum
248 828 345 880 Job
387 836 634 886 tentaret,
662 825 937 878 exauditus
977 829 1059 873 est
1086 820 1149 871 ad
1191 820 1534 878 voluntatem,
1567 815 1659 868 sed

1763 540 1953 605 (Marc.
2009 541 2147 606 vn)?
2178 537 2236 591 Ili
2291 547 2411 591 sunt
2441 552 2566 605 ergo
2598 537 2794 590 fructus
2823 552 2848 587 a
2879 538 3066 604 quibus
3096 538 3308 602 spiritus

1776 630 2014 697 maligni,
2072 629 2157 694 qui
2193 629 2242 680 in
2278 626 2747 694 pseudoprophetis
2795 625 3097 692 loquuntur,
3141 625 3315 676 valent

1762 721 2018 788 dignosci,
2051 721 2216 785 spina:
2244 717 2484 771 \idoliCot
2520 717 2879 775 schismatnm,
2908 726 2957 766 et
2982 715 3175 768 horridi
3211 715 3309 767 hac-

1761 811 1955 861 resium
2003 808 2201 871 tribuli,
2259 809 2446 876 quibus
2477 822 2568 887 ops
2601 812 2687 874 qui
2734 809 2832 859 sibi
2884 808 3090 860 incaute
3123 821 3314 873 appro-

128 921 182 967 ad
230 931 371 968 suam
426 915 841 966 damnationem.
895 910 1014 961 Ideo
1062 907 1197 958 enim
1255 919 1538 956 concessus
1584 913 1664 954 est
1766 899 1930 966 piant,
1975 899 2131 951 ﬁdem
2167 901 2466 960 laceranda,
2499 898 2874 951 contaminant.
2921 899 3064 951 Sicut
3112 912 3140 947 (ξ
3190 911 3315 948 con-

129 1009 217 1060 iste
257 1003 555 1063 tentandus,
585 1013 639 1053 ut
666 1017 728 1052 eo
759 1000 976 1067 probato
1021 997 1104 1048 ille
1150 1003 1292 1048 esset
1332 992 1658 1046 cruciandns.

129 1098 242 1148 Cum
269 1109 391 1160 ergo
421 1093 646 1144 dixisset
685 1092 935 1150 Joannes,
981 1087 1103 1155 quia
1146 1087 1480 1153 quodcunque
1511 1082 1667 1148 petie-

129 1189 267 1236 rimus
304 1184 609 1251 accipiemus
641 1181 701 1231 ab
733 1197 808 1244 eo,
846 1180 889 1231 si
921 1177 1158 1229 mandata
1191 1177 1298 1242 ejus
1333 1174 1665 1256 custodimus,

132 1274 266 1338 quasi
322 1285 588 1337 quaereres
626 1285 742 1335 qua:
782 1268 1023 1318 mandata
1049 1307 1062 1332 ,
1111 1267 1360 1318 continuo
1396 1263 1666 1315 subdidit:

197 1361 253 1413 Et
283 1363 372 1413 lioc
402 1371 470 1412 est
511 1361 802 1410 mandatum
841 1361 972 1426 ejus,
1017 1366 1068 1406 ut
1092 1355 1358 1406 credamus
1387 1353 1439 1404 iu
1471 1353 1671 1404 nomine

135 1450 244 1502 Filii
273 1453 381 1519 ejus
417 1450 540 1500 Jesu
576 1445 793 1506 Clu-isti,
827 1456 928 1497 etc.
961 1444 1223 1512 Singulari
1268 1457 1487 1495 numero
1526 1456 1673 1494 inan-

133 1545 294 1595 datum
327 1540 602 1606 praemisit,
634 1548 687 1590 et
720 1538 827 1590 Deo
857 1537 1236 1601 subsequentcr
1264 1534 1499 1602 adjungit
1529 1548 1675 1585 man-

135 1635 261 1694 data,
313 1630 467 1681 [idem
521 1628 723 1680 scilicet
763 1635 814 1679 et
858 1626 1227 1685 dilectionem,
1269 1625 1389 1690 quia
1427 1624 1673 1674 nimirum

138 1721 236 1770 haec
259 1719 322 1769 ah
356 1718 580 1769 invicem
614 1714 847 1780 separari
881 1723 1162 1781 nequeunt.
1187 1713 1364 1780 Neque
1391 1713 1535 1766 enim
1562 1714 1677 1764 sine

1767 989 1927 1040 trario
1966 986 2171 1039 fructus
2219 989 2497 1053 bonormn,
2531 989 2776 1050 Charitas,
2807 989 3023 1050 scilicet,
3054 988 3318 1054 gaudium,

1767 1096 1867 1147 pax
1915 1081 1967 1132 in
2015 1080 2213 1145 Spiritu
2270 1091 2470 1142 Sancto,

1771 1174 2093 1240 ﬁcorumque
2119 1170 2474 1233 dulcedinem,
2508 1181 2628 1237 apte
2653 1172 2961 1236 ﬁgurantur.

2545 1095 2636 1145 per
2694 1079 3028 1146 fragrantiant
3084 1094 3318 1140 uvarum,

1843 1263 1907 1316 Iu
1941 1267 2032 1315 hoc
2075 1264 2386 1332 cognoscitur
2417 1263 2638 1328 Spiritus
2662 1261 2772 1326 Dei,
2802 1271 2903 1313 etc.
2937 1258 3204 1313 Confessio
3229 1261 3327 1313 hoc

1775 1357 1891 1409 loco
1925 1372 2028 1408 non
2073 1356 2243 1407 solum
2277 1355 2547 1407 catholica:
2597 1353 2731 1414 ﬁdei,
2783 1354 2872 1403 sed
2916 1363 2967 1403 et
3010 1351 3328 1418 operationis

1775 1421 1927 1498 bona:
1957 1459 2073 1510 qua:
2106 1443 2162 1495 ﬁt
2205 1458 2298 1510 per
2325 1443 2657 1507 cbaritatem,
2709 1441 3029 1508 intelligitur.
3082 1437 3328 1506 Alioquin

1777 1535 2008 1586 nonnulli
2076 1532 2305 1585 bieretici
2363 1531 2700 1591 confitentur,

1779 1624 1926 1676 multi
1971 1622 2086 1676 fulsi
2114 1622 2380 1683 Catholici,
2436 1621 2614 1674 Josnm
2645 1621 2909 1673 Christum
2960 1617 3007 1670 in
3038 1633 3194 1671 carne
3246 1633 3333 1671 ve-

1782 1711 1945 1774 nisse,
1999 1715 2089 1762 sed
2143 1708 2530 1761 cunfessionem
2584 1723 2728 1760 suam
2778 1708 2926 1761 factis
2975 1719 3182 1773 negant,
3231 1721 3332 1760 noa

2780 1530 2925 1582 multi
2989 1529 3328 1594 scbismatici,

141 1809 230 1859 lide
273 1807 465 1859 Christi
523 1815 666 1858 recte
716 1820 812 1857 nos
858 1806 1165 1857 alterutrum
1214 1803 1454 1870 diligere,
1505 1817 1676 1869 neque
1711 1787 2024 1852 Bhabendo
2079 1799 2410 1850 charitatem.
2470 1796 2710 1849 Charitas
2757 1797 2949 1864 quippe
3003 1797 3089 1848 Dei
3149 1797 3332 1850 Filium

139 1909 249 1946 vere
276 1895 324 1946 in
358 1894 569 1945 nomine
600 1893 724 1945 Jesu
755 1892 948 1945 Christi
994 1894 1108 1944 sine
1138 1893 1364 1944 fraterna
1397 1891 1678 1945 dilectione

141 2001 402 2052 possumus
428 1987 670 2036 credere.
704 1982 768 2034 Et
807 1983 1100 2052 diligamus,
1134 1982 1323 2049 inquit,
1354 1982 1676 2045 alterutrum,

139 2077 251 2124 sicut
277 2074 408 2124 dedit
440 2074 735 2123 mandatum
766 2072 924 2122 nobis.
957 2071 1012 2120 Id
1043 2079 1143 2130 est,
1180 2085 1309 2136 puro
1339 2085 1544 2132 amore,
1578 2086 1679 2122 non

142 2165 266 2214 sicut
313 2164 562 2226 latrones,
599 2163 676 2213 vol
718 2160 1072 2226 quorumlibet
1119 2160 1338 2211 aliorum
1391 2170 1682 2225 patraturos

142 2252 405 2314 scelerum,
437 2251 523 2317 qui
572 2265 630 2302 sc
682 2250 860 2316 utique
903 2248 1211 2300 alterutrum
1261 2249 1350 2300 Sed
1397 2264 1498 2300 non
1539 2261 1682 2301 caste

144 2338 368 2405 diligunt.
405 2338 506 2390 Sed
539 2339 678 2390 enim
714 2336 861 2389 dedit
891 2336 1190 2388 mandatum
1224 2337 1394 2401 nobis,
1425 2351 1542 2388 cum
1576 2338 1681 2388 ait:

150 2427 248 2477 Hoc
273 2434 342 2478 est
374 2438 684 2492 prirccptum
715 2442 897 2487 meum,
932 2435 985 2476 ut
1026 2425 1250 2492 diligatis
1292 2426 1523 2487 invicem,
1558 2425 1686 2476 sicut

145 2516 286 2567 dilexi
310 2530 392 2566 vos
422 2513 598 2580 (Joan.
627 2512 742 2580 xv).
768 2513 900 2578 Quid
929 2522 1008 2565 est
1037 2517 1198 2575 enim,
1228 2513 1371 2565 Sicut
1400 2513 1555 2565 dilexi
1576 2530 1685 2576 vos,

148 2605 273 2654 nisi:
309 2603 384 2655 Ad
434 2602 530 2654 hoc
577 2613 749 2654 amate
787 2602 848 2654 ad
898 2602 1034 2669 quod
1065 2603 1234 2652 amavi
1275 2619 1386 2660 vos,
1417 2603 1687 2666 videlicet,

151 2703 201 2744 ut
226 2695 285 2744 ad
313 2696 544 2747 ccelestia
578 2710 733 2760 regna
762 2695 1099 2762 portiugatis?
1129 2697 1689 2762 thuamercedeharc

151 2783 381 2834 mandata
430 2785 546 2834 lidci
579 2793 632 2836 et
680 2785 979 2837 dilectionis
1039 2787 1362 2838 servantur?
1407 2789 1686 2855 Sequitur:

218 2871 275 2923 Et
310 2875 392 2937 qui
418 2884 576 2924 serrat
606 2875 842 2925 mandata
869 2878 994 2943 ejus,
1036 2877 1086 2928 in
1107 2878 1198 2927 illo
1224 2890 1407 2942 manet,
1435 2891 1478 2930 et
1499 2881 1604 2945 ipse
1639 2881 1693 2933 iu

155 2979 224 3013 eo.
270 2961 345 3014 Sit
375 2976 499 3028 ergo
557 2963 644 3013 tibi
677 2964 862 3014 domus
897 2963 1049 3023 Deus.
1083 2975 1139 3017 et
1191 2976 1304 3020 esto
1326 2968 1514 3020 domus
1559 2969 1689 3035 Dei;

158 3064 301 3101 mane
328 3050 378 3101 in
405 3049 527 3112 Deo,
555 3059 606 3102 et
637 3061 842 3103 maneat
865 3051 914 3103 in
941 3061 991 3105 te
1021 3053 1177 3108 Deus.
1211 3055 1381 3109 Manet
1409 3057 1457 3109 in
1483 3067 1531 3111 te
1558 3058 1692 3112 Deus

163 3149 209 3189 ut
235 3150 282 3191 te
311 3141 593 3203 contineat,
625 3157 804 3194 manes
834 3143 882 3194 in
916 3143 1023 3197 Dec
1056 3160 1119 3198 ue
1156 3147 1332 3200 cadas.
1360 3147 1516 3201 Serva
1545 3166 1693 3202 man-

156 3229 264 3279 data
292 3229 425 3295 ejus,
460 3241 579 3282 tene
609 3232 938 3287 cbaritatem.
974 3235 1085 3289 Noli
1137 3247 1186 3290 te
1238 3241 1484 3294 divellere
1524 3258 1550 3293 a
1594 3243 1695 3298 Iide

159 3321 308 3380 illius,
356 3333 411 3374 ut
464 3323 702 3390 glorieris
736 3326 785 3375 in
823 3329 1099 3392 praesentia
1149 3328 1332 3394 ipsius,
1377 3342 1429 3383 et
1482 3348 1697 3386 securus

160 3412 456 3464 manebisin
502 3428 583 3473 eo.
638 3416 793 3466 modo
823 3431 912 3479 rer
943 3417 1120 3478 ﬁdem,
1154 3429 1275 3472 tunc
1318 3436 1407 3487 per
1448 3425 1694 3488 speciem.

163 3499 380 3552 Manebit
409 3512 461 3554 et
509 3504 620 3568 ipse
651 3505 897 3568 perennis
924 3506 972 3556 in
1007 3515 1078 3569 te,
1109 3506 1256 3574 juxta
1285 3512 1422 3574 quod
1460 3513 1505 3564 ei
1556 3514 1698 3564 l’sal-

163 3591 301 3641 mista
335 3592 578 3643 decantat
608 3609 617 3642 :
653 3591 716 3644 Iu
743 3604 988 3646 a'teruum
1015 3597 1357 3662 exsultabtuit,
1391 3610 1433 3650 et
1455 3600 1697 3653 Itabitubis

163 3680 207 3730 in
229 3681 294 3732 eis
316 3680 482 3749 (Psal.
509 3683 581 3752 v).

231 3768 289 3819 Et
311 3772 359 3820 in
383 3769 470 3820 hoc
497 3773 680 3823 scimus
700 3774 937 3839 quoniam
965 3784 1128 3827 manet
1156 3777 1205 3826 in
1227 3777 1388 3840 nobis,
1413 3779 1472 3829 de
1502 3778 1702 3844 Spiritu

165 3873 299 3923 quem
326 3859 459 3908 dedit
504 3860 666 3910 nobis.
700 3859 887 3912 Primis
921 3864 1243 3928 temporibus
1290 3865 1506 3916 eadebat
1535 3867 1702 3932 Spiri-

174 3959 249 3998 tus
287 3958 492 4000 sanctus
525 3963 682 4013 super
730 3952 1028 4013 credentes,
1059 3960 1112 4003 et
1142 3953 1488 4019 loquebantur
1518 3954 1704 4022 linguis

170 4052 288 4100 quas
341 4053 440 4088 non
489 4037 803 4092 didicerant.
836 4039 984 4091 Nunc
1011 4050 1183 4092 autem
1211 4044 1331 4109 quia
1360 4043 1706 4096 exterioribus

174 4125 327 4193 signis
373 4137 550 4180 sant-ta
603 4127 835 4182 Ecclesia
867 4146 966 4183 non
1001 4133 1218 4199 indiget,
1267 4133 1561 4200 quicunque
1591 4149 1708 4186 cre-

172 4214 296 4266 dens
346 4216 395 4266 iu
450 4219 660 4269 nomine
712 4219 830 4269 Jesu
881 4217 1072 4272 Christi
1129 4225 1412 4275 traternam
1471 4223 1709 4276 habuerit

173 4305 486 4370 cbaritatoni,
547 4307 764 4373 Spiritui
794 4320 976 4362 sancto
1019 4312 1068 4362 in
1120 4329 1176 4363 se
1208 4315 1437 4366 manenti
1473 4314 1705 4367 testimo-

177 4395 305 4444 nium
340 4396 594 4460 perlubet.
648 4397 756 4450 Iloc
801 4401 940 4449 enim
991 4401 1095 4466 agit
1125 4401 1351 4467 Spiritus
1397 4413 1606 4455 sanctus
1657 4404 1706 4454 iu

177 4483 399 4551 homine,
433 4497 485 4537 ut
517 4489 583 4538 sit
619 4487 670 4538 in
703 4488 791 4538 illo
820 4489 1069 4540 Charitas.
1106 4491 1234 4551 Quia
1277 4493 1492 4543 clmritas
1520 4492 1710 4560 (inquit

179 4574 380 4636 Paulus)
408 4577 588 4638 cli/[usu
618 4585 691 4626 est
738 4578 789 4626 in
820 4579 1051 4627 cordibus
1104 4581 1288 4632 nostris
1335 4598 1422 4644 per
1464 4581 1710 4645 Spiritum

176 4671 411 4720 sanctum.
457 4667 541 4730 qui
565 4665 710 4715 datus
747 4675 816 4715 cst
845 4666 984 4715 nobis
1025 4665 1198 4734 (lium.
1253 4667 1324 4734 v).
1378 4667 1562 4720 Verum
1595 4671 1711 4736 quia

180 4752 334 4811 multi,
368 4753 670 4806 charitatem
727 4770 827 4806 non
859 4756 1133 4820 habentes,
1167 4767 1218 4809 et
1249 4759 1499 4812 unitatem
1533 4762 1714 4812 Eccle-

181 4837 264 4887 siae
295 4853 531 4903 perverso
571 4841 814 4908 dogmate
844 4845 1170 4912 scindentes,
1207 4850 1554 4903 nihilominus
1593 4849 1712 4915 Spi-

183 4935 326 4985 ritum
359 4948 592 4992 sanctum
621 4941 670 4991 in
695 4954 752 4992 se
779 4953 897 4992 esse
915 4936 1259 5001 contendunt,
1281 4941 1711 4994 rectcsnbditur:

755 5027 977 5080 CAPUT
1020 5026 1104 5078 IV.

251 5109 549 5174 Cbarissimi,
606 5114 758 5164 nolite
789 5115 922 5166 omni
968 5115 1166 5180 spiritui
1218 5117 1436 5177 credere,
1491 5125 1591 5168 etc.
1652 5116 1716 5167 Et

187 5199 293 5262 quis
317 5208 396 5251 est
425 5202 501 5265 qui
536 5202 720 5269 probat
761 5204 993 5269 Spiritus,
1028 5205 1110 5255 vel
1144 5204 1281 5255 unde
1331 5215 1545 5271 possunt
1597 5219 1715 5271 pro-

193 5284 311 5348 bari,
338 5289 484 5341 docet
512 5291 560 5342 in
592 5289 869 5355 Evangelia
901 5289 1170 5354 Dominus,
1227 5292 1313 5345 ubi
1353 5293 1471 5344 talia
1503 5305 1714 5347 ventura

192 5376 503 5441 praedicebat,
548 5379 719 5445 qualia
749 5377 979 5430 Joannes
999 5379 1105 5445 jam
1135 5396 1230 5433 suo
1257 5390 1488 5447 tempore
1510 5385 1715 5435 venisse

197 5463 380 5526 probat.
430 5469 693 5535 Attendiie,
728 5468 914 5534 inquit,
946 5469 1146 5535 afatsis
1197 5472 1449 5539 prop/telis
1498 5474 1583 5539 qui
1631 5490 1713 5524 ve-

197 5557 326 5606 niunt
353 5557 418 5606 ad
463 5574 543 5611 vos
573 5561 621 5610 in
664 5562 964 5612 vestimentis
991 5561 1170 5622 arium,
1220 5565 1512 5627 intrinsecus
1552 5575 1715 5618 autem

201 5654 298 5697 sunt
324 5648 425 5713 lupi
446 5665 667 5716 rapaces.
702 5655 742 5702 A
783 5651 1022 5717 fructibus
1044 5668 1214 5704 eorum
1256 5658 1560 5722 cognoscetis
1608 5674 1710 5710 eos.

568 5762 810 5821 Pnaut.
876 5762 1092 5823 XCIII.

1785 1888 2006 1940 adduxit
2035 1888 2098 1940 ad
2129 1902 2362 1940 carnem.
2406 1889 2468 1940 Et
2508 1887 2622 1940 idco
2645 1889 2884 1954 quiSquis
2914 1902 3012 1940 non
3039 1889 3191 1941 habet
3212 1890 3335 1940 cha-

1788 1980 2013 2043 ritatem,
2041 1988 2196 2046 negat
2222 1979 2369 2031 illum
2401 1979 2449 2031 in
2482 1994 2639 2032 carne
2672 1981 2898 2042 venisse,
2941 1980 3160 2046 talisque
3185 1979 3337 2044 Spiri-

1790 2078 1897 2119 tum
1930 2084 1996 2120 ex
2029 2067 2138 2120 Deo
2179 2084 2279 2119 non
2310 2068 2501 2120 habere
2531 2068 2877 2120 convincitur.
2910 2069 3026 2133 Ipse
3056 2079 3226 2120 autem
3259 2078 3337 2121 est

1789 2155 2009 2221 Spiritus
2068 2155 2180 2219 Dei,
2237 2155 2322 2219 qui
2373 2157 2499 2206 dicit
2546 2155 2725 2207 Jesum
2771 2155 3037 2206 Christum
3094 2157 3140 2207 in
3171 2171 3326 2207 carne

1791 2245 2017 2303 venisse,
2049 2243 2133 2309 qui
2159 2242 2285 2295 dicit
2309 2259 2411 2295 non
2435 2245 2628 2312 lingua,
2654 2244 2744 2296 sed
2762 2243 2930 2307 factis,
2956 2260 3059 2295 non
3084 2246 3337 2305 sonando,

1791 2333 1881 2385 sed
1912 2333 2156 2384 amando.

1863 2421 1928 2472 Et
1956 2421 2116 2472 omnis
2162 2421 2364 2486 spiritus
2391 2422 2478 2487 qui
2502 2422 2644 2474 solvit
2684 2421 2860 2473 Jesum
2888 2437 2948 2473 ea;
2981 2422 3084 2473 Deo
3115 2438 3212 2473 non
3243 2433 3332 2474 est.

1795 2511 1886 2563 Ille
1912 2510 2068 2562 solvit
2106 2510 2282 2562 Jesum
2314 2511 2400 2576 qui
2430 2512 2510 2564 vel
2560 2512 2880 2563 divinitatem
2929 2510 3063 2577 ejus,
3097 2512 3176 2561 vel
3235 2513 3344 2561 ani-

1796 2613 1952 2661 mam,
2001 2599 2082 2650 vel
2113 2613 2324 2650 Carnem
2359 2610 2528 2664 negat,
2570 2614 2687 2664 quae
2717 2614 2832 2650 eum
2867 2599 3122 2651 veraciter
3153 2600 3344 2652 habere

1798 2686 1927 2739 Iides
1991 2689 2244 2740 catholica
2315 2689 2484 2741 docct.
2551 2687 2719 2740 Solvit
2786 2697 2834 2740 et
2892 2688 2976 2740 ille
3014 2689 3209 2750 Jesum,
3261 2691 3342 2752 qui

1798 2779 2040 2831 mandata
2086 2791 2138 2832 et
2180 2781 2336 2832 verba
2389 2779 2511 2832 Jesu
2572 2780 2649 2831 vel
2699 2794 2946 2845 pervorse
2981 2780 3226 2840 videndo,
3266 2794 3342 2830 vci

1801 2885 2084 2937 perversos
2135 2872 2524 2939 interpretando
2575 2874 2886 2937 corrumpit.
2917 2871 3017 2922 Sed
3044 2881 3095 2922 et
3124 2873 3208 2924 ille
3261 2888 3346 2939 qui

1799 2964 2055 3015 unitatem
2113 2973 2310 3015 sanctae
2343 2963 2611 3026 Ecclesia},
2644 2975 2798 3038 titiam
2830 2961 2985 3015 Jesus
3013 2962 3154 3015 venit
3204 2964 3349 3015 colli-

1801 3067 1948 3121 gere,
2002 3052 2204 3114 turbat,
2262 3052 2438 3104 .lesum
2496 3062 2743 3119 quantum
2804 3053 2855 3104 in
2910 3067 2969 3106 se
3019 3065 3100 3108 est
3143 3057 3349 3107 solvero

1798 3143 2001 3196 nititur.
2031 3143 2137 3196 Nec
2165 3146 2351 3196 mirum
2391 3143 2433 3195 si
2469 3143 2595 3196 taIes
2619 3158 2682 3197 ex
2714 3145 2817 3197 Deo
2843 3158 2944 3196 non
2968 3154 3110 3208 sunt,
3141 3148 3226 3209 qui
3257 3148 3342 3198 Dei

1796 3248 1951 3299 Opera
1986 3233 2066 3286 vel
2099 3236 2256 3286 verba
2283 3236 2362 3288 vol
2394 3245 2719 3288 sacramenta
2771 3236 3088 3289 rescindunt.
3131 3237 3183 3288 lu
3235 3247 3346 3289 tau-

1801 3334 1904 3374 tum
1938 3338 2160 3391 namque
2207 3340 2268 3375 ex
2321 3325 2426 3380 Deo
2456 3340 2556 3376 non
2609 3335 2748 3388 sunt,
2810 3337 2862 3377 ut
2907 3328 3113 3393 quidam
3168 3343 3351 3381 corum

1799 3416 1884 3478 qui
1929 3428 2087 3479 pravo
2137 3414 2377 3480 dogmate
2429 3429 2676 3480 separare
2721 3416 2960 3468 valebant
3019 3419 3082 3468 ab
3123 3419 3350 3472 hominis

1801 3502 2187 3565 disirensationo
2262 3501 2579 3556 divinitatem
2657 3503 2884 3568 Christi,
2951 3507 3086 3559 hunc
3148 3523 3354 3574 quoque

1801 3593 2113 3643 versiculum
2161 3608 2264 3658 quo
2297 3593 2486 3646 dicitur
2513 3609 2525 3644 :
2560 3591 2622 3644 Et
2654 3596 2814 3646 omnis
2879 3597 3084 3662 spiritus
3114 3599 3199 3664 qui
3253 3601 3353 3649 aol-

1800 3684 1865 3733 vit
1910 3679 2104 3745 Iesum,
2156 3698 2216 3734 ex.
2245 3680 2352 3733 Deo
2398 3697 2496 3733 non
2533 3693 2626 3747 est,
2659 3698 2721 3735 ex
2756 3684 2849 3736 hac
2892 3685 3120 3750 Epistula
3175 3701 3349 3738 orasc.

1804 3776 1928 3835 rint,
1958 3790 2022 3825 ne
2073 3773 2273 3826 scilicet
2297 3787 2388 3841 per
2413 3773 2774 3825 auctoritatem
2818 3772 2954 3825 beati
2982 3773 3198 3826 Joannis
3225 3789 3350 3828 coa—

1803 3864 2102 3916 vinceretur
2147 3877 2295 3916 error
2322 3876 2524 3915 eorum.
2561 3860 2792 3929 Denique
2835 3861 3110 3916 Nestorius
3148 3865 3355 3917 nescire

1803 3963 1861 4001 se
1893 3950 2115 4014 prodidit
2170 3950 2303 4002 hanc
2350 3951 2661 4002 authenticis
2707 3951 3093 4017 exemplaribus
3135 3952 3352 4005 inditam

1808 4039 1970 4091 fuisse
2032 4039 2369 4102 sententiam,
2423 4049 2579 4105 atque
2617 4040 2735 4092 ideo
2788 4040 2994 4094 solvere
3037 4056 3137 4094 non
3186 4044 3359 4094 timuit

1806 4129 2008 4194 Jesum,
2042 4145 2101 4183 ac
2123 4145 2178 4182 se
2209 4145 2298 4197 per
2320 4130 2416 4182 hoc
2444 4130 2551 4183 Deo
2568 4131 2789 4185 reddere
2810 4143 3141 4198 extraneum,
3179 4133 3359 4188 dicens

1810 4221 2012 4272 beatam
2054 4220 2269 4272 Mariam
2297 4220 2547 4287 virginem
2573 4233 2674 4272 non
2702 4219 2812 4283 Dei,
2845 4221 2936 4273 sed
2983 4223 3212 4272 ho:ninis
3247 4233 3358 4273 tan-

1811 4318 1917 4362 tum
1948 4310 2221 4363 exstitisse
2242 4311 2571 4377 genitricem,
2604 4319 2659 4362 ut
2700 4311 2854 4362 aliam
2888 4323 3159 4376 personam
3193 4312 3359 4361 homi-

1739 4428 1788 4485 D
1814 4401 1913 4462 nis,
1948 4401 2102 4451 aliam
2128 4401 2322 4451 Iaceret
2356 4399 2601 4459 Deitatis;
2626 4413 2797 4464 neque
2815 4414 2970 4449 unum
2997 4398 3260 4450 Christum
3307 4399 3356 4450 in

1820 4487 1985 4541 Verbo
2013 4487 2102 4540 Dei
2125 4498 2176 4538 et
2193 4500 2350 4539 carne
2369 4496 2525 4554 atque
2555 4486 2727 4537 anima
2749 4487 2994 4548 credens,
3017 4486 3109 4538 sed
3142 4501 3359 4554 separa-

1815 4575 1904 4627 tim
1935 4575 2154 4627 alterum
2181 4575 2368 4627 Filium
2405 4575 2518 4635 Dei,
2545 4577 2766 4625 alterum
2795 4573 3019 4627 hominis
3039 4574 3354 4638 praedicans.

1883 4664 1949 4717 Et
2009 4667 2089 4717 hic
2127 4676 2197 4717 est
2249 4665 2581 4716 Autichristus
2627 4665 2687 4715 de
2730 4680 2823 4726 qua
2875 4664 3088 4715 audistis
3127 4665 3359 4729 quoniam

1814 4756 1963 4814 reuit,
2008 4764 2110 4806 etc.
2167 4755 2318 4806 Venit
2375 4755 2682 4806 imminente
2734 4753 2816 4804 die
2860 4753 3059 4818 judicii,
3126 4762 3247 4804 nato
3308 4754 3356 4805 in

1819 4844 2014 4895 mundo
2059 4842 2270 4896 homine
2300 4843 2387 4894 illo
2417 4841 2622 4895 czeteris
2671 4841 2893 4906 amplius
2936 4839 3183 4906 nefando,
3249 4843 3357 4894 lilio

1815 4932 2124 4998 iniquitatis.
2163 4931 2226 4982 Et
2258 4946 2392 4984 nunc
2415 4930 2521 4996 jam
2567 4932 2615 4983 in
2665 4931 2858 4982 mundo
2885 4942 2983 4994 est,
3018 4931 3254 4984 habitans
3307 4934 3355 4983 in

1815 5022 2072 5076 mentibus
2103 5037 2304 5084 eorum,
2351 5038 2438 5089 qm
2503 5023 2712 5095 Christo
2756 5023 2836 5076 vel
2885 5024 3226 5087 professione,
3278 5027 3358 5075 Vel

1816 5129 1992 5182 opere.
2022 5113 2134 5166 sine
2165 5112 2393 5164 remedio
2418 5114 2702 5180 paenitendi
2739 5127 3042 5181 repugnant.

1896 5200 1989 5254 Vos
2031 5217 2090 5252 ex
2127 5200 2227 5252 Deo
2258 5201 2392 5264 estis,
2439 5202 2605 5266 ﬁlioli,
2655 5211 2697 5253 et
2747 5203 2928 5253 vicistis
2958 5217 3090 5254 eum.
3144 5203 3355 5257 Vicistis

1818 5295 2192 5347 Antichristqu
2235 5293 2536 5347 conﬁtendo
2581 5295 2756 5348 Jesum
2801 5294 3061 5347 Christum
3111 5297 3159 5348 iu
3201 5312 3358 5349 carne

1816 5385 2042 5446 venisse,
2076 5383 2126 5434 id
2178 5394 2274 5446 ost,
2309 5386 2622 5437 charitatcm
2678 5385 2937 5448 habendo,
2973 5402 3125 5453 quam
3181 5389 3360 5439 docuit

1816 5473 1967 5526 Jesus
1991 5471 2230 5524 Christus
2258 5473 2472 5524 veniens
2528 5473 2579 5523 iu
2629 5485 2809 5539 carne,
2864 5491 3016 5542 quam
3065 5485 3117 5528 et
3164 5477 3274 5537 ipse
3305 5477 3354 5525 in

1821 5561 2098 5628 Evangelio
2126 5562 2456 5614 commendat
2484 5561 2662 5615 dicens
2697 5580 2710 5615 :
2749 5566 2992 5633 Majorem
3015 5566 3105 5616 hac
3135 5565 3356 5615 dilectio-

1819 5673 1926 5710 nem
1953 5671 2095 5708 nemo
2127 5656 2289 5718 habet,
2339 5671 2489 5723 quam
2534 5664 2585 5707 ut
2615 5658 2830 5709 animum
2869 5672 3006 5708 suam
3055 5666 3205 5720 ponat
3249 5656 3360 5719 quis

2919 5765 2952 5819 ἰι
