3860 6230
522 396 645 454 σίῖιῚ

968 397 1164 454 ὶιιίυιε
1207 397 1643 455 \ENEltABlLlS
1680 401 1826 455 OPP.
1869 398 2041 456 PARS

2186 398 2375 460 SECT.
2418 406 2457 461 I.
2498 433 2564 446 -
2603 405 2982 464 EXEGETICA
3024 404 3345 465 CENUiNA.
3623 414 3701 468 {08

540 529 629 578 pro
674 512 844 566 amicis
875 512 973 563 suis
1004 509 1176 581 (Joan.
1210 513 1324 577 xv).
1377 511 1651 575 Quomodo
1706 513 1843 565 enim
1878 522 2075 581 poterat
2110 516 2152 569 Α
2250 515 2314 569 Et
2342 519 2503 570 omnis
2551 518 2635 582 qui
2680 517 2867 587 diligit,
2928 534 2990 571 ex
3034 518 3138 572 Deo
3168 531 3313 573 natus
3338 530 3431 584 est,
3464 529 3563 575 etc.
3592 524 3701 588 Quid

542 605 701 655 Filius
749 602 838 656 υίιὶ
888 604 1113 659 animum
1172 618 1318 657 suam
1366 618 1561 669 ponere
1615 618 1708 671 pro
1751 604 1922 669 nobis,
1979 607 2075 659 nisi

537 708 697 746 carne
757 694 1083 759 indueretur,
1138 695 1224 746 ubi
1258 696 1387 747 mori
1422 694 1638 761 posset?
1667 694 1911 762 Quisquis
1954 712 2078 762 ergo

543 785 697 835 violat
731 782 1059 849 charitatetn,
1092 781 1364 850 quodlihct
1392 784 1529 836 dicat
1556 784 1746 850 lingua,
1779 784 2077 847 vita‘ipsius

539 882 687 939 negat
714 873 979 925 Christum
1031 873 1082 924 in
1110 887 1271 925 carne
1301 872 1530 935 venisse,
1582 885 1635 926 et
1662 874 1771 939 ipse
1801 881 1883 926 est
1928 873 2077 925 Anti-

534 961 776 1013 christns.
812 960 875 1011 Et
902 962 1084 1013 vicistis
1112 977 1246 1023 eum,
1273 961 1453 1026 inquit.
1489 962 1589 1014 Sed
1623 963 1760 1013 unde
1808 962 2075 1015 vicerunt?

535 1049 790 1118 Numquid
820 1050 969 1104 liberi
1002 1050 1192 1103 virtute
1221 1050 1422 1103 arbitrii
1448 1051 1471 1102 ἲ
1518 1051 1627 1103 Non
1660 1051 1731 1102 uti
1755 1065 1855 1117 lue.
1886 1050 2075 1104 Tacent

536 1137 794 1208 Pelagius,
826 1141 963 1192 dicat
995 1141 1104 1208 ipse
1131 1140 1360 1194 Joannes
1387 1158 1399 1192 :

606 1231 849 1295 Quoniam
876 1234 1041 1299 major
1077 1232 1253 1299 estqui
1279 1232 1329 1283 in
1358 1230 1491 1283 vobis
1528 1239 1621 1292 est,
1646 1241 1749 1285 etc.
1784 1232 1943 1285 Docet
1972 1231 2073 1284 ita-

534 1335 637 1387 que
678 1334 770 1373 eos
799 1335 1008 1373 servare
1032 1321 1400 1386 humilitatem,
1433 1336 1496 1373 ne
1522 1321 1791 1373 victoriam
1816 1321 1923 1373 suis
1950 1321 2074 1372 viri-

537 1412 629 1459 lms
655 1409 899 1472 tribuant,
931 1418 985 1461 et
1010 1411 1303 1476 arrogantia
1354 1409 1614 1476 superbi-.e
1646 1409 1939 1462 vincantur.
1972 1409 2074 1463 Do-

535 1506 618 1549 cet
644 1496 779 1551 inter
806 1497 1025 1550 adversa
1071 1496 1316 1551 ﬁduciam
1359 1512 1612 1565 Spemque
1644 1513 1849 1565 semper
1880 1498 2073 1552 habere

537 1588 796 1650 vincendi,
818 1590 1067 1641 memoria
1092 1588 1397 1654 retinentes,
1416 1587 1534 1656 qu‘ia
1551 1588 1716 1655 maior
1728 1596 1806 1640 est
1824 1587 2073 1642 Dominus

532 1678 597 1731 ad
622 1679 1018 1746 protegendum,
1042 1694 1197 1747 quam
1220 1678 1456 1732 diabolus
1478 1679 1543 1731 ad
1574 1679 1999 1746 impugnandum.

588 1765 713 1838 ~Ipsi
738 1768 799 1819 de
820 1768 1011 1820 mundo
1032 1779 1167 1832 sunt,
1197 1779 1303 1821 etc.
1334 1767 1660 1829 Antichristi,
1691 1769 1739 1820 id
1770 1778 1868 1829 est,
1900 1767 2067 1821 haere-

2177 605 2401 672 amplins
2456 608 2559 659 dici
2615 608 2814 671 potuit?
2844 607 2978 660 Deus
3006 610 3223 661 cbaritas
3251 620 3344 663 est.
3378 610 3570 663 Facere
3599 628 3702 681 ergo

2177 706 2359 749 centra
2410 698 2745 763 charitatem,
2797 698 2970 754 facere
3018 710 3200 753 contra
3229 698 3395 753 Deum
3433 710 3532 754 est.
3563 702 3702 756 Neam

2178 785 2313 839 dicat
2338 804 2349 837 :
2378 786 2434 839 In
2468 786 2731 841 hominem
2765 801 2927 854 pecco
2952 788 3165 855 quando
3193 803 3296 841 non
3326 788 3489 855 diligo
3515 789 3698 843 fratrem

2178 889 2374 939 meum,
2435 884 2488 928 et
2534 876 2684 930 facile
2733 884 2813 929 est
2862 886 3126 942 peccatum
3181 877 3233 930 in
3266 878 3551 935 hominem.
3583 882 3621 930 si
3659 881 3698 931 in

2177 966 2341 1019 Deum
2388 966 2557 1019 solum
2610 981 2713 1019 non
2739 980 2973 1033 peccem.
3005 967 3278 1031 Quomodo
3308 979 3414 1019 non
3442 981 3619 1034 prccas
3656 970 3698 1019 in

2176 1057 2571 1124 Deum,quando
2598 1057 2647 1109 in
2676 1057 2982 1110 charitatem
3012 1064 3221 1126 peccas?
3238 1056 3370 1110 Deus
3391 1058 3604 1110 εισι-ἔως
3618 1069 3696 1111 est.

2246 1143 2308 1195 In
2360 1145 2454 1211 hoc
2503 1145 2741 1214 apparuit
2794 1143 3015 1197 charitas
3054 1144 3147 1197 Dei
3172 1148 3223 1195 in
3246 1148 3414 1211 nobis,
3456 1156 3558 1199 etc.
3582 1147 3697 1213 Quo-

2175 1233 2331 1285 modo
2385 1234 2495 1300 ipse
2545 1233 2793 1286 Dominus
2839 1232 2940 1285 ait:
2988 1232 3235 1302 Majorem
3279 1235 3373 1286 hac
3410 1235 3697 1289 dilectionem

2175 1337 2322 1374 nemo
2350 1320 2516 1383 habet,
2548 1338 2699 1388 quam
2726 1330 2779 1373 ut
2818 1322 3032 1374 animant
3082 1337 3227 1372 suam
3272 1331 3427 1390 ponat
3479 1324 3585 1390 quis
3624 1342 3697 1389 pro

2173 1412 2346 1463 amicis
2400 1396 2503 1463 suis
2553 1409 2731 1482 (Joan.
2780 1411 2906 1476 xv);
2960 1420 3014 1464 et
3068 1410 3135 1463 ita
3166 1410 3379 1477 probata
3404 1420 3486 1463 est
3513 1412 3698 1464 dilectio

2171 1503 2369 1556 Christi
2412 1503 2465 1555 in
2491 1516 2605 1566 nos,
2634 1502 2752 1570 quia
2783 1512 3021 1554 mortuus
3063 1511 3143 1555 est
3176 1516 3270 1568 pro
3302 1501 3473 1553 nobis.
3506 1500 3699 1554 Dileclio

2172 1596 2343 1649 Patris
2373 1595 2495 1649 inde
2542 1598 2757 1661 probata
2784 1604 2867 1648 est
2896 1595 2945 1647 in
2975 1594 3146 1655 nobis,
3193 1593 3314 1661 quia
3357 1592 3544 1646 Filium
3567 1609 3696 1646 suum

2174 1686 2384 1738 unicum
2413 1684 2557 1737 misit
2585 1682 2717 1737 mori
2755 1697 2846 1749 pro
2890 1682 3060 1736 nobis.
3091 1682 3179 1735 Sic
3219 1690 3273 1736 et
3300 1680 3488 1735 Paulus
3515 1694 3697 1749 aposto-

2172 1776 2251 1828 lus
2290 1775 2389 1828 ait:
2426 1774 2525 1839 Qui
2574 1774 2778 1841 proprio
2816 1769 2957 1824 Fitio
2980 1787 3069 1824 suo
3107 1786 3207 1823 non
3246 1772 3487 1838 pepercit,
3508 1773 3590 1823 sed
3620 1789 3697 1841 pro

533 1858 644 1924 tici,
673 1859 770 1911 etsi
802 1874 991 1912 nomen
1020 1859 1217 1912 Christi
1248 1859 1515 1921 invocant,
1540 1859 1582 1911 si
1614 1859 1760 1927 signo
1787 1859 1981 1912 Christi
2011 1872 2069 1911 se
2104 1843 2146 1902 Β
2175 1865 2315 1917 nobis
2339 1864 2567 1915 omnibus
2590 1863 2800 1915 tradidit
2836 1860 3005 1927 illum,
3032 1860 3284 1929 quomodo
3306 1876 3407 1913 non
3439 1861 3580 1912 etiam
3602 1877 3696 1913 cas:

534 1958 735 2012 notant,
768 1948 866 2015 ipsi
895 1960 1069 2001 tamen
1092 1948 1155 2001 de
1180 1948 1377 2001 mundo
1404 1957 1545 2013 sunt,
1572 1950 1619 2000 id
1644 1958 1742 2011 est,
1770 1950 1834 2001 de
1862 1950 2070 2002 illorum

536 2050 753 2090 numero
781 2041 867 2104 qui
900 2038 1161 2090 mundana
1208 2039 1448 2104 sapiunt,
1498 2039 1584 2104 qui
1634 2040 1834 2092 inﬁrma
1860 2037 1951 2109 [Ρ.
1996 2042 2073 2091 in-

538 2127 675 2189 tima]
704 2137 959 2193 quaerunt,
989 2128 1076 2194 qui
1120 2128 1353 2182 cmlestia
1402 2129 1664 2197 ignorant.
1698 2130 1765 2183 Et
1819 2131 1936 2183 ideo
1975 2131 2068 2198 ipsi

505 2215 598 2267 -de
645 2217 841 2269 mundo
872 2218 1174 2287 loquuntur,
1204 2219 1481 2272 mundanae
1518 2220 1759 2275 videlicet
1801 2220 2071 2288 sapientia:

534 2304 735 2359 ratione
771 2307 1080 2361 Christianae
1132 2309 1250 2362 ﬁdei
1297 2310 1653 2373 adversantes,
1699 2310 1918 2363 dicendo
1964 2324 2069 2363 non

534 2408 685 2458 posse
737 2394 847 2449 fieri
895 2405 950 2448 ut
995 2396 1157 2451 Filius
1206 2397 1296 2451 Dei
1350 2399 1418 2453 sit
1458 2398 1596 2451 Patri
1656 2409 1970 2462 comteruus,
2017 2408 2069 2452 ut

535 2483 680 2551 virgo
705 2483 893 2537 intacta
926 2486 1111 2552 pariat,
1166 2496 1221 2538 ut
1260 2501 1381 2539 caro
1415 2487 1481 2540 de
1536 2486 1755 2553 pulvere
1809 2496 2065 2555 resurgat,

528 2575 861 2641 immortalis,
900 2586 955 2629 ut
1002 2577 1160 2629 homo
1212 2577 1278 2631 de
1331 2587 1466 2632 terra
1521 2578 1690 2631 editus
1744 2578 2067 2631 mansionem

532 2669 776 2734 percipiat
805 2668 853 2721 in
884 2672 1049 2730 caelis,
1093 2680 1152 2723 ut
1195 2685 1380 2724 recens
1427 2682 1576 2724 natus
1623 2671 1870 2739 parvulus
1907 2681 2057 2727 reatu

534 2757 933 2823 printi‘haminis
974 2770 1212 2814 teneatur
1241 2762 1502 2825 astrictus,
1534 2761 1633 2814 nisi
1662 2776 1795 2829 aqua
1826 2756 2066 2827 baptismi

532 2857 740 2898 renatus
768 2846 817 2898 in
846 2845 1051 2901 Christo
1074 2850 1322 2902 salvetur.

599 2933 662 2985 Et
690 2935 900 2987 mundus
949 2951 1027 2987 eos
1052 2937 1215 3024 audit.
1261 2936 1387 3002 Quia
1418 2936 1758 3002 spiritualium
1794 2935 1951 2990 corda
2002 2935 2066 2989 ad

529 3022 819 3076 mundanas
892 3022 1231 3091 carnalcsque
1300 3040 1493 3079 sensus
1563 3041 1807 3080 revocare
1862 3043 1889 3079 a
1946 3027 2063 3083 ﬁdei

527 3113 861 3180 simplicitate
914 3130 1016 3167 nou
1045 3116 1235 3169 valent.
1271 3116 1375 3168 Sed
1405 3128 1456 3169 et
1496 3116 1740 3169 catholici
1767 3118 2063 3184 quicunque

524 3200 795 3255 audientes
833 3202 973 3254 illam
1007 3204 1209 3255 Domini
1243 3206 1557 3256 sententiam
1592 3222 1603 3254 :
1638 3205 1847 3273 Diligite
1899 3206 2061 3256 inimi-

523 3305 606 3341 cos
631 3300 831 3352 vestros,
863 3291 1132 3356 benefacitc
1162 3293 1235 3343 Itis
1263 3294 1345 3359 qui
1374 3293 1581 3344 oderunt
1613 3309 1715 3352 vos,
1738 3304 1782 3343 ct
1814 3303 1952 3346 orate
1972 3309 2062 3361 pro

524 3382 920 3447 persequentibus
958 3391 1005 3434 et
1042 3383 1458 3436 calunntiantibus
1497 3399 1579 3435 vos
1618 3382 1837 3453 (Matth.
1878 3383 1963 3452 v);
2011 3394 2064 3438 et

525 3471 711 3524 iterum
742 3489 752 3523 :
786 3472 844 3525 Si
881 3472 1164 3525 dimiseritis
1202 3471 1480 3524 hominibus
1520 3482 1719 3539 peccata
1755 3487 1946 3535 eorum,
1980 3473 2061 3524 di-

528 3558 682 3610 mittet
718 3567 762 3610 et
791 3561 923 3613 vobis
962 3558 1115 3613 Pater
1150 3570 1305 3611 vester
1335 3561 1541 3611 caelestis
1572 3561 1751 3610 delicta
1789 3572 1981 3625 ucstra;
2019 3562 2063 3613 si

524 3651 689 3698 autem
717 3664 811 3699 non
836 3649 1117 3701 dimiseritis
1146 3649 1447 3708 hominibus,
1489 3665 1572 3699 nec
1604 3646 1754 3699 Pater
1790 3660 1945 3701 vester
1972 3649 2061 3700 di-

524 3737 679 3788 mittet
706 3736 837 3788 vobis
864 3747 1065 3805 peccata
1092 3749 1250 3789 uestra
1280 3737 1489 3806 (Matth.
1518 3738 1609 3806 vt),
1640 3738 1819 3791 dicunt
1846 3753 1902 3792 se
1942 3739 2059 3791 nul-

527 3826 725 3881 latenus
771 3840 890 3878 suas
936 3826 1149 3893 injurias
1194 3841 1350 3895 posse
1395 3826 1657 3880 dimittere
1706 3828 1893 3882 inultas
1944 3845 1957 3879 :
2007 3829 2061 3880 hi

527 3911 766 3966 nimirum
812 3912 877 3965 de
918 3912 1110 3964 mundo
1152 3926 1288 3977 esse,
1330 3920 1383 3965 et
1427 3914 1542 3966 ideo
1582 3916 1647 3966 de
1688 3914 1881 3967 mundo
1924 3913 2059 3981 loqui

525 4006 921 4058 convincuntur.
949 4003 1011 4055 Et
1038 4002 1155 4071 quia
1184 4002 1450 4057 charitatis
1479 4004 1678 4058 viscera
1711 4020 1809 4057 non
1844 4004 2056 4071 habent,

526 4094 715 4147 frustra
755 4093 870 4147 lldei
909 4092 1212 4147 intemerata
1253 4096 1497 4162 mysteria
1536 4104 1765 4147 servant.
1818 4094 1918 4147 Sed
1966 4108 2061 4147 nec

528 4180 825 4234 Antichristi
857 4182 1063 4235 nomine
1103 4191 1316 4249 possunt
1344 4198 1542 4246 carere,
1574 4184 1659 4249 qui
1690 4181 1883 4233 Christi
1913 4195 2060 4233 man-

523 4271 658 4323 datis
688 4270 968 4338 probantur
997 4272 1278 4325 adversari.

594 4359 701 4414 Nos
730 4376 790 4411 ea:
822 4358 923 4412 Deo
950 4376 1138 4412 sumus.
1176 4360 1272 4423 Qui
1302 4362 1431 4411 novit
1465 4359 1652 4422 Deum,
1680 4368 1783 4411 etc.
1822 4355 2059 4411 Carnalis

517 4452 655 4507 enim
696 4452 851 4504 homo
890 4464 990 4502 non
1026 4451 1241 4517 percipit
1278 4466 1336 4503 ea
1366 4466 1479 4517 qua:
1517 4457 1638 4501 sunt
1674 4445 1899 4514 Spiritus
1936 4445 2051 4511 Dei,
2078 4476 2131 4536 υ

523 4541 736 4595 stultitia
762 4541 899 4594 enim
927 4548 1009 4591 est
1038 4539 1127 4592 illi.
1158 4540 1253 4601 Qui
1291 4554 1417 4604 ergo
1447 4552 1551 4591 non
1580 4538 1687 4590 vult
1712 4533 1895 4588 audire
1920 4548 2055 4601 prte-

524 4632 780 4684 dicatores
810 4630 1096 4693 charitatis,
1132 4618 1359 4695 profecto
1400 4628 1497 4680 iste
1538 4628 1698 4678 Deum
1738 4640 1840 4677 non
1881 4635 2054 4687 nosse,

521 4733 685 4782 neque
732 4735 792 4772 ex
842 4718 949 4773 Deo
991 4733 1107 4773 esse
1154 4716 1482 4783 cognoscitur
1515 4754 1527 4777 ,
1575 4713 1691 4780 quia
1752 4712 2096 4765 charitatem.

516 4824 669 4875 quam
698 4823 820 4877 erga
850 4810 1085 4861 homines
1136 4807 1268 4859 Deus
1299 4806 1529 4858 exercuit
1566 4802 1757 4856 imitari
1810 4801 2055 4869 neglexit.

589 4897 653 4950 In
687 4899 781 4953 hoc
818 4898 1149 4969 cognoscimus
1184 4898 1429 4965 Spiritum
1468 4896 1703 4958 veritatis,
1743 4905 1791 4946 et
1824 4892 2055 4960 spiritum

525 4988 722 5041 erroris.
762 4987 815 5039 in
858 4987 954 5039 hoc
992 4986 1256 5047 nimirum,
1297 4986 1417 5053 quia
1446 4985 1528 5051 qui
1558 4984 1700 5038 audit
1737 4999 1852 5044 nos,
1891 4983 2055 5050 Spiri-

526 5086 629 5127 tum
672 5078 906 5131 veritatis
954 5074 1140 5137 habet;
1188 5078 1273 5141 qui
1326 5092 1417 5128 nos
1467 5089 1564 5127 non
1613 5072 1773 5133 audit,
1819 5072 2055 5139 spiritum

528 5166 677 5217 habet
720 5164 933 5218 erroris.
982 5163 1043 5215 Et
1090 5164 1203 5214 haec
1242 5174 1320 5215 est
1361 5164 1600 5215 discretio
1645 5162 1941 5227 spirituum,
1989 5161 2056 5213 de

527 5272 625 5321 qua
652 5268 805 5320 supra
834 5256 1051 5319 monuit,
1081 5254 1260 5306 dicens
1287 5269 1299 5302 :
1327 5251 1539 5302 Probata
1565 5253 1767 5317 :piritus
1793 5253 1835 5303 si
1864 5267 1922 5303 ex
1951 5250 2055 5302 Deo

522 5348 639 5396 sint.
670 5342 775 5397 Sed
805 5342 1069 5396 videamth
1098 5342 1217 5408 quid
1250 5340 1536 5394 moniturus
1567 5350 1666 5404 est,
1698 5342 1747 5392 in
1777 5355 1880 5407 quo
1910 5340 2053 5393 illunt

524 5436 699 5489 audire
727 5433 1008 5487 debeamus
1042 5451 1051 5482 :

592 5522 902 5583 (Ibarissimi,
950 5520 1215 5588 diligamus
1244 5521 1465 5585 invicem,
1499 5529 1602 5575 etc.
1654 5519 1866 5573 Multum
1908 5533 2053 5573 cam-

526 5614 783 5666 mendavit
820 5613 1149 5672 charitatem,
1178 5624 1330 5676 quam
1362 5612 1493 5665 dixit
1538 5624 1601 5666 ex
1634 5607 1742 5666 Deo
1771 5622 1917 5672 esse;
1944 5612 2055 5677 plus

524 5703 751 5756 dicturus
781 5694 879 5762 est,
910 5703 1107 5756 intente
1133 5700 1431 5753 audiamus:

2175 1956 2264 2008 illo
2290 1955 2428 2006 mbis
2457 1955 2623 2006 omnia
2648 1954 2847 2005 donavit
2877 1951 3052 2023 (Rom.
3082 1952 3235 2018 vut)?

2245 2041 2309 2094 In
2336 2043 2429 2094 hoc
2457 2050 2529 2095 est
2551 2042 2791 2106 clmritas,
2817 2053 2919 2095 etc.
2946 2040 3058 2094 Non
3085 2042 3227 2094 illum
3250 2041 3527 2096 dileximus
3554 2047 3693 2106 prius.

2130 2132 2297 2185 ~Nam
2355 2133 2420 2185 ad
2473 2132 2570 2185 hac
2618 2132 2805 2185 dilexit
2836 2144 2950 2194 nos,
2999 2130 3351 2199 utdiligamus
3373 2147 3513 2185 eum.
3543 2131 3694 2185 Gratia

2172 2220 2362 2287 quippe
2390 2217 2652 2271 hominem
2683 2218 2959 2286 praevenit,
2977 2226 3033 2270 ut
3060 2217 3237 2285 diligat
3262 2218 3562 2286 Deum,qua
3580 2220 3689 2272 dile-

2172 2310 2347 2360 Ctione
2385 2315 2632 2375 operetur
2671 2307 2825 2359 bona.
2859 2305 3005 2360 Unde
3031 2307 3331 2373 psalmista:
3362 2304 3497 2359 Deus
3540 2322 3689 2369 nisus,

2173 2396 2356 2465 inquit,
2388 2396 2723 2449 misericordia
2751 2399 2861 2465 ejus
2887 2397 3151 2464 praeveniet
3177 2411 3255 2447 me
3274 2394 3445 2465 (Psal.
3478 2399 3633 2465 unt).

2244 2488 2306 2541 Et
2343 2488 2472 2539 misit
2513 2485 2561 2555 Ε
2564 2488 2705 2537 ilium
2734 2501 2883 2538 suum
2924 2486 3349 2554 propitiationem,
3381 2496 3484 2540 etc.
3525 2486 3585 2539 Et
3611 2488 3692 2537 hoc

2170 2589 2249 2631 est
2282 2580 2562 2630 maximum
2594 2576 2644 2628 in
2670 2590 2765 2627 nos
2794 2575 2981 2627 divinte
3009 2574 3273 2628 cbaritatis~
3296 2574 3561 2639 indicium,
3588 2578 3689 2642 quia

2169 2681 2286 2719 cum
2338 2667 2555 2718 necdum
2600 2666 2693 2733 ipsi
2724 2678 2817 2733 pro
2849 2665 3075 2733 peccatis
3128 2664 3322 2717 nostris
3370 2678 3490 2717 eum
3534 2673 3689 2731 petere

2170 2768 2461 2817 nossemus,
2495 2753 2635 2805 misit
2674 2754 2765 2805 ille
2805 2752 2994 2805 Filium
3034 2766 3184 2803 suum
3217 2751 3279 2804 ad
3300 2766 3428 2824 nos,
3454 2753 3533 2820 qui
3560 2752 3690 2804 nobis

2092 2854 2099 2863 ‘
2170 2843 2222 2896 in
2253 2860 2310 2896 se
2338 2843 2672 2898 credentibus
2694 2843 2833 2895 ultro
2862 2842 3065 2895 veniam
3106 2844 3275 2908 daret,
3304 2858 3503 2911 nosque
3527 2844 3583 2895 ad
3611 2858 3689 2909 pa-

2169 2943 2333 2986 ternae
2403 2934 2582 3000 gloria:
2638 2935 2941 2985 societatem
2998 2941 3221 2984 vocaret.
3281 2932 3333 2984 In
3400 2932 3683 2998 quibusdam

2166 3020 2445 3075 Codicibus
2468 3021 2553 3073 hic
2585 3020 2873 3073 versiculus
2904 3019 2972 3072 ita
3004 3020 3231 3087 legitur:
3264 3017 3329 3072 Et
3362 3022 3493 3073 misit
3520 3016 3686 3071 Filium

2166 3125 2309 3162 suum
2361 3108 2612 3160 litatorem
2656 3125 2747 3174 pro
2800 3121 3012 3173 peccans
3057 3110 3255 3160 nostris.
3294 3107 3493 3162 Litator
3533 3119 3685 3161 autem

2165 3199 2488 3251 sacrificator
2509 3206 2609 3251 est.
2640 3196 2961 3251 Sacriﬁcavit
2998 3202 3134 3249 enim
3182 3198 3341 3250 Filius
3364 3198 3450 3252 Dei
3479 3213 3564 3266 pro
3580 3213 3685 3265 pec-

2165 3288 2298 3341 catis
2352 3287 2547 3341 nostris
2595 3302 2698 3340 non
2752 3287 2953 3339 hostias
3006 3287 3297 3353 pecudum,
3340 3289 3431 3339 sed
3477 3286 3685 3352 seipsum

2163 3378 2456 3430 oﬁ’erendo.
2505 3376 2654 3430 Unde
2694 3375 2827 3427 bene
2868 3375 3051 3427 Paulus
3080 3378 3364 3427 admonens
3395 3376 3495 3427 ait:
3534 3372 3687 3426 Estote

2160 3482 2278 3533 ergo
2310 3465 2582 3517 imitatores
2605 3463 2696 3515 Dei
2716 3463 2844 3515 sicut
2869 3462 2963 3529 filii
2985 3463 3282 3525 clmrissimi,
3312 3473 3358 3515 et
3379 3463 3610 3514 ambulate
3638 3462 3682 3512 in

2160 3556 2454 3615 dilectione,
2495 3555 2623 3605 sicut
2660 3563 2706 3605 ct
2752 3552 2978 3605 Christus
3024 3552 3195 3625 dilexit
3237 3567 3356 3615 nos,
3401 3562 3458 3604 Act
3499 3551 3681 3607 tradidit

2136 3651 2140 3655 '
2159 3644 2474 3710 semetipsum
2498 3656 2586 3710 pro
2609 3641 2747 3692 nobis
2778 3638 3075 3691 oblationem
3097 3649 3142 3689 et
3160 3640 3369 3691 hostium
3390 3637 3492 3690 Deo
3516 3640 3562 3691 in
3580 3638 3682 3689 odo-

2160 3750 2261 3786 rem
2288 3734 2543 3786 suavitatis
2572 3730 2783 3800 (Ep/tes.
2813 3731 2889 3797 ν).
2913 3729 3004 3783 Cui
3027 3724 3573 3782 setttcntiteconvenit
3596 3728 3680 3781 hoc

2160 3826 2297 3895 quod
2356 3826 2439 3878 hic
2484 3837 2689 3893 quoque
2741 3821 2969 3875 Joannes
3024 3820 3347 3876 exhortando
3388 3821 3677 3887 subiunxit,

2160 3916 2335 3967 dicens
2351 3932 2365 3965 :

2230 4002 2551 4065 Charissimi,
2575 4001 2637 4052 'si
2668 3990 2802 4052 Deus
2831 4000 3005 4052 dilexit
3044 4014 3133 4052 nos
3156 4040 3172 4066 ,
3202 4004 3305 4052 etc.
3349 3996 3497 4062 Quod
3525 4004 3675 4048 autem

2160 4094 2391 4161 sequitur
2412 4109 2422 4141 :

2229 4182 2392 4234 Deum
2430 4197 2572 4233 nemo
2599 4180 2725 4232 oidit
2752 4196 2989 4249 unquam.
3022 4179 3203 4245 Maiori
3239 4177 3585 4245 disputatione
3610 4175 3677 4227 in-

2159 4272 2326 4339 diget,
2382 4284 2498 4323 cum
2557 4270 2807 4322 Dominus
2858 4282 2909 4321 et
2961 4268 3255 4322 hominibus
3306 4267 3495 4319 mundo
3539 4263 3678 4316 corde

2160 4363 2319 4416 Deum
2348 4360 2637 4413 videndum
2665 4359 2953 4427 promittat,
2985 4365 3038 4411 et
3062 4359 3126 4411 de
3150 4358 3349 4411 sanctis
3376 4356 3513 4409 dicat
3554 4352 3676 4422 quod

2160 4451 2330 4521 angeli
2361 4466 2539 4506 eorum
2565 4464 2773 4517 semper
2798 4449 2851 4502 in
2878 4443 3029 4503 caelis
3057 4449 3266 4502 videant
3298 4448 3482 4501 faciem
3509 4444 3675 4498 Patris.

2161 4545 2303 4595 Hanc
2343 4553 2514 4595 autem
2557 4539 2869 4595 sententiam
2916 4550 2968 4594 et
3016 4540 3068 4593 in
3099 4539 3380 4608 Evangelia
3418 4552 3511 4590 suo
3551 4536 3677 4603 ponit

2158 4632 2295 4685 idem
2322 4630 2567 4693 Joannes,
2594 4629 2681 4683 ubi
2701 4633 2859 4683 etiam
2888 4631 3151 4698 quomodo
3184 4632 3319 4682 Deus
3350 4628 3512 4680 videri
3536 4628 3675 4693 possit

2156 4730 2533 4789 consequenter
2558 4720 2819 4789 adiungit,
2852 4720 3060 4773 dicens:
3090 4718 3385 4787 Unigenitus
3413 4717 3456 4769 Γ
3457 4719 3584 4779 ilius,
3602 4720 3673 4783 qui

2156 4820 2225 4864 cst
2271 4811 2323 4861 in
2378 4810 2491 4862 sinu
2530 4805 2720 4871 Patris,
2771 4808 2880 4875 ipse
2923 4814 3171 4861 enarravit
3221 4805 3399 4871 (locis.
3432 4809 3492 4873 ι).
3543 4806 3671 4871 Quod

2155 4900 2337 4952 beatus
2361 4906 2507 4964 pater
2540 4894 2845 4949 Ambrosius
2876 4900 2942 4949 ita
2959 4896 3196 4961 exposuit
3215 4914 3226 4947 :
3248 4912 3272 4946 s
3304 4896 3367 4947 Et
3393 4896 3507 4947 ideo
3530 4893 3671 4945 Deum

2158 5000 2313 5041 nemo
2360 4983 2489 5037 vidit
2529 4998 2780 5051 unquam,
2829 4984 2948 5050 quia
2991 4997 3105 5035 eam
3134 4997 3251 5049 qua:
3282 4983 3334 5033 in
3364 4981 3471 5033 Deo
3500 4980 3671 5032 habitat

2156 5071 2533 5141 plenitudinem
2561 5070 2848 5123 divinitatis
2867 5085 3020 5124 nemo
3037 5070 3332 5137 conspexit,
3354 5084 3505 5121 nemo
3520 5076 3672 5120 mente

2156 5169 2243 5212 aut
2293 5159 2456 5212 oculis
2487 5159 2907 5224 comprehendit.
2967 5156 3107 5210 Vidit
3154 5159 3293 5211 enim
3328 5159 3393 5211 ad
3421 5167 3673 5220 utrumque

2157 5248 2486 5303 referendum
2515 5255 2613 5299 est.
2666 5247 2899 5314 Denique
2943 5262 3061 5301 cum
3107 5248 3362 5302 additur:
3400 5246 3671 5316 Unigenitas

2157 5335 2343 5399 Filius,
2369 5338 2451 5401 qui
2479 5345 2551 5389 est
2580 5336 2631 5388 in
2660 5335 2772 5388 sinu
2798 5336 2984 5400 Patris,
3016 5340 3120 5407 ipse
3142 5336 3416 5397 enarravit,
3446 5336 3670 5387 mentium

2157 5426 2321 5494 magis
2351 5443 2505 5495 quam
2530 5427 2799 5479 oculorum
2822 5427 2951 5481 visio
2975 5427 3293 5481 declaratur.
3326 5425 3534 5491 Species
3547 5426 3670 5480 enim

2156 5519 2381 5580 videtur,
2412 5517 2577 5571 virtus
2600 5532 2725 5571 vero
2755 5525 3016 5571 narratur.
3049 5516 3140 5569 Illa
3172 5514 3360 5578 oculis,
3384 5514 3495 5569 bare
3518 5526 3671 5569 mente

2154 5608 2639 5677 comprehenditur.
2692 5626 2719 5660 ιν
2760 5609 2888 5663 Item
2915 5609 3095 5661 beatus
3121 5609 3443 5674 Augustlnus
3469 5608 3518 5662 in
3558 5608 3670 5662 libro

2154 5702 2219 5753 de
2266 5697 2489 5754 videndo
2540 5698 2681 5759 Deo,
2725 5697 2790 5751 de
2838 5695 3017 5751 eadem
3048 5696 3321 5762 disputans
3368 5697 3668 5763 quastione:
