3860 6230
83 492 170 547 Ινιθ

1181 492 1245 547 ΙΝ
1282 493 1299 548 1
1341 493 1712 550 EPIS’I'OLAM
1753 496 1809 549 Β.
1851 496 2148 554 JOANNIS.

3157 509 3257 563 HO

84 628 100 654 ι
136 600 360 655 Proinde
389 599 604 669 (inquit)
634 607 877 654 narrante
904 598 1203 668 Unigeuito,
1225 603 1311 672 qui
1336 603 1480 657 estin
1500 603 1611 656 sinu
1639 605 1688 660 Α
1784 603 1851 656 Et
1879 606 2097 660 cltaritas
2126 610 2237 678 ejus
2266 609 2314 660 in
2344 610 2489 663 nobis
2528 610 2746 679 perfecta
2772 623 2863 667 est.
2910 615 3245 679 Quaerendum

84 694 240 745 Patris
294 692 596 745 narratione
644 689 929 755 ineffabili,
981 688 1217 747 creatura
1258 693 1595 750 rationabilis.

80 782 256 834 munda
299 789 357 834 et
401 788 601 843 sancta,
659 780 906 849 impletur
956 778 1046 834 Dei
1090 780 1289 837 visione
1340 781 1605 835 ineffabili.

78 872 229 936 Quam
264 878 378 922 tum
407 880 813 939 consequemur,
846 884 961 924 cum
995 871 1217 937 :cqnales
1246 870 1445 939 angelis
1492 871 1614 928 facti

78 960 471 1028 luerimus,quia
490 962 617 1029 {acie
640 961 707 1014 ad
734 962 914 1029 faciem
946 962 1235 1016 videbimus
1258 960 1308 1032 (1
1337 962 1609 1030 Cor.xnt),

77 1054 214 1103 Sicut
244 1051 493 1103 videntur
525 1050 624 1103 ista
669 1050 893 1103 visibilia
919 1051 1154 1117 corporis
1201 1050 1441 1104 sensibus
1471 1062 1610 1114 nota,

80 1140 229 1192 Deum
279 1154 427 1192 nemo
471 1139 592 1191 uidit
637 1154 858 1206 unquam
902 1153 921 1190 :
952 1139 1194 1206 quoniam
1242 1139 1285 1192 si
1338 1139 1635 1206 aliquando-

78 1245 272 1297 quoqno
301 1230 460 1283 modo
486 1230 628 1283 visus
655 1238 754 1295 est,
773 1245 873 1283 non
894 1230 1028 1283 sicut
1058 1233 1157 1283 ista
1178 1240 1358 1283 natura
1386 1229 1605 1298 videtur,

78 1322 158 1373 sed
187 1320 462 1373 voluntate
491 1322 637 1373 visus
664 1330 746 1374 est
784 1322 963 1389 specie
992 1335 1090 1388 qua
1133 1320 1298 1374 valuit
1335 1336 1613 1390 apparens.

80 1413 259 1464 latente
289 1417 499 1471 natura,
528 1421 686 1475 atque
711 1409 762 1462 in
795 1422 851 1461 se
888 1408 1386 1462 incommuta‘biliter
1413 1422 1621 1475 perma-

83 1510 243 1551 nente.
264 1498 342 1551 Eo
355 1501 527 1551 autem
543 1499 699 1571 modo
713 1513 814 1567 quo
829 1498 1029 1553 videtur
1040 1500 1184 1551 sicuti
1197 1510 1265 1551 est
1281 1499 1327 1568 (l
1346 1498 1463 1552 Cor.
1477 1498 1618 1567 aut);

82 1604 206 1641 nunc
234 1587 458 1641 fortasse
481 1588 686 1641 videtur
726 1602 754 1640 a
799 1589 1111 1655 quibusdam
1140 1590 1337 1657 angelis
1365 1590 1473 1643 suis
1496 1605 1619 1645 san-

80 1682 185 1733 ritis.
214 1681 253 1731 Α
283 1678 438 1732 nobis
462 1687 636 1732 autem
671 1687 794 1733 tunc
824 1679 895 1732 ita
929 1679 1213 1743 videbitur,
1244 1696 1362 1735 cum
1387 1682 1465 1735 eis
1496 1682 1616 1740 facti

82 1769 321 1822 fuerimus
388 1770 639 1836 aequales.
695 1789 714 1821 ι
762 1771 823 1824 Et
871 1779 989 1839 post
1031 1770 1292 1840 aliquanta
1348 1789 1614 1841 exponens

82 1861 386 1913 sententiam
443 1862 609 1915 sancti
653 1863 946 1927 Ambrosii,
1005 1862 1193 1928 Deum,
1235 1866 1428 1932 inquit,
1471 1882 1616 1918 nemo

1717 703 1890 748 autem
1915 698 2175 764 quomodo
2202 699 2341 754 dicat
2372 700 2743 773 perfectionem
2766 704 2955 759 divinae
2984 707 3253 765 cbaritatis

1717 783 1769 836 in
1813 794 1986 839 mutua
2032 788 2309 843 dilectione
2356 788 2641 848 consistere
2668 832 2685 859 ,
2738 809 2857 851 cum
2916 796 3167 855 Dominus
3206 804 3257 855 in

1719 874 1997 943 Evangelio
2016 881 2315 945 pronuntiet
2342 894 2445 935 non
2476 896 2592 936 esse
2625 896 2867 952 magnum
2912 903 2954 941 st
2982 890 3259 959 diligamus

1716 977 1808 1016 eos
1834 965 1922 1033 qui
1954 980 2049 1019 nos
2077 967 2314 1037 diligunt,
2347 970 2446 1024 nisi
2473 971 2536 1024 ad
2580 974 2817 1030 inimicos
2846 978 3024 1043 etiam,
3054 980 3118 1035 de
3147 986 3261 1048 qui-

1719 1051 1813 1105 bus
1836 1052 1919 1107 ltic
1949 1057 2154 1122 penitus
2174 1068 2345 1114 tacere
2362 1059 2586 1125 videtur,
2612 1062 2793 1117 eadem
2819 1065 3025 1121 dilectio
3056 1072 3261 1136 pertin-

1715 1138 1841 1206 gat?
1868 1141 1977 1194 Nisi
2012 1142 2147 1197 forte
2176 1146 2317 1211 ipsos
2344 1162 2551 1217 quoque
2572 1149 2808 1207 inimicos
2832 1154 3040 1210 fraterni
3069 1161 3263 1213 amoris

1718 1228 1907 1284 intuitu
1935 1231 2153 1299 diligere
2180 1234 2487 1302 debeamus,
2515 1238 2779 1311 videlicet,
2810 1252 2864 1297 ιιι
2911 1261 3012 1302 non
3054 1261 3267 1317 semper

1717 1316 1911 1371 inimici
1935 1332 2262 1389 remaneant,
2295 1326 2386 1378 sed
2416 1328 2727 1392 resipiscam
2766 1346 2793 1384 a
2820 1331 3012 1388 diaboli
3039 1316 3253 1407 laqueis,

1719 1408 1974 1478 nobisque
2000 1426 2248 1479 germano
2289 1415 2487 1470 fcedere
2526 1421 2807 1476 socientur.
2859 1424 2917 1479 Si
2946 1428 3213 1497 diligamus
3246 1476 3256 1492 .

1721 1498 1909 1569 inquit,
1932 1502 2163 1568 invicem,
2192 1504 2322 1559 Deus
2350 1508 2399 1560 in
2422 1510 2560 1561 nobis
2580 1522 2764 1577 manet,
2784 1524 2831 1566 et
2852 1516 3070 1572 charilas
3087 1522 3194 1589 ejus
3211 1522 3256 1574 in

1718 1591 1859 1644 nobis
1891 1598 2110 1658 perfecta
2136 1605 2227 1650 est.
2254 1596 2427 1665 Incipe
2446 1599 2683 1669 diligere,
2715 1604 3020 1671 perficieris.
3042 1609 3258 1675 Coepisti

1719 1681 1961 1749 diligere,
2002 1687 2163 1755 cmpit
2187 1686 2321 1741 Deus
2350 1690 2397 1742 in
2429 1700 2478 1744 te
2504 1690 2758 1761 habitare,
2788 1705 2844 1750 ut
2870 1697 3145 1766 perfectius
3171 1701 3263 1755 lia-

1724 1768 1941 1825 bitando
1965 1773 2125 1829 faciat
2146 1785 2196 1831 te
2225 1778 2533 1845 perfectum.

1788 1860 1853 1916 In
1900 1864 1997 1918 hoc
2035 1872 2377 1937 cognoscimus
2418 1877 2648 1941 quoniam
2676 1878 2728 1931 in
2755 1894 2812 1933 eo
2835 1898 3111 1948 manemus,
3156 1896 3259 1940 etc.

83 1949 190 2001 sidit
220 1966 461 2018 unquam,
496 1952 577 2004 vel
611 1953 660 2004 in
691 1951 788 2005 hac
811 1952 914 2004 vita
936 1954 1068 2007 sicut
1088 1954 1202 2021 ipse
1223 1963 1324 2018 est,
1346 1955 1425 2007 vel
1457 1956 1611 2009 etiam
1650 1932 1693 1990 Β
1722 1949 1831 2005 Hoc
1860 1953 2052 2019 ipsum,
2085 1932 2207 2023 quia
2247 1960 2313 2012 de
2343 1961 2536 2027 Spiritu
2566 1978 2662 2021 suo
2684 1967 2845 2022 dedit
2871 1973 2984 2041 tibi,
3013 1976 3149 2029 unde
3175 1992 3250 2031 eo.

84 2040 127 2092 in
155 2043 455 2109 angelorum
486 2043 610 2106 vita,
643 2044 783 2097 sicut
810 2043 1034 2097 visibilia
1076 2045 1173 2099 ista
1200 2060 1317 2113 quas
1355 2048 1614 2113 corporali

84 2129 273 2182 visione
325 2139 633 2190 cernuntur,
666 2130 783 2197 quia
828 2131 1110 2200 unigenitus
1142 2129 1309 2184 Filius
1354 2136 1440 2198 qui
1466 2143 1536 2187 est
1565 2136 1615 2187 in

82 2220 183 2270 sinu
230 2217 403 2270 Patris
448 2219 555 2283 ipse
604 2220 879 2273 enarravit.
932 2219 1082 2273 Unde
1108 2234 1211 2273 non
1255 2222 1318 2274 ad
1349 2225 1614 2276 oculorum

82 2308 447 2375 corporalium,
503 2308 594 2360 sed
649 2307 714 2359 ad
756 2306 1010 2362 mentium
1037 2308 1291 2362 visionem
1316 2309 1508 2363 ditlttln
1537 2320 1616 2365 est

84 2399 334 2463 pertinere
387 2398 524 2465 quod
582 2408 778 2450 narrat.
838 2398 963 2453 Item
1013 2409 1128 2466 post
1156 2399 1343 2452 multa:
1375 2399 1452 2452 Ad
1500 2415 1613 2453 eam

82 2504 200 2540 vero
232 2489 491 2541 visionem
528 2488 744 2559 (inquit)
769 2504 867 2556 qua
921 2490 1215 2544 videbimus
1271 2492 1434 2545 Deum
1472 2493 1615 2545 sicuti

85 2587 141 2627 est
171 2576 213 2644 (I
250 2574 372 2629 Cor.
406 2580 543 2644 snt),
591 2578 851 2630 mundana
902 2578 1059 2631 corda
1107 2582 1445 2641 commonuit,
1486 2582 1613 2648 Quia

82 2664 206 2717 enim
237 2679 479 2732 corpora,
509 2666 891 2721 consuetudine
942 2667 1210 2735 loquettdi,
1261 2668 1484 2739 visibil‘ia
1513 2685 1613 2724 no-

82 2754 353 2818 minantur,
388 2763 664 2821 pr0pterea
694 2754 834 2809 Deus
863 2756 1138 2810 invisibilis
1165 2757 1375 2823 dicitur,
1406 2774 1472 2813 ne
1492 2772 1609 2813 cor-

85 2857 170 2909 pus
211 2857 329 2897 esse
367 2841 638 2898 credatur.
663 2841 774 2896 Non
801 2843 920 2911 quia
948 2844 1141 2897 munda
1169 2845 1325 2899 corda
1351 2860 1459 2901 suae
1487 2848 1613 2901 sub-

89 2934 280 2987 stantiae
326 2935 767 3003 contemplatione
809 2933 1086 3000 fraudabit,
1116 2950 1234 2991 cum
1266 2939 1377 2992 haec
1423 2955 1610 3007 magna

82 3038 126 3076 et
169 3039 370 3079 summa
418 3039 621 3079 merces
650 3025 812 3079 Deum
853 3026 1147 3083 colentibus
1189 3037 1242 3082 et
1278 3030 1612 3097 diligentibus

84 3118 425 3183 piomittatur,
458 3116 665 3171 dicente
693 3116 807 3184 ipso
837 3116 1059 3189 Domino
1087 3118 1295 3187 quando
1327 3121 1613 3187 corporali-

83 3210 166 3259 bus
205 3208 373 3259 oculis
408 3205 689 3262 visibiliter
730 3209 1047 3275 apparebat,
1100 3216 1153 3262 et
1199 3207 1513 3263 invisibilem
1555 3225 1612 3264 se

84 3300 419 3349 contuendum
450 3296 661 3349 mundis
681 3296 928 3349 cordibus
958 3296 1321 3365 promittebat:
1356 3296 1456 3360 Qui
1494 3300 1611 3352 dili-

84 3390 142 3453 git
177 3402 270 3449 me,
301 3386 543 3455 diligetur
571 3403 602 3438 a
640 3385 791 3439 Patre
818 3403 945 3453 meo,
976 3397 1024 3440 et
1047 3404 1137 3458 ego
1164 3390 1373 3458 diligant
1402 3406 1537 3454 eunt,
1567 3400 1613 3444 et

85 3478 324 3527 ostendant
347 3476 590 3543 meipsum
636 3475 713 3527 illi
756 3473 932 3547 (loau.
968 3479 1102 3545 xiv).
1136 3478 1257 3532 llmc
1303 3481 1494 3549 quippe
1522 3495 1615 3533 na-

86 3572 185 3617 tura
214 3564 331 3631 ejus
362 3565 633 3632 aqualiter
662 3578 779 3618 cum
812 3565 966 3619 Patre
985 3566 1423 3632 invisibilis,sicut
1442 3583 1614 3637 aequa-

86 3652 188 3705 liter
213 3656 628 3725 incorruptibilis
670 3669 769 3714 est.
808 3660 935 3727 Quae
976 3663 1316 3716 continuatim
1348 3665 1613 3731 postolns

87 3744 243 3808 posuit
269 3785 283 3807 ,
324 3746 544 3801 dicens:
570 3747 699 3817 Regi
727 3760 893 3803 autem
921 3751 1217 3805 sreculorunt
1245 3754 1495 3819 inuisibili,
1530 3755 1612 3805 in-

85 3835 410 3901 corruptibiti,
463 3838 691 3892 divinam
736 3842 1078 3895 substantiam
1118 3858 1217 3910 qua
1250 3846 1418 3910 potuit
1447 3845 1613 3898 homi-

88 3926 228 3977 nibus
275 3926 646 3994 praedicatione
672 3934 1066 3987 commendans.
1100 3935 1239 3989 Deus
1267 3951 1393 4005 ergo
1420 3952 1505 3992 res
1531 3948 1612 3990 est

88 4013 371 4080 invisibilis,
417 4032 582 4085 neque
636 4019 787 4073 oculo
836 4023 926 4075 sed
957 4033 1130 4077 mente
1173 4025 1481 4093 quaerendus
1511 4035 1609 4080 est.

86 4103 177 4156 Sed
216 4108 658 4173 quemadmodum
684 4111 726 4162 si
756 4108 920 4188 solem
944 4096 1101 4165 istum
1130 4114 1305 4166 videre
1335 4116 1606 4181 vellemus,

85 4192 277 4245 oculum
309 4198 552 4262 corporis
582 4213 941 4266 purgaremus,
966 4201 1101 4255 unde
1124 4204 1210 4256 lus
1235 4202 1396 4257 videri
1422 4212 1608 4271 potest;

89 4279 146 4331 ita
176 4283 410 4338 volentes
461 4286 638 4342 videre
673 4288 856 4353 Deum,
886 4290 1093 4345 Oculum
1147 4291 1320 4345 cordis
1343 4308 1447 4360 quo
1476 4293 1611 4348 Dens

88 4371 235 4425 videri
269 4382 458 4440 potest,
488 4390 808 4447 purgemus:
839 4378 984 4432 Beati
1024 4382 1155 4433 enim
1205 4384 1395 4435 mundo
1440 4385 1609 4449 corde,

87 4462 305 4519 quoniam
336 4464 432 4532 ipsi
470 4464 632 4518 Deum
660 4469 895 4521 uidebunt
922 4468 1127 4536 (Matth.
1155 4469 1228 4538 v).
1262 4470 1451 4525 Verum
1491 4474 1609 4540 quia

1716 2041 1969 2105 gnoscis?
2014 2042 2278 2116 Interroga
2310 2049 2513 2103 viscera
2544 2063 2650 2107 tua.
2685 2056 2741 2110 Si
2770 2058 2918 2124 plena
2946 2074 3069 2118 sunt
3088 2066 3258 2119 citari-

1719 2134 1844 2193 tate,
1890 2129 2052 2185 habes
2095 2131 2346 2199 Spiritum
2377 2136 2491 2205 Dei,
2524 2140 2683 2195 Paulo
2709 2151 2988 2204 attestante
3026 2152 3113 2220 qui
3151 2154 3252 2208 ait:

1719 2216 1848 2280 Quia
1875 2220 2097 2275 charitas
2137 2224 2228 2277 Dei
2272 2227 2461 2295 diffusa
2498 2242 2569 2284 est
2617 2234 2669 2287 in
2708 2239 2940 2293 cordibus
2970 2216 3148 2297 nostris
3174 2262 3261 2316 per

1716 2308 1966 2377 Spiritum
1992 2328 2221 2368 sanctum
2248 2320 2333 2385 qui
2356 2321 2503 2372 datus
2535 2332 2608 2375 est
2639 2326 2779 2379 nobis
2806 2329 2980 2397 (Rom.
3013 2333 3091 2399 v).

1789 2397 1855 2451 Et
1888 2416 1975 2454 nos
2002 2403 2215 2459 vidimus
2236 2416 2281 2459 et
2312 2411 2658 2480 testiﬁcamur,
2684 2426 2785 2470 etc.
2816 2419 2980 2475 Nemo
3002 2397 3067 2477 de
3093 2427 3261 2482 saluto

1717 2488 1979 2558 desperet,
2010 2495 2129 2562 quia
2176 2496 2273 2550 etsi
2322 2502 2495 2569 magni
2538 2511 2658 2559 sunt
2688 2507 2856 2562 morbi
2880 2510 3137 2568 scelerum
3174 2519 3261 2584 qui

1717 2578 2041 2651 deprimunt,
2096 2587 2432 2653 omnipotens
2478 2592 2713 2649 medicus
2764 2599 2903 2653 venit
2940 2602 3023 2669 qui
3073 2578 3255 2660 διινει.

1716 2665 1924 2735 Tamen~
1945 2672 2247 2729 meminerit
2286 2677 2503 2747 quisque
2541 2682 2660 2751 quia
2701 2682 2836 2739 idem
2868 2665 3029 2744 Filius
3057 2692 3143 2747 Dei
3171 2698 3257 2764 qui

1718 2757 1859 2809 venit
1905 2758 2047 2813 mitis
2092 2770 2145 2815 ut
2181 2764 2447 2835 salvarot,
2502 2780 2752 2829 venturus
2780 2784 2861 2830 est
2887 2776 3155 2838 districtus
3187 2757 3251 2838 ἰιι

1710 2843 1926 2911 judicet.

1787 2935 2025 3007 Quisquis
2052 2941 2309 3010 confessus
2338 2948 2491 3014 fuerit
2532 2954 2768 3021 quoniam
2794 2957 2943 3013 Iesus
2981 2972 3055 3015 est
3087 2961 3251 3017 Filius

1718 3023 1831 3089 Dei,
1871 3037 1975 3083 etc.
2008 3028 2292 3088 Perfectum
2320 3038 2495 3091 cordis
2533 3044 2912 3100 confessionem
2948 3049 3094 3117 dicit,
3138 3068 3247 3121 qua

1718 3129 1815 3168 nec
1844 3118 1981 3172 male
2004 3120 2333 3177 suadentium
2364 3126 2727 3185 hatreticorum
2760 3138 2923 3201 possit
2954 3136 3131 3195 fraude
3145 3118 3262 3196 cor-

1718 3207 1929 3273 rumpi,
1978 3224 2075 3263 nec
2133 3201 2558 3282 persequentium
2609 3237 2925 3291 paganorum
2990 3236 3260 3286 tormentis

1718 3300 2079 3363 cunquassari,
2120 3315 2215 3355 nec
2262 3306 2544 3362 carnalium
2596 3311 2810 3368 fratrum
2852 3294 3126 3388 exemplis,
3163 3340 3257 3381 nec

1717 3386 1940 3453 promite
1973 3389 2268 3458 fragilitatis
2310 3399 2530 3464 segnitia
2581 3404 2826 3460 titubare.
2876 3386 3021 3464 Sunt
3060 3386 3253 3470 etenim

1713 3476 1802 3542 qui
1846 3478 2004 3532 etiam
2048 3484 2219 3538 verbis
2260 3497 2451 3554 negant
2494 3487 2673 3546 Jesttnt
2722 3511 2840 3552 esse
2896 3500 3078 3556 Filium
3133 3504 3258 3569 Dei,

1713 3566 1896 3631 quales
1954 3572 2103 3625 multi
2157 3573 2322 3630 fuisse
2350 3580 2639 3646 produntur
2665 3599 2729 3637 eo
2760 3586 2871 3653 ipso
2902 3598 3133 3657 tempore
3155 3566 3260 3664 quo

1714 3652 1826 3709 hzec
1856 3660 2119 3715 scribebat
2166 3662 2413 3745 Joannes.
2460 3668 2589 3725 Sunt
2641 3652 2905 3745 itemqui
2948 3652 3257 3735 conﬁtentur

1713 3746 1912 3835 verbis,
1963 3758 2018 3803 et
2055 3751 2208 3805 factis
2237 3744 2445 3824 negant.
2483 3758 2630 3815 Unde
2662 3762 2791 3817 bene
2812 3744 2949 3835 quod
2980 3784 3118 3823 nunc
3150 3772 3256 3824 ait:

1714 3832 2011 3905 Quicunque
2052 3846 2311 3909 confessus
2338 3850 2488 3915 fuerit
2519 3853 2754 3915 quoniam
2788 3832 2938 3908 Iesus
2980 3870 3048 3910 est
3088 3856 3259 3912 Filius

1713 3924 1826 3990 Dei,
1861 3926 1997 3982 Deus
2022 3931 2073 3983 in
2099 3948 2158 3985 eo
2188 3946 2370 4002 manet,
2404 3947 2450 3989 et
2473 3940 2651 4005 ipsein
2680 3940 2805 4008 Deo,
2838 3943 2947 4013 ipse
2986 3949 3138 4015 paulo
3163 3966 3253 4005 su-

1714 4018 1889 4083 perius
1910 4020 2075 4075 dixit:
2110 4022 2169 4077 Si
2198 4024 2465 4094 diligamus
2488 4029 2714 4096 invicem,
2745 4031 2877 4087 Deus
2912 4036 2963 4089 in
2984 4038 3120 4092 nobis
3151 4056 3255 4093 nta-

1714 4117 1817 4173 Itt’l,
1860 4109 2131 4167 insinuans
2174 4116 2405 4183 profecto
2430 4121 2547 4183 quia
2578 4121 2815 4191 quisquis
2835 4124 3161 4182 dilectionem
3203 4132 3250 4182 in

1714 4194 1904 4249 fratres
1943 4198 2134 4264 liabet,
2208 4203 2296 4254 ille
2359 4218 2479 4257 vere
2524 4205 2699 4260 Jesum
2759 4209 2849 4263 Dei
2904 4211 3088 4267 Filium
3138 4232 3257 4270 esse

1715 4294 1956 4339 testatur.

1785 4375 1850 4427 Et
1897 4394 1985 4429 nos
2028 4393 2343 4446 col/novimus
2389 4393 2436 4437 et
2482 4386 2785 4443 credidimus
2834 4391 3068 4447 charitsti
3108 4414 3255 4465 quam

1714 4464 1859 4518 habet
1890 4466 2024 4519 Deus
2061 4470 2111 4519 in
2152 4470 2314 4523 nobis.
2344 4471 2695 4540 Cognovimus
2724 4480 2969 4545 quoniam
2998 4464 3151 4537 Jesus
3178 4496 3258 4539 est

92 4554 186 4601 hac
204 4551 337 4604 visio
361 4553 410 4606 in
436 4554 613 4608 futuro
633 4567 892 4624 speratur,
907 4560 1029 4625 quid
1059 4560 1313 4626 agendum
1337 4562 1487 4614 nobis
1507 4572 1607 4627 est,

1723 4553 1879 4608 Filius
1930 4558 2062 4621 Dei,
2112 4567 2162 4610 et
2210 4561 2329 4627 quia
2380 4562 2536 4615 Pater
2580 4566 2721 4618 misit
2769 4581 2885 4619 eum
2933 4569 3256 4627 Salvatoretn

88 4640 216 4701 dum,
244 4642 412 4695 adhuc
466 4647 731 4699 constituti
779 4648 830 4699 in
880 4663 1120 4714 corpore,
1162 4650 1549 4716 peregrinamur
1578 4668 1605 4704 a

92 4726 331 4783 Domino?
380 4747 479 4798 quo
534 4732 721 4786 solatio
779 4735 1022 4788 utendum
1069 4734 1152 4788 ubi
1184 4736 1355 4789 divina
1408 4738 1607 4791 visione

90 4820 293 4873 necdum
327 4823 441 4875 licet
466 4824 693 4890 perfrui?

150 4907 206 4957 Si
250 4910 512 4977 diligamus
560 4914 788 4978 invicem,
834 4915 969 4969 Deus
999 4918 1049 4969 in
1097 4918 1237 4970 nobis
1287 4929 1471 4972 manet.
1504 4919 1604 4973 Sed

92 5010 231 5049 nemo
282 5008 424 5065 putet
472 5002 603 5057 lianc
631 5006 984 5071 dilectionem,
1030 5012 1079 5063 in
1103 5026 1200 5077 qua
1233 5011 1369 5064 Deus
1408 5021 1604 5077 manet,

126 5084 279 5150 biecta
310 5098 362 5142 et
386 5090 643 5146 desidiosa
668 5098 888 5162 quadam
931 5102 1348 5165 mansuetudine,
1380 5103 1483 5153 imo
1505 5117 1607 5154 non

96 5180 489 5245 mansuetudine,
518 5185 609 5237 sed
643 5188 951 5243 remissione
971 5202 1025 5245 et
1052 5194 1361 5261 negligentia
1386 5194 1606 5246 servari.

95 5262 193 5317 Non
223 5277 297 5319 est
335 5282 429 5321 tsta
462 5272 708 5341 cbaritas,
741 5280 830 5331 sed
863 5282 1112 5351 languor;
1156 5284 1354 5337 ferveat
1384 5284 1608 5336 cbaritas

97 5360 151 5409 ad
172 5361 561 5433 emendandum,
591 5368 656 5419 ad
693 5375 1078 5440 corrigendum.
1111 5377 1212 5431 Sed
1261 5376 1305 5431 si
1336 5385 1459 5429 sunt
1487 5377 1606 5429 boni

99 5463 273 5515 mores,
297 5453 585 5519 delectent;
618 5457 660 5508 si
688 5462 832 5528 mali,
859 5466 1228 5530 emendentur,
1256 5465 1601 5533 corrigantur.

99 5536 146 5588 Si
188 5555 305 5607 ergo
333 5542 599 5609 diligamus
645 5544 865 5601 invicem
920 5552 1124 5615 sincera
1160 5548 1605 5621 et’disciplinabili

101 5624 353 5691 charitate,
402 5631 531 5685 Deus
582 5633 629 5684 in
684 5634 832 5687 nobis
885 5650 1078 5706 manet,
1112 5643 1355 5710 operibus
1398 5645 1605 5711 quidem

106 5711 252 5773 ipsius
280 5717 537 5772 cbaritatis
559 5720 941 5792 manifestatus,
975 5731 1208 5797 quamvis
1238 5733 1462 5787 nondum
1490 5732 1608 5787 visi-

106 5798 255 5858 biliter
278 5820 533 5877 appareat.

1715 4646 1917 4701 mundi.
1962 4647 2027 4699 Et
2064 4647 2328 4701 credimus
2371 4652 2611 4705 cbaritati
2653 4669 2805 4722 quam
2842 4656 2995 4714 habet
3036 4661 3171 4717 Deus
3202 4664 3251 4717 in

1713 4737 1862 4787 nobis
1886 4774 1902 4798 ,
1948 4738 2067 4804 quia
2097 4737 2341 4792 videlicet
2368 4753 2486 4793 cum
2536 4742 2751 4798 haberet
2782 4746 2967 4801 Filium
2999 4752 3207 4806 unicum
3232 4794 3248 4818 ,

1713 4826 1881 4879 noluit
1913 4827 2057 4881 illum
2086 4843 2204 4884 esse
2228 4845 2407 4897 unum,
2441 4832 2532 4886 scd
2560 4842 2615 4887 ut
2644 4833 2830 4891 fratres
2862 4842 3094 4907 haberet,
3125 4843 3251 4897 adoo

1713 4919 1875 4985 ptavit
1904 4920 1977 4973 illi
2000 4925 2087 4986 qui
2115 4936 2235 4977 cum
2259 4924 2350 4977 illo
2381 4924 2710 4992 possiderent
2764 4932 2922 4983 vitam
2976 4942 3245 4988 aeternam.

1781 5008 1919 5062 Deus
1959 5012 2180 5065 cliaritas
2220 5024 2309 5067 est.
2338 5015 2450 5067 Jam
2485 5014 2613 5067 dixit
2645 5017 2769 5070 illud
2809 5023 3047 5085 superius
3071 5062 3087 5087 ,
3131 5039 3259 5081 ecce

1714 5101 1901 5156 iterum
1931 5104 2079 5157 dicit.
2123 5106 2363 5173 Amplius
2397 5108 2489 5161 tibi
2521 5124 2621 5163 non
2668 5110 2831 5177 potuit
2860 5114 3088 5169 cltaritas
3110 5132 3256 5171 com-

1714 5193 1970 5255 mendari,
2001 5207 2158 5260 quam
2187 5205 2247 5248 ut
2276 5197 2545 5253 diceretur
2576 5200 2729 5255 Deus.
2760 5201 2913 5257 Forte
2941 5220 3126 5258 munus
3160 5208 3253 5261 Dei

1711 5290 2111 5349 contempturus
2141 5299 2260 5338 eras
2290 5304 2303 5338 :
2334 5290 2571 5356 nunquid
2621 5302 2673 5344 ct
2725 5293 2883 5346 Deum
2914 5299 3204 5351 Contemnis
3226 5300 3252 5349 Υ

1782 5372 1844 5422 Et
1871 5372 1957 5436 qui
1983 5383 2142 5425 manet
2172 5376 2222 5426 in
2248 5376 2509 5442 charitate,
2549 5381 2598 5432 in
2633 5380 2735 5433 Deo
2760 5393 2938 5446 manet,
2968 5394 3015 5435 st
3042 5382 3176 5439 Deus
3202 5389 3255 5439 its

1711 5476 1786 5514 eo.
1822 5460 2063 5515 Vicissim
2094 5464 2145 5517 in
2182 5479 2239 5519 se
2270 5466 2503 5523 habitant
2547 5470 2632 5538 qui
2671 5472 2901 5527 continet
2926 5484 2979 5528 et
3005 5475 3093 5543 qui
3124 5491 3251 5528 con-

1712 5551 1923 5603 tinetur.
1959 5551 2176 5605 liabitas
2216 5556 2269 5607 in
2301 5555 2429 5619 Deo,
2462 5558 2551 5610 sed
2582 5568 2636 5612 ut
2663 5560 3021 5625 continearis;
3055 5563 3253 5616 habitat

1709 5640 1763 5693 in
1806 5650 1856 5693 te
1904 5640 2061 5706 Deus,
2107 5643 2201 5697 sed
2232 5652 2285 5696 ut
2313 5647 2579 5702 contineat
2609 5665 2675 5705 ne
2714 5654 2889 5719 cadas,
2934 5655 3051 5721 quia
3083 5657 3158 5709 sic
3184 5659 3255 5709 de

1711 5728 1819 5795 ipsa
1850 5729 2100 5784 charitate
2126 5731 2403 5796 Apostolus
2426 5738 2526 5789 alt:
2558 5737 2791 5795 Charitas
2819 5757 3071 5812 nunquam
3093 5748 3252 5802 ends.

1710 5818 1980 5884 Quomodo
2009 5820 2144 5876 cadit
2173 5836 2328 5893 quem
2356 5827 2583 5882 continet
2619 5828 2752 5883 Deus
2778 5829 2800 5883 ι
