  <div class='ocr_page' id='page_1' title='image "/cluster/home/n/w/nwhite01/storage/ocr_20150623/92-93/uva.x000827076/585.png"; bbox 0 0 3860 6230; ppageno 0'>
   <div class='ocr_carea' id='block_1_1' title="bbox 583 462 3736 521">
    <p class='ocr_par' dir='ltr' id='par_1_1' title="bbox 583 462 3736 521">
     <span class='ocr_line' id='line_1_1' title="bbox 583 462 3736 521; baseline -0 -2"><span class='ocrx_word' id='word_1_1' title='bbox 583 471 675 520; x_wconf 66' lang='grc' dir='ltr'><strong>ττι</strong></span> <span class='ocrx_word' id='word_1_2' title='bbox 992 467 1184 519; x_wconf 65' lang='lat' dir='ltr'><strong>BER/F3</strong></span> <span class='ocrx_word' id='word_1_3' title='bbox 1225 464 1667 518; x_wconf 76' lang='lat' dir='ltr'><strong>VENERABIIJS</strong></span> <span class='ocrx_word' id='word_1_4' title='bbox 1705 463 1848 515; x_wconf 73' lang='grc' dir='ltr'><strong>(ΠΨ.</strong></span> <span class='ocrx_word' id='word_1_5' title='bbox 1894 462 2061 515; x_wconf 74' lang='lat' dir='ltr'><strong>PARS</strong></span> <span class='ocrx_word' id='word_1_6' title='bbox 2102 462 2159 512; x_wconf 90' lang='lat' dir='ltr'><strong>ll.</strong></span> <span class='ocrx_word' id='word_1_7' title='bbox 2204 462 2327 516; x_wconf 70' lang='grc' dir='ltr'><strong>διες</strong></span> <span class='ocrx_word' id='word_1_8' title='bbox 2345 464 2390 516; x_wconf 84' lang='grc' dir='ltr'><strong>Γ.</strong></span> <span class='ocrx_word' id='word_1_9' title='bbox 2427 465 2469 516; x_wconf 85' lang='grc' dir='ltr'><strong>Ι.</strong></span> <span class='ocrx_word' id='word_1_10' title='bbox 2510 493 2577 503; x_wconf 90' lang='lat'><strong>-—</strong></span> <span class='ocrx_word' id='word_1_11' title='bbox 2609 465 2986 519; x_wconf 74' lang='lat' dir='ltr'><strong>EXEGETICA</strong></span> <span class='ocrx_word' id='word_1_12' title='bbox 3024 465 3336 521; x_wconf 69' lang='lat' dir='ltr'><strong>GENUINA.</strong></span> <span class='ocrx_word' id='word_1_13' title='bbox 3655 472 3736 521; x_wconf 49' lang='lat' dir='ltr'><strong>lli.</strong></span> 
     </span>
    </p>
   </div>
   <div class='ocr_carea' id='block_1_2' title="bbox 658 572 3741 643">
    <p class='ocr_par' dir='ltr' id='par_1_2' title="bbox 658 572 3741 643">
     <span class='ocr_line' id='line_1_2' title="bbox 658 572 3741 643; baseline 0.001 -15"><span class='ocrx_word' id='word_1_14' title='bbox 658 578 719 628; x_wconf 85' lang='lat' dir='ltr'><strong>lu</strong></span> <span class='ocrx_word' id='word_1_15' title='bbox 749 580 836 628; x_wconf 77' lang='lat' dir='ltr'><strong>hoc</strong></span> <span class='ocrx_word' id='word_1_16' title='bbox 869 575 1081 643; x_wconf 75' lang='lat' dir='ltr'><strong>perfecta</strong></span> <span class='ocrx_word' id='word_1_17' title='bbox 1109 584 1180 627; x_wconf 80' lang='lat' dir='ltr'><strong>est</strong></span> <span class='ocrx_word' id='word_1_18' title='bbox 1225 576 1443 625; x_wconf 66' lang='grc' dir='ltr'><strong>[παγίως</strong></span> <span class='ocrx_word' id='word_1_19' title='bbox 1499 574 1749 624; x_wconf 83' lang='lat' dir='ltr'><strong>nobiscum</strong></span> <span class='ocrx_word' id='word_1_20' title='bbox 1776 610 1793 633; x_wconf 88' lang='lat'><strong>,</strong></span> <span class='ocrx_word' id='word_1_21' title='bbox 1837 583 1940 624; x_wconf 84' lang='lat' dir='ltr'><strong>etc.</strong></span> <span class='ocrx_word' id='word_1_22' title='bbox 1990 572 2119 622; x_wconf 85' lang='lat' dir='ltr'><strong>Dicit</strong></span> <span class='ocrx_word' id='word_1_23' title='bbox 2149 580 2194 630; x_wconf 75' lang='grc' dir='ltr'>Α</span> <span class='ocrx_word' id='word_1_24' title='bbox 2225 587 2426 637; x_wconf 70' lang='lat' dir='ltr'><strong>pinnam</strong></span> <span class='ocrx_word' id='word_1_25' title='bbox 2454 573 2606 625; x_wconf 87' lang='lat' dir='ltr'><strong>habet</strong></span> <span class='ocrx_word' id='word_1_26' title='bbox 2633 590 2647 638; x_wconf 91' lang='lat'><strong>;</strong></span> <span class='ocrx_word' id='word_1_27' title='bbox 2678 577 2910 641; x_wconf 79' lang='lat' dir='ltr'><strong>quamvis</strong></span> <span class='ocrx_word' id='word_1_28' title='bbox 2939 576 3071 627; x_wconf 88' lang='lat' dir='ltr'><strong>sicut</strong></span> <span class='ocrx_word' id='word_1_29' title='bbox 3098 579 3378 628; x_wconf 80' lang='lat' dir='ltr'><strong>sectionem</strong></span> <span class='ocrx_word' id='word_1_30' title='bbox 3411 578 3587 630; x_wconf 84' lang='lat' dir='ltr'><strong>medici</strong></span> <span class='ocrx_word' id='word_1_31' title='bbox 3621 583 3741 634; x_wconf 83' lang='lat' dir='ltr'><strong>salus</strong></span> 
     </span>
    </p>
   </div>
   <div class='ocr_carea' id='block_1_3' title="bbox 586 663 2119 734">
    <p class='ocr_par' dir='ltr' id='par_1_3' title="bbox 586 663 2119 734">
     <span class='ocr_line' id='line_1_3' title="bbox 586 663 2119 734; baseline -0.006 -15"><span class='ocrx_word' id='word_1_32' title='bbox 586 666 848 734; x_wconf 81' lang='lat' dir='ltr'><strong>quomodo</strong></span> <span class='ocrx_word' id='word_1_33' title='bbox 871 680 926 718; x_wconf 88' lang='lat' dir='ltr'><strong>sc</strong></span> <span class='ocrx_word' id='word_1_34' title='bbox 953 666 1133 733; x_wconf 87' lang='lat' dir='ltr'><strong>probet</strong></span> <span class='ocrx_word' id='word_1_35' title='bbox 1158 666 1508 731; x_wconf 78' lang='lat' dir='ltr'><strong>unusquisque</strong></span> <span class='ocrx_word' id='word_1_36' title='bbox 1534 672 1785 729; x_wconf 87' lang='lat' dir='ltr'><strong>quantum</strong></span> <span class='ocrx_word' id='word_1_37' title='bbox 1809 664 1860 714; x_wconf 90' lang='lat' dir='ltr'><strong>in</strong></span> <span class='ocrx_word' id='word_1_38' title='bbox 1889 663 1975 714; x_wconf 91' lang='lat' dir='ltr'><strong>illo</strong></span> <span class='ocrx_word' id='word_1_39' title='bbox 2003 676 2119 728; x_wconf 84' lang='lat' dir='ltr'><strong>pro-</strong></span> 
     </span>
    </p>
   </div>
   <div class='ocr_carea' id='block_1_4' title="bbox 589 751 2119 821">
    <p class='ocr_par' dir='ltr' id='par_1_4' title="bbox 589 751 2119 821">
     <span class='ocr_line' id='line_1_4' title="bbox 589 751 2119 821; baseline -0.005 -13"><span class='ocrx_word' id='word_1_40' title='bbox 589 756 788 810; x_wconf 81' lang='lat' dir='ltr'><strong>fecerit.</strong></span> <span class='ocrx_word' id='word_1_41' title='bbox 819 756 1061 821; x_wconf 77' lang='lat' dir='ltr'><strong>Quisquis</strong></span> <span class='ocrx_word' id='word_1_42' title='bbox 1113 754 1351 805; x_wconf 81' lang='lat' dir='ltr'><strong>fiduciam</strong></span> <span class='ocrx_word' id='word_1_43' title='bbox 1383 753 1535 805; x_wconf 80' lang='lat' dir='ltr'><strong>habet</strong></span> <span class='ocrx_word' id='word_1_44' title='bbox 1565 755 1614 805; x_wconf 93' lang='lat' dir='ltr'><strong>in</strong></span> <span class='ocrx_word' id='word_1_45' title='bbox 1653 751 1738 804; x_wconf 89' lang='lat' dir='ltr'><strong>die</strong></span> <span class='ocrx_word' id='word_1_46' title='bbox 1766 751 1969 818; x_wconf 87' lang='lat' dir='ltr'><strong>judicii,</strong></span> <span class='ocrx_word' id='word_1_47' title='bbox 2003 765 2119 815; x_wconf 75' lang='lat' dir='ltr'><strong>pcr-</strong></span> 
     </span>
    </p>
   </div>
   <div class='ocr_carea' id='block_1_5' title="bbox 589 840 2116 907">
    <p class='ocr_par' dir='ltr' id='par_1_5' title="bbox 589 840 2116 907">
     <span class='ocr_line' id='line_1_5' title="bbox 589 840 2116 907; baseline -0.008 -7"><span class='ocrx_word' id='word_1_48' title='bbox 589 849 717 900; x_wconf 85' lang='lat' dir='ltr'><strong>lecta</strong></span> <span class='ocrx_word' id='word_1_49' title='bbox 748 855 829 899; x_wconf 85' lang='lat' dir='ltr'><strong>est</strong></span> <span class='ocrx_word' id='word_1_50' title='bbox 857 845 907 898; x_wconf 91' lang='lat' dir='ltr'><strong>in</strong></span> <span class='ocrx_word' id='word_1_51' title='bbox 941 847 1029 897; x_wconf 90' lang='lat' dir='ltr'><strong>illo</strong></span> <span class='ocrx_word' id='word_1_52' title='bbox 1072 845 1318 896; x_wconf 69' lang='lat' dir='ltr'><strong>Charitas.</strong></span> <span class='ocrx_word' id='word_1_53' title='bbox 1369 843 1500 907; x_wconf 78' lang='lat' dir='ltr'><strong>Quid</strong></span> <span class='ocrx_word' id='word_1_54' title='bbox 1543 851 1624 894; x_wconf 79' lang='lat' dir='ltr'><strong>est</strong></span> <span class='ocrx_word' id='word_1_55' title='bbox 1654 840 1847 893; x_wconf 87' lang='lat' dir='ltr'><strong>habere</strong></span> <span class='ocrx_word' id='word_1_56' title='bbox 1878 840 2116 892; x_wconf 83' lang='lat' dir='ltr'><strong>ﬁduciam</strong></span> 
     </span>
    </p>
   </div>
   <div class='ocr_carea' id='block_1_6' title="bbox 587 925 2118 1001">
    <p class='ocr_par' dir='ltr' id='par_1_6' title="bbox 587 925 2118 1001">
     <span class='ocr_line' id='line_1_6' title="bbox 587 925 2118 1001; baseline -0.007 -14"><span class='ocrx_word' id='word_1_57' title='bbox 587 937 636 988; x_wconf 88' lang='lat' dir='ltr'><strong>in</strong></span> <span class='ocrx_word' id='word_1_58' title='bbox 668 936 752 987; x_wconf 81' lang='lat' dir='ltr'><strong>die</strong></span> <span class='ocrx_word' id='word_1_59' title='bbox 780 933 1000 1001; x_wconf 81' lang='lat' dir='ltr'><strong>judicii?</strong></span> <span class='ocrx_word' id='word_1_60' title='bbox 1039 932 1152 985; x_wconf 84' lang='lat' dir='ltr'><strong>Non</strong></span> <span class='ocrx_word' id='word_1_61' title='bbox 1193 934 1381 984; x_wconf 78' lang='lat' dir='ltr'><strong>timere</strong></span> <span class='ocrx_word' id='word_1_62' title='bbox 1411 972 1424 994; x_wconf 94' lang='lat'><strong>,</strong></span> <span class='ocrx_word' id='word_1_63' title='bbox 1469 948 1530 982; x_wconf 87' lang='lat' dir='ltr'><strong>ne</strong></span> <span class='ocrx_word' id='word_1_64' title='bbox 1564 933 1735 984; x_wconf 83' lang='lat' dir='ltr'><strong>veniat</strong></span> <span class='ocrx_word' id='word_1_65' title='bbox 1778 929 1888 982; x_wconf 86' lang='lat' dir='ltr'><strong>dies</strong></span> <span class='ocrx_word' id='word_1_66' title='bbox 1913 925 2118 995; x_wconf 87' lang='lat' dir='ltr'><strong>judicii.</strong></span> 
     </span>
    </p>
   </div>
   <div class='ocr_carea' id='block_1_7' title="bbox 584 1020 2122 1092">
    <p class='ocr_par' dir='ltr' id='par_1_7' title="bbox 584 1020 2122 1092">
     <span class='ocr_line' id='line_1_7' title="bbox 584 1020 2122 1092; baseline -0.005 -15"><span class='ocrx_word' id='word_1_67' title='bbox 584 1024 714 1077; x_wconf 86' lang='lat' dir='ltr'><strong>Cum</strong></span> <span class='ocrx_word' id='word_1_68' title='bbox 759 1028 896 1076; x_wconf 76' lang='lat' dir='ltr'><strong>enim</strong></span> <span class='ocrx_word' id='word_1_69' title='bbox 925 1025 1042 1092; x_wconf 88' lang='lat' dir='ltr'><strong>quis</strong></span> <span class='ocrx_word' id='word_1_70' title='bbox 1072 1023 1242 1089; x_wconf 87' lang='lat' dir='ltr'><strong>prituo</strong></span> <span class='ocrx_word' id='word_1_71' title='bbox 1274 1022 1572 1088; x_wconf 75' lang='lat' dir='ltr'><strong>pmniteudo</strong></span> <span class='ocrx_word' id='word_1_72' title='bbox 1611 1034 1667 1072; x_wconf 89' lang='lat' dir='ltr'><strong>se</strong></span> <span class='ocrx_word' id='word_1_73' title='bbox 1713 1020 1778 1072; x_wconf 90' lang='lat' dir='ltr'><strong>de</strong></span> <span class='ocrx_word' id='word_1_74' title='bbox 1824 1020 1957 1071; x_wconf 90' lang='lat' dir='ltr'><strong>male</strong></span> <span class='ocrx_word' id='word_1_75' title='bbox 1993 1020 2122 1071; x_wconf 93' lang='lat' dir='ltr'><strong>actis</strong></span> 
     </span>
    </p>
   </div>
   <div class='ocr_carea' id='block_1_8' title="bbox 586 1108 2119 1178">
    <p class='ocr_par' dir='ltr' id='par_1_8' title="bbox 586 1108 2119 1178">
     <span class='ocr_line' id='line_1_8' title="bbox 586 1108 2119 1178; baseline -0.007 -12"><span class='ocrx_word' id='word_1_76' title='bbox 586 1116 916 1174; x_wconf 74' lang='lat' dir='ltr'><strong>converterit,</strong></span> <span class='ocrx_word' id='word_1_77' title='bbox 952 1113 1130 1178; x_wconf 90' lang='lat' dir='ltr'><strong>incipit</strong></span> <span class='ocrx_word' id='word_1_78' title='bbox 1162 1112 1341 1163; x_wconf 84' lang='lat' dir='ltr'><strong>limere</strong></span> <span class='ocrx_word' id='word_1_79' title='bbox 1362 1108 1720 1176; x_wconf 86' lang='lat' dir='ltr'><strong>diemjudicii,</strong></span> <span class='ocrx_word' id='word_1_80' title='bbox 1747 1123 1832 1171; x_wconf 90' lang='lat' dir='ltr'><strong>ne,</strong></span> <span class='ocrx_word' id='word_1_81' title='bbox 1857 1108 2119 1171; x_wconf 81' lang='lat' dir='ltr'><strong>videlicet,</strong></span> 
     </span>
    </p>
   </div>
   <div class='ocr_carea' id='block_1_9' title="bbox 586 1197 2122 1268">
    <p class='ocr_par' dir='ltr' id='par_1_9' title="bbox 586 1197 2122 1268">
     <span class='ocr_line' id='line_1_9' title="bbox 586 1197 2122 1268; baseline -0.003 -16"><span class='ocrx_word' id='word_1_82' title='bbox 586 1211 864 1268; x_wconf 78' lang='lat' dir='ltr'><strong>apparente</strong></span> <span class='ocrx_word' id='word_1_83' title='bbox 889 1202 1028 1268; x_wconf 85' lang='lat' dir='ltr'><strong>justo</strong></span> <span class='ocrx_word' id='word_1_84' title='bbox 1058 1199 1262 1262; x_wconf 85' lang='lat' dir='ltr'><strong>Judice,</strong></span> <span class='ocrx_word' id='word_1_85' title='bbox 1290 1199 1398 1265; x_wconf 89' lang='lat' dir='ltr'><strong>ipse</strong></span> <span class='ocrx_word' id='word_1_86' title='bbox 1420 1200 1697 1251; x_wconf 75' lang='lat' dir='ltr'><strong>damnetur</strong></span> <span class='ocrx_word' id='word_1_87' title='bbox 1726 1199 1968 1262; x_wconf 83' lang='lat' dir='ltr'><strong>injustus.</strong></span> <span class='ocrx_word' id='word_1_88' title='bbox 1997 1197 2122 1249; x_wconf 87' lang='lat' dir='ltr'><strong>Pro-</strong></span> 
     </span>
    </p>
   </div>
   <div class='ocr_carea' id='block_1_10' title="bbox 585 1284 2122 1358">
    <p class='ocr_par' dir='ltr' id='par_1_10' title="bbox 585 1284 2122 1358">
     <span class='ocr_line' id='line_1_10' title="bbox 585 1284 2122 1358; baseline -0.004 -16"><span class='ocrx_word' id='word_1_89' title='bbox 585 1305 733 1343; x_wconf 83' lang='lat' dir='ltr'><strong>cessu</strong></span> <span class='ocrx_word' id='word_1_90' title='bbox 758 1306 879 1341; x_wconf 78' lang='lat' dir='ltr'><strong>vero</strong></span> <span class='ocrx_word' id='word_1_91' title='bbox 905 1292 1053 1342; x_wconf 66' lang='lat' dir='ltr'><strong>bon-.e</strong></span> <span class='ocrx_word' id='word_1_92' title='bbox 1077 1289 1490 1358; x_wconf 78' lang='lat' dir='ltr'><strong>conversationis</strong></span> <span class='ocrx_word' id='word_1_93' title='bbox 1525 1287 1805 1345; x_wconf 88' lang='lat' dir='ltr'><strong>animatus,</strong></span> <span class='ocrx_word' id='word_1_94' title='bbox 1829 1284 1996 1336; x_wconf 83' lang='lat' dir='ltr'><strong>discet</strong></span> <span class='ocrx_word' id='word_1_95' title='bbox 2020 1298 2122 1336; x_wconf 91' lang='lat' dir='ltr'><strong>non</strong></span> 
     </span>
    </p>
   </div>
   <div class='ocr_carea' id='block_1_11' title="bbox 588 1358 2125 1444">
    <p class='ocr_par' dir='ltr' id='par_1_11' title="bbox 588 1358 2125 1444">
     <span class='ocr_line' id='line_1_11' title="bbox 588 1358 2125 1444; baseline -0.002 -14"><span class='ocrx_word' id='word_1_96' title='bbox 588 1385 771 1432; x_wconf 87' lang='lat' dir='ltr'><strong>timere</strong></span> <span class='ocrx_word' id='word_1_97' title='bbox 801 1379 934 1444; x_wconf 86' lang='lat' dir='ltr'><strong>quod</strong></span> <span class='ocrx_word' id='word_1_98' title='bbox 967 1380 1201 1440; x_wconf 87' lang='lat' dir='ltr'><strong>timebat,</strong></span> <span class='ocrx_word' id='word_1_99' title='bbox 1231 1378 1322 1432; x_wconf 85' lang='lat' dir='ltr'><strong>sed</strong></span> <span class='ocrx_word' id='word_1_100' title='bbox 1352 1358 1522 1443; x_wconf 72' lang='lat' dir='ltr'><strong>potius</strong></span> <span class='ocrx_word' id='word_1_101' title='bbox 1548 1387 1726 1440; x_wconf 82' lang='lat' dir='ltr'><strong>Optare</strong></span> <span class='ocrx_word' id='word_1_102' title='bbox 1752 1386 1808 1428; x_wconf 92' lang='lat' dir='ltr'><strong>ut</strong></span> <span class='ocrx_word' id='word_1_103' title='bbox 1838 1378 2009 1427; x_wconf 82' lang='lat' dir='ltr'><strong>veniat</strong></span> <span class='ocrx_word' id='word_1_104' title='bbox 2038 1376 2125 1427; x_wconf 92' lang='lat' dir='ltr'><strong>ille</strong></span> 
     </span>
    </p>
   </div>
   <div class='ocr_carea' id='block_1_12' title="bbox 588 1468 2126 1536">
    <p class='ocr_par' dir='ltr' id='par_1_12' title="bbox 588 1468 2126 1536">
     <span class='ocr_line' id='line_1_12' title="bbox 588 1468 2126 1536; baseline -0.001 -15"><span class='ocrx_word' id='word_1_105' title='bbox 588 1471 907 1523; x_wconf 80' lang='lat' dir='ltr'><strong>desideratus</strong></span> <span class='ocrx_word' id='word_1_106' title='bbox 933 1470 1134 1521; x_wconf 89' lang='lat' dir='ltr'><strong>cunctis</strong></span> <span class='ocrx_word' id='word_1_107' title='bbox 1159 1468 1423 1536; x_wconf 77' lang='lat' dir='ltr'><strong>gentibus,</strong></span> <span class='ocrx_word' id='word_1_108' title='bbox 1452 1482 1670 1532; x_wconf 86' lang='lat' dir='ltr'><strong>sperans</strong></span> <span class='ocrx_word' id='word_1_109' title='bbox 1700 1482 1757 1519; x_wconf 90' lang='lat' dir='ltr'><strong>se</strong></span> <span class='ocrx_word' id='word_1_110' title='bbox 1785 1482 1902 1518; x_wconf 88' lang='lat' dir='ltr'><strong>cum</strong></span> <span class='ocrx_word' id='word_1_111' title='bbox 1934 1471 2126 1520; x_wconf 85' lang='lat' dir='ltr'><strong>sanctis</strong></span> 
     </span>
    </p>
   </div>
   <div class='ocr_carea' id='block_1_13' title="bbox 588 1557 2123 1610">
    <p class='ocr_par' dir='ltr' id='par_1_13' title="bbox 588 1557 2123 1610">
     <span class='ocr_line' id='line_1_13' title="bbox 588 1557 2123 1610; baseline 0.001 -2"><span class='ocrx_word' id='word_1_112' title='bbox 588 1560 773 1610; x_wconf 85' lang='lat' dir='ltr'><strong>merito</strong></span> <span class='ocrx_word' id='word_1_113' title='bbox 805 1560 952 1610; x_wconf 67' lang='lat' dir='ltr'><strong>bona:</strong></span> <span class='ocrx_word' id='word_1_114' title='bbox 984 1558 1200 1610; x_wconf 88' lang='lat' dir='ltr'><strong>actionis</strong></span> <span class='ocrx_word' id='word_1_115' title='bbox 1229 1571 1344 1610; x_wconf 91' lang='lat' dir='ltr'><strong>esse</strong></span> <span class='ocrx_word' id='word_1_116' title='bbox 1369 1558 1753 1610; x_wconf 87' lang='lat' dir='ltr'><strong>coronandum.</strong></span> <span class='ocrx_word' id='word_1_117' title='bbox 1783 1557 1929 1610; x_wconf 87' lang='lat' dir='ltr'><strong>Unde</strong></span> <span class='ocrx_word' id='word_1_118' title='bbox 1949 1568 2123 1609; x_wconf 89' lang='lat' dir='ltr'><strong>autem</strong></span> 
     </span>
    </p>
   </div>
   <div class='ocr_carea' id='block_1_14' title="bbox 589 1646 2128 1714">
    <p class='ocr_par' dir='ltr' id='par_1_14' title="bbox 589 1646 2128 1714">
     <span class='ocr_line' id='line_1_14' title="bbox 589 1646 2128 1714; baseline 0 -15"><span class='ocrx_word' id='word_1_119' title='bbox 589 1648 828 1701; x_wconf 77' lang='lat' dir='ltr'><strong>ﬁduciam</strong></span> <span class='ocrx_word' id='word_1_120' title='bbox 873 1649 924 1700; x_wconf 87' lang='lat' dir='ltr'><strong>in</strong></span> <span class='ocrx_word' id='word_1_121' title='bbox 973 1647 1054 1699; x_wconf 89' lang='lat' dir='ltr'><strong>die</strong></span> <span class='ocrx_word' id='word_1_122' title='bbox 1088 1646 1271 1714; x_wconf 83' lang='lat' dir='ltr'><strong>judicii</strong></span> <span class='ocrx_word' id='word_1_123' title='bbox 1323 1648 1514 1700; x_wconf 83' lang='lat' dir='ltr'><strong>habere</strong></span> <span class='ocrx_word' id='word_1_124' title='bbox 1559 1661 1875 1714; x_wconf 84' lang='lat' dir='ltr'><strong>possumus,</strong></span> <span class='ocrx_word' id='word_1_125' title='bbox 1929 1647 2128 1714; x_wconf 82' lang='lat' dir='ltr'><strong>plenius</strong></span> 
     </span>
    </p>
   </div>
   <div class='ocr_carea' id='block_1_15' title="bbox 587 1735 1215 1788">
    <p class='ocr_par' dir='ltr' id='par_1_15' title="bbox 587 1735 1215 1788">
     <span class='ocr_line' id='line_1_15' title="bbox 587 1735 1215 1788; baseline -0.003 0"><span class='ocrx_word' id='word_1_126' title='bbox 587 1737 856 1788; x_wconf 77' lang='lat' dir='ltr'><strong>subdendo</strong></span> <span class='ocrx_word' id='word_1_127' title='bbox 887 1735 1177 1788; x_wconf 72' lang='lat' dir='ltr'><strong>manifestat</strong></span> <span class='ocrx_word' id='word_1_128' title='bbox 1204 1753 1215 1787; x_wconf 90' lang='lat'>:</span> 
     </span>
    </p>
   </div>
   <div class='ocr_carea' id='block_1_16' title="bbox 661 1825 2124 1889">
    <p class='ocr_par' dir='ltr' id='par_1_16' title="bbox 661 1825 2124 1889">
     <span class='ocr_line' id='line_1_16' title="bbox 661 1825 2124 1889; baseline 0.001 -14"><span class='ocrx_word' id='word_1_129' title='bbox 661 1825 791 1889; x_wconf 79' lang='lat' dir='ltr'><strong>Quia</strong></span> <span class='ocrx_word' id='word_1_130' title='bbox 835 1825 960 1877; x_wconf 81' lang='lat' dir='ltr'><strong>sicut</strong></span> <span class='ocrx_word' id='word_1_131' title='bbox 1010 1825 1094 1876; x_wconf 85' lang='lat' dir='ltr'><strong>ille</strong></span> <span class='ocrx_word' id='word_1_132' title='bbox 1139 1835 1252 1887; x_wconf 88' lang='lat' dir='ltr'><strong>est,</strong></span> <span class='ocrx_word' id='word_1_133' title='bbox 1299 1842 1343 1876; x_wconf 70' lang='lat' dir='ltr'><strong>ei</strong></span> <span class='ocrx_word' id='word_1_134' title='bbox 1390 1840 1478 1875; x_wconf 89' lang='lat' dir='ltr'><strong>nos</strong></span> <span class='ocrx_word' id='word_1_135' title='bbox 1516 1841 1686 1877; x_wconf 84' lang='lat' dir='ltr'><strong>sumus</strong></span> <span class='ocrx_word' id='word_1_136' title='bbox 1716 1825 1765 1877; x_wconf 87' lang='lat' dir='ltr'><strong>in</strong></span> <span class='ocrx_word' id='word_1_137' title='bbox 1793 1825 1884 1876; x_wconf 80' lang='lat' dir='ltr'><strong>hoc</strong></span> <span class='ocrx_word' id='word_1_138' title='bbox 1921 1827 2124 1878; x_wconf 85' lang='lat' dir='ltr'><strong>mundo.</strong></span> 
     </span>
    </p>
   </div>
   <div class='ocr_carea' id='block_1_17' title="bbox 2220 664 3740 737">
    <p class='ocr_par' dir='ltr' id='par_1_17' title="bbox 2220 664 3740 737">
     <span class='ocr_line' id='line_1_17' title="bbox 2220 664 3740 737; baseline 0.007 -24"><span class='ocrx_word' id='word_1_139' title='bbox 2220 673 2415 730; x_wconf 80' lang='lat' dir='ltr'><strong>optata,</strong></span> <span class='ocrx_word' id='word_1_140' title='bbox 2447 664 2514 716; x_wconf 89' lang='lat' dir='ltr'><strong>ita</strong></span> <span class='ocrx_word' id='word_1_141' title='bbox 2547 666 2787 718; x_wconf 88' lang='lat' dir='ltr'><strong>timorem</strong></span> <span class='ocrx_word' id='word_1_142' title='bbox 2819 667 3042 718; x_wconf 86' lang='lat' dir='ltr'><strong>charitas</strong></span> <span class='ocrx_word' id='word_1_143' title='bbox 3070 668 3363 719; x_wconf 82' lang='lat' dir='ltr'><strong>desiderata</strong></span> <span class='ocrx_word' id='word_1_144' title='bbox 3398 668 3740 737; x_wconf 70' lang='lat' dir='ltr'><strong>subsequatur.</strong></span> 
     </span>
    </p>
   </div>
   <div class='ocr_carea' id='block_1_18' title="bbox 2221 753 3745 819">
    <p class='ocr_par' dir='ltr' id='par_1_18' title="bbox 2221 753 3745 819">
     <span class='ocr_line' id='line_1_18' title="bbox 2221 753 3745 819; baseline 0.005 -14"><span class='ocrx_word' id='word_1_145' title='bbox 2221 753 2326 806; x_wconf 82' lang='lat' dir='ltr'><strong>Nec</strong></span> <span class='ocrx_word' id='word_1_146' title='bbox 2359 759 2528 819; x_wconf 85' lang='lat' dir='ltr'><strong>putari</strong></span> <span class='ocrx_word' id='word_1_147' title='bbox 2557 753 2711 807; x_wconf 84' lang='lat' dir='ltr'><strong>debet</strong></span> <span class='ocrx_word' id='word_1_148' title='bbox 2757 755 2838 806; x_wconf 88' lang='lat' dir='ltr'><strong>his</strong></span> <span class='ocrx_word' id='word_1_149' title='bbox 2877 758 3008 808; x_wconf 84' lang='lat' dir='ltr'><strong>beati</strong></span> <span class='ocrx_word' id='word_1_150' title='bbox 3048 755 3262 808; x_wconf 83' lang='lat' dir='ltr'><strong>Joannis</strong></span> <span class='ocrx_word' id='word_1_151' title='bbox 3301 757 3617 811; x_wconf 81' lang='lat' dir='ltr'><strong>sermonibus</strong></span> <span class='ocrx_word' id='word_1_152' title='bbox 3646 777 3745 813; x_wconf 66' lang='lat' dir='ltr'><strong>esse</strong></span> 
     </span>
    </p>
   </div>
   <div class='ocr_carea' id='block_1_19' title="bbox 2220 841 3742 909">
    <p class='ocr_par' dir='ltr' id='par_1_19' title="bbox 2220 841 3742 909">
     <span class='ocr_line' id='line_1_19' title="bbox 2220 841 3742 909; baseline 0.002 -17"><span class='ocrx_word' id='word_1_153' title='bbox 2220 844 2537 894; x_wconf 79' lang='lat' dir='ltr'><strong>contrarium</strong></span> <span class='ocrx_word' id='word_1_154' title='bbox 2563 843 2699 909; x_wconf 85' lang='lat' dir='ltr'><strong>quod</strong></span> <span class='ocrx_word' id='word_1_155' title='bbox 2731 841 2998 895; x_wconf 54' lang='lat' dir='ltr'><strong>Psalmista</strong></span> <span class='ocrx_word' id='word_1_156' title='bbox 3023 845 3143 896; x_wconf 86' lang='lat' dir='ltr'><strong>dicit</strong></span> <span class='ocrx_word' id='word_1_157' title='bbox 3169 861 3183 895; x_wconf 87' lang='lat'><strong>:</strong></span> <span class='ocrx_word' id='word_1_158' title='bbox 3223 843 3394 896; x_wconf 84' lang='lat' dir='ltr'><strong>Timor</strong></span> <span class='ocrx_word' id='word_1_159' title='bbox 3427 845 3618 897; x_wconf 77' lang='lat' dir='ltr'><strong>Domini</strong></span> <span class='ocrx_word' id='word_1_160' title='bbox 3644 867 3742 898; x_wconf 68' lang='grc' dir='ltr'><strong>σαπε-</strong></span> 
     </span>
    </p>
   </div>
   <div class='ocr_carea' id='block_1_20' title="bbox 2222 930 3745 997">
    <p class='ocr_par' dir='ltr' id='par_1_20' title="bbox 2222 930 3745 997">
     <span class='ocr_line' id='line_1_20' title="bbox 2222 930 3745 997; baseline 0.004 -17"><span class='ocrx_word' id='word_1_161' title='bbox 2222 938 2328 982; x_wconf 85' lang='lat' dir='ltr'><strong>ctus</strong></span> <span class='ocrx_word' id='word_1_162' title='bbox 2362 941 2611 996; x_wconf 85' lang='lat' dir='ltr'><strong>permanet</strong></span> <span class='ocrx_word' id='word_1_163' title='bbox 2639 933 2690 982; x_wconf 85' lang='lat' dir='ltr'><strong>in</strong></span> <span class='ocrx_word' id='word_1_164' title='bbox 2720 933 2953 982; x_wconf 83' lang='lat' dir='ltr'><strong>sceculum</strong></span> <span class='ocrx_word' id='word_1_165' title='bbox 2993 935 3163 984; x_wconf 79' lang='lat' dir='ltr'><strong>swculi</strong></span> <span class='ocrx_word' id='word_1_166' title='bbox 3205 930 3385 997; x_wconf 83' lang='lat' dir='ltr'><strong>(Psal.</strong></span> <span class='ocrx_word' id='word_1_167' title='bbox 3422 949 3540 985; x_wconf 75' lang='lat' dir='ltr'><strong>svnt</strong></span> <span class='ocrx_word' id='word_1_168' title='bbox 3565 937 3600 996; x_wconf 92' lang='lat'><strong>).</strong></span> <span class='ocrx_word' id='word_1_169' title='bbox 3651 934 3745 986; x_wconf 82' lang='lat' dir='ltr'><strong>Duo</strong></span> 
     </span>
    </p>
   </div>
   <div class='ocr_carea' id='block_1_21' title="bbox 2224 1021 3744 1089">
    <p class='ocr_par' dir='ltr' id='par_1_21' title="bbox 2224 1021 3744 1089">
     <span class='ocr_line' id='line_1_21' title="bbox 2224 1021 3744 1089; baseline 0.004 -19"><span class='ocrx_word' id='word_1_170' title='bbox 2224 1034 2444 1087; x_wconf 84' lang='lat' dir='ltr'><strong>namque</strong></span> <span class='ocrx_word' id='word_1_171' title='bbox 2491 1031 2612 1072; x_wconf 89' lang='lat' dir='ltr'><strong>sunt</strong></span> <span class='ocrx_word' id='word_1_172' title='bbox 2665 1021 2910 1073; x_wconf 86' lang='lat' dir='ltr'><strong>timores:</strong></span> <span class='ocrx_word' id='word_1_173' title='bbox 2969 1037 3100 1073; x_wconf 91' lang='lat' dir='ltr'><strong>unus</strong></span> <span class='ocrx_word' id='word_1_174' title='bbox 3147 1037 3250 1089; x_wconf 89' lang='lat' dir='ltr'><strong>quo</strong></span> <span class='ocrx_word' id='word_1_175' title='bbox 3299 1023 3481 1075; x_wconf 81' lang='lat' dir='ltr'><strong>timent</strong></span> <span class='ocrx_word' id='word_1_176' title='bbox 3530 1025 3744 1076; x_wconf 76' lang='lat' dir='ltr'><strong>homines</strong></span> 
     </span>
    </p>
   </div>
   <div class='ocr_carea' id='block_1_22' title="bbox 2225 1107 3746 1177">
    <p class='ocr_par' dir='ltr' id='par_1_22' title="bbox 2225 1107 3746 1177">
     <span class='ocr_line' id='line_1_22' title="bbox 2225 1107 3746 1177; baseline 0.005 -19"><span class='ocrx_word' id='word_1_177' title='bbox 2225 1107 2412 1171; x_wconf 90' lang='lat' dir='ltr'><strong>Deum,</strong></span> <span class='ocrx_word' id='word_1_178' title='bbox 2443 1123 2508 1161; x_wconf 90' lang='lat' dir='ltr'><strong>ne</strong></span> <span class='ocrx_word' id='word_1_179' title='bbox 2535 1109 2804 1161; x_wconf 87' lang='lat' dir='ltr'><strong>mittantur</strong></span> <span class='ocrx_word' id='word_1_180' title='bbox 2834 1111 2885 1162; x_wconf 91' lang='lat' dir='ltr'><strong>in</strong></span> <span class='ocrx_word' id='word_1_181' title='bbox 2915 1110 3237 1177; x_wconf 81' lang='lat' dir='ltr'><strong>gehennam;</strong></span> <span class='ocrx_word' id='word_1_182' title='bbox 3271 1111 3381 1174; x_wconf 87' lang='lat' dir='ltr'><strong>ipse</strong></span> <span class='ocrx_word' id='word_1_183' title='bbox 3410 1122 3488 1163; x_wconf 72' lang='lat' dir='ltr'><strong>est</strong></span> <span class='ocrx_word' id='word_1_184' title='bbox 3511 1114 3656 1164; x_wconf 84' lang='lat' dir='ltr'><strong>timor</strong></span> <span class='ocrx_word' id='word_1_185' title='bbox 3678 1117 3746 1165; x_wconf 85' lang='lat' dir='ltr'><strong>ille</strong></span> 
     </span>
    </p>
   </div>
   <div class='ocr_carea' id='block_1_23' title="bbox 2223 1197 3742 1263">
    <p class='ocr_par' dir='ltr' id='par_1_23' title="bbox 2223 1197 3742 1263">
     <span class='ocr_line' id='line_1_23' title="bbox 2223 1197 3742 1263; baseline 0.003 -17"><span class='ocrx_word' id='word_1_186' title='bbox 2223 1197 2309 1263; x_wconf 90' lang='lat' dir='ltr'><strong>qui</strong></span> <span class='ocrx_word' id='word_1_187' title='bbox 2340 1197 2618 1250; x_wconf 77' lang='lat' dir='ltr'><strong>introducit</strong></span> <span class='ocrx_word' id='word_1_188' title='bbox 2646 1198 2971 1260; x_wconf 79' lang='lat' dir='ltr'><strong>cliaritatem,</strong></span> <span class='ocrx_word' id='word_1_189' title='bbox 3013 1199 3101 1250; x_wconf 91' lang='lat' dir='ltr'><strong>sed</strong></span> <span class='ocrx_word' id='word_1_190' title='bbox 3143 1199 3217 1249; x_wconf 90' lang='lat' dir='ltr'><strong>sic</strong></span> <span class='ocrx_word' id='word_1_191' title='bbox 3249 1199 3388 1251; x_wconf 71' lang='lat' dir='ltr'><strong>venit</strong></span> <span class='ocrx_word' id='word_1_192' title='bbox 3419 1208 3471 1251; x_wconf 89' lang='lat' dir='ltr'><strong>ut</strong></span> <span class='ocrx_word' id='word_1_193' title='bbox 3497 1213 3663 1252; x_wconf 78' lang='lat' dir='ltr'><strong>exeat.</strong></span> <span class='ocrx_word' id='word_1_194' title='bbox 3701 1203 3742 1252; x_wconf 71' lang='grc' dir='ltr'><strong>δε</strong></span> 
     </span>
    </p>
   </div>
   <div class='ocr_carea' id='block_1_24' title="bbox 2225 1286 3745 1353">
    <p class='ocr_par' dir='ltr' id='par_1_24' title="bbox 2225 1286 3745 1353">
     <span class='ocr_line' id='line_1_24' title="bbox 2225 1286 3745 1353; baseline -0.001 -16"><span class='ocrx_word' id='word_1_195' title='bbox 2225 1286 2362 1337; x_wconf 88' lang='lat' dir='ltr'><strong>enim</strong></span> <span class='ocrx_word' id='word_1_196' title='bbox 2405 1286 2574 1337; x_wconf 88' lang='lat' dir='ltr'><strong>adhuc</strong></span> <span class='ocrx_word' id='word_1_197' title='bbox 2617 1297 2831 1353; x_wconf 72' lang='lat' dir='ltr'><strong>promer</strong></span> <span class='ocrx_word' id='word_1_198' title='bbox 2878 1301 3054 1350; x_wconf 68' lang='lat' dir='ltr'><strong>licetias</strong></span> <span class='ocrx_word' id='word_1_199' title='bbox 3104 1286 3252 1338; x_wconf 81' lang='lat' dir='ltr'><strong>times</strong></span> <span class='ocrx_word' id='word_1_200' title='bbox 3302 1287 3459 1338; x_wconf 83' lang='lat' dir='ltr'><strong>beuin</strong></span> <span class='ocrx_word' id='word_1_201' title='bbox 3487 1327 3500 1349; x_wconf 91' lang='lat'><strong>,</strong></span> <span class='ocrx_word' id='word_1_202' title='bbox 3538 1290 3745 1342; x_wconf 75' lang='lat' dir='ltr'><strong>nondum</strong></span> 
     </span>
    </p>
   </div>
   <div class='ocr_carea' id='block_1_25' title="bbox 2228 1375 3740 1441">
    <p class='ocr_par' dir='ltr' id='par_1_25' title="bbox 2228 1375 3740 1441">
     <span class='ocr_line' id='line_1_25' title="bbox 2228 1375 3740 1441; baseline 0.002 -17"><span class='ocrx_word' id='word_1_203' title='bbox 2228 1388 2371 1428; x_wconf 68' lang='lat' dir='ltr'><strong>antas</strong></span> <span class='ocrx_word' id='word_1_204' title='bbox 2402 1390 2561 1441; x_wconf 74' lang='lat' dir='ltr'><strong>quem</strong></span> <span class='ocrx_word' id='word_1_205' title='bbox 2581 1376 2657 1428; x_wconf 92' lang='lat' dir='ltr'><strong>sic</strong></span> <span class='ocrx_word' id='word_1_206' title='bbox 2687 1375 2870 1438; x_wconf 86' lang='lat' dir='ltr'><strong>times;</strong></span> <span class='ocrx_word' id='word_1_207' title='bbox 2904 1391 3003 1427; x_wconf 92' lang='lat' dir='ltr'><strong>non</strong></span> <span class='ocrx_word' id='word_1_208' title='bbox 3036 1378 3165 1428; x_wconf 89' lang='lat' dir='ltr'><strong>bona</strong></span> <span class='ocrx_word' id='word_1_209' title='bbox 3196 1376 3482 1437; x_wconf 83' lang='lat' dir='ltr'><strong>desideras,</strong></span> <span class='ocrx_word' id='word_1_210' title='bbox 3512 1379 3598 1430; x_wconf 90' lang='lat' dir='ltr'><strong>sed</strong></span> <span class='ocrx_word' id='word_1_211' title='bbox 3626 1380 3740 1428; x_wconf 84' lang='lat' dir='ltr'><strong>maia</strong></span> 
     </span>
    </p>
   </div>
   <div class='ocr_carea' id='block_1_26' title="bbox 2227 1463 3744 1530">
    <p class='ocr_par' dir='ltr' id='par_1_26' title="bbox 2227 1463 3744 1530">
     <span class='ocr_line' id='line_1_26' title="bbox 2227 1463 3744 1530; baseline 0.001 -18"><span class='ocrx_word' id='word_1_212' title='bbox 2227 1477 2378 1514; x_wconf 72' lang='lat' dir='ltr'><strong>caves</strong></span> <span class='ocrx_word' id='word_1_213' title='bbox 2405 1479 2417 1524; x_wconf 89' lang='lat'><strong>;</strong></span> <span class='ocrx_word' id='word_1_214' title='bbox 2448 1464 2538 1514; x_wconf 88' lang='lat' dir='ltr'><strong>sed</strong></span> <span class='ocrx_word' id='word_1_215' title='bbox 2572 1479 2636 1514; x_wconf 82' lang='lat' dir='ltr'><strong>ex</strong></span> <span class='ocrx_word' id='word_1_216' title='bbox 2663 1478 2724 1518; x_wconf 88' lang='lat' dir='ltr'><strong>eo</strong></span> <span class='ocrx_word' id='word_1_217' title='bbox 2747 1465 2882 1530; x_wconf 90' lang='lat' dir='ltr'><strong>quod</strong></span> <span class='ocrx_word' id='word_1_218' title='bbox 2911 1463 3042 1514; x_wconf 89' lang='lat' dir='ltr'><strong>mala</strong></span> <span class='ocrx_word' id='word_1_219' title='bbox 3073 1478 3243 1523; x_wconf 81' lang='lat' dir='ltr'><strong>caves,</strong></span> <span class='ocrx_word' id='word_1_220' title='bbox 3278 1465 3493 1530; x_wconf 83' lang='lat' dir='ltr'><strong>corrigis</strong></span> <span class='ocrx_word' id='word_1_221' title='bbox 3520 1475 3585 1528; x_wconf 87' lang='lat' dir='ltr'><strong>te,</strong></span> <span class='ocrx_word' id='word_1_222' title='bbox 3613 1473 3661 1516; x_wconf 77' lang='lat' dir='ltr'><strong>et</strong></span> <span class='ocrx_word' id='word_1_223' title='bbox 3683 1466 3744 1515; x_wconf 86' lang='lat' dir='ltr'><strong>iu-</strong></span> 
     </span>
    </p>
   </div>
   <div class='ocr_carea' id='block_1_27' title="bbox 2226 1551 3742 1620">
    <p class='ocr_par' dir='ltr' id='par_1_27' title="bbox 2226 1551 3742 1620">
     <span class='ocr_line' id='line_1_27' title="bbox 2226 1551 3742 1620; baseline 0.001 -18"><span class='ocrx_word' id='word_1_224' title='bbox 2226 1553 2354 1619; x_wconf 84' lang='lat' dir='ltr'><strong>cipis</strong></span> <span class='ocrx_word' id='word_1_225' title='bbox 2381 1552 2512 1604; x_wconf 91' lang='lat' dir='ltr'><strong>boua</strong></span> <span class='ocrx_word' id='word_1_226' title='bbox 2541 1552 2860 1606; x_wconf 73' lang='lat' dir='ltr'><strong>desiderare.</strong></span> <span class='ocrx_word' id='word_1_227' title='bbox 2887 1551 3013 1604; x_wconf 88' lang='lat' dir='ltr'><strong>Cum</strong></span> <span class='ocrx_word' id='word_1_228' title='bbox 3043 1553 3172 1606; x_wconf 88' lang='lat' dir='ltr'><strong>bona</strong></span> <span class='ocrx_word' id='word_1_229' title='bbox 3197 1552 3496 1605; x_wconf 88' lang='lat' dir='ltr'><strong>desiderare</strong></span> <span class='ocrx_word' id='word_1_230' title='bbox 3523 1558 3742 1620; x_wconf 61' lang='lat' dir='ltr'><strong>carperis.</strong></span> 
     </span>
    </p>
   </div>
   <div class='ocr_carea' id='block_1_28' title="bbox 2229 1642 3742 1708">
    <p class='ocr_par' dir='ltr' id='par_1_28' title="bbox 2229 1642 3742 1708">
     <span class='ocr_line' id='line_1_28' title="bbox 2229 1642 3742 1708; baseline -0.001 -14"><span class='ocrx_word' id='word_1_231' title='bbox 2229 1645 2324 1694; x_wconf 81' lang='lat' dir='ltr'><strong>erit</strong></span> <span class='ocrx_word' id='word_1_232' title='bbox 2351 1642 2403 1694; x_wconf 89' lang='lat' dir='ltr'><strong>in</strong></span> <span class='ocrx_word' id='word_1_233' title='bbox 2445 1653 2493 1696; x_wconf 89' lang='lat' dir='ltr'><strong>te</strong></span> <span class='ocrx_word' id='word_1_234' title='bbox 2531 1656 2741 1695; x_wconf 87' lang='lat' dir='ltr'><strong>sanctus</strong></span> <span class='ocrx_word' id='word_1_235' title='bbox 2779 1643 2865 1696; x_wconf 84' lang='lat' dir='ltr'><strong>ille</strong></span> <span class='ocrx_word' id='word_1_236' title='bbox 2904 1647 3093 1705; x_wconf 85' lang='lat' dir='ltr'><strong>timor,</strong></span> <span class='ocrx_word' id='word_1_237' title='bbox 3137 1643 3335 1696; x_wconf 84' lang='lat' dir='ltr'><strong>scilicet</strong></span> <span class='ocrx_word' id='word_1_238' title='bbox 3375 1659 3439 1696; x_wconf 88' lang='lat' dir='ltr'><strong>ne</strong></span> <span class='ocrx_word' id='word_1_239' title='bbox 3477 1645 3576 1708; x_wconf 81' lang='lat' dir='ltr'><strong>ipsa</strong></span> <span class='ocrx_word' id='word_1_240' title='bbox 3629 1647 3742 1696; x_wconf 77' lang='lat' dir='ltr'><strong>bona</strong></span> 
     </span>
    </p>
   </div>
   <div class='ocr_carea' id='block_1_29' title="bbox 2230 1732 3744 1799">
    <p class='ocr_par' dir='ltr' id='par_1_29' title="bbox 2230 1732 3744 1799">
     <span class='ocr_line' id='line_1_29' title="bbox 2230 1732 3744 1799; baseline 0 -15"><span class='ocrx_word' id='word_1_241' title='bbox 2230 1732 2457 1798; x_wconf 85' lang='lat' dir='ltr'><strong>amittas,</strong></span> <span class='ocrx_word' id='word_1_242' title='bbox 2491 1747 2592 1784; x_wconf 89' lang='lat' dir='ltr'><strong>non</strong></span> <span class='ocrx_word' id='word_1_243' title='bbox 2623 1742 2676 1784; x_wconf 87' lang='lat' dir='ltr'><strong>ut</strong></span> <span class='ocrx_word' id='word_1_244' title='bbox 2703 1747 2803 1784; x_wconf 91' lang='lat' dir='ltr'><strong>non</strong></span> <span class='ocrx_word' id='word_1_245' title='bbox 2835 1733 3056 1786; x_wconf 85' lang='lat' dir='ltr'><strong>mittaris</strong></span> <span class='ocrx_word' id='word_1_246' title='bbox 3084 1734 3132 1784; x_wconf 91' lang='lat' dir='ltr'><strong>in</strong></span> <span class='ocrx_word' id='word_1_247' title='bbox 3168 1732 3482 1799; x_wconf 79' lang='lat' dir='ltr'><strong>gehennam,</strong></span> <span class='ocrx_word' id='word_1_248' title='bbox 3513 1735 3595 1786; x_wconf 75' lang='lat' dir='ltr'><strong>sed</strong></span> <span class='ocrx_word' id='word_1_249' title='bbox 3624 1751 3681 1784; x_wconf 84' lang='lat' dir='ltr'><strong>ne</strong></span> <span class='ocrx_word' id='word_1_250' title='bbox 3708 1747 3744 1784; x_wconf 72' lang='lat' dir='ltr'><strong>te</strong></span> 
     </span>
    </p>
   </div>
   <div class='ocr_carea' id='block_1_30' title="bbox 2230 1821 3742 1892">
    <p class='ocr_par' dir='ltr' id='par_1_30' title="bbox 2230 1821 3742 1892">
     <span class='ocr_line' id='line_1_30' title="bbox 2230 1821 3742 1892; baseline 0 -18"><span class='ocrx_word' id='word_1_251' title='bbox 2230 1821 2436 1876; x_wconf 87' lang='lat' dir='ltr'><strong>deserat</strong></span> <span class='ocrx_word' id='word_1_252' title='bbox 2467 1824 2743 1890; x_wconf 63' lang='lat' dir='ltr'><strong>prasentia</strong></span> <span class='ocrx_word' id='word_1_253' title='bbox 2777 1824 2979 1877; x_wconf 83' lang='lat' dir='ltr'><strong>Domini</strong></span> <span class='ocrx_word' id='word_1_254' title='bbox 3009 1840 3160 1892; x_wconf 87' lang='lat' dir='ltr'><strong>quem</strong></span> <span class='ocrx_word' id='word_1_255' title='bbox 3187 1825 3511 1890; x_wconf 62' lang='lat' dir='ltr'><strong>amplecteris</strong></span> <span class='ocrx_word' id='word_1_256' title='bbox 3534 1865 3546 1888; x_wconf 85' lang='lat'><strong>,</strong></span> <span class='ocrx_word' id='word_1_257' title='bbox 3575 1841 3672 1892; x_wconf 88' lang='lat' dir='ltr'><strong>quo</strong></span> <span class='ocrx_word' id='word_1_258' title='bbox 3703 1826 3742 1875; x_wconf 87' lang='lat' dir='ltr'><strong>iu</strong></span> 
     </span>
    </p>
   </div>
   <div class='ocr_carea' id='block_1_31' title="bbox 590 1897 2935 1984">
    <p class='ocr_par' dir='ltr' id='par_1_31' title="bbox 590 1897 2935 1984">
     <span class='ocr_line' id='line_1_31' title="bbox 590 1897 2935 1984; baseline -0.002 -16"><span class='ocrx_word' id='word_1_259' title='bbox 590 1916 824 1984; x_wconf 74' lang='lat' dir='ltr'><strong>Nunquid</strong></span> <span class='ocrx_word' id='word_1_260' title='bbox 858 1930 977 1967; x_wconf 74' lang='lat' dir='ltr'><strong>vero</strong></span> <span class='ocrx_word' id='word_1_261' title='bbox 1007 1925 1175 1980; x_wconf 73' lang='lat' dir='ltr'><strong>pUltsl</strong></span> <span class='ocrx_word' id='word_1_262' title='bbox 1199 1929 1317 1968; x_wconf 87' lang='lat' dir='ltr'><strong>esse</strong></span> <span class='ocrx_word' id='word_1_263' title='bbox 1349 1916 1507 1967; x_wconf 89' lang='lat' dir='ltr'><strong>homo</strong></span> <span class='ocrx_word' id='word_1_264' title='bbox 1536 1917 1670 1968; x_wconf 83' lang='lat' dir='ltr'><strong>sicut</strong></span> <span class='ocrx_word' id='word_1_265' title='bbox 1704 1915 1870 1968; x_wconf 79' lang='lat' dir='ltr'><strong>Deus?</strong></span> <span class='ocrx_word' id='word_1_266' title='bbox 1893 1917 1992 1970; x_wconf 90' lang='lat' dir='ltr'><strong>Sed</strong></span> <span class='ocrx_word' id='word_1_267' title='bbox 2023 1931 2131 1968; x_wconf 85' lang='lat' dir='ltr'><strong>me-</strong></span> <span class='ocrx_word' id='word_1_268' title='bbox 2161 1897 2206 1956; x_wconf 73' lang='grc' dir='ltr'><strong>Β</strong></span> <span class='ocrx_word' id='word_1_269' title='bbox 2233 1922 2483 1979; x_wconf 62' lang='lat' dir='ltr'><strong>aeternum</strong></span> <span class='ocrx_word' id='word_1_270' title='bbox 2516 1912 2616 1964; x_wconf 91' lang='lat' dir='ltr'><strong>frui</strong></span> <span class='ocrx_word' id='word_1_271' title='bbox 2645 1912 2935 1965; x_wconf 84' lang='lat' dir='ltr'><strong>desideras.</strong></span> 
     </span>
    </p>
   </div>
   <div class='ocr_carea' id='block_1_32' title="bbox 586 2004 2129 2071">
    <p class='ocr_par' dir='ltr' id='par_1_32' title="bbox 586 2004 2129 2071">
     <span class='ocr_line' id='line_1_32' title="bbox 586 2004 2129 2071; baseline 0 -13"><span class='ocrx_word' id='word_1_272' title='bbox 586 2007 805 2058; x_wconf 82' lang='lat' dir='ltr'><strong>minisse</strong></span> <span class='ocrx_word' id='word_1_273' title='bbox 833 2014 1041 2071; x_wconf 83' lang='lat' dir='ltr'><strong>Oportet</strong></span> <span class='ocrx_word' id='word_1_274' title='bbox 1069 2004 1203 2070; x_wconf 86' lang='lat' dir='ltr'><strong>quod</strong></span> <span class='ocrx_word' id='word_1_275' title='bbox 1231 2013 1288 2056; x_wconf 87' lang='lat' dir='ltr'><strong>et.</strong></span> <span class='ocrx_word' id='word_1_276' title='bbox 1313 2018 1474 2069; x_wconf 80' lang='lat' dir='ltr'><strong>supra</strong></span> <span class='ocrx_word' id='word_1_277' title='bbox 1506 2006 1698 2057; x_wconf 89' lang='lat' dir='ltr'><strong>dictum</strong></span> <span class='ocrx_word' id='word_1_278' title='bbox 1730 2017 1809 2056; x_wconf 82' lang='lat' dir='ltr'><strong>est</strong></span> <span class='ocrx_word' id='word_1_279' title='bbox 1835 2044 1849 2065; x_wconf 90' lang='lat'>.</span> <span class='ocrx_word' id='word_1_280' title='bbox 1879 2007 1997 2071; x_wconf 90' lang='lat' dir='ltr'><strong>quia</strong></span> <span class='ocrx_word' id='word_1_281' title='bbox 2028 2020 2129 2058; x_wconf 91' lang='lat' dir='ltr'><strong>non</strong></span> 
     </span>
    </p>
   </div>
   <div class='ocr_carea' id='block_1_33' title="bbox 594 2093 2131 2162">
    <p class='ocr_par' dir='ltr' id='par_1_33' title="bbox 594 2093 2131 2162">
     <span class='ocr_line' id='line_1_33' title="bbox 594 2093 2131 2162; baseline 0 -16"><span class='ocrx_word' id='word_1_282' title='bbox 594 2110 797 2162; x_wconf 67' lang='lat' dir='ltr'><strong>semper</strong></span> <span class='ocrx_word' id='word_1_283' title='bbox 823 2097 884 2146; x_wconf 82' lang='lat' dir='ltr'><strong>ad</strong></span> <span class='ocrx_word' id='word_1_284' title='bbox 918 2094 1263 2160; x_wconf 71' lang='lat' dir='ltr'><strong>aequalitatem</strong></span> <span class='ocrx_word' id='word_1_285' title='bbox 1295 2093 1483 2147; x_wconf 86' lang='lat' dir='ltr'><strong>dicitur</strong></span> <span class='ocrx_word' id='word_1_286' title='bbox 1515 2095 1690 2156; x_wconf 81' lang='lat' dir='ltr'><strong>Sicut,</strong></span> <span class='ocrx_word' id='word_1_287' title='bbox 1731 2095 1822 2147; x_wconf 89' lang='lat' dir='ltr'><strong>sed</strong></span> <span class='ocrx_word' id='word_1_288' title='bbox 1850 2095 2040 2148; x_wconf 89' lang='lat' dir='ltr'><strong>dicitur</strong></span> <span class='ocrx_word' id='word_1_289' title='bbox 2069 2095 2131 2146; x_wconf 90' lang='lat' dir='ltr'><strong>ad</strong></span> 
     </span>
    </p>
   </div>
   <div class='ocr_carea' id='block_1_34' title="bbox 593 2184 2134 2251">
    <p class='ocr_par' dir='ltr' id='par_1_34' title="bbox 593 2184 2134 2251">
     <span class='ocr_line' id='line_1_34' title="bbox 593 2184 2134 2251; baseline 0.003 -18"><span class='ocrx_word' id='word_1_290' title='bbox 593 2186 869 2251; x_wconf 88' lang='lat' dir='ltr'><strong>quamdam</strong></span> <span class='ocrx_word' id='word_1_291' title='bbox 901 2184 1310 2237; x_wconf 80' lang='lat' dir='ltr'><strong>similitmliuetn.</strong></span> <span class='ocrx_word' id='word_1_292' title='bbox 1351 2184 1570 2247; x_wconf 83' lang='lat' dir='ltr'><strong>Quando</strong></span> <span class='ocrx_word' id='word_1_293' title='bbox 1598 2185 1736 2237; x_wconf 90' lang='lat' dir='ltr'><strong>enim</strong></span> <span class='ocrx_word' id='word_1_294' title='bbox 1779 2184 1946 2237; x_wconf 85' lang='lat' dir='ltr'><strong>dicis:</strong></span> <span class='ocrx_word' id='word_1_295' title='bbox 1987 2184 2134 2239; x_wconf 90' lang='lat' dir='ltr'><strong>Sicut</strong></span> 
     </span>
    </p>
   </div>
   <div class='ocr_carea' id='block_1_35' title="bbox 593 2275 2132 2346">
    <p class='ocr_par' dir='ltr' id='par_1_35' title="bbox 593 2275 2132 2346">
     <span class='ocr_line' id='line_1_35' title="bbox 593 2275 2132 2346; baseline 0.006 -22"><span class='ocrx_word' id='word_1_296' title='bbox 593 2289 748 2326; x_wconf 71' lang='lat' dir='ltr'><strong>suros</strong></span> <span class='ocrx_word' id='word_1_297' title='bbox 780 2277 959 2338; x_wconf 86' lang='lat' dir='ltr'><strong>habeo,</strong></span> <span class='ocrx_word' id='word_1_298' title='bbox 1011 2277 1080 2330; x_wconf 90' lang='lat' dir='ltr'><strong>ita</strong></span> <span class='ocrx_word' id='word_1_299' title='bbox 1121 2276 1274 2329; x_wconf 88' lang='lat' dir='ltr'><strong>habet</strong></span> <span class='ocrx_word' id='word_1_300' title='bbox 1304 2287 1355 2330; x_wconf 88' lang='lat' dir='ltr'><strong>et</strong></span> <span class='ocrx_word' id='word_1_301' title='bbox 1388 2275 1560 2346; x_wconf 78' lang='lat' dir='ltr'><strong>imago</strong></span> <span class='ocrx_word' id='word_1_302' title='bbox 1584 2319 1597 2340; x_wconf 92' lang='lat'><strong>,</strong></span> <span class='ocrx_word' id='word_1_303' title='bbox 1653 2279 1882 2346; x_wconf 89' lang='lat' dir='ltr'><strong>nunquid</strong></span> <span class='ocrx_word' id='word_1_304' title='bbox 1920 2280 2132 2333; x_wconf 89' lang='lat' dir='ltr'><strong>omnino</strong></span> 
     </span>
    </p>
   </div>
   <div class='ocr_carea' id='block_1_36' title="bbox 595 2366 2133 2436">
    <p class='ocr_par' dir='ltr' id='par_1_36' title="bbox 595 2366 2133 2436">
     <span class='ocr_line' id='line_1_36' title="bbox 595 2366 2133 2436; baseline 0.005 -20"><span class='ocrx_word' id='word_1_305' title='bbox 595 2366 711 2417; x_wconf 78' lang='lat' dir='ltr'><strong>sic?</strong></span> <span class='ocrx_word' id='word_1_306' title='bbox 759 2367 860 2420; x_wconf 89' lang='lat' dir='ltr'><strong>Sed</strong></span> <span class='ocrx_word' id='word_1_307' title='bbox 891 2379 1058 2418; x_wconf 87' lang='lat' dir='ltr'><strong>tamen</strong></span> <span class='ocrx_word' id='word_1_308' title='bbox 1089 2367 1221 2420; x_wconf 82' lang='lat' dir='ltr'><strong>dicis</strong></span> <span class='ocrx_word' id='word_1_309' title='bbox 1249 2369 1391 2419; x_wconf 82' lang='lat' dir='ltr'><strong>sicut.</strong></span> <span class='ocrx_word' id='word_1_310' title='bbox 1442 2366 1496 2422; x_wconf 88' lang='lat' dir='ltr'><strong>Si</strong></span> <span class='ocrx_word' id='word_1_311' title='bbox 1526 2382 1654 2436; x_wconf 82' lang='lat' dir='ltr'><strong>ergo</strong></span> <span class='ocrx_word' id='word_1_312' title='bbox 1695 2368 1812 2421; x_wconf 85' lang='lat' dir='ltr'><strong>facti</strong></span> <span class='ocrx_word' id='word_1_313' title='bbox 1852 2385 2031 2422; x_wconf 88' lang='lat' dir='ltr'><strong>sumus</strong></span> <span class='ocrx_word' id='word_1_314' title='bbox 2069 2371 2133 2423; x_wconf 91' lang='lat' dir='ltr'><strong>ad</strong></span> 
     </span>
    </p>
   </div>
   <div class='ocr_carea' id='block_1_37' title="bbox 600 2457 2134 2524">
    <p class='ocr_par' dir='ltr' id='par_1_37' title="bbox 600 2457 2134 2524">
     <span class='ocr_line' id='line_1_37' title="bbox 600 2457 2134 2524; baseline 0.006 -20"><span class='ocrx_word' id='word_1_315' title='bbox 600 2460 874 2524; x_wconf 71' lang='lat' dir='ltr'><strong>iiiiagiucm</strong></span> <span class='ocrx_word' id='word_1_316' title='bbox 909 2457 1021 2516; x_wconf 85' lang='lat' dir='ltr'><strong>Dei.</strong></span> <span class='ocrx_word' id='word_1_317' title='bbox 1052 2470 1214 2523; x_wconf 87' lang='lat' dir='ltr'><strong>quare</strong></span> <span class='ocrx_word' id='word_1_318' title='bbox 1244 2472 1347 2510; x_wconf 87' lang='lat' dir='ltr'><strong>nou</strong></span> <span class='ocrx_word' id='word_1_319' title='bbox 1379 2458 1511 2509; x_wconf 90' lang='lat' dir='ltr'><strong>sicut</strong></span> <span class='ocrx_word' id='word_1_320' title='bbox 1538 2457 1672 2510; x_wconf 87' lang='lat' dir='ltr'><strong>Detts</strong></span> <span class='ocrx_word' id='word_1_321' title='bbox 1701 2459 1915 2511; x_wconf 81' lang='lat' dir='ltr'><strong>sumus?</strong></span> <span class='ocrx_word' id='word_1_322' title='bbox 1945 2474 2045 2512; x_wconf 89' lang='lat' dir='ltr'><strong>non</strong></span> <span class='ocrx_word' id='word_1_323' title='bbox 2070 2461 2134 2513; x_wconf 89' lang='lat' dir='ltr'><strong>ad</strong></span> 
     </span>
    </p>
   </div>
   <div class='ocr_carea' id='block_1_38' title="bbox 596 2545 2136 2616">
    <p class='ocr_par' dir='ltr' id='par_1_38' title="bbox 596 2545 2136 2616">
     <span class='ocr_line' id='line_1_38' title="bbox 596 2545 2136 2616; baseline 0.003 -20"><span class='ocrx_word' id='word_1_324' title='bbox 596 2547 966 2610; x_wconf 66' lang='lat' dir='ltr'><strong>aequalitatem,</strong></span> <span class='ocrx_word' id='word_1_325' title='bbox 995 2548 1084 2598; x_wconf 87' lang='lat' dir='ltr'><strong>sed</strong></span> <span class='ocrx_word' id='word_1_326' title='bbox 1116 2563 1208 2611; x_wconf 82' lang='lat' dir='ltr'><strong>pro</strong></span> <span class='ocrx_word' id='word_1_327' title='bbox 1235 2545 1390 2598; x_wconf 89' lang='lat' dir='ltr'><strong>modo</strong></span> <span class='ocrx_word' id='word_1_328' title='bbox 1417 2555 1616 2600; x_wconf 89' lang='lat' dir='ltr'><strong>nostro.</strong></span> <span class='ocrx_word' id='word_1_329' title='bbox 1662 2548 1787 2600; x_wconf 77' lang='lat' dir='ltr'><strong>inde</strong></span> <span class='ocrx_word' id='word_1_330' title='bbox 1829 2563 1956 2616; x_wconf 76' lang='lat' dir='ltr'><strong>ergo</strong></span> <span class='ocrx_word' id='word_1_331' title='bbox 1985 2548 2136 2601; x_wconf 90' lang='lat' dir='ltr'><strong>nobis</strong></span> 
     </span>
    </p>
   </div>
   <div class='ocr_carea' id='block_1_39' title="bbox 597 2635 2136 2704">
    <p class='ocr_par' dir='ltr' id='par_1_39' title="bbox 597 2635 2136 2704">
     <span class='ocr_line' id='line_1_39' title="bbox 597 2635 2136 2704; baseline 0.004 -19"><span class='ocrx_word' id='word_1_332' title='bbox 597 2638 748 2687; x_wconf 88' lang='lat' dir='ltr'><strong>datur</strong></span> <span class='ocrx_word' id='word_1_333' title='bbox 784 2637 968 2688; x_wconf 81' lang='lat' dir='ltr'><strong>lidueia</strong></span> <span class='ocrx_word' id='word_1_334' title='bbox 999 2637 1046 2687; x_wconf 91' lang='lat' dir='ltr'><strong>in</strong></span> <span class='ocrx_word' id='word_1_335' title='bbox 1072 2635 1158 2690; x_wconf 88' lang='lat' dir='ltr'><strong>die</strong></span> <span class='ocrx_word' id='word_1_336' title='bbox 1181 2636 1384 2704; x_wconf 85' lang='lat' dir='ltr'><strong>judicii,</strong></span> <span class='ocrx_word' id='word_1_337' title='bbox 1409 2639 1530 2703; x_wconf 83' lang='lat' dir='ltr'><strong>quia</strong></span> <span class='ocrx_word' id='word_1_338' title='bbox 1570 2637 1705 2689; x_wconf 89' lang='lat' dir='ltr'><strong>sicut</strong></span> <span class='ocrx_word' id='word_1_339' title='bbox 1732 2638 1819 2690; x_wconf 89' lang='lat' dir='ltr'><strong>ille</strong></span> <span class='ocrx_word' id='word_1_340' title='bbox 1845 2648 1942 2699; x_wconf 83' lang='lat' dir='ltr'><strong>cst,</strong></span> <span class='ocrx_word' id='word_1_341' title='bbox 1970 2649 2021 2691; x_wconf 89' lang='lat' dir='ltr'><strong>et</strong></span> <span class='ocrx_word' id='word_1_342' title='bbox 2043 2654 2136 2692; x_wconf 89' lang='lat' dir='ltr'><strong>nos</strong></span> 
     </span>
    </p>
   </div>
   <div class='ocr_carea' id='block_1_40' title="bbox 602 2726 2134 2794">
    <p class='ocr_par' dir='ltr' id='par_1_40' title="bbox 602 2726 2134 2794">
     <span class='ocr_line' id='line_1_40' title="bbox 602 2726 2134 2794; baseline 0.001 -17"><span class='ocrx_word' id='word_1_343' title='bbox 602 2742 776 2778; x_wconf 76' lang='lat' dir='ltr'><strong>sumus</strong></span> <span class='ocrx_word' id='word_1_344' title='bbox 796 2727 845 2777; x_wconf 91' lang='lat' dir='ltr'><strong>in</strong></span> <span class='ocrx_word' id='word_1_345' title='bbox 871 2727 968 2779; x_wconf 90' lang='lat' dir='ltr'><strong>hoc</strong></span> <span class='ocrx_word' id='word_1_346' title='bbox 991 2727 1204 2790; x_wconf 88' lang='lat' dir='ltr'><strong>mundo,</strong></span> <span class='ocrx_word' id='word_1_347' title='bbox 1231 2727 1481 2780; x_wconf 83' lang='lat' dir='ltr'><strong>imitando</strong></span> <span class='ocrx_word' id='word_1_348' title='bbox 1499 2726 1742 2780; x_wconf 78' lang='lat' dir='ltr'><strong>videlicet</strong></span> <span class='ocrx_word' id='word_1_349' title='bbox 1767 2727 2134 2794; x_wconf 76' lang='lat' dir='ltr'><strong>perfectionem</strong></span> 
     </span>
    </p>
   </div>
   <div class='ocr_carea' id='block_1_41' title="bbox 602 2811 2139 2881">
    <p class='ocr_par' dir='ltr' id='par_1_41' title="bbox 602 2811 2139 2881">
     <span class='ocr_line' id='line_1_41' title="bbox 602 2811 2139 2881; baseline 0.004 -21"><span class='ocrx_word' id='word_1_350' title='bbox 602 2812 894 2864; x_wconf 83' lang='lat' dir='ltr'><strong>dilectionis</strong></span> <span class='ocrx_word' id='word_1_351' title='bbox 941 2813 991 2864; x_wconf 82' lang='lat' dir='ltr'><strong>in</strong></span> <span class='ocrx_word' id='word_1_352' title='bbox 1039 2811 1270 2878; x_wconf 86' lang='lat' dir='ltr'><strong>mundo,</strong></span> <span class='ocrx_word' id='word_1_353' title='bbox 1317 2814 1464 2881; x_wconf 85' lang='lat' dir='ltr'><strong>cujus</strong></span> <span class='ocrx_word' id='word_1_354' title='bbox 1515 2815 1601 2867; x_wconf 92' lang='lat' dir='ltr'><strong>ille</strong></span> <span class='ocrx_word' id='word_1_355' title='bbox 1642 2816 1940 2879; x_wconf 81' lang='lat' dir='ltr'><strong>exemplum</strong></span> <span class='ocrx_word' id='word_1_356' title='bbox 1990 2813 2139 2866; x_wconf 90' lang='lat' dir='ltr'><strong>nobis</strong></span> 
     </span>
    </p>
   </div>
   <div class='ocr_carea' id='block_1_42' title="bbox 601 2903 2137 2971">
    <p class='ocr_par' dir='ltr' id='par_1_42' title="bbox 601 2903 2137 2971">
     <span class='ocr_line' id='line_1_42' title="bbox 601 2903 2137 2971; baseline 0.005 -19"><span class='ocrx_word' id='word_1_357' title='bbox 601 2903 836 2970; x_wconf 88' lang='lat' dir='ltr'><strong>quotidie</strong></span> <span class='ocrx_word' id='word_1_358' title='bbox 867 2906 1061 2968; x_wconf 64' lang='lat' dir='ltr'><strong>praebet</strong></span> <span class='ocrx_word' id='word_1_359' title='bbox 1089 2903 1153 2956; x_wconf 87' lang='lat' dir='ltr'><strong>de</strong></span> <span class='ocrx_word' id='word_1_360' title='bbox 1183 2904 1337 2958; x_wconf 71' lang='lat' dir='ltr'><strong>cmlo.</strong></span> <span class='ocrx_word' id='word_1_361' title='bbox 1371 2907 1440 2957; x_wconf 86' lang='lat' dir='ltr'><strong>be</strong></span> <span class='ocrx_word' id='word_1_362' title='bbox 1478 2921 1576 2971; x_wconf 86' lang='lat' dir='ltr'><strong>qua</strong></span> <span class='ocrx_word' id='word_1_363' title='bbox 1617 2906 1858 2958; x_wconf 81' lang='lat' dir='ltr'><strong>Salvator</strong></span> <span class='ocrx_word' id='word_1_364' title='bbox 1887 2907 1938 2958; x_wconf 91' lang='lat' dir='ltr'><strong>in</strong></span> <span class='ocrx_word' id='word_1_365' title='bbox 1970 2909 2137 2960; x_wconf 69' lang='lat' dir='ltr'><strong>livau-</strong></span> 
     </span>
    </p>
   </div>
   <div class='ocr_carea' id='block_1_43' title="bbox 603 2992 2140 3064">
    <p class='ocr_par' dir='ltr' id='par_1_43' title="bbox 603 2992 2140 3064">
     <span class='ocr_line' id='line_1_43' title="bbox 603 2992 2140 3064; baseline 0.001 -18"><span class='ocrx_word' id='word_1_366' title='bbox 603 2992 758 3060; x_wconf 71' lang='lat' dir='ltr'><strong>gelio,</strong></span> <span class='ocrx_word' id='word_1_367' title='bbox 793 2992 1016 3059; x_wconf 83' lang='lat' dir='ltr'><strong>Diligite.</strong></span> <span class='ocrx_word' id='word_1_368' title='bbox 1063 2995 1260 3060; x_wconf 88' lang='lat' dir='ltr'><strong>inquit,</strong></span> <span class='ocrx_word' id='word_1_369' title='bbox 1305 2995 1531 3047; x_wconf 83' lang='lat' dir='ltr'><strong>inimicos</strong></span> <span class='ocrx_word' id='word_1_370' title='bbox 1561 3005 1740 3047; x_wconf 79' lang='lat' dir='ltr'><strong>vestros</strong></span> <span class='ocrx_word' id='word_1_371' title='bbox 1764 3037 1778 3061; x_wconf 84' lang='lat'><strong>,</strong></span> <span class='ocrx_word' id='word_1_372' title='bbox 1807 3005 1851 3046; x_wconf 86' lang='lat' dir='ltr'><strong>et</strong></span> <span class='ocrx_word' id='word_1_373' title='bbox 1884 3009 2020 3049; x_wconf 85' lang='lat' dir='ltr'><strong>orate</strong></span> <span class='ocrx_word' id='word_1_374' title='bbox 2049 3011 2140 3064; x_wconf 78' lang='lat' dir='ltr'><strong>pro</strong></span> 
     </span>
    </p>
   </div>
   <div class='ocr_carea' id='block_1_44' title="bbox 604 3081 2140 3148">
    <p class='ocr_par' dir='ltr' id='par_1_44' title="bbox 604 3081 2140 3148">
     <span class='ocr_line' id='line_1_44' title="bbox 604 3081 2140 3148; baseline 0.002 -14"><span class='ocrx_word' id='word_1_375' title='bbox 604 3082 1005 3148; x_wconf 61' lang='lat' dir='ltr'><strong>persequentibus</strong></span> <span class='ocrx_word' id='word_1_376' title='bbox 1033 3092 1079 3132; x_wconf 89' lang='lat' dir='ltr'><strong>et</strong></span> <span class='ocrx_word' id='word_1_377' title='bbox 1098 3081 1512 3133; x_wconf 79' lang='lat' dir='ltr'><strong>calumniantibus</strong></span> <span class='ocrx_word' id='word_1_378' title='bbox 1528 3099 1634 3146; x_wconf 85' lang='lat' dir='ltr'><strong>vos,</strong></span> <span class='ocrx_word' id='word_1_379' title='bbox 1651 3092 1700 3134; x_wconf 87' lang='lat' dir='ltr'><strong>ut</strong></span> <span class='ocrx_word' id='word_1_380' title='bbox 1717 3083 1823 3134; x_wconf 85' lang='lat' dir='ltr'><strong>sitis</strong></span> <span class='ocrx_word' id='word_1_381' title='bbox 1847 3085 1940 3148; x_wconf 81' lang='lat' dir='ltr'><strong>ﬁlii</strong></span> <span class='ocrx_word' id='word_1_382' title='bbox 1967 3083 2140 3137; x_wconf 85' lang='lat' dir='ltr'><strong>Patris</strong></span> 
     </span>
    </p>
   </div>
   <div class='ocr_carea' id='block_1_45' title="bbox 605 3162 2140 3240">
    <p class='ocr_par' dir='ltr' id='par_1_45' title="bbox 605 3162 2140 3240">
     <span class='ocr_line' id='line_1_45' title="bbox 605 3162 2140 3240; baseline -0.001 -16"><span class='ocrx_word' id='word_1_383' title='bbox 605 3173 748 3224; x_wconf 80' lang='lat' dir='ltr'><strong>vestri</strong></span> <span class='ocrx_word' id='word_1_384' title='bbox 775 3173 858 3236; x_wconf 87' lang='lat' dir='ltr'><strong>qui</strong></span> <span class='ocrx_word' id='word_1_385' title='bbox 890 3187 935 3218; x_wconf 79' lang='grc' dir='ltr'><strong>ιη</strong></span> <span class='ocrx_word' id='word_1_386' title='bbox 960 3171 1092 3221; x_wconf 74' lang='lat' dir='ltr'><strong>aclis</strong></span> <span class='ocrx_word' id='word_1_387' title='bbox 1120 3181 1211 3231; x_wconf 86' lang='lat' dir='ltr'><strong>cst,</strong></span> <span class='ocrx_word' id='word_1_388' title='bbox 1232 3171 1316 3237; x_wconf 88' lang='lat' dir='ltr'><strong>qui</strong></span> <span class='ocrx_word' id='word_1_389' title='bbox 1345 3162 1496 3223; x_wconf 86' lang='lat' dir='ltr'><strong>so&#39;em</strong></span> <span class='ocrx_word' id='word_1_390' title='bbox 1527 3187 1669 3223; x_wconf 81' lang='lat' dir='ltr'><strong>suum</strong></span> <span class='ocrx_word' id='word_1_391' title='bbox 1698 3173 1816 3223; x_wconf 85' lang='lat' dir='ltr'><strong>oriri</strong></span> <span class='ocrx_word' id='word_1_392' title='bbox 1848 3173 1964 3239; x_wconf 73' lang='lat' dir='ltr'><strong>facit</strong></span> <span class='ocrx_word' id='word_1_393' title='bbox 1993 3188 2140 3240; x_wconf 78' lang='lat' dir='ltr'><strong>super</strong></span> 
     </span>
    </p>
   </div>
   <div class='ocr_carea' id='block_1_46' title="bbox 606 3257 2137 3330">
    <p class='ocr_par' dir='ltr' id='par_1_46' title="bbox 606 3257 2137 3330">
     <span class='ocr_line' id='line_1_46' title="bbox 606 3257 2137 3330; baseline 0.003 -20"><span class='ocrx_word' id='word_1_394' title='bbox 606 3262 754 3312; x_wconf 82' lang='lat' dir='ltr'><strong>bonos</strong></span> <span class='ocrx_word' id='word_1_395' title='bbox 782 3270 825 3309; x_wconf 77' lang='lat' dir='ltr'><strong>ct</strong></span> <span class='ocrx_word' id='word_1_396' title='bbox 845 3259 1020 3323; x_wconf 86' lang='lat' dir='ltr'><strong>malos,</strong></span> <span class='ocrx_word' id='word_1_397' title='bbox 1037 3270 1082 3310; x_wconf 82' lang='lat' dir='ltr'><strong>ct</strong></span> <span class='ocrx_word' id='word_1_398' title='bbox 1104 3259 1226 3325; x_wconf 80' lang='lat' dir='ltr'><strong>pluit</strong></span> <span class='ocrx_word' id='word_1_399' title='bbox 1243 3261 1556 3328; x_wconf 71' lang='lat' dir='ltr'><strong>suptrjustos</strong></span> <span class='ocrx_word' id='word_1_400' title='bbox 1570 3273 1611 3313; x_wconf 84' lang='lat' dir='ltr'><strong>et</strong></span> <span class='ocrx_word' id='word_1_401' title='bbox 1627 3257 2137 3330; x_wconf 48' lang='lat' dir='ltr'><strong>iniustos-(Matt&#39;ltw).</strong></span> 
     </span>
    </p>
   </div>
   <div class='ocr_carea' id='block_1_47' title="bbox 676 3347 2138 3402">
    <p class='ocr_par' dir='ltr' id='par_1_47' title="bbox 676 3347 2138 3402">
     <span class='ocr_line' id='line_1_47' title="bbox 676 3347 2138 3402; baseline 0.003 -5"><span class='ocrx_word' id='word_1_402' title='bbox 676 3347 844 3398; x_wconf 76' lang='lat' dir='ltr'><strong>Tunc-i-</strong></span> <span class='ocrx_word' id='word_1_403' title='bbox 876 3362 972 3399; x_wconf 82' lang='lat' dir='ltr'><strong>non</strong></span> <span class='ocrx_word' id='word_1_404' title='bbox 1002 3357 1070 3399; x_wconf 81' lang='lat' dir='ltr'><strong>est</strong></span> <span class='ocrx_word' id='word_1_405' title='bbox 1099 3350 1150 3399; x_wconf 86' lang='lat' dir='ltr'><strong>in</strong></span> <span class='ocrx_word' id='word_1_406' title='bbox 1174 3347 1436 3401; x_wconf 82' lang='lat' dir='ltr'><strong>charitate.</strong></span> <span class='ocrx_word' id='word_1_407' title='bbox 1480 3351 1531 3399; x_wconf 91' lang='lat' dir='ltr'><strong>lu</strong></span> <span class='ocrx_word' id='word_1_408' title='bbox 1575 3350 1660 3400; x_wconf 88' lang='lat' dir='ltr'><strong>tali</strong></span> <span class='ocrx_word' id='word_1_409' title='bbox 1691 3349 1937 3402; x_wconf 80' lang='lat' dir='ltr'><strong>videlicet</strong></span> <span class='ocrx_word' id='word_1_410' title='bbox 1966 3353 2138 3401; x_wconf 84' lang='lat' dir='ltr'><strong>chari-</strong></span> 
     </span>
    </p>
   </div>
   <div class='ocr_carea' id='block_1_48' title="bbox 608 3439 2139 3504">
    <p class='ocr_par' dir='ltr' id='par_1_48' title="bbox 608 3439 2139 3504">
     <span class='ocr_line' id='line_1_48' title="bbox 608 3439 2139 3504; baseline 0.001 -14"><span class='ocrx_word' id='word_1_411' title='bbox 608 3447 712 3490; x_wconf 84' lang='lat' dir='ltr'><strong>tate</strong></span> <span class='ocrx_word' id='word_1_412' title='bbox 739 3454 852 3504; x_wconf 85' lang='lat' dir='ltr'><strong>quae</strong></span> <span class='ocrx_word' id='word_1_413' title='bbox 881 3441 944 3490; x_wconf 90' lang='lat' dir='ltr'><strong>ad</strong></span> <span class='ocrx_word' id='word_1_414' title='bbox 977 3439 1313 3490; x_wconf 86' lang='lat' dir='ltr'><strong>imitationem</strong></span> <span class='ocrx_word' id='word_1_415' title='bbox 1343 3439 1531 3491; x_wconf 77' lang='lat' dir='ltr'><strong>divina:</strong></span> <span class='ocrx_word' id='word_1_416' title='bbox 1572 3441 1825 3493; x_wconf 85' lang='lat' dir='ltr'><strong>bonitatis</strong></span> <span class='ocrx_word' id='word_1_417' title='bbox 1857 3444 2010 3494; x_wconf 87' lang='lat' dir='ltr'><strong>etiam</strong></span> <span class='ocrx_word' id='word_1_418' title='bbox 2039 3441 2139 3492; x_wconf 83' lang='lat' dir='ltr'><strong>itii-</strong></span> 
     </span>
    </p>
   </div>
   <div class='ocr_carea' id='block_1_49' title="bbox 605 3527 1718 3598">
    <p class='ocr_par' dir='ltr' id='par_1_49' title="bbox 605 3527 1718 3598">
     <span class='ocr_line' id='line_1_49' title="bbox 605 3527 1718 3598; baseline 0 -16"><span class='ocrx_word' id='word_1_419' title='bbox 605 3527 758 3582; x_wconf 80' lang='lat' dir='ltr'><strong>micis</strong></span> <span class='ocrx_word' id='word_1_420' title='bbox 789 3528 1090 3581; x_wconf 81' lang='lat' dir='ltr'><strong>benefacere</strong></span> <span class='ocrx_word' id='word_1_421' title='bbox 1118 3537 1172 3581; x_wconf 87' lang='lat' dir='ltr'><strong>ct</strong></span> <span class='ocrx_word' id='word_1_422' title='bbox 1199 3528 1292 3581; x_wconf 81' lang='lat' dir='ltr'><strong>hos</strong></span> <span class='ocrx_word' id='word_1_423' title='bbox 1316 3528 1534 3598; x_wconf 72' lang='lat' dir='ltr'><strong>diligere</strong></span> <span class='ocrx_word' id='word_1_424' title='bbox 1561 3532 1718 3582; x_wconf 72' lang='lat' dir='ltr'><strong>novit.</strong></span> 
     </span>
    </p>
   </div>
   <div class='ocr_carea' id='block_1_50' title="bbox 678 3616 2140 3686">
    <p class='ocr_par' dir='ltr' id='par_1_50' title="bbox 678 3616 2140 3686">
     <span class='ocr_line' id='line_1_50' title="bbox 678 3616 2140 3686; baseline 0 -16"><span class='ocrx_word' id='word_1_425' title='bbox 678 3616 780 3670; x_wconf 80' lang='lat' dir='ltr'><strong>Sed</strong></span> <span class='ocrx_word' id='word_1_426' title='bbox 829 3620 1045 3686; x_wconf 76' lang='lat' dir='ltr'><strong>perfecta</strong></span> <span class='ocrx_word' id='word_1_427' title='bbox 1088 3618 1301 3670; x_wconf 79' lang='lat' dir='ltr'><strong>cltaritas</strong></span> <span class='ocrx_word' id='word_1_428' title='bbox 1347 3621 1482 3685; x_wconf 79' lang='lat' dir='ltr'><strong>foras</strong></span> <span class='ocrx_word' id='word_1_429' title='bbox 1519 3621 1668 3670; x_wconf 84' lang='lat' dir='ltr'><strong>mittit</strong></span> <span class='ocrx_word' id='word_1_430' title='bbox 1701 3620 1945 3673; x_wconf 79' lang='lat' dir='ltr'><strong>timorem.</strong></span> <span class='ocrx_word' id='word_1_431' title='bbox 1997 3619 2140 3671; x_wconf 88' lang='lat' dir='ltr'><strong>Illum</strong></span> 
     </span>
    </p>
   </div>
   <div class='ocr_carea' id='block_1_51' title="bbox 609 3705 2144 3774">
    <p class='ocr_par' dir='ltr' id='par_1_51' title="bbox 609 3705 2144 3774">
     <span class='ocr_line' id='line_1_51' title="bbox 609 3705 2144 3774; baseline 0.003 -18"><span class='ocrx_word' id='word_1_432' title='bbox 609 3706 810 3757; x_wconf 74' lang='lat' dir='ltr'><strong>scilicet</strong></span> <span class='ocrx_word' id='word_1_433' title='bbox 846 3705 1080 3756; x_wconf 87' lang='lat' dir='ltr'><strong>timorem</strong></span> <span class='ocrx_word' id='word_1_434' title='bbox 1108 3741 1122 3763; x_wconf 80' lang='lat'><strong>.</strong></span> <span class='ocrx_word' id='word_1_435' title='bbox 1162 3705 1228 3756; x_wconf 81' lang='lat' dir='ltr'><strong>de</strong></span> <span class='ocrx_word' id='word_1_436' title='bbox 1255 3720 1357 3771; x_wconf 89' lang='lat' dir='ltr'><strong>quo</strong></span> <span class='ocrx_word' id='word_1_437' title='bbox 1387 3705 1575 3756; x_wconf 83' lang='lat' dir='ltr'><strong>dicitur</strong></span> <span class='ocrx_word' id='word_1_438' title='bbox 1600 3723 1611 3756; x_wconf 89' lang='lat'>:</span> <span class='ocrx_word' id='word_1_439' title='bbox 1653 3705 1861 3757; x_wconf 79' lang='lat' dir='ltr'><strong>Initium</strong></span> <span class='ocrx_word' id='word_1_440' title='bbox 1890 3710 2144 3774; x_wconf 69' lang='lat' dir='ltr'><strong>sapientia!</strong></span> 
     </span>
    </p>
   </div>
   <div class='ocr_carea' id='block_1_52' title="bbox 611 3791 2145 3862">
    <p class='ocr_par' dir='ltr' id='par_1_52' title="bbox 611 3791 2145 3862">
     <span class='ocr_line' id='line_1_52' title="bbox 611 3791 2145 3862; baseline 0 -16"><span class='ocrx_word' id='word_1_441' title='bbox 611 3795 757 3846; x_wconf 87' lang='lat' dir='ltr'><strong>timor</strong></span> <span class='ocrx_word' id='word_1_442' title='bbox 787 3792 985 3843; x_wconf 87' lang='lat' dir='ltr'><strong>Domini</strong></span> <span class='ocrx_word' id='word_1_443' title='bbox 1017 3791 1180 3859; x_wconf 81' lang='lat' dir='ltr'><strong>(Psal.</strong></span> <span class='ocrx_word' id='word_1_444' title='bbox 1209 3794 1318 3859; x_wconf 75' lang='lat' dir='ltr'><strong>ex).</strong></span> <span class='ocrx_word' id='word_1_445' title='bbox 1347 3793 1456 3858; x_wconf 91' lang='lat' dir='ltr'><strong>Quo</strong></span> <span class='ocrx_word' id='word_1_446' title='bbox 1487 3797 1632 3846; x_wconf 84' lang='lat' dir='ltr'><strong>timet</strong></span> <span class='ocrx_word' id='word_1_447' title='bbox 1651 3795 1867 3862; x_wconf 84' lang='lat' dir='ltr'><strong>quisque</strong></span> <span class='ocrx_word' id='word_1_448' title='bbox 1892 3795 2145 3861; x_wconf 88' lang='lat' dir='ltr'><strong>incipiens</strong></span> 
     </span>
    </p>
   </div>
   <div class='ocr_carea' id='block_1_53' title="bbox 612 3884 2145 3952">
    <p class='ocr_par' dir='ltr' id='par_1_53' title="bbox 612 3884 2145 3952">
     <span class='ocr_line' id='line_1_53' title="bbox 612 3884 2145 3952; baseline 0.003 -17"><span class='ocrx_word' id='word_1_449' title='bbox 612 3899 770 3952; x_wconf 86' lang='lat' dir='ltr'><strong>opera</strong></span> <span class='ocrx_word' id='word_1_450' title='bbox 787 3884 1022 3949; x_wconf 61' lang='lat' dir='ltr'><strong>iustitia),</strong></span> <span class='ocrx_word' id='word_1_451' title='bbox 1039 3901 1101 3936; x_wconf 89' lang='lat' dir='ltr'><strong>ne</strong></span> <span class='ocrx_word' id='word_1_452' title='bbox 1124 3885 1297 3937; x_wconf 76' lang='lat' dir='ltr'><strong>veniat</strong></span> <span class='ocrx_word' id='word_1_453' title='bbox 1320 3885 1582 3937; x_wconf 87' lang='lat' dir='ltr'><strong>districtus</strong></span> <span class='ocrx_word' id='word_1_454' title='bbox 1605 3884 1788 3946; x_wconf 62' lang='lat' dir='ltr'><strong>iudex,</strong></span> <span class='ocrx_word' id='word_1_455' title='bbox 1819 3897 1869 3937; x_wconf 92' lang='lat' dir='ltr'><strong>et</strong></span> <span class='ocrx_word' id='word_1_456' title='bbox 1894 3900 1951 3938; x_wconf 89' lang='lat' dir='ltr'><strong>se</strong></span> <span class='ocrx_word' id='word_1_457' title='bbox 1973 3889 2145 3939; x_wconf 83' lang='lat' dir='ltr'><strong>minus</strong></span> 
     </span>
    </p>
   </div>
   <div class='ocr_carea' id='block_1_54' title="bbox 613 3975 2141 4040">
    <p class='ocr_par' dir='ltr' id='par_1_54' title="bbox 613 3975 2141 4040">
     <span class='ocr_line' id='line_1_54' title="bbox 613 3975 2141 4040; baseline 0.001 -11"><span class='ocrx_word' id='word_1_458' title='bbox 613 3977 914 4040; x_wconf 78' lang='lat' dir='ltr'><strong>castigatum</strong></span> <span class='ocrx_word' id='word_1_459' title='bbox 968 3975 1233 4027; x_wconf 79' lang='lat' dir='ltr'><strong>inveniens</strong></span> <span class='ocrx_word' id='word_1_460' title='bbox 1288 3979 1519 4028; x_wconf 86' lang='lat' dir='ltr'><strong>damnet.</strong></span> <span class='ocrx_word' id='word_1_461' title='bbox 1577 3977 1723 4028; x_wconf 74' lang='lat' dir='ltr'><strong>l&#39;lunc</strong></span> <span class='ocrx_word' id='word_1_462' title='bbox 1774 3979 2010 4030; x_wconf 88' lang='lat' dir='ltr'><strong>timorem</strong></span> <span class='ocrx_word' id='word_1_463' title='bbox 2057 3980 2141 4031; x_wconf 88' lang='lat' dir='ltr'><strong>illa</strong></span> 
     </span>
    </p>
   </div>
   <div class='ocr_carea' id='block_1_55' title="bbox 597 4062 2143 4133">
    <p class='ocr_par' dir='ltr' id='par_1_55' title="bbox 597 4062 2143 4133">
     <span class='ocr_line' id='line_1_55' title="bbox 597 4062 2143 4133; baseline 0.003 -16"><span class='ocrx_word' id='word_1_464' title='bbox 597 4063 842 4117; x_wconf 85' lang='lat' dir='ltr'><strong>-cbaritas</strong></span> <span class='ocrx_word' id='word_1_465' title='bbox 874 4064 1015 4130; x_wconf 89' lang='lat' dir='ltr'><strong>pellit</strong></span> <span class='ocrx_word' id='word_1_466' title='bbox 1050 4062 1224 4125; x_wconf 77' lang='lat' dir='ltr'><strong>foras,</strong></span> <span class='ocrx_word' id='word_1_467' title='bbox 1275 4079 1390 4131; x_wconf 69' lang='lat' dir='ltr'><strong>qua:</strong></span> <span class='ocrx_word' id='word_1_468' title='bbox 1428 4081 1520 4130; x_wconf 87' lang='lat' dir='ltr'><strong>pro</strong></span> <span class='ocrx_word' id='word_1_469' title='bbox 1557 4067 1743 4119; x_wconf 90' lang='lat' dir='ltr'><strong>merito</strong></span> <span class='ocrx_word' id='word_1_470' title='bbox 1768 4067 1980 4133; x_wconf 74' lang='lat' dir='ltr'><strong>iustitia:</strong></span> <span class='ocrx_word' id='word_1_471' title='bbox 2012 4069 2143 4122; x_wconf 78' lang='lat' dir='ltr'><strong>{idu-</strong></span> 
     </span>
    </p>
   </div>
   <div class='ocr_carea' id='block_1_56' title="bbox 615 4152 2144 4222">
    <p class='ocr_par' dir='ltr' id='par_1_56' title="bbox 615 4152 2144 4222">
     <span class='ocr_line' id='line_1_56' title="bbox 615 4152 2144 4222; baseline 0.003 -16"><span class='ocrx_word' id='word_1_472' title='bbox 615 4157 744 4207; x_wconf 87' lang='lat' dir='ltr'><strong>ciam</strong></span> <span class='ocrx_word' id='word_1_473' title='bbox 777 4153 931 4206; x_wconf 84' lang='lat' dir='ltr'><strong>habet</strong></span> <span class='ocrx_word' id='word_1_474' title='bbox 957 4154 1007 4205; x_wconf 92' lang='lat' dir='ltr'><strong>in</strong></span> <span class='ocrx_word' id='word_1_475' title='bbox 1038 4153 1120 4204; x_wconf 91' lang='lat' dir='ltr'><strong>die</strong></span> <span class='ocrx_word' id='word_1_476' title='bbox 1144 4152 1346 4220; x_wconf 84' lang='lat' dir='ltr'><strong>judicii.</strong></span> <span class='ocrx_word' id='word_1_477' title='bbox 1378 4153 1478 4206; x_wconf 90' lang='lat' dir='ltr'><strong>Sed</strong></span> <span class='ocrx_word' id='word_1_478' title='bbox 1510 4165 1560 4208; x_wconf 90' lang='lat' dir='ltr'><strong>et</strong></span> <span class='ocrx_word' id='word_1_479' title='bbox 1600 4158 1929 4222; x_wconf 69' lang='lat' dir='ltr'><strong>praesentium</strong></span> <span class='ocrx_word' id='word_1_480' title='bbox 1962 4158 2144 4210; x_wconf 84' lang='lat' dir='ltr'><strong>adver-</strong></span> 
     </span>
    </p>
   </div>
   <div class='ocr_carea' id='block_1_57' title="bbox 615 4242 2141 4310">
    <p class='ocr_par' dir='ltr' id='par_1_57' title="bbox 615 4242 2141 4310">
     <span class='ocr_line' id='line_1_57' title="bbox 615 4242 2141 4310; baseline 0.001 -14"><span class='ocrx_word' id='word_1_481' title='bbox 615 4244 825 4296; x_wconf 86' lang='lat' dir='ltr'><strong>sitatum</strong></span> <span class='ocrx_word' id='word_1_482' title='bbox 859 4243 1118 4306; x_wconf 86' lang='lat' dir='ltr'><strong>timorem,</strong></span> <span class='ocrx_word' id='word_1_483' title='bbox 1149 4242 1369 4306; x_wconf 78' lang='lat' dir='ltr'><strong>perfecta</strong></span> <span class='ocrx_word' id='word_1_484' title='bbox 1407 4243 1633 4295; x_wconf 78' lang='lat' dir='ltr'><strong>Charitas</strong></span> <span class='ocrx_word' id='word_1_485' title='bbox 1662 4242 1804 4310; x_wconf 90' lang='lat' dir='ltr'><strong>ejicit</strong></span> <span class='ocrx_word' id='word_1_486' title='bbox 1843 4259 1907 4296; x_wconf 78' lang='lat' dir='ltr'><strong>ex</strong></span> <span class='ocrx_word' id='word_1_487' title='bbox 1950 4248 2141 4300; x_wconf 88' lang='lat' dir='ltr'><strong>animo.</strong></span> 
     </span>
    </p>
   </div>
   <div class='ocr_carea' id='block_1_58' title="bbox 603 4330 2146 4398">
    <p class='ocr_par' dir='ltr' id='par_1_58' title="bbox 603 4330 2146 4398">
     <span class='ocr_line' id='line_1_58' title="bbox 603 4330 2146 4398; baseline 0.001 -15"><span class='ocrx_word' id='word_1_488' title='bbox 603 4334 776 4397; x_wconf 67' lang='lat' dir='ltr'><strong>Quam</strong></span> <span class='ocrx_word' id='word_1_489' title='bbox 807 4331 997 4384; x_wconf 85' lang='lat' dir='ltr'><strong>habere</strong></span> <span class='ocrx_word' id='word_1_490' title='bbox 1021 4330 1286 4396; x_wconf 65' lang='lat' dir='ltr'><strong>quatiebat</strong></span> <span class='ocrx_word' id='word_1_491' title='bbox 1307 4370 1321 4391; x_wconf 92' lang='lat'><strong>,</strong></span> <span class='ocrx_word' id='word_1_492' title='bbox 1358 4330 1444 4397; x_wconf 86' lang='lat' dir='ltr'><strong>qui</strong></span> <span class='ocrx_word' id='word_1_493' title='bbox 1473 4330 1691 4383; x_wconf 89' lang='lat' dir='ltr'><strong>Domino</strong></span> <span class='ocrx_word' id='word_1_494' title='bbox 1719 4332 2013 4398; x_wconf 79' lang='lat' dir='ltr'><strong>supplicans</strong></span> <span class='ocrx_word' id='word_1_495' title='bbox 2042 4337 2146 4386; x_wconf 79' lang='lat' dir='ltr'><strong>aie-</strong></span> 
     </span>
    </p>
   </div>
   <div class='ocr_carea' id='block_1_59' title="bbox 617 4418 2142 4489">
    <p class='ocr_par' dir='ltr' id='par_1_59' title="bbox 617 4418 2142 4489">
     <span class='ocr_line' id='line_1_59' title="bbox 617 4418 2142 4489; baseline 0 -17"><span class='ocrx_word' id='word_1_496' title='bbox 617 4421 732 4475; x_wconf 88' lang='lat' dir='ltr'><strong>bat:</strong></span> <span class='ocrx_word' id='word_1_497' title='bbox 760 4423 805 4473; x_wconf 68' lang='grc' dir='ltr'><em>Α</em></span> <span class='ocrx_word' id='word_1_498' title='bbox 825 4420 997 4471; x_wconf 85' lang='lat' dir='ltr'><strong>timore</strong></span> <span class='ocrx_word' id='word_1_499' title='bbox 1015 4418 1201 4471; x_wconf 85' lang='lat' dir='ltr'><strong>inimici</strong></span> <span class='ocrx_word' id='word_1_500' title='bbox 1221 4419 1352 4486; x_wconf 78' lang='lat' dir='ltr'><strong>eripe</strong></span> <span class='ocrx_word' id='word_1_501' title='bbox 1374 4421 1586 4470; x_wconf 86' lang='lat' dir='ltr'><strong>animam</strong></span> <span class='ocrx_word' id='word_1_502' title='bbox 1607 4437 1766 4471; x_wconf 86' lang='lat' dir='ltr'><strong>meam</strong></span> <span class='ocrx_word' id='word_1_503' title='bbox 1789 4419 1957 4489; x_wconf 68' lang='lat' dir='ltr'><strong>(Psal.</strong></span> <span class='ocrx_word' id='word_1_504' title='bbox 1977 4424 2142 4489; x_wconf 70' lang='lat' dir='ltr'><strong>ut”).</strong></span> 
     </span>
    </p>
   </div>
   <div class='ocr_carea' id='block_1_60' title="bbox 2304 1999 3741 2069">
    <p class='ocr_par' dir='ltr' id='par_1_60' title="bbox 2304 1999 3741 2069">
     <span class='ocr_line' id='line_1_60' title="bbox 2304 1999 3741 2069; baseline -0.002 -16"><span class='ocrx_word' id='word_1_505' title='bbox 2304 2003 2413 2054; x_wconf 82' lang='lat' dir='ltr'><strong>Nos</strong></span> <span class='ocrx_word' id='word_1_506' title='bbox 2443 2017 2556 2069; x_wconf 76' lang='lat' dir='ltr'><strong>ergo</strong></span> <span class='ocrx_word' id='word_1_507' title='bbox 2585 2002 2856 2069; x_wconf 82' lang='lat' dir='ltr'><strong>diligamus</strong></span> <span class='ocrx_word' id='word_1_508' title='bbox 2907 2001 3064 2053; x_wconf 82' lang='lat' dir='ltr'><strong>Deum</strong></span> <span class='ocrx_word' id='word_1_509' title='bbox 3090 2042 3104 2062; x_wconf 90' lang='lat'><strong>,</strong></span> <span class='ocrx_word' id='word_1_510' title='bbox 3137 2010 3238 2053; x_wconf 85' lang='lat' dir='ltr'><strong>etc.</strong></span> <span class='ocrx_word' id='word_1_511' title='bbox 3285 1999 3561 2068; x_wconf 75' lang='lat' dir='ltr'><strong>Diligamns</strong></span> <span class='ocrx_word' id='word_1_512' title='bbox 3586 2043 3599 2064; x_wconf 84' lang='lat'><strong>,</strong></span> <span class='ocrx_word' id='word_1_513' title='bbox 3646 2007 3741 2067; x_wconf 69' lang='lat' dir='ltr'><strong>quia</strong></span> 
     </span>
    </p>
   </div>
   <div class='ocr_carea' id='block_1_61' title="bbox 2233 2090 3742 2162">
    <p class='ocr_par' dir='ltr' id='par_1_61' title="bbox 2233 2090 3742 2162">
     <span class='ocr_line' id='line_1_61' title="bbox 2233 2090 3742 2162; baseline -0.003 -17"><span class='ocrx_word' id='word_1_514' title='bbox 2233 2093 2373 2162; x_wconf 88' lang='lat' dir='ltr'><strong>prior</strong></span> <span class='ocrx_word' id='word_1_515' title='bbox 2402 2090 2579 2145; x_wconf 78' lang='lat' dir='ltr'><strong>dilexit</strong></span> <span class='ocrx_word' id='word_1_516' title='bbox 2623 2107 2739 2145; x_wconf 90' lang='lat' dir='ltr'><strong>nos.</strong></span> <span class='ocrx_word' id='word_1_517' title='bbox 2778 2091 2903 2144; x_wconf 83' lang='lat' dir='ltr'><strong>Nam</strong></span> <span class='ocrx_word' id='word_1_518' title='bbox 2947 2093 3080 2143; x_wconf 85' lang='lat' dir='ltr'><strong>unde</strong></span> <span class='ocrx_word' id='word_1_519' title='bbox 3123 2093 3459 2158; x_wconf 79' lang='lat' dir='ltr'><strong>diligereums</strong></span> <span class='ocrx_word' id='word_1_520' title='bbox 3484 2131 3497 2153; x_wconf 89' lang='lat'><strong>,</strong></span> <span class='ocrx_word' id='word_1_521' title='bbox 3535 2092 3623 2142; x_wconf 67' lang='grc' dir='ltr'><strong>Ιιίθὶ</strong></span> <span class='ocrx_word' id='word_1_522' title='bbox 3654 2094 3742 2157; x_wconf 62' lang='lat' dir='ltr'><strong>ipse</strong></span> 
     </span>
    </p>
   </div>
   <div class='ocr_carea' id='block_1_62' title="bbox 2234 2181 3743 2252">
    <p class='ocr_par' dir='ltr' id='par_1_62' title="bbox 2234 2181 3743 2252">
     <span class='ocr_line' id='line_1_62' title="bbox 2234 2181 3743 2252; baseline -0.001 -20"><span class='ocrx_word' id='word_1_523' title='bbox 2234 2184 2374 2252; x_wconf 87' lang='lat' dir='ltr'><strong>prius</strong></span> <span class='ocrx_word' id='word_1_524' title='bbox 2403 2183 2669 2235; x_wconf 72' lang='lat' dir='ltr'><strong>dilexisset</strong></span> <span class='ocrx_word' id='word_1_525' title='bbox 2707 2182 2844 2234; x_wconf 85' lang='lat' dir='ltr'><strong>nos?</strong></span> <span class='ocrx_word' id='word_1_526' title='bbox 2884 2181 3013 2234; x_wconf 83' lang='lat' dir='ltr'><strong>Hinc</strong></span> <span class='ocrx_word' id='word_1_527' title='bbox 3055 2186 3192 2234; x_wconf 88' lang='lat' dir='ltr'><strong>enim</strong></span> <span class='ocrx_word' id='word_1_528' title='bbox 3239 2183 3350 2248; x_wconf 89' lang='lat' dir='ltr'><strong>ipse</strong></span> <span class='ocrx_word' id='word_1_529' title='bbox 3399 2181 3446 2231; x_wconf 91' lang='lat' dir='ltr'><strong>in</strong></span> <span class='ocrx_word' id='word_1_530' title='bbox 3497 2182 3743 2246; x_wconf 60' lang='lat' dir='ltr'><strong>livaugnliu</strong></span> 
     </span>
    </p>
   </div>
   <div class='ocr_carea' id='block_1_63' title="bbox 2233 2271 3740 2340">
    <p class='ocr_par' dir='ltr' id='par_1_63' title="bbox 2233 2271 3740 2340">
     <span class='ocr_line' id='line_1_63' title="bbox 2233 2271 3740 2340; baseline -0.006 -13"><span class='ocrx_word' id='word_1_531' title='bbox 2233 2273 2384 2326; x_wconf 88' lang='lat' dir='ltr'><strong>dicit:</strong></span> <span class='ocrx_word' id='word_1_532' title='bbox 2419 2273 2537 2324; x_wconf 82' lang='lat' dir='ltr'><strong>Non</strong></span> <span class='ocrx_word' id='word_1_533' title='bbox 2565 2287 2649 2323; x_wconf 88' lang='lat' dir='ltr'><strong>vos</strong></span> <span class='ocrx_word' id='word_1_534' title='bbox 2677 2287 2754 2322; x_wconf 88' lang='lat' dir='ltr'><strong>me</strong></span> <span class='ocrx_word' id='word_1_535' title='bbox 2781 2272 2996 2339; x_wconf 82' lang='lat' dir='ltr'><strong>elegistis</strong></span> <span class='ocrx_word' id='word_1_536' title='bbox 3019 2312 3034 2334; x_wconf 90' lang='lat'><strong>,</strong></span> <span class='ocrx_word' id='word_1_537' title='bbox 3065 2272 3147 2322; x_wconf 89' lang='lat' dir='ltr'><strong>sed</strong></span> <span class='ocrx_word' id='word_1_538' title='bbox 3187 2286 3277 2340; x_wconf 81' lang='lat' dir='ltr'><strong>ego</strong></span> <span class='ocrx_word' id='word_1_539' title='bbox 3315 2272 3438 2338; x_wconf 69' lang='lat' dir='ltr'><strong>elegi</strong></span> <span class='ocrx_word' id='word_1_540' title='bbox 3476 2287 3551 2322; x_wconf 82' lang='lat' dir='ltr'><strong>ros</strong></span> <span class='ocrx_word' id='word_1_541' title='bbox 3593 2271 3740 2337; x_wconf 74' lang='lat' dir='ltr'><strong>(lacn.</strong></span> 
     </span>
    </p>
   </div>
   <div class='ocr_carea' id='block_1_64' title="bbox 2234 2359 3742 2428">
    <p class='ocr_par' dir='ltr' id='par_1_64' title="bbox 2234 2359 3742 2428">
     <span class='ocr_line' id='line_1_64' title="bbox 2234 2359 3742 2428; baseline -0.003 -16"><span class='ocrx_word' id='word_1_542' title='bbox 2234 2362 2345 2428; x_wconf 77' lang='lat' dir='ltr'><strong>xv).</strong></span> <span class='ocrx_word' id='word_1_543' title='bbox 2378 2361 2447 2413; x_wconf 81' lang='lat' dir='ltr'><strong>Ita</strong></span> <span class='ocrx_word' id='word_1_544' title='bbox 2477 2374 2648 2412; x_wconf 89' lang='lat' dir='ltr'><strong>autem</strong></span> <span class='ocrx_word' id='word_1_545' title='bbox 2680 2360 2893 2424; x_wconf 79' lang='lat' dir='ltr'><strong>perfecti</strong></span> <span class='ocrx_word' id='word_1_546' title='bbox 2922 2361 3118 2410; x_wconf 74' lang='lat' dir='ltr'><strong>erimus</strong></span> <span class='ocrx_word' id='word_1_547' title='bbox 3151 2361 3200 2410; x_wconf 91' lang='lat' dir='ltr'><strong>in</strong></span> <span class='ocrx_word' id='word_1_548' title='bbox 3226 2359 3495 2420; x_wconf 79' lang='lat' dir='ltr'><strong>charitatc,</strong></span> <span class='ocrx_word' id='word_1_549' title='bbox 3521 2363 3558 2412; x_wconf 89' lang='lat' dir='ltr'><strong>si</strong></span> <span class='ocrx_word' id='word_1_550' title='bbox 3581 2377 3696 2425; x_wconf 86' lang='lat' dir='ltr'><strong>queu</strong></span> <span class='ocrx_word' id='word_1_551' title='bbox 3716 2390 3742 2399; x_wconf 90' lang='lat'><strong>-</strong></span> 
     </span>
    </p>
   </div>
   <div class='ocr_carea' id='block_1_65' title="bbox 2235 2448 3741 2516">
    <p class='ocr_par' dir='ltr' id='par_1_65' title="bbox 2235 2448 3741 2516">
     <span class='ocr_line' id='line_1_65' title="bbox 2235 2448 3741 2516; baseline -0.003 -15"><span class='ocrx_word' id='word_1_552' title='bbox 2235 2450 2514 2502; x_wconf 86' lang='lat' dir='ltr'><strong>admodum</strong></span> <span class='ocrx_word' id='word_1_553' title='bbox 2548 2449 2738 2501; x_wconf 89' lang='lat' dir='ltr'><strong>nullius</strong></span> <span class='ocrx_word' id='word_1_554' title='bbox 2768 2448 2984 2501; x_wconf 84' lang='lat' dir='ltr'><strong>alterius</strong></span> <span class='ocrx_word' id='word_1_555' title='bbox 3026 2449 3123 2501; x_wconf 89' lang='lat' dir='ltr'><strong>nisi</strong></span> <span class='ocrx_word' id='word_1_556' title='bbox 3168 2449 3352 2501; x_wconf 73' lang='lat' dir='ltr'><strong>salutis</strong></span> <span class='ocrx_word' id='word_1_557' title='bbox 3397 2457 3577 2500; x_wconf 68' lang='lat' dir='ltr'><strong>IlUSlrlP</strong></span> <span class='ocrx_word' id='word_1_558' title='bbox 3603 2451 3741 2516; x_wconf 72' lang='lat' dir='ltr'><strong>gratia</strong></span> 
     </span>
    </p>
   </div>
   <div class='ocr_carea' id='block_1_66' title="bbox 2235 2538 3737 2607">
    <p class='ocr_par' dir='ltr' id='par_1_66' title="bbox 2235 2538 3737 2607">
     <span class='ocr_line' id='line_1_66' title="bbox 2235 2538 3737 2607; baseline -0.005 -15"><span class='ocrx_word' id='word_1_559' title='bbox 2235 2539 2379 2607; x_wconf 87' lang='lat' dir='ltr'><strong>prior</strong></span> <span class='ocrx_word' id='word_1_560' title='bbox 2405 2552 2500 2590; x_wconf 88' lang='lat' dir='ltr'><strong>nos</strong></span> <span class='ocrx_word' id='word_1_561' title='bbox 2526 2538 2613 2592; x_wconf 49' lang='lat' dir='ltr'><strong>ille</strong></span> <span class='ocrx_word' id='word_1_562' title='bbox 2641 2538 2841 2600; x_wconf 77' lang='lat' dir='ltr'><strong>dilexit,</strong></span> <span class='ocrx_word' id='word_1_563' title='bbox 2877 2539 2944 2591; x_wconf 82' lang='lat' dir='ltr'><strong>ita</strong></span> <span class='ocrx_word' id='word_1_564' title='bbox 2970 2553 3086 2590; x_wconf 89' lang='lat' dir='ltr'><strong>eum</strong></span> <span class='ocrx_word' id='word_1_565' title='bbox 3129 2553 3222 2589; x_wconf 92' lang='lat' dir='ltr'><strong>nos</strong></span> <span class='ocrx_word' id='word_1_566' title='bbox 3249 2553 3454 2604; x_wconf 78' lang='lat' dir='ltr'><strong>quoque</strong></span> <span class='ocrx_word' id='word_1_567' title='bbox 3481 2541 3649 2590; x_wconf 86' lang='lat' dir='ltr'><strong>nullius</strong></span> <span class='ocrx_word' id='word_1_568' title='bbox 3679 2541 3737 2588; x_wconf 63' lang='lat' dir='ltr'><strong>re?</strong></span> 
     </span>
    </p>
   </div>
   <div class='ocr_carea' id='block_1_67' title="bbox 2239 2629 3741 2692">
    <p class='ocr_par' dir='ltr' id='par_1_67' title="bbox 2239 2629 3741 2692">
     <span class='ocr_line' id='line_1_67' title="bbox 2239 2629 3741 2692; baseline -0.003 -10"><span class='ocrx_word' id='word_1_569' title='bbox 2239 2631 2337 2683; x_wconf 92' lang='lat' dir='ltr'><strong>nisi</strong></span> <span class='ocrx_word' id='word_1_570' title='bbox 2377 2631 2568 2682; x_wconf 89' lang='lat' dir='ltr'><strong>amoris</strong></span> <span class='ocrx_word' id='word_1_571' title='bbox 2612 2629 2948 2681; x_wconf 65' lang='lat' dir='ltr'><strong>dil&#39;eXerimus</strong></span> <span class='ocrx_word' id='word_1_572' title='bbox 2993 2630 3228 2680; x_wconf 86' lang='lat' dir='ltr'><strong>obtentu.</strong></span> <span class='ocrx_word' id='word_1_573' title='bbox 3273 2629 3456 2679; x_wconf 80' lang='lat' dir='ltr'><strong>Verum</strong></span> <span class='ocrx_word' id='word_1_574' title='bbox 3497 2629 3603 2692; x_wconf 80' lang='lat' dir='ltr'><strong>quia</strong></span> <span class='ocrx_word' id='word_1_575' title='bbox 3643 2641 3741 2678; x_wconf 82' lang='lat' dir='ltr'><strong>su:-:</strong></span> 
     </span>
    </p>
   </div>
   <div class='ocr_carea' id='block_1_68' title="bbox 2237 2717 3736 2789">
    <p class='ocr_par' dir='ltr' id='par_1_68' title="bbox 2237 2717 3736 2789">
     <span class='ocr_line' id='line_1_68' title="bbox 2237 2717 3736 2789; baseline -0.005 -17"><span class='ocrx_word' id='word_1_576' title='bbox 2237 2717 2322 2789; x_wconf 90' lang='lat' dir='ltr'><strong>qui</strong></span> <span class='ocrx_word' id='word_1_577' title='bbox 2351 2720 2510 2772; x_wconf 89' lang='lat' dir='ltr'><strong>verbo</strong></span> <span class='ocrx_word' id='word_1_578' title='bbox 2542 2728 2692 2770; x_wconf 80' lang='lat' dir='ltr'><strong>tenus</strong></span> <span class='ocrx_word' id='word_1_579' title='bbox 2718 2718 2878 2771; x_wconf 87' lang='lat' dir='ltr'><strong>Deum</strong></span> <span class='ocrx_word' id='word_1_580' title='bbox 2905 2718 3142 2785; x_wconf 70' lang='lat' dir='ltr'><strong>diligunt,</strong></span> <span class='ocrx_word' id='word_1_581' title='bbox 3167 2720 3399 2770; x_wconf 89' lang='lat' dir='ltr'><strong>consulte</strong></span> <span class='ocrx_word' id='word_1_582' title='bbox 3420 2717 3704 2784; x_wconf 74' lang='lat' dir='ltr'><strong>subjungitu:</strong></span> <span class='ocrx_word' id='word_1_583' title='bbox 3732 2739 3736 2765; x_wconf 86' lang='lat'><strong>.-</strong></span> 
     </span>
    </p>
   </div>
   <div class='ocr_carea' id='block_1_69' title="bbox 2307 2803 3741 2875">
    <p class='ocr_par' dir='ltr' id='par_1_69' title="bbox 2307 2803 3741 2875">
     <span class='ocr_line' id='line_1_69' title="bbox 2307 2803 3741 2875; baseline -0.006 -13"><span class='ocrx_word' id='word_1_584' title='bbox 2307 2809 2367 2862; x_wconf 83' lang='lat' dir='ltr'><strong>Si</strong></span> <span class='ocrx_word' id='word_1_585' title='bbox 2409 2809 2517 2875; x_wconf 83' lang='lat' dir='ltr'><strong>quis</strong></span> <span class='ocrx_word' id='word_1_586' title='bbox 2548 2808 2768 2869; x_wconf 71' lang='lat' dir='ltr'><strong>dixerit,</strong></span> <span class='ocrx_word' id='word_1_587' title='bbox 2803 2807 3046 2868; x_wconf 78' lang='lat' dir='ltr'><strong>Quoniam</strong></span> <span class='ocrx_word' id='word_1_588' title='bbox 3085 2807 3239 2873; x_wconf 85' lang='lat' dir='ltr'><strong>diligo</strong></span> <span class='ocrx_word' id='word_1_589' title='bbox 3268 2803 3446 2867; x_wconf 86' lang='lat' dir='ltr'><strong>Deum,</strong></span> <span class='ocrx_word' id='word_1_590' title='bbox 3485 2818 3578 2857; x_wconf 86' lang='lat' dir='ltr'><strong>etc.</strong></span> <span class='ocrx_word' id='word_1_591' title='bbox 3622 2803 3741 2856; x_wconf 56' lang='grc' dir='ltr'><strong>[ἠως</strong></span> 
     </span>
    </p>
   </div>
   <div class='ocr_carea' id='block_1_70' title="bbox 2243 2896 3181 2968">
    <p class='ocr_par' dir='ltr' id='par_1_70' title="bbox 2243 2896 3181 2968">
     <span class='ocr_line' id='line_1_70' title="bbox 2243 2896 3181 2968; baseline -0.003 -18"><span class='ocrx_word' id='word_1_592' title='bbox 2243 2900 2434 2968; x_wconf 89' lang='lat' dir='ltr'><strong>probas</strong></span> <span class='ocrx_word' id='word_1_593' title='bbox 2461 2898 2578 2964; x_wconf 87' lang='lat' dir='ltr'><strong>quia</strong></span> <span class='ocrx_word' id='word_1_594' title='bbox 2609 2898 2828 2948; x_wconf 81' lang='lat' dir='ltr'><strong>mendax</strong></span> <span class='ocrx_word' id='word_1_595' title='bbox 2861 2897 2983 2948; x_wconf 85' lang='lat' dir='ltr'><strong>est?</strong></span> <span class='ocrx_word' id='word_1_596' title='bbox 3013 2896 3144 2949; x_wconf 83' lang='lat' dir='ltr'><strong>Audi</strong></span> <span class='ocrx_word' id='word_1_597' title='bbox 3170 2915 3181 2947; x_wconf 93' lang='lat'>:</span> 
     </span>
    </p>
   </div>
   <div class='ocr_carea' id='block_1_71' title="bbox 2315 2985 3738 3054">
    <p class='ocr_par' dir='ltr' id='par_1_71' title="bbox 2315 2985 3738 3054">
     <span class='ocr_line' id='line_1_71' title="bbox 2315 2985 3738 3054; baseline -0.005 -16"><span class='ocrx_word' id='word_1_598' title='bbox 2315 2987 2412 3052; x_wconf 83' lang='lat' dir='ltr'><strong>Qui</strong></span> <span class='ocrx_word' id='word_1_599' title='bbox 2438 2988 2564 3038; x_wconf 89' lang='lat' dir='ltr'><strong>enim</strong></span> <span class='ocrx_word' id='word_1_600' title='bbox 2589 3003 2686 3037; x_wconf 86' lang='lat' dir='ltr'><strong>non</strong></span> <span class='ocrx_word' id='word_1_601' title='bbox 2713 2986 2877 3054; x_wconf 84' lang='lat' dir='ltr'><strong>diligit</strong></span> <span class='ocrx_word' id='word_1_602' title='bbox 2908 2989 3113 3054; x_wconf 78' lang='lat' dir='ltr'><strong>fratrem</strong></span> <span class='ocrx_word' id='word_1_603' title='bbox 3138 3001 3282 3037; x_wconf 84' lang='lat' dir='ltr'><strong>suum</strong></span> <span class='ocrx_word' id='word_1_604' title='bbox 3308 3025 3322 3048; x_wconf 92' lang='lat'><strong>,</strong></span> <span class='ocrx_word' id='word_1_605' title='bbox 3353 2994 3449 3038; x_wconf 86' lang='lat' dir='ltr'><strong>etc.</strong></span> <span class='ocrx_word' id='word_1_606' title='bbox 3491 2985 3580 3049; x_wconf 83' lang='lat' dir='ltr'><strong>Qui</strong></span> <span class='ocrx_word' id='word_1_607' title='bbox 3606 2985 3738 3044; x_wconf 70' lang='lat' dir='ltr'><strong>diligit</strong></span> 
     </span>
    </p>
   </div>
   <div class='ocr_carea' id='block_1_72' title="bbox 2243 3074 3738 3144">
    <p class='ocr_par' dir='ltr' id='par_1_72' title="bbox 2243 3074 3738 3144">
     <span class='ocr_line' id='line_1_72' title="bbox 2243 3074 3738 3144; baseline -0.008 -15"><span class='ocrx_word' id='word_1_608' title='bbox 2243 3079 2456 3130; x_wconf 87' lang='lat' dir='ltr'><strong>fratrem</strong></span> <span class='ocrx_word' id='word_1_609' title='bbox 2488 3090 2636 3128; x_wconf 89' lang='lat' dir='ltr'><strong>suum</strong></span> <span class='ocrx_word' id='word_1_610' title='bbox 2663 3114 2678 3140; x_wconf 90' lang='lat'><strong>,</strong></span> <span class='ocrx_word' id='word_1_611' title='bbox 2722 3075 2888 3144; x_wconf 85' lang='lat' dir='ltr'><strong>diligit</strong></span> <span class='ocrx_word' id='word_1_612' title='bbox 2930 3079 3110 3127; x_wconf 82' lang='lat' dir='ltr'><strong>Deum.</strong></span> <span class='ocrx_word' id='word_1_613' title='bbox 3154 3075 3377 3127; x_wconf 76' lang='lat' dir='ltr'><strong>Necesse</strong></span> <span class='ocrx_word' id='word_1_614' title='bbox 3403 3084 3476 3126; x_wconf 78' lang='lat' dir='ltr'><strong>est</strong></span> <span class='ocrx_word' id='word_1_615' title='bbox 3514 3086 3560 3123; x_wconf 90' lang='lat' dir='ltr'><strong>ut</strong></span> <span class='ocrx_word' id='word_1_616' title='bbox 3596 3074 3738 3134; x_wconf 51' lang='lat' dir='ltr'><strong>diluat</strong></span> 
     </span>
    </p>
   </div>
   <div class='ocr_carea' id='block_1_73' title="bbox 2245 3159 3736 3226">
    <p class='ocr_par' dir='ltr' id='par_1_73' title="bbox 2245 3159 3736 3226">
     <span class='ocr_line' id='line_1_73' title="bbox 2245 3159 3736 3226; baseline -0.006 -13"><span class='ocrx_word' id='word_1_617' title='bbox 2245 3162 2432 3225; x_wconf 86' lang='lat' dir='ltr'><strong>Deum,</strong></span> <span class='ocrx_word' id='word_1_618' title='bbox 2455 3159 2697 3226; x_wconf 82' lang='lat' dir='ltr'><strong>utdiligat</strong></span> <span class='ocrx_word' id='word_1_619' title='bbox 2717 3160 2878 3226; x_wconf 83' lang='lat' dir='ltr'><strong>ipsam</strong></span> <span class='ocrx_word' id='word_1_620' title='bbox 2904 3160 3255 3211; x_wconf 81' lang='lat' dir='ltr'><strong>dilectionem.</strong></span> <span class='ocrx_word' id='word_1_621' title='bbox 3276 3159 3653 3211; x_wconf 85' lang='lat' dir='ltr'><strong>Deuscnimdile</strong></span> <span class='ocrx_word' id='word_1_622' title='bbox 3685 3168 3736 3204; x_wconf 65' lang='grc' dir='ltr'><strong>ἰλί</strong></span> 
     </span>
    </p>
   </div>
   <div class='ocr_carea' id='block_1_74' title="bbox 2243 3249 3736 3316">
    <p class='ocr_par' dir='ltr' id='par_1_74' title="bbox 2243 3249 3736 3316">
     <span class='ocr_line' id='line_1_74' title="bbox 2243 3249 3736 3316; baseline -0.006 -11"><span class='ocrx_word' id='word_1_623' title='bbox 2243 3262 2345 3305; x_wconf 88' lang='lat' dir='ltr'><strong>est.</strong></span> <span class='ocrx_word' id='word_1_624' title='bbox 2375 3251 2439 3304; x_wconf 82' lang='lat' dir='ltr'><strong>Et</strong></span> <span class='ocrx_word' id='word_1_625' title='bbox 2468 3264 2534 3303; x_wconf 88' lang='lat' dir='ltr'><strong>ne</strong></span> <span class='ocrx_word' id='word_1_626' title='bbox 2559 3250 2673 3316; x_wconf 87' lang='lat' dir='ltr'><strong>quis</strong></span> <span class='ocrx_word' id='word_1_627' title='bbox 2687 3249 2864 3301; x_wconf 86' lang='lat' dir='ltr'><strong>dicere</strong></span> <span class='ocrx_word' id='word_1_628' title='bbox 2890 3249 3100 3302; x_wconf 89' lang='lat' dir='ltr'><strong>auderet</strong></span> <span class='ocrx_word' id='word_1_629' title='bbox 3124 3249 3210 3301; x_wconf 85' lang='lat' dir='ltr'><strong>:Et</strong></span> <span class='ocrx_word' id='word_1_630' title='bbox 3239 3249 3358 3315; x_wconf 75' lang='lat' dir='ltr'><strong>quid</strong></span> <span class='ocrx_word' id='word_1_631' title='bbox 3377 3249 3736 3310; x_wconf 54' lang='lat' dir='ltr'><strong>obstaldiligrrc</strong></span> 
     </span>
    </p>
   </div>
   <div class='ocr_carea' id='block_1_75' title="bbox 2243 3338 3732 3404">
    <p class='ocr_par' dir='ltr' id='par_1_75' title="bbox 2243 3338 3732 3404">
     <span class='ocr_line' id='line_1_75' title="bbox 2243 3338 3732 3404; baseline -0.005 -12"><span class='ocrx_word' id='word_1_632' title='bbox 2243 3341 2405 3392; x_wconf 86' lang='lat' dir='ltr'><strong>Deum</strong></span> <span class='ocrx_word' id='word_1_633' title='bbox 2439 3377 2452 3400; x_wconf 93' lang='lat'><strong>,</strong></span> <span class='ocrx_word' id='word_1_634' title='bbox 2498 3339 2701 3392; x_wconf 90' lang='lat' dir='ltr'><strong>etiamsi</strong></span> <span class='ocrx_word' id='word_1_635' title='bbox 2750 3351 2848 3388; x_wconf 90' lang='lat' dir='ltr'><strong>non</strong></span> <span class='ocrx_word' id='word_1_636' title='bbox 2875 3338 3033 3404; x_wconf 72' lang='lat' dir='ltr'><strong>diligo</strong></span> <span class='ocrx_word' id='word_1_637' title='bbox 3074 3339 3279 3389; x_wconf 76' lang='lat' dir='ltr'><strong>fratrem</strong></span> <span class='ocrx_word' id='word_1_638' title='bbox 3306 3338 3327 3389; x_wconf 67' lang='grc' dir='ltr'><strong>’Β</strong></span> <span class='ocrx_word' id='word_1_639' title='bbox 3352 3350 3482 3390; x_wconf 76' lang='lat' dir='ltr'><strong>recte</strong></span> <span class='ocrx_word' id='word_1_640' title='bbox 3501 3340 3704 3389; x_wconf 82' lang='lat' dir='ltr'><strong>subditur</strong></span> <span class='ocrx_word' id='word_1_641' title='bbox 3729 3381 3732 3384; x_wconf 83' lang='lat'><strong>.</strong></span> 
     </span>
    </p>
   </div>
   <div class='ocr_carea' id='block_1_76' title="bbox 2313 3425 3735 3490">
    <p class='ocr_par' dir='ltr' id='par_1_76' title="bbox 2313 3425 3735 3490">
     <span class='ocr_line' id='line_1_76' title="bbox 2313 3425 3735 3490; baseline -0.006 -11"><span class='ocrx_word' id='word_1_642' title='bbox 2313 3428 2377 3480; x_wconf 77' lang='lat' dir='ltr'><strong>Et</strong></span> <span class='ocrx_word' id='word_1_643' title='bbox 2405 3431 2495 3479; x_wconf 89' lang='lat' dir='ltr'><strong>hoc</strong></span> <span class='ocrx_word' id='word_1_644' title='bbox 2523 3427 2812 3478; x_wconf 81' lang='lat' dir='ltr'><strong>mandatum</strong></span> <span class='ocrx_word' id='word_1_645' title='bbox 2856 3426 3094 3477; x_wconf 81' lang='lat' dir='ltr'><strong>habemus</strong></span> <span class='ocrx_word' id='word_1_646' title='bbox 3123 3443 3153 3476; x_wconf 88' lang='lat' dir='ltr'><strong>a</strong></span> <span class='ocrx_word' id='word_1_647' title='bbox 3184 3425 3316 3490; x_wconf 54' lang='lat' dir='ltr'><strong>Deo,</strong></span> <span class='ocrx_word' id='word_1_648' title='bbox 3375 3469 3380 3474; x_wconf 94' lang='lat'><strong>.</strong></span> <span class='ocrx_word' id='word_1_649' title='bbox 3406 3439 3468 3477; x_wconf 69' lang='lat' dir='ltr'><strong>te.</strong></span> <span class='ocrx_word' id='word_1_650' title='bbox 3505 3426 3735 3490; x_wconf 59' lang='lat' dir='ltr'><strong>Quomoﬁn</strong></span> 
     </span>
    </p>
   </div>
   <div class='ocr_carea' id='block_1_77' title="bbox 2240 3514 3732 3582">
    <p class='ocr_par' dir='ltr' id='par_1_77' title="bbox 2240 3514 3732 3582">
     <span class='ocr_line' id='line_1_77' title="bbox 2240 3514 3732 3582; baseline -0.005 -12"><span class='ocrx_word' id='word_1_651' title='bbox 2240 3517 2380 3570; x_wconf 88' lang='lat' dir='ltr'><strong>enim</strong></span> <span class='ocrx_word' id='word_1_652' title='bbox 2411 3514 2586 3582; x_wconf 77' lang='lat' dir='ltr'><strong>diligis</strong></span> <span class='ocrx_word' id='word_1_653' title='bbox 2615 3530 2754 3572; x_wconf 82' lang='lat' dir='ltr'><strong>eum,</strong></span> <span class='ocrx_word' id='word_1_654' title='bbox 2795 3514 2942 3580; x_wconf 87' lang='lat' dir='ltr'><strong>cujus</strong></span> <span class='ocrx_word' id='word_1_655' title='bbox 2968 3515 3121 3565; x_wconf 89' lang='lat' dir='ltr'><strong>odisti</strong></span> <span class='ocrx_word' id='word_1_656' title='bbox 3163 3517 3343 3565; x_wconf 82' lang='lat' dir='ltr'><strong>mand-</strong></span> <span class='ocrx_word' id='word_1_657' title='bbox 3397 3516 3502 3565; x_wconf 74' lang='grc' dir='ltr'><strong>,τιιῖ</strong></span> <span class='ocrx_word' id='word_1_658' title='bbox 3539 3514 3646 3577; x_wconf 84' lang='lat' dir='ltr'><strong>Quis</strong></span> <span class='ocrx_word' id='word_1_659' title='bbox 3679 3523 3732 3562; x_wconf 50' lang='lat' dir='ltr'><strong>es!</strong></span> 
     </span>
    </p>
   </div>
   <div class='ocr_carea' id='block_1_78' title="bbox 2242 3606 3732 3675">
    <p class='ocr_par' dir='ltr' id='par_1_78' title="bbox 2242 3606 3732 3675">
     <span class='ocr_line' id='line_1_78' title="bbox 2242 3606 3732 3675; baseline -0.001 -17"><span class='ocrx_word' id='word_1_660' title='bbox 2242 3606 2326 3671; x_wconf 83' lang='lat' dir='ltr'><strong>qui</strong></span> <span class='ocrx_word' id='word_1_661' title='bbox 2355 3607 2528 3659; x_wconf 90' lang='lat' dir='ltr'><strong>dicat:</strong></span> <span class='ocrx_word' id='word_1_662' title='bbox 2564 3606 2728 3675; x_wconf 76' lang='lat' dir='ltr'><strong>Diligo</strong></span> <span class='ocrx_word' id='word_1_663' title='bbox 2757 3608 3121 3675; x_wconf 84' lang='lat' dir='ltr'><strong>imperatorem</strong></span> <span class='ocrx_word' id='word_1_664' title='bbox 3156 3648 3170 3668; x_wconf 92' lang='lat'><strong>,</strong></span> <span class='ocrx_word' id='word_1_665' title='bbox 3208 3607 3296 3660; x_wconf 84' lang='lat' dir='ltr'><strong>sed</strong></span> <span class='ocrx_word' id='word_1_666' title='bbox 3337 3609 3418 3659; x_wconf 89' lang='lat' dir='ltr'><strong>odi</strong></span> <span class='ocrx_word' id='word_1_667' title='bbox 3463 3608 3588 3674; x_wconf 75' lang='lat' dir='ltr'><strong>leges</strong></span> <span class='ocrx_word' id='word_1_668' title='bbox 3613 3608 3732 3672; x_wconf 58' lang='lat' dir='ltr'><strong>ejus‘</strong></span> 
     </span>
    </p>
   </div>
   <div class='ocr_carea' id='block_1_79' title="bbox 2242 3698 3732 3768">
    <p class='ocr_par' dir='ltr' id='par_1_79' title="bbox 2242 3698 3732 3768">
     <span class='ocr_line' id='line_1_79' title="bbox 2242 3698 3732 3768; baseline -0.001 -17"><span class='ocrx_word' id='word_1_669' title='bbox 2242 3698 2354 3751; x_wconf 86' lang='lat' dir='ltr'><strong>Non</strong></span> <span class='ocrx_word' id='word_1_670' title='bbox 2387 3699 2454 3752; x_wconf 89' lang='lat' dir='ltr'><strong>ita</strong></span> <span class='ocrx_word' id='word_1_671' title='bbox 2488 3716 2640 3752; x_wconf 85' lang='lat' dir='ltr'><strong>verus</strong></span> <span class='ocrx_word' id='word_1_672' title='bbox 2687 3701 2775 3753; x_wconf 86' lang='lat' dir='ltr'><strong>Dei</strong></span> <span class='ocrx_word' id='word_1_673' title='bbox 2815 3711 3016 3753; x_wconf 85' lang='lat' dir='ltr'><strong>amator</strong></span> <span class='ocrx_word' id='word_1_674' title='bbox 3040 3741 3055 3763; x_wconf 86' lang='lat'><strong>,</strong></span> <span class='ocrx_word' id='word_1_675' title='bbox 3101 3702 3190 3754; x_wconf 88' lang='lat' dir='ltr'><strong>sed</strong></span> <span class='ocrx_word' id='word_1_676' title='bbox 3218 3719 3229 3752; x_wconf 90' lang='lat'>:</span> <span class='ocrx_word' id='word_1_677' title='bbox 3270 3701 3396 3754; x_wconf 81' lang='lat' dir='ltr'><strong>Vide</strong></span> <span class='ocrx_word' id='word_1_678' title='bbox 3425 3702 3620 3768; x_wconf 84' lang='lat' dir='ltr'><strong>(inquit)</strong></span> <span class='ocrx_word' id='word_1_679' title='bbox 3646 3701 3732 3764; x_wconf 70' lang='lat' dir='ltr'><strong>quia</strong></span> 
     </span>
    </p>
   </div>
   <div class='ocr_carea' id='block_1_80' title="bbox 2242 3789 3731 3856">
    <p class='ocr_par' dir='ltr' id='par_1_80' title="bbox 2242 3789 3731 3856">
     <span class='ocr_line' id='line_1_80' title="bbox 2242 3789 3731 3856; baseline -0.004 -16"><span class='ocrx_word' id='word_1_680' title='bbox 2242 3789 2481 3842; x_wconf 83' lang='lat' dir='ltr'><strong>mandata</strong></span> <span class='ocrx_word' id='word_1_681' title='bbox 2521 3802 2607 3841; x_wconf 77' lang='lat' dir='ltr'><strong>tua</strong></span> <span class='ocrx_word' id='word_1_682' title='bbox 2642 3791 2794 3841; x_wconf 76' lang='lat' dir='ltr'><strong>dilexi</strong></span> <span class='ocrx_word' id='word_1_683' title='bbox 2819 3827 2835 3853; x_wconf 92' lang='lat'><strong>,</strong></span> <span class='ocrx_word' id='word_1_684' title='bbox 2870 3789 3082 3841; x_wconf 80' lang='lat' dir='ltr'><strong>Domine</strong></span> <span class='ocrx_word' id='word_1_685' title='bbox 3110 3791 3126 3856; x_wconf 94' lang='lat'><strong>(</strong></span> <span class='ocrx_word' id='word_1_686' title='bbox 3155 3789 3297 3843; x_wconf 84' lang='lat' dir='ltr'><strong>Psal.</strong></span> <span class='ocrx_word' id='word_1_687' title='bbox 3327 3805 3483 3843; x_wconf 72' lang='lat' dir='ltr'><strong>cxuu</strong></span> <span class='ocrx_word' id='word_1_688' title='bbox 3506 3797 3543 3855; x_wconf 79' lang='lat'><strong>).</strong></span> <span class='ocrx_word' id='word_1_689' title='bbox 3572 3791 3621 3842; x_wconf 82' lang='lat' dir='ltr'><strong>Et</strong></span> <span class='ocrx_word' id='word_1_690' title='bbox 3647 3793 3731 3838; x_wconf 54' lang='lat' dir='ltr'><strong>idm</strong></span> 
     </span>
    </p>
   </div>
   <div class='ocr_carea' id='block_1_81' title="bbox 2241 3876 3732 3946">
    <p class='ocr_par' dir='ltr' id='par_1_81' title="bbox 2241 3876 3732 3946">
     <span class='ocr_line' id='line_1_81' title="bbox 2241 3876 3732 3946; baseline -0.005 -15"><span class='ocrx_word' id='word_1_691' title='bbox 2241 3879 2566 3932; x_wconf 82' lang='lat' dir='ltr'><strong>confidenter</strong></span> <span class='ocrx_word' id='word_1_692' title='bbox 2593 3879 2861 3946; x_wconf 69' lang='lat' dir='ltr'><strong>adiungit:</strong></span> <span class='ocrx_word' id='word_1_693' title='bbox 2906 3876 2970 3930; x_wconf 84' lang='grc' dir='ltr'><em>1η</em></span> <span class='ocrx_word' id='word_1_694' title='bbox 3010 3889 3096 3930; x_wconf 84' lang='lat' dir='ltr'><strong>tua</strong></span> <span class='ocrx_word' id='word_1_695' title='bbox 3127 3880 3465 3932; x_wconf 72' lang='lat' dir='ltr'><strong>misericordia</strong></span> <span class='ocrx_word' id='word_1_696' title='bbox 3491 3881 3656 3944; x_wconf 69' lang='lat' dir='ltr'><strong>l‘tl‘iﬁCd</strong></span> <span class='ocrx_word' id='word_1_697' title='bbox 3680 3895 3732 3925; x_wconf 51' lang='lat' dir='ltr'><strong>na-</strong></span> 
     </span>
    </p>
   </div>
   <div class='ocr_carea' id='block_1_82' title="bbox 2245 3969 2450 4040">
    <p class='ocr_par' dir='ltr' id='par_1_82' title="bbox 2245 3969 2450 4040">
     <span class='ocr_line' id='line_1_82' title="bbox 2245 3969 2450 4040; baseline 0.01 -20"><span class='ocrx_word' id='word_1_698' title='bbox 2245 3969 2450 4040; x_wconf 56' lang='lat' dir='ltr'><strong>(tum).</strong></span> 
     </span>
    </p>
   </div>
   <div class='ocr_carea' id='block_1_83' title="bbox 2851 4037 3162 4093">
    <p class='ocr_par' dir='ltr' id='par_1_83' title="bbox 2851 4037 3162 4093">
     <span class='ocr_line' id='line_1_83' title="bbox 2851 4037 3162 4093; baseline -0.006 -1"><span class='ocrx_word' id='word_1_699' title='bbox 2851 4037 3068 4093; x_wconf 79' lang='lat' dir='ltr'><strong>CAPUT</strong></span> <span class='ocrx_word' id='word_1_700' title='bbox 3102 4037 3162 4090; x_wconf 85' lang='lat' dir='ltr'><strong>V.</strong></span> 
     </span>
    </p>
   </div>
   <div class='ocr_carea' id='block_1_84' title="bbox 2312 4146 3708 4213">
    <p class='ocr_par' dir='ltr' id='par_1_84' title="bbox 2312 4146 3708 4213">
     <span class='ocr_line' id='line_1_84' title="bbox 2312 4146 3708 4213; baseline -0.004 -15"><span class='ocrx_word' id='word_1_701' title='bbox 2312 4148 2488 4200; x_wconf 87' lang='lat' dir='ltr'><strong>Omnis</strong></span> <span class='ocrx_word' id='word_1_702' title='bbox 2513 4148 2599 4213; x_wconf 74' lang='lat' dir='ltr'><strong>qui</strong></span> <span class='ocrx_word' id='word_1_703' title='bbox 2624 4147 2779 4198; x_wconf 79' lang='lat' dir='ltr'><strong>credit</strong></span> <span class='ocrx_word' id='word_1_704' title='bbox 2808 4148 3041 4212; x_wconf 85' lang='lat' dir='ltr'><strong>quoniam</strong></span> <span class='ocrx_word' id='word_1_705' title='bbox 3088 4146 3238 4199; x_wconf 82' lang='lat' dir='ltr'><strong>Jesus</strong></span> <span class='ocrx_word' id='word_1_706' title='bbox 3276 4159 3344 4201; x_wconf 88' lang='lat' dir='ltr'><strong>est</strong></span> <span class='ocrx_word' id='word_1_707' title='bbox 3372 4149 3584 4202; x_wconf 77' lang='lat' dir='ltr'><strong>Christus</strong></span> <span class='ocrx_word' id='word_1_708' title='bbox 3606 4187 3617 4208; x_wconf 86' lang='grc'><em>,</em></span> <span class='ocrx_word' id='word_1_709' title='bbox 3653 4159 3708 4197; x_wconf 68' lang='grc' dir='ltr'><strong>Εἰς</strong></span> 
     </span>
    </p>
   </div>
   <div class='ocr_carea' id='block_1_85' title="bbox 2242 4236 3729 4306">
    <p class='ocr_par' dir='ltr' id='par_1_85' title="bbox 2242 4236 3729 4306">
     <span class='ocr_line' id='line_1_85' title="bbox 2242 4236 3729 4306; baseline -0.002 -16"><span class='ocrx_word' id='word_1_710' title='bbox 2242 4239 2368 4304; x_wconf 86' lang='lat' dir='ltr'><strong>Quis</strong></span> <span class='ocrx_word' id='word_1_711' title='bbox 2396 4248 2474 4291; x_wconf 87' lang='lat' dir='ltr'><strong>est</strong></span> <span class='ocrx_word' id='word_1_712' title='bbox 2500 4237 2589 4306; x_wconf 88' lang='lat' dir='ltr'><strong>qui</strong></span> <span class='ocrx_word' id='word_1_713' title='bbox 2617 4237 2784 4291; x_wconf 87' lang='lat' dir='ltr'><strong>credit</strong></span> <span class='ocrx_word' id='word_1_714' title='bbox 2811 4237 3057 4304; x_wconf 82' lang='lat' dir='ltr'><strong>quoniam</strong></span> <span class='ocrx_word' id='word_1_715' title='bbox 3088 4236 3241 4290; x_wconf 81' lang='lat' dir='ltr'><strong>Jesus</strong></span> <span class='ocrx_word' id='word_1_716' title='bbox 3269 4248 3349 4291; x_wconf 87' lang='lat' dir='ltr'><strong>est</strong></span> <span class='ocrx_word' id='word_1_717' title='bbox 3387 4238 3637 4291; x_wconf 79' lang='lat' dir='ltr'><strong>Christus?</strong></span> <span class='ocrx_word' id='word_1_718' title='bbox 3659 4238 3729 4296; x_wconf 61' lang='lat' dir='ltr'><strong>Qu.</strong></span> 
     </span>
    </p>
   </div>
   <div class='ocr_carea' id='block_1_86' title="bbox 2243 4329 3728 4396">
    <p class='ocr_par' dir='ltr' id='par_1_86' title="bbox 2243 4329 3728 4396">
     <span class='ocr_line' id='line_1_86' title="bbox 2243 4329 3728 4396; baseline -0.004 -14"><span class='ocrx_word' id='word_1_719' title='bbox 2243 4331 2318 4382; x_wconf 88' lang='lat' dir='ltr'><strong>sic</strong></span> <span class='ocrx_word' id='word_1_720' title='bbox 2349 4329 2474 4382; x_wconf 67' lang='lat' dir='ltr'><strong>visit</strong></span> <span class='ocrx_word' id='word_1_721' title='bbox 2498 4329 2759 4396; x_wconf 86' lang='lat' dir='ltr'><strong>quomodo</strong></span> <span class='ocrx_word' id='word_1_722' title='bbox 2792 4329 3034 4395; x_wconf 68' lang='lat' dir='ltr'><strong>irtecepit</strong></span> <span class='ocrx_word' id='word_1_723' title='bbox 3070 4329 3330 4381; x_wconf 78' lang='lat' dir='ltr'><strong>Christus.</strong></span> <span class='ocrx_word' id='word_1_724' title='bbox 3371 4329 3525 4383; x_wconf 82' lang='lat' dir='ltr'><strong>Nemo</strong></span> <span class='ocrx_word' id='word_1_725' title='bbox 3563 4331 3728 4379; x_wconf 65' lang='lat' dir='ltr'><strong>hauet.-</strong></span> 
     </span>
    </p>
   </div>
   <div class='ocr_carea' id='block_1_87' title="bbox 2243 4417 3729 4478">
    <p class='ocr_par' dir='ltr' id='par_1_87' title="bbox 2243 4417 3729 4478">
     <span class='ocr_line' id='line_1_87' title="bbox 2243 4417 3729 4478; baseline -0.005 -8"><span class='ocrx_word' id='word_1_726' title='bbox 2243 4431 2442 4478; x_wconf 88' lang='lat' dir='ltr'><strong>corum,</strong></span> <span class='ocrx_word' id='word_1_727' title='bbox 2466 4432 2618 4469; x_wconf 89' lang='lat' dir='ltr'><strong>nemo</strong></span> <span class='ocrx_word' id='word_1_728' title='bbox 2641 4417 3091 4470; x_wconf 87' lang='lat' dir='ltr'><strong>schismaticorum</strong></span> <span class='ocrx_word' id='word_1_729' title='bbox 3114 4417 3275 4469; x_wconf 90' lang='lat' dir='ltr'><strong>dicat:</strong></span> <span class='ocrx_word' id='word_1_730' title='bbox 3312 4419 3374 4470; x_wconf 80' lang='lat' dir='ltr'><strong>Et</strong></span> <span class='ocrx_word' id='word_1_731' title='bbox 3401 4435 3490 4470; x_wconf 89' lang='lat' dir='ltr'><strong>nos</strong></span> <span class='ocrx_word' id='word_1_732' title='bbox 3515 4419 3729 4470; x_wconf 67' lang='lat' dir='ltr'><strong>credimus</strong></span> 
     </span>
    </p>
   </div>
   <div class='ocr_carea' id='block_1_88' title="bbox 618 4507 3731 4597">
    <p class='ocr_par' dir='ltr' id='par_1_88' title="bbox 618 4507 3731 4597">
     <span class='ocr_line' id='line_1_88' title="bbox 618 4507 3731 4597; baseline -0.002 -37"><span class='ocrx_word' id='word_1_733' title='bbox 618 4511 781 4568; x_wconf 78' lang='lat' dir='ltr'><strong>Quam</strong></span> <span class='ocrx_word' id='word_1_734' title='bbox 812 4508 1030 4563; x_wconf 78' lang='lat' dir='ltr'><strong>habebat</strong></span> <span class='ocrx_word' id='word_1_735' title='bbox 1058 4508 1144 4573; x_wconf 82' lang='lat' dir='ltr'><strong>qui</strong></span> <span class='ocrx_word' id='word_1_736' title='bbox 1174 4507 1302 4561; x_wconf 83' lang='lat' dir='ltr'><strong>dixit</strong></span> <span class='ocrx_word' id='word_1_737' title='bbox 1327 4526 1339 4557; x_wconf 82' lang='lat'>;</span> <span class='ocrx_word' id='word_1_738' title='bbox 1381 4507 1504 4569; x_wconf 84' lang='lat' dir='ltr'><strong>Quis</strong></span> <span class='ocrx_word' id='word_1_739' title='bbox 1541 4523 1631 4559; x_wconf 77' lang='lat' dir='ltr'><strong>nos</strong></span> <span class='ocrx_word' id='word_1_740' title='bbox 1656 4511 1903 4576; x_wconf 78' lang='lat' dir='ltr'><strong>separabit</strong></span> <span class='ocrx_word' id='word_1_741' title='bbox 1931 4527 1960 4562; x_wconf 92' lang='lat' dir='ltr'><strong>a</strong></span> <span class='ocrx_word' id='word_1_742' title='bbox 1985 4509 2147 4563; x_wconf 64' lang='lat' dir='ltr'><strong>citari-</strong></span> <span class='ocrx_word' id='word_1_743' title='bbox 2173 4537 2222 4597; x_wconf 70' lang='grc' dir='ltr'><strong>ο</strong></span> <span class='ocrx_word' id='word_1_744' title='bbox 2247 4509 2365 4572; x_wconf 87' lang='lat' dir='ltr'><strong>quia</strong></span> <span class='ocrx_word' id='word_1_745' title='bbox 2391 4508 2547 4560; x_wconf 82' lang='lat' dir='ltr'><strong>Jesus</strong></span> <span class='ocrx_word' id='word_1_746' title='bbox 2571 4515 2652 4560; x_wconf 85' lang='lat' dir='ltr'><strong>est</strong></span> <span class='ocrx_word' id='word_1_747' title='bbox 2677 4507 2932 4560; x_wconf 48' lang='lat' dir='ltr'><strong>Christus.</strong></span> <span class='ocrx_word' id='word_1_748' title='bbox 2963 4507 3089 4559; x_wconf 78' lang='lat' dir='ltr'><strong>Nam</strong></span> <span class='ocrx_word' id='word_1_749' title='bbox 3120 4517 3172 4560; x_wconf 90' lang='lat' dir='ltr'><strong>et</strong></span> <span class='ocrx_word' id='word_1_750' title='bbox 3199 4507 3458 4561; x_wconf 62' lang='lat' dir='ltr'><strong>da‘mones</strong></span> <span class='ocrx_word' id='word_1_751' title='bbox 3485 4509 3668 4561; x_wconf 85' lang='lat' dir='ltr'><strong>credunl</strong></span> <span class='ocrx_word' id='word_1_752' title='bbox 3695 4519 3731 4556; x_wconf 81' lang='lat' dir='ltr'><strong>e&#39;.</strong></span> 
     </span>
    </p>
   </div>
   <div class='ocr_carea' id='block_1_89' title="bbox 619 4595 2144 4666">
    <p class='ocr_par' dir='ltr' id='par_1_89' title="bbox 619 4595 2144 4666">
     <span class='ocr_line' id='line_1_89' title="bbox 619 4595 2144 4666; baseline 0 -16"><span class='ocrx_word' id='word_1_753' title='bbox 619 4609 717 4650; x_wconf 83' lang='lat' dir='ltr'><strong>tate</strong></span> <span class='ocrx_word' id='word_1_754' title='bbox 743 4598 959 4650; x_wconf 66' lang='lat' dir='ltr'><strong>eumut</strong></span> <span class='ocrx_word' id='word_1_755' title='bbox 990 4595 1298 4661; x_wconf 74' lang='lat' dir='ltr'><strong>Tribulatio,</strong></span> <span class='ocrx_word' id='word_1_756' title='bbox 1337 4613 1402 4647; x_wconf 81' lang='lat' dir='ltr'><strong>an</strong></span> <span class='ocrx_word' id='word_1_757' title='bbox 1444 4597 1691 4665; x_wconf 82' lang='lat' dir='ltr'><strong>angustia,</strong></span> <span class='ocrx_word' id='word_1_758' title='bbox 1739 4615 1804 4650; x_wconf 77' lang='lat' dir='ltr'><strong>an</strong></span> <span class='ocrx_word' id='word_1_759' title='bbox 1847 4601 2144 4666; x_wconf 79' lang='lat' dir='ltr'><strong>persecutio,</strong></span> 
     </span>
    </p>
   </div>
   <div class='ocr_carea' id='block_1_90' title="bbox 621 4687 2145 4754">
    <p class='ocr_par' dir='ltr' id='par_1_90' title="bbox 621 4687 2145 4754">
     <span class='ocr_line' id='line_1_90' title="bbox 621 4687 2145 4754; baseline 0.002 -17"><span class='ocrx_word' id='word_1_760' title='bbox 621 4705 682 4739; x_wconf 88' lang='lat' dir='ltr'><strong>an</strong></span> <span class='ocrx_word' id='word_1_761' title='bbox 710 4692 883 4752; x_wconf 68' lang='lat' dir='ltr'><strong>farm.</strong></span> <span class='ocrx_word' id='word_1_762' title='bbox 913 4701 975 4736; x_wconf 87' lang='lat' dir='ltr'><strong>an</strong></span> <span class='ocrx_word' id='word_1_763' title='bbox 1001 4688 1220 4740; x_wconf 77' lang='lat' dir='ltr'><strong>nuditns.</strong></span> <span class='ocrx_word' id='word_1_764' title='bbox 1247 4702 1309 4736; x_wconf 85' lang='lat' dir='ltr'><strong>an</strong></span> <span class='ocrx_word' id='word_1_765' title='bbox 1345 4687 1640 4751; x_wconf 76' lang='lat' dir='ltr'><strong>periculum,</strong></span> <span class='ocrx_word' id='word_1_766' title='bbox 1679 4703 1740 4738; x_wconf 88' lang='lat' dir='ltr'><strong>an</strong></span> <span class='ocrx_word' id='word_1_767' title='bbox 1777 4689 1972 4754; x_wconf 83' lang='lat' dir='ltr'><strong>gladius</strong></span> <span class='ocrx_word' id='word_1_768' title='bbox 1995 4688 2019 4737; x_wconf 81' lang='lat'><strong><em>?</em></strong></span> <span class='ocrx_word' id='word_1_769' title='bbox 2045 4699 2145 4742; x_wconf 87' lang='lat' dir='ltr'><strong>etc.</strong></span> 
     </span>
    </p>
   </div>
   <div class='ocr_carea' id='block_1_91' title="bbox 624 4774 960 4844">
    <p class='ocr_par' dir='ltr' id='par_1_91' title="bbox 624 4774 960 4844">
     <span class='ocr_line' id='line_1_91' title="bbox 624 4774 960 4844; baseline -0.012 -17"><span class='ocrx_word' id='word_1_770' title='bbox 624 4776 792 4844; x_wconf 80' lang='lat' dir='ltr'><strong>(Rom.</strong></span> <span class='ocrx_word' id='word_1_771' title='bbox 828 4774 960 4840; x_wconf 73' lang='lat' dir='ltr'><strong>Vin).</strong></span> 
     </span>
    </p>
   </div>
   <div class='ocr_carea' id='block_1_92' title="bbox 693 4859 2149 4930">
    <p class='ocr_par' dir='ltr' id='par_1_92' title="bbox 693 4859 2149 4930">
     <span class='ocr_line' id='line_1_92' title="bbox 693 4859 2149 4930; baseline 0 -14"><span class='ocrx_word' id='word_1_772' title='bbox 693 4867 826 4930; x_wconf 81' lang='lat' dir='ltr'><strong>Quia</strong></span> <span class='ocrx_word' id='word_1_773' title='bbox 863 4865 1010 4914; x_wconf 82' lang='lat' dir='ltr'><strong>timor</strong></span> <span class='ocrx_word' id='word_1_774' title='bbox 1045 4874 1238 4927; x_wconf 67' lang='lat' dir='ltr'><strong>pernam</strong></span> <span class='ocrx_word' id='word_1_775' title='bbox 1269 4859 1428 4911; x_wconf 75' lang='lat' dir='ltr'><strong>habet.</strong></span> <span class='ocrx_word' id='word_1_776' title='bbox 1456 4859 1682 4926; x_wconf 84' lang='lat' dir='ltr'><strong>Torquet</strong></span> <span class='ocrx_word' id='word_1_777' title='bbox 1705 4877 1794 4913; x_wconf 89' lang='lat' dir='ltr'><strong>cor</strong></span> <span class='ocrx_word' id='word_1_778' title='bbox 1822 4866 2149 4918; x_wconf 83' lang='lat' dir='ltr'><strong>conscientia</strong></span> 
     </span>
    </p>
   </div>
   <div class='ocr_carea' id='block_1_93' title="bbox 625 4945 2151 5018">
    <p class='ocr_par' dir='ltr' id='par_1_93' title="bbox 625 4945 2151 5018">
     <span class='ocr_line' id='line_1_93' title="bbox 625 4945 2151 5018; baseline -0.001 -14"><span class='ocrx_word' id='word_1_779' title='bbox 625 4960 973 5018; x_wconf 88' lang='lat' dir='ltr'><strong>peccatorum,</strong></span> <span class='ocrx_word' id='word_1_780' title='bbox 996 4948 1133 5015; x_wconf 88' lang='lat' dir='ltr'><strong>quod</strong></span> <span class='ocrx_word' id='word_1_781' title='bbox 1166 4945 1391 4999; x_wconf 89' lang='lat' dir='ltr'><strong>nondum</strong></span> <span class='ocrx_word' id='word_1_782' title='bbox 1417 4946 1546 5000; x_wconf 87' lang='lat' dir='ltr'><strong>facta</strong></span> <span class='ocrx_word' id='word_1_783' title='bbox 1579 4959 1656 5001; x_wconf 90' lang='lat' dir='ltr'><strong>est</strong></span> <span class='ocrx_word' id='word_1_784' title='bbox 1676 4950 1995 5016; x_wconf 82' lang='lat' dir='ltr'><strong>justiﬁcatio.</strong></span> <span class='ocrx_word' id='word_1_785' title='bbox 2033 4953 2151 5004; x_wconf 91' lang='lat' dir='ltr'><strong>Ideo</strong></span> 
     </span>
    </p>
   </div>
   <div class='ocr_carea' id='block_1_94' title="bbox 628 5035 2151 5104">
    <p class='ocr_par' dir='ltr' id='par_1_94' title="bbox 628 5035 2151 5104">
     <span class='ocr_line' id='line_1_94' title="bbox 628 5035 2151 5104; baseline -0.001 -13"><span class='ocrx_word' id='word_1_786' title='bbox 628 5043 677 5091; x_wconf 87' lang='lat' dir='ltr'><strong>in</strong></span> <span class='ocrx_word' id='word_1_787' title='bbox 698 5039 898 5090; x_wconf 81' lang='lat' dir='ltr'><strong>Psalmo</strong></span> <span class='ocrx_word' id='word_1_788' title='bbox 919 5037 984 5090; x_wconf 89' lang='lat' dir='ltr'><strong>de</strong></span> <span class='ocrx_word' id='word_1_789' title='bbox 1005 5037 1113 5104; x_wconf 78' lang='lat' dir='ltr'><strong>ipsa</strong></span> <span class='ocrx_word' id='word_1_790' title='bbox 1139 5035 1448 5102; x_wconf 80' lang='lat' dir='ltr'><strong>perfectione</strong></span> <span class='ocrx_word' id='word_1_791' title='bbox 1475 5036 1704 5104; x_wconf 63' lang='lat' dir='ltr'><strong>iustitia,</strong></span> <span class='ocrx_word' id='word_1_792' title='bbox 1729 5037 2023 5092; x_wconf 80' lang='lat' dir='ltr'><strong>Convern‘sti</strong></span> <span class='ocrx_word' id='word_1_793' title='bbox 2048 5039 2151 5103; x_wconf 84' lang='lat' dir='ltr'><strong>(in-</strong></span> 
     </span>
    </p>
   </div>
   <div class='ocr_carea' id='block_1_95' title="bbox 627 5128 2150 5197">
    <p class='ocr_par' dir='ltr' id='par_1_95' title="bbox 627 5128 2150 5197">
     <span class='ocr_line' id='line_1_95' title="bbox 627 5128 2150 5197; baseline 0.001 -19"><span class='ocrx_word' id='word_1_794' title='bbox 627 5130 756 5196; x_wconf 90' lang='lat' dir='ltr'><strong>quit)</strong></span> <span class='ocrx_word' id='word_1_795' title='bbox 789 5131 1040 5196; x_wconf 85' lang='lat' dir='ltr'><strong>planctum</strong></span> <span class='ocrx_word' id='word_1_796' title='bbox 1061 5143 1219 5180; x_wconf 87' lang='lat' dir='ltr'><strong>meum</strong></span> <span class='ocrx_word' id='word_1_797' title='bbox 1238 5128 1286 5178; x_wconf 89' lang='lat' dir='ltr'><strong>in</strong></span> <span class='ocrx_word' id='word_1_798' title='bbox 1309 5129 1545 5197; x_wconf 88' lang='lat' dir='ltr'><strong>gaudium</strong></span> <span class='ocrx_word' id='word_1_799' title='bbox 1566 5130 1718 5192; x_wconf 83' lang='lat' dir='ltr'><strong>mihi;</strong></span> <span class='ocrx_word' id='word_1_800' title='bbox 1741 5129 2019 5180; x_wconf 82' lang='lat' dir='ltr'><strong>conscidisti</strong></span> <span class='ocrx_word' id='word_1_801' title='bbox 2039 5145 2150 5180; x_wconf 79' lang='lat' dir='ltr'><strong>sac-</strong></span> 
     </span>
    </p>
   </div>
   <div class='ocr_carea' id='block_1_96' title="bbox 625 5219 2152 5285">
    <p class='ocr_par' dir='ltr' id='par_1_96' title="bbox 625 5219 2152 5285">
     <span class='ocr_line' id='line_1_96' title="bbox 625 5219 2152 5285; baseline -0.001 -13"><span class='ocrx_word' id='word_1_802' title='bbox 625 5235 737 5272; x_wconf 83' lang='lat' dir='ltr'><strong>cum</strong></span> <span class='ocrx_word' id='word_1_803' title='bbox 764 5236 938 5283; x_wconf 85' lang='lat' dir='ltr'><strong>meum,</strong></span> <span class='ocrx_word' id='word_1_804' title='bbox 979 5229 1027 5272; x_wconf 85' lang='lat' dir='ltr'><strong>et</strong></span> <span class='ocrx_word' id='word_1_805' title='bbox 1067 5219 1366 5285; x_wconf 66' lang='lat' dir='ltr'><strong>pracinxisti</strong></span> <span class='ocrx_word' id='word_1_806' title='bbox 1412 5235 1487 5269; x_wconf 88' lang='lat' dir='ltr'><strong>me</strong></span> <span class='ocrx_word' id='word_1_807' title='bbox 1523 5221 1691 5272; x_wconf 72' lang='lat' dir='ltr'><strong>laetitia</strong></span> <span class='ocrx_word' id='word_1_808' title='bbox 1717 5258 1733 5282; x_wconf 89' lang='lat'><strong>,</strong></span> <span class='ocrx_word' id='word_1_809' title='bbox 1774 5230 1828 5271; x_wconf 80' lang='lat' dir='ltr'><strong>ut</strong></span> <span class='ocrx_word' id='word_1_810' title='bbox 1865 5229 2024 5271; x_wconf 84' lang='lat' dir='ltr'><strong>cantet</strong></span> <span class='ocrx_word' id='word_1_811' title='bbox 2065 5221 2152 5271; x_wconf 83' lang='lat' dir='ltr'><strong>tibi</strong></span> 
     </span>
    </p>
   </div>
   <div class='ocr_carea' id='block_1_97' title="bbox 627 5307 2149 5380">
    <p class='ocr_par' dir='ltr' id='par_1_97' title="bbox 627 5307 2149 5380">
     <span class='ocr_line' id='line_1_97' title="bbox 627 5307 2149 5380; baseline 0 -18"><span class='ocrx_word' id='word_1_812' title='bbox 627 5310 786 5380; x_wconf 82' lang='lat' dir='ltr'><strong>gloria</strong></span> <span class='ocrx_word' id='word_1_813' title='bbox 811 5327 935 5374; x_wconf 86' lang='lat' dir='ltr'><strong>mea,</strong></span> <span class='ocrx_word' id='word_1_814' title='bbox 958 5321 1002 5362; x_wconf 84' lang='lat' dir='ltr'><strong>et</strong></span> <span class='ocrx_word' id='word_1_815' title='bbox 1027 5325 1124 5362; x_wconf 86' lang='lat' dir='ltr'><strong>non</strong></span> <span class='ocrx_word' id='word_1_816' title='bbox 1146 5322 1446 5374; x_wconf 85' lang='lat' dir='ltr'><strong>compungar</strong></span> <span class='ocrx_word' id='word_1_817' title='bbox 1469 5307 1635 5373; x_wconf 81' lang='lat' dir='ltr'><strong>(Psal.</strong></span> <span class='ocrx_word' id='word_1_818' title='bbox 1662 5309 1828 5374; x_wconf 78' lang='lat' dir='ltr'><strong>xxxx),</strong></span> <span class='ocrx_word' id='word_1_819' title='bbox 1852 5310 1900 5361; x_wconf 91' lang='lat' dir='ltr'><strong>id</strong></span> <span class='ocrx_word' id='word_1_820' title='bbox 1925 5320 2023 5371; x_wconf 86' lang='lat' dir='ltr'><strong>est,</strong></span> <span class='ocrx_word' id='word_1_821' title='bbox 2049 5326 2149 5362; x_wconf 89' lang='lat' dir='ltr'><strong>non</strong></span> 
     </span>
    </p>
   </div>
   <div class='ocr_carea' id='block_1_98' title="bbox 627 5395 2152 5467">
    <p class='ocr_par' dir='ltr' id='par_1_98' title="bbox 627 5395 2152 5467">
     <span class='ocr_line' id='line_1_98' title="bbox 627 5395 2152 5467; baseline -0.002 -14"><span class='ocrx_word' id='word_1_822' title='bbox 627 5404 693 5454; x_wconf 85' lang='lat' dir='ltr'><strong>sit</strong></span> <span class='ocrx_word' id='word_1_823' title='bbox 721 5400 856 5467; x_wconf 88' lang='lat' dir='ltr'><strong>quod</strong></span> <span class='ocrx_word' id='word_1_824' title='bbox 889 5397 1119 5450; x_wconf 81' lang='lat' dir='ltr'><strong>stimulet</strong></span> <span class='ocrx_word' id='word_1_825' title='bbox 1155 5395 1524 5450; x_wconf 88' lang='lat' dir='ltr'><strong>conscientiam</strong></span> <span class='ocrx_word' id='word_1_826' title='bbox 1569 5412 1760 5450; x_wconf 84' lang='lat' dir='ltr'><strong>meam.</strong></span> <span class='ocrx_word' id='word_1_827' title='bbox 1803 5398 2041 5450; x_wconf 84' lang='lat' dir='ltr'><strong>Stimulat</strong></span> <span class='ocrx_word' id='word_1_828' title='bbox 2081 5401 2152 5450; x_wconf 88' lang='lat' dir='ltr'><strong>ti-</strong></span> 
     </span>
    </p>
   </div>
   <div class='ocr_carea' id='block_1_99' title="bbox 628 5485 2151 5553">
    <p class='ocr_par' dir='ltr' id='par_1_99' title="bbox 628 5485 2151 5553">
     <span class='ocr_line' id='line_1_99' title="bbox 628 5485 2151 5553; baseline -0.001 -12"><span class='ocrx_word' id='word_1_829' title='bbox 628 5505 761 5552; x_wconf 88' lang='lat' dir='ltr'><strong>mor,</strong></span> <span class='ocrx_word' id='word_1_830' title='bbox 784 5487 876 5542; x_wconf 79' lang='lat' dir='ltr'><strong>sed</strong></span> <span class='ocrx_word' id='word_1_831' title='bbox 900 5485 1003 5539; x_wconf 89' lang='lat' dir='ltr'><strong>noli</strong></span> <span class='ocrx_word' id='word_1_832' title='bbox 1024 5486 1238 5538; x_wconf 87' lang='lat' dir='ltr'><strong>timere:</strong></span> <span class='ocrx_word' id='word_1_833' title='bbox 1266 5487 1425 5537; x_wconf 90' lang='lat' dir='ltr'><strong>intrat</strong></span> <span class='ocrx_word' id='word_1_834' title='bbox 1442 5486 1691 5548; x_wconf 81' lang='lat' dir='ltr'><strong>Charitas,</strong></span> <span class='ocrx_word' id='word_1_835' title='bbox 1714 5499 1828 5552; x_wconf 64' lang='lat' dir='ltr'><strong>quae</strong></span> <span class='ocrx_word' id='word_1_836' title='bbox 1848 5496 1993 5538; x_wconf 87' lang='lat' dir='ltr'><strong>sanat</strong></span> <span class='ocrx_word' id='word_1_837' title='bbox 2016 5489 2151 5553; x_wconf 90' lang='lat' dir='ltr'><strong>quod</strong></span> 
     </span>
    </p>
   </div>
   <div class='ocr_carea' id='block_1_100' title="bbox 627 5575 1062 5630">
    <p class='ocr_par' dir='ltr' id='par_1_100' title="bbox 627 5575 1062 5630">
     <span class='ocr_line' id='line_1_100' title="bbox 627 5575 1062 5630; baseline -0.005 -2"><span class='ocrx_word' id='word_1_838' title='bbox 627 5579 863 5630; x_wconf 72' lang='lat' dir='ltr'><strong>vulnerat</strong></span> <span class='ocrx_word' id='word_1_839' title='bbox 890 5575 1062 5627; x_wconf 84' lang='lat' dir='ltr'><strong>timor.</strong></span> 
     </span>
    </p>
   </div>
   <div class='ocr_carea' id='block_1_101' title="bbox 619 5662 2151 5728">
    <p class='ocr_par' dir='ltr' id='par_1_101' title="bbox 619 5662 2151 5728">
     <span class='ocr_line' id='line_1_101' title="bbox 619 5662 2151 5728; baseline 0.005 -18"><span class='ocrx_word' id='word_1_840' title='bbox 619 5705 624 5710; x_wconf 94' lang='lat'><strong>.</strong></span> <span class='ocrx_word' id='word_1_841' title='bbox 699 5664 797 5726; x_wconf 80' lang='lat' dir='ltr'><strong>Qui</strong></span> <span class='ocrx_word' id='word_1_842' title='bbox 828 5673 988 5717; x_wconf 84' lang='lat' dir='ltr'><strong>autem</strong></span> <span class='ocrx_word' id='word_1_843' title='bbox 1017 5664 1171 5723; x_wconf 81' lang='lat' dir='ltr'><strong>timet,</strong></span> <span class='ocrx_word' id='word_1_844' title='bbox 1191 5676 1288 5713; x_wconf 91' lang='lat' dir='ltr'><strong>non</strong></span> <span class='ocrx_word' id='word_1_845' title='bbox 1309 5673 1374 5713; x_wconf 87' lang='lat' dir='ltr'><strong>est</strong></span> <span class='ocrx_word' id='word_1_846' title='bbox 1396 5663 1633 5727; x_wconf 78' lang='lat' dir='ltr'><strong>perfectus</strong></span> <span class='ocrx_word' id='word_1_847' title='bbox 1654 5663 1704 5714; x_wconf 88' lang='lat' dir='ltr'><strong>in</strong></span> <span class='ocrx_word' id='word_1_848' title='bbox 1738 5662 1996 5717; x_wconf 80' lang='lat' dir='ltr'><strong>charitate.</strong></span> <span class='ocrx_word' id='word_1_849' title='bbox 2028 5664 2151 5728; x_wconf 84' lang='lat' dir='ltr'><strong>Quia</strong></span> 
     </span>
    </p>
   </div>
   <div class='ocr_carea' id='block_1_102' title="bbox 628 5751 2153 5821">
    <p class='ocr_par' dir='ltr' id='par_1_102' title="bbox 628 5751 2153 5821">
     <span class='ocr_line' id='line_1_102' title="bbox 628 5751 2153 5821; baseline 0 -17"><span class='ocrx_word' id='word_1_850' title='bbox 628 5752 869 5807; x_wconf 85' lang='lat' dir='ltr'><strong>nimirum</strong></span> <span class='ocrx_word' id='word_1_851' title='bbox 890 5754 1039 5806; x_wconf 83' lang='lat' dir='ltr'><strong>timor</strong></span> <span class='ocrx_word' id='word_1_852' title='bbox 1064 5766 1272 5821; x_wconf 75' lang='lat' dir='ltr'><strong>pmnam</strong></span> <span class='ocrx_word' id='word_1_853' title='bbox 1303 5751 1474 5814; x_wconf 84' lang='lat' dir='ltr'><strong>habet,</strong></span> <span class='ocrx_word' id='word_1_854' title='bbox 1500 5753 1753 5816; x_wconf 90' lang='lat' dir='ltr'><strong>quomodo</strong></span> <span class='ocrx_word' id='word_1_855' title='bbox 1779 5755 1939 5808; x_wconf 78' lang='lat' dir='ltr'><strong>sectio</strong></span> <span class='ocrx_word' id='word_1_856' title='bbox 1969 5756 2153 5809; x_wconf 79' lang='lat' dir='ltr'><strong>medici</strong></span> 
     </span>
    </p>
   </div>
   <div class='ocr_carea' id='block_1_103' title="bbox 2249 4597 3731 4662">
    <p class='ocr_par' dir='ltr' id='par_1_103' title="bbox 2249 4597 3731 4662">
     <span class='ocr_line' id='line_1_103' title="bbox 2249 4597 3731 4662; baseline -0.003 -14"><span class='ocrx_word' id='word_1_857' title='bbox 2249 4597 2688 4658; x_wconf 83' lang='lat' dir='ltr'><strong>contremiscunt,</strong></span> <span class='ocrx_word' id='word_1_858' title='bbox 2726 4605 2778 4650; x_wconf 89' lang='lat' dir='ltr'><strong>et</strong></span> <span class='ocrx_word' id='word_1_859' title='bbox 2802 4597 3182 4649; x_wconf 78' lang='lat' dir='ltr'><strong>conﬁtebantur</strong></span> <span class='ocrx_word' id='word_1_860' title='bbox 3207 4635 3223 4660; x_wconf 89' lang='lat'><strong>,</strong></span> <span class='ocrx_word' id='word_1_861' title='bbox 3260 4597 3396 4650; x_wconf 91' lang='lat' dir='ltr'><strong>sicut</strong></span> <span class='ocrx_word' id='word_1_862' title='bbox 3421 4601 3469 4650; x_wconf 88' lang='lat' dir='ltr'><strong>in</strong></span> <span class='ocrx_word' id='word_1_863' title='bbox 3500 4597 3731 4662; x_wconf 70' lang='lat' dir='ltr'><strong>Evangcl-n</strong></span> 
     </span>
    </p>
   </div>
   <div class='ocr_carea' id='block_1_104' title="bbox 2249 4683 3728 4751">
    <p class='ocr_par' dir='ltr' id='par_1_104' title="bbox 2249 4683 3728 4751">
     <span class='ocr_line' id='line_1_104' title="bbox 2249 4683 3728 4751; baseline 0 -17"><span class='ocrx_word' id='word_1_864' title='bbox 2249 4683 2488 4750; x_wconf 79' lang='lat' dir='ltr'><strong>legimus,</strong></span> <span class='ocrx_word' id='word_1_865' title='bbox 2518 4693 2572 4737; x_wconf 91' lang='lat' dir='ltr'><strong>et</strong></span> <span class='ocrx_word' id='word_1_866' title='bbox 2599 4685 2833 4737; x_wconf 86' lang='lat' dir='ltr'><strong>sciebant</strong></span> <span class='ocrx_word' id='word_1_867' title='bbox 2869 4687 3034 4751; x_wconf 88' lang='lat' dir='ltr'><strong>ipsum</strong></span> <span class='ocrx_word' id='word_1_868' title='bbox 3066 4699 3183 4738; x_wconf 91' lang='lat' dir='ltr'><strong>esse</strong></span> <span class='ocrx_word' id='word_1_869' title='bbox 3207 4683 3483 4738; x_wconf 89' lang='lat' dir='ltr'><strong>Christum.</strong></span> <span class='ocrx_word' id='word_1_870' title='bbox 3523 4684 3613 4736; x_wconf 84' lang='lat' dir='ltr'><strong>Sed</strong></span> <span class='ocrx_word' id='word_1_871' title='bbox 3640 4699 3728 4746; x_wconf 69' lang='lat' dir='ltr'><strong>qm:</strong></span> 
     </span>
    </p>
   </div>
   <div class='ocr_carea' id='block_1_105' title="bbox 2249 4774 3731 4842">
    <p class='ocr_par' dir='ltr' id='par_1_105' title="bbox 2249 4774 3731 4842">
     <span class='ocr_line' id='line_1_105' title="bbox 2249 4774 3731 4842; baseline -0.004 -16"><span class='ocrx_word' id='word_1_872' title='bbox 2249 4774 2580 4827; x_wconf 87' lang='lat' dir='ltr'><strong>dilectionem</strong></span> <span class='ocrx_word' id='word_1_873' title='bbox 2615 4781 2667 4826; x_wconf 88' lang='lat' dir='ltr'><strong>et</strong></span> <span class='ocrx_word' id='word_1_874' title='bbox 2698 4788 2852 4842; x_wconf 89' lang='lat' dir='ltr'><strong>opera</strong></span> <span class='ocrx_word' id='word_1_875' title='bbox 2885 4775 3114 4828; x_wconf 81' lang='lat' dir='ltr'><strong>veritatis</strong></span> <span class='ocrx_word' id='word_1_876' title='bbox 3154 4790 3256 4827; x_wconf 89' lang='lat' dir='ltr'><strong>non</strong></span> <span class='ocrx_word' id='word_1_877' title='bbox 3298 4775 3520 4839; x_wconf 86' lang='lat' dir='ltr'><strong>habent,</strong></span> <span class='ocrx_word' id='word_1_878' title='bbox 3566 4789 3618 4826; x_wconf 79' lang='lat' dir='ltr'><strong>ex</strong></span> <span class='ocrx_word' id='word_1_879' title='bbox 3653 4774 3731 4823; x_wconf 59' lang='lat' dir='ltr'><strong>in:</strong></span> 
     </span>
    </p>
   </div>
   <div class='ocr_carea' id='block_1_106' title="bbox 2251 4871 2516 4915">
    <p class='ocr_par' dir='ltr' id='par_1_106' title="bbox 2251 4871 2516 4915">
     <span class='ocr_line' id='line_1_106' title="bbox 2251 4871 2516 4915; baseline 0.004 -1"><span class='ocrx_word' id='word_1_880' title='bbox 2251 4877 2350 4915; x_wconf 90' lang='lat' dir='ltr'><strong>non</strong></span> <span class='ocrx_word' id='word_1_881' title='bbox 2382 4871 2516 4915; x_wconf 87' lang='lat' dir='ltr'><strong>sunt.</strong></span> 
     </span>
    </p>
   </div>
   <div class='ocr_carea' id='block_1_107' title="bbox 2320 4951 3727 5020">
    <p class='ocr_par' dir='ltr' id='par_1_107' title="bbox 2320 4951 3727 5020">
     <span class='ocr_line' id='line_1_107' title="bbox 2320 4951 3727 5020; baseline -0.006 -17"><span class='ocrx_word' id='word_1_882' title='bbox 2320 4951 2384 5003; x_wconf 86' lang='lat' dir='ltr'><strong>Et</strong></span> <span class='ocrx_word' id='word_1_883' title='bbox 2415 4953 2572 5003; x_wconf 88' lang='lat' dir='ltr'><strong>onmis</strong></span> <span class='ocrx_word' id='word_1_884' title='bbox 2599 4953 2683 5020; x_wconf 80' lang='lat' dir='ltr'><strong>qui</strong></span> <span class='ocrx_word' id='word_1_885' title='bbox 2711 4953 2872 5019; x_wconf 82' lang='lat' dir='ltr'><strong>diligit</strong></span> <span class='ocrx_word' id='word_1_886' title='bbox 2901 4968 3010 5004; x_wconf 83' lang='lat' dir='ltr'><strong>eum</strong></span> <span class='ocrx_word' id='word_1_887' title='bbox 3039 4953 3124 5019; x_wconf 86' lang='lat' dir='ltr'><strong>qui</strong></span> <span class='ocrx_word' id='word_1_888' title='bbox 3153 4953 3341 5020; x_wconf 79' lang='lat' dir='ltr'><strong>genuit,</strong></span> <span class='ocrx_word' id='word_1_889' title='bbox 3370 4954 3525 5020; x_wconf 83' lang='lat' dir='ltr'><strong>diligit</strong></span> <span class='ocrx_word' id='word_1_890' title='bbox 3558 4963 3596 5004; x_wconf 82' lang='lat' dir='ltr'><strong>et</strong></span> <span class='ocrx_word' id='word_1_891' title='bbox 3627 4967 3727 5000; x_wconf 76' lang='lat' dir='ltr'><strong>cum.</strong></span> 
     </span>
    </p>
   </div>
   <div class='ocr_carea' id='block_1_108' title="bbox 2251 5041 3728 5108">
    <p class='ocr_par' dir='ltr' id='par_1_108' title="bbox 2251 5041 3728 5108">
     <span class='ocr_line' id='line_1_108' title="bbox 2251 5041 3728 5108; baseline 0 -16"><span class='ocrx_word' id='word_1_892' title='bbox 2251 5050 2351 5094; x_wconf 87' lang='lat' dir='ltr'><strong>etc.</strong></span> <span class='ocrx_word' id='word_1_893' title='bbox 2385 5041 2510 5094; x_wconf 81' lang='lat' dir='ltr'><strong>Mira</strong></span> <span class='ocrx_word' id='word_1_894' title='bbox 2541 5053 2650 5094; x_wconf 87' lang='lat' dir='ltr'><strong>arte</strong></span> <span class='ocrx_word' id='word_1_895' title='bbox 2683 5044 3060 5108; x_wconf 59' lang='lat' dir='ltr'><strong>praedicationis</strong></span> <span class='ocrx_word' id='word_1_896' title='bbox 3099 5045 3283 5097; x_wconf 86' lang='lat' dir='ltr'><strong>beatus</strong></span> <span class='ocrx_word' id='word_1_897' title='bbox 3312 5045 3530 5096; x_wconf 81' lang='lat' dir='ltr'><strong>Joannes</strong></span> <span class='ocrx_word' id='word_1_898' title='bbox 3553 5044 3604 5094; x_wconf 81' lang='lat' dir='ltr'><strong>ad</strong></span> <span class='ocrx_word' id='word_1_899' title='bbox 3632 5044 3728 5092; x_wconf 67' lang='grc' dir='ltr'><strong>εειιιι-</strong></span> 
     </span>
    </p>
   </div>
   <div class='ocr_carea' id='block_1_109' title="bbox 2252 5131 3729 5198">
    <p class='ocr_par' dir='ltr' id='par_1_109' title="bbox 2252 5131 3729 5198">
     <span class='ocr_line' id='line_1_109' title="bbox 2252 5131 3729 5198; baseline 0.001 -16"><span class='ocrx_word' id='word_1_900' title='bbox 2252 5132 2474 5184; x_wconf 90' lang='lat' dir='ltr'><strong>ctiouem</strong></span> <span class='ocrx_word' id='word_1_901' title='bbox 2507 5131 2729 5198; x_wconf 77' lang='lat' dir='ltr'><strong>proximi</strong></span> <span class='ocrx_word' id='word_1_902' title='bbox 2757 5146 2850 5184; x_wconf 87' lang='lat' dir='ltr'><strong>nos</strong></span> <span class='ocrx_word' id='word_1_903' title='bbox 2873 5133 3165 5185; x_wconf 87' lang='lat' dir='ltr'><strong>accendere</strong></span> <span class='ocrx_word' id='word_1_904' title='bbox 3193 5137 3410 5195; x_wconf 77' lang='lat' dir='ltr'><strong>curavit,</strong></span> <span class='ocrx_word' id='word_1_905' title='bbox 3441 5134 3592 5198; x_wconf 84' lang='lat' dir='ltr'><strong>primo</strong></span> <span class='ocrx_word' id='word_1_906' title='bbox 3619 5148 3729 5184; x_wconf 35' lang='lat' dir='ltr'><strong>crit-2-</strong></span> 
     </span>
    </p>
   </div>
   <div class='ocr_carea' id='block_1_110' title="bbox 2254 5219 3807 5292">
    <p class='ocr_par' dir='ltr' id='par_1_110' title="bbox 2254 5219 3807 5292">
     <span class='ocr_line' id='line_1_110' title="bbox 2254 5219 3807 5292; baseline -0.001 -16"><span class='ocrx_word' id='word_1_907' title='bbox 2254 5237 2552 5277; x_wconf 85' lang='lat' dir='ltr'><strong>memorans</strong></span> <span class='ocrx_word' id='word_1_908' title='bbox 2577 5225 2694 5290; x_wconf 89' lang='lat' dir='ltr'><strong>quia</strong></span> <span class='ocrx_word' id='word_1_909' title='bbox 2725 5225 2894 5277; x_wconf 87' lang='lat' dir='ltr'><strong>omnis</strong></span> <span class='ocrx_word' id='word_1_910' title='bbox 2925 5225 3006 5291; x_wconf 88' lang='lat' dir='ltr'><strong>qui</strong></span> <span class='ocrx_word' id='word_1_911' title='bbox 3048 5225 3274 5292; x_wconf 83' lang='lat' dir='ltr'><strong>perfecte</strong></span> <span class='ocrx_word' id='word_1_912' title='bbox 3302 5229 3463 5279; x_wconf 90' lang='lat' dir='ltr'><strong>credit</strong></span> <span class='ocrx_word' id='word_1_913' title='bbox 3489 5242 3546 5280; x_wconf 80' lang='lat' dir='ltr'><strong>ex</strong></span> <span class='ocrx_word' id='word_1_914' title='bbox 3575 5227 3662 5276; x_wconf 71' lang='lat' dir='ltr'><strong>Deo</strong></span> <span class='ocrx_word' id='word_1_915' title='bbox 3683 5235 3728 5268; x_wconf 56' lang='grc' dir='ltr'><strong>διε</strong></span> <span class='ocrx_word' id='word_1_916' title='bbox 3793 5219 3807 5292; x_wconf 55' lang='lat' dir='ltr'><strong>J‘</strong></span> 
     </span>
    </p>
   </div>
   <div class='ocr_carea' id='block_1_111' title="bbox 2255 5313 3724 5383">
    <p class='ocr_par' dir='ltr' id='par_1_111' title="bbox 2255 5313 3724 5383">
     <span class='ocr_line' id='line_1_111' title="bbox 2255 5313 3724 5383; baseline -0.006 -18"><span class='ocrx_word' id='word_1_917' title='bbox 2255 5324 2424 5377; x_wconf 86' lang='lat' dir='ltr'><strong>natus,</strong></span> <span class='ocrx_word' id='word_1_918' title='bbox 2450 5315 2637 5367; x_wconf 89' lang='lat' dir='ltr'><strong>deinde</strong></span> <span class='ocrx_word' id='word_1_919' title='bbox 2661 5316 2924 5367; x_wconf 81' lang='lat' dir='ltr'><strong>insinuans</strong></span> <span class='ocrx_word' id='word_1_920' title='bbox 2947 5331 3098 5381; x_wconf 85' lang='lat' dir='ltr'><strong>quam</strong></span> <span class='ocrx_word' id='word_1_921' title='bbox 3126 5318 3318 5383; x_wconf 84' lang='lat' dir='ltr'><strong>justum</strong></span> <span class='ocrx_word' id='word_1_922' title='bbox 3349 5320 3412 5370; x_wconf 86' lang='lat' dir='ltr'><strong>sit</strong></span> <span class='ocrx_word' id='word_1_923' title='bbox 3441 5313 3585 5378; x_wconf 89' lang='lat' dir='ltr'><strong>utqui</strong></span> <span class='ocrx_word' id='word_1_924' title='bbox 3607 5313 3724 5360; x_wconf 64' lang='lat' dir='ltr'><strong>Dent.-</strong></span> 
     </span>
    </p>
   </div>
   <div class='ocr_carea' id='block_1_112' title="bbox 2254 5400 3727 5470">
    <p class='ocr_par' dir='ltr' id='par_1_112' title="bbox 2254 5400 3727 5470">
     <span class='ocr_line' id='line_1_112' title="bbox 2254 5400 3727 5470; baseline -0.004 -15"><span class='ocrx_word' id='word_1_925' title='bbox 2254 5403 2419 5470; x_wconf 79' lang='lat' dir='ltr'><strong>diligit</strong></span> <span class='ocrx_word' id='word_1_926' title='bbox 2451 5403 2628 5469; x_wconf 78' lang='lat' dir='ltr'><strong>diligat</strong></span> <span class='ocrx_word' id='word_1_927' title='bbox 2654 5413 2706 5454; x_wconf 88' lang='lat' dir='ltr'><strong>et</strong></span> <span class='ocrx_word' id='word_1_928' title='bbox 2732 5417 2847 5454; x_wconf 87' lang='lat' dir='ltr'><strong>eum</strong></span> <span class='ocrx_word' id='word_1_929' title='bbox 2887 5406 2971 5468; x_wconf 89' lang='lat' dir='ltr'><strong>qui</strong></span> <span class='ocrx_word' id='word_1_930' title='bbox 3012 5422 3073 5457; x_wconf 82' lang='lat' dir='ltr'><strong>ex</strong></span> <span class='ocrx_word' id='word_1_931' title='bbox 3107 5408 3209 5458; x_wconf 84' lang='lat' dir='ltr'><strong>Deo</strong></span> <span class='ocrx_word' id='word_1_932' title='bbox 3247 5420 3398 5458; x_wconf 85' lang='lat' dir='ltr'><strong>natus</strong></span> <span class='ocrx_word' id='word_1_933' title='bbox 3436 5411 3530 5454; x_wconf 77' lang='lat' dir='ltr'><strong>est.</strong></span> <span class='ocrx_word' id='word_1_934' title='bbox 3566 5400 3611 5450; x_wconf 84' lang='lat' dir='ltr'><strong>Si</strong></span> <span class='ocrx_word' id='word_1_935' title='bbox 3645 5413 3667 5460; x_wconf 77' lang='grc' dir='ltr'>ιι</span> <span class='ocrx_word' id='word_1_936' title='bbox 3689 5412 3727 5441; x_wconf 68' lang='grc' dir='ltr'><strong>ιιι</strong></span> 
     </span>
    </p>
   </div>
   <div class='ocr_carea' id='block_1_113' title="bbox 2256 5491 3784 5559">
    <p class='ocr_par' dir='ltr' id='par_1_113' title="bbox 2256 5491 3784 5559">
     <span class='ocr_line' id='line_1_113' title="bbox 2256 5491 3784 5559; baseline -0.01 -12"><span class='ocrx_word' id='word_1_937' title='bbox 2256 5493 2392 5547; x_wconf 86' lang='lat' dir='ltr'><strong>enim</strong></span> <span class='ocrx_word' id='word_1_938' title='bbox 2416 5502 2569 5546; x_wconf 78' lang='lat' dir='ltr'><strong>tanta:</strong></span> <span class='ocrx_word' id='word_1_939' title='bbox 2593 5493 2844 5545; x_wconf 83' lang='lat' dir='ltr'><strong>tarditatis</strong></span> <span class='ocrx_word' id='word_1_940' title='bbox 2866 5503 2963 5555; x_wconf 91' lang='lat' dir='ltr'><strong>est,</strong></span> <span class='ocrx_word' id='word_1_941' title='bbox 2991 5505 3044 5546; x_wconf 90' lang='lat' dir='ltr'><strong>ut</strong></span> <span class='ocrx_word' id='word_1_942' title='bbox 3070 5494 3332 5548; x_wconf 85' lang='lat' dir='ltr'><strong>hominem</strong></span> <span class='ocrx_word' id='word_1_943' title='bbox 3357 5493 3474 5559; x_wconf 86' lang='lat' dir='ltr'><strong>quia</strong></span> <span class='ocrx_word' id='word_1_944' title='bbox 3500 5491 3634 5542; x_wconf 83' lang='lat' dir='ltr'><strong>homo</strong></span> <span class='ocrx_word' id='word_1_945' title='bbox 3654 5501 3722 5536; x_wconf 64' lang='grc' dir='ltr'><strong>εει.</strong></span> <span class='ocrx_word' id='word_1_946' title='bbox 3781 5509 3784 5559; x_wconf 51' lang='grc' dir='ltr'><strong>η</strong></span> 
     </span>
    </p>
   </div>
   <div class='ocr_carea' id='block_1_114' title="bbox 2255 5579 3780 5650">
    <p class='ocr_par' dir='ltr' id='par_1_114' title="bbox 2255 5579 3780 5650">
     <span class='ocr_line' id='line_1_114' title="bbox 2255 5579 3780 5650; baseline -0.001 -19"><span class='ocrx_word' id='word_1_947' title='bbox 2255 5583 2374 5650; x_wconf 84' lang='lat' dir='ltr'><strong>quia</strong></span> <span class='ocrx_word' id='word_1_948' title='bbox 2401 5596 2577 5634; x_wconf 85' lang='lat' dir='ltr'><strong>secum</strong></span> <span class='ocrx_word' id='word_1_949' title='bbox 2607 5579 2845 5633; x_wconf 82' lang='lat' dir='ltr'><strong>eamdem</strong></span> <span class='ocrx_word' id='word_1_950' title='bbox 2877 5580 2929 5632; x_wconf 92' lang='lat' dir='ltr'><strong>in</strong></span> <span class='ocrx_word' id='word_1_951' title='bbox 2961 5590 3095 5633; x_wconf 83' lang='lat' dir='ltr'><strong>terra</strong></span> <span class='ocrx_word' id='word_1_952' title='bbox 3125 5582 3588 5649; x_wconf 73' lang='lat' dir='ltr'><strong>peregrinationem</strong></span> <span class='ocrx_word' id='word_1_953' title='bbox 3632 5587 3721 5623; x_wconf 71' lang='lat' dir='ltr'><strong>l0.c-</strong></span> <span class='ocrx_word' id='word_1_954' title='bbox 3777 5625 3780 5630; x_wconf 96' lang='lat'><strong>.</strong></span> 
     </span>
    </p>
   </div>
   <div class='ocr_carea' id='block_1_115' title="bbox 2257 5667 3722 5738">
    <p class='ocr_par' dir='ltr' id='par_1_115' title="bbox 2257 5667 3722 5738">
     <span class='ocr_line' id='line_1_115' title="bbox 2257 5667 3722 5738; baseline -0.011 -14"><span class='ocrx_word' id='word_1_955' title='bbox 2257 5681 2356 5734; x_wconf 84' lang='lat' dir='ltr'><strong>rat,</strong></span> <span class='ocrx_word' id='word_1_956' title='bbox 2406 5685 2581 5723; x_wconf 86' lang='lat' dir='ltr'><strong>amare</strong></span> <span class='ocrx_word' id='word_1_957' title='bbox 2612 5671 2923 5738; x_wconf 78' lang='lat' dir='ltr'><strong>neglexerit,</strong></span> <span class='ocrx_word' id='word_1_958' title='bbox 2952 5671 3311 5724; x_wconf 81' lang='lat' dir='ltr'><strong>admonendus</strong></span> <span class='ocrx_word' id='word_1_959' title='bbox 3336 5682 3433 5733; x_wconf 88' lang='lat' dir='ltr'><strong>est,</strong></span> <span class='ocrx_word' id='word_1_960' title='bbox 3488 5679 3538 5722; x_wconf 90' lang='lat' dir='ltr'><strong>nt</strong></span> <span class='ocrx_word' id='word_1_961' title='bbox 3587 5667 3722 5718; x_wconf 61' lang='lat' dir='ltr'><strong>salu-in</strong></span> 
     </span>
    </p>
   </div>
   <div class='ocr_carea' id='block_1_116' title="bbox 2259 5759 3722 5826">
    <p class='ocr_par' dir='ltr' id='par_1_116' title="bbox 2259 5759 3722 5826">
     <span class='ocr_line' id='line_1_116' title="bbox 2259 5759 3722 5826; baseline -0.004 -14"><span class='ocrx_word' id='word_1_962' title='bbox 2259 5762 2323 5812; x_wconf 88' lang='lat' dir='ltr'><strong>ob</strong></span> <span class='ocrx_word' id='word_1_963' title='bbox 2356 5761 2403 5812; x_wconf 89' lang='lat' dir='ltr'><strong>id</strong></span> <span class='ocrx_word' id='word_1_964' title='bbox 2446 5761 2588 5812; x_wconf 89' lang='lat' dir='ltr'><strong>illum</strong></span> <span class='ocrx_word' id='word_1_965' title='bbox 2621 5769 2779 5823; x_wconf 88' lang='lat' dir='ltr'><strong>amet,</strong></span> <span class='ocrx_word' id='word_1_966' title='bbox 2819 5760 2935 5826; x_wconf 89' lang='lat' dir='ltr'><strong>quia</strong></span> <span class='ocrx_word' id='word_1_967' title='bbox 2964 5775 3025 5814; x_wconf 80' lang='lat' dir='ltr'><strong>ex</strong></span> <span class='ocrx_word' id='word_1_968' title='bbox 3062 5761 3168 5814; x_wconf 85' lang='lat' dir='ltr'><strong>Deo</strong></span> <span class='ocrx_word' id='word_1_969' title='bbox 3198 5773 3350 5815; x_wconf 78' lang='lat' dir='ltr'><strong>natus</strong></span> <span class='ocrx_word' id='word_1_970' title='bbox 3380 5759 3600 5826; x_wconf 51' lang='lat' dir='ltr'><strong>unquis</strong></span> <span class='ocrx_word' id='word_1_971' title='bbox 3641 5767 3722 5820; x_wconf 67' lang='lat' dir='ltr'><strong>par-</strong></span> 
     </span>
    </p>
   </div>
  </div>
