3860 6230
157 357 289 412 113

1235 359 1298 412 IN
1338 360 1355 412 l
1397 358 1771 415 EPISTOLAM
1812 360 1868 412 S.
1910 360 2203 414 JOANNIS.

3278 360 3376 414 114

151 471 357 536 ticeps
399 482 580 522 secum
631 467 820 520 divinze
858 467 1037 534 gratiae
1081 469 1248 521 iactus
1271 478 1370 532 est,
1402 472 1519 534 quia
1547 470 1731 523 eadem
1767 474 1812 527 Α
1847 474 2131 537 potentiam
2175 480 2469 534 creaverat,
2507 486 2596 538 per
2629 471 2961 524 humanitatis
3009 486 3115 523 sua:
3164 471 3377 524 inﬁrmi-

153 573 366 611 secum
398 559 518 609 vita:
547 557 779 610 caelestis
809 558 1022 624 praemia
1053 569 1341 621 exspectat.
1372 560 1500 624 Quae
1525 562 1734 627 quidem

153 648 492 700 exhortatio
541 648 841 712 specialiter
897 648 962 700 ad
1014 649 1131 702 illos
1179 652 1424 715 pertinet,
1484 654 1572 718 qui
1631 668 1734 705 non

153 736 355 788 solum
390 737 633 789 humana:
666 740 932 790 eonsortin
986 748 1207 800 naturis),
1256 743 1346 793 sed
1377 751 1431 794 et
1461 744 1582 797 tidei
1615 760 1736 808 pro-

156 822 427 879 fessione
455 827 644 880 lratres
669 835 792 879 sunt
821 827 972 880 nobis
1002 828 1194 883 effecti.
1234 831 1420 884 Verum
1451 836 1570 900 quia
1603 851 1737 888 nou-

164 919 326 973 nulli
353 930 476 972 sunt
505 919 592 988 qui
622 922 888 987 proximos
914 921 1153 989 diligunt,
1204 925 1294 977 sed
1349 934 1562 991 propter
1607 942 1732 979 con-

155 1010 597 1077 sanguinitatem
632 1051 646 1076 ,
713 1010 795 1062 vel
856 1020 1070 1077 prapter
1126 1011 1334 1080 aliquod
1395 1016 1730 1071 commodum

161 1097 506 1164 temporale,
558 1108 700 1151 recte
747 1107 959 1152 sanctus
991 1101 1331 1169 evangelista,
1361 1103 1448 1170 qui
1475 1103 1545 1157 sit
1573 1119 1728 1159 verus

155 1188 423 1254 proximi
456 1204 602 1243 amor
625 1189 894 1242 subdendo
923 1188 1218 1244 manifestat
1251 1212 1262 1243 :

248 1276 323 1329 In
353 1280 449 1330 hoc
474 1281 821 1346 cognoscimus
847 1280 1080 1347 quoniam
1110 1280 1367 1350 diligimus
1393 1292 1537 1336 natos
1585 1284 1685 1336 Dei
1713 1323 1728 1348 ,

155 1379 284 1422 etc.
319 1369 416 1424 Ille
444 1385 568 1437 ergo
599 1370 740 1422 solus
784 1379 926 1423 recte
974 1372 1263 1436 proximum
1293 1373 1513 1440 diligere
1544 1374 1732 1441 proba~

154 1471 285 1523 tur,
316 1462 406 1530 qui
435 1461 802 1515 etConditoris
827 1476 1008 1515 arnore
1034 1462 1252 1530 ﬂagrare
1277 1464 1632 1531 cognoscitur.
1660 1463 1732 1517 Et

163 1563 243 1600 ne
277 1549 404 1613 quis
440 1551 672 1618 seipsum
696 1551 760 1604 de
784 1549 1080 1605 Conditoris
1106 1567 1285 1606 amore
1313 1553 1540 1619 falleret,
1570 1556 1730 1609 verbo

153 1645 336 1689 tenus
363 1653 423 1692 se
449 1654 628 1692 amare
676 1639 986 1705 proﬁtendo,
1033 1640 1166 1693 bene
1199 1655 1315 1694 cum
1359 1641 1580 1696 dixisset
1613 1660 1626 1695 :
1665 1641 1730 1697 In

153 1725 271 1774 hoc
317 1726 686 1794 cognoscimus,
718 1727 955 1794 quoniam
982 1727 1240 1796 diligimus
1271 1740 1412 1783 natos
1435 1729 1532 1783 Dei
1555 1771 1570 1794 ,
1613 1739 1726 1784 cum

1839 572 1992 615 tatem
2021 571 2308 615 recrearet.
2339 562 2436 626 Qui
2463 564 2592 615 venit
2617 578 2704 630 per
2731 577 2915 628 aquam
2962 569 3006 612 et
3045 562 3337 628 sanguinem
3360 605 3372 627 ,

1835 639 2024 718 aquam
2061 652 2308 706 videlicet
2329 653 2543 715 lavacri,
2571 661 2624 705 et
2646 651 2948 720 sanguinem
2970 667 3077 704 sua:
3099 652 3374 717 passionis,

1837 755 1940 794 non
1988 743 2157 795 solum
2210 744 2459 811 baptizari
2514 754 2729 810 propter
2777 754 3005 798 nostram
3055 743 3378 796 ablutionem

1834 832 2081 899 dignatus
2109 840 2211 893 est,
2243 841 2300 884 ut
2331 832 2480 885 nobis
2507 832 2750 898 baptismi
2781 843 3162 886 sacramentum
3185 847 3374 887 conse-

1833 928 2004 970 craret
2048 933 2109 972 ac
2164 920 2414 985 traderet,
2470 934 2650 973 vermn
2689 923 2843 973 etiam
2888 922 3194 988 sanguinem
3223 934 3374 972 suum

1833 1005 1977 1060 dedit
2008 1023 2101 1074 pro
2127 1007 2298 1072 nobis,
2330 1022 2423 1060 sua
2453 1022 2549 1062 nos
2580 1007 2826 1076 passione
2884 1008 3145 1062 redimens
3171 1047 3185 1070 ,
3226 1007 3376 1075 cujus

1833 1100 2178 1150 Sacrameulis
2220 1112 2430 1165 semper
2461 1097 2643 1152 refecti
2689 1099 3008 1151 nutriremur
3036 1096 3098 1147 ad
3130 1097 3372 1151 salutem.

1903 1188 1968 1240 Et
1997 1188 2216 1258 Spiritus
2237 1199 2311 1241 est
2338 1190 2425 1258 qui
2445 1189 2738 1257 testiﬁcatur
2776 1189 3010 1255 quoniam
3056 1184 3282 1245 Christus
3302 1196 3374 1239 est

1832 1279 2033 1332 veritas.
2080 1280 2352 1348 Baptizato
2380 1282 2428 1333 in
2454 1282 2684 1336 Jordane
2713 1281 2932 1338 Domino
2957 1277 3229 1343 descendit
3252 1279 3370 1347 Spi-

1833 1369 1962 1421 ritus
1986 1378 2200 1424 sanctus
2229 1370 2280 1423 in
2310 1368 2487 1437 specie
2516 1370 2786 1425 columba:
2813 1383 2968 1437 super
3009 1383 3126 1422 eum
3152 1407 3168 1432 ,
3215 1366 3374 1421 testi-

1833 1459 2063 1512 monium
2088 1460 2162 1512 illi
2194 1461 2475 1527 perlubens
2501 1459 2619 1529 quin
2647 1461 2838 1514 veritas
2859 1469 2960 1521 est.
2991 1459 3088 1512 hoc
3110 1466 3191 1511 est
3213 1471 3368 1510 verus

1833 1549 1923 1603 Dei
1954 1549 2138 1615 Filius,
2171 1565 2332 1604 verus
2363 1553 2619 1603 mediator
2645 1548 2734 1603 Dei
2762 1557 2814 1603 et
2859 1549 3126 1603 hominum
3161 1588 3175 1612 ,
3218 1559 3378 1599 verus

1835 1639 2044 1694 humani
2086 1639 2294 1708 generis
2340 1641 2654 1708 Redemptor
2683 1653 2745 1692 ac
2793 1637 3158 1692 reconciliator
3187 1676 3201 1700 ,
3248 1650 3370 1688 vero

1833 1731 1946 1798 ipse
1998 1731 2222 1784 mundus
2266 1731 2334 1784 ab
2380 1731 2522 1784 omni
2572 1730 2887 1798 contagione
2935 1728 3172 1797 peccati,
3246 1741 3372 1779 vere

157 1811 350 1864 Deum
380 1815 653 1880 diligamus
677 1855 692 1879 ,
737 1815 959 1882 addidit,
991 1826 1038 1868 et
1058 1819 1296 1870 mandata
1320 1820 1430 1887 ejus
1456 1821 1724 1887 faciamus.
1757 1798 1803 1857 Β
1832 1821 2102 1874 sulliciens
2148 1822 2334 1875 tollere
2365 1832 2575 1890 peccata
2625 1821 2826 1874 mundi.
2867 1819 3015 1886 Quod
3047 1820 3202 1872 etiam
3258 1816 3370 1884 ipse

241 1902 381 1955 [Irae
410 1906 543 1957 enim
578 1913 652 1958 est
691 1907 907 1958 Charitas
939 1905 1051 1969 Dei,
1108 1917 1164 1960 ut
1201 1910 1438 1962 mandata
1475 1914 1584 1980 ejus
1642 1928 1731 1964 cu-

147 1987 481 2047 stodiamus.
507 1997 618 2049 Hoc
645 2007 696 2050 et
723 1996 835 2066 ipse
860 1998 1112 2052 Dominus
1139 1999 1266 2052 dicit
1296 2019 1306 2052 :
1340 2000 1398 2054 Si
1427 2003 1539 2070 quis
1565 2004 1727 2071 diligit

151 2101 271 2146 me,
313 2103 597 2141 sermonem
640 2105 806 2142 meum
849 2091 1062 2143 servabit
1108 2089 1284 2163 (Joan.
1318 2093 1445 2163 xiv).
1484 2094 1727 2148 Probatio

153 2190 308 2243 ergo
338 2178 641 2233 dilectionis
660 2217 676 2243 ,
706 2180 961 2235 exhibitio
988 2191 1068 2235 est
1096 2186 1292 2250 operis.
1323 2183 1455 2238 Vere
1477 2186 1616 2238 enim
1643 2187 1724 2238 di-

152 2264 418 2331 ligimus,
448 2267 491 2321 si
522 2269 586 2322 ad
614 2270 857 2322 mandata
884 2270 998 2338 ejus
1037 2286 1066 2324 a
1115 2272 1309 2327 nostris
1348 2289 1444 2327 nos
1483 2275 1724 2328 volunta-

155 2355 321 2407 tibus
343 2367 695 2410 coarctamus.
727 2358 855 2413 Nam
881 2361 969 2425 qui
1001 2360 1171 2415 adhuc
1213 2379 1306 2429 per
1353 2363 1530 2418 illicita
1575 2364 1726 2418 desi-

147 2445 320 2497 deria
363 2447 566 2508 deﬂuit,
603 2447 834 2514 profecto
882 2453 1043 2503 Deum
1103 2467 1206 2504 non
1261 2464 1422 2517 amat,
1447 2455 1564 2523 quia
1595 2458 1641 2508 ei
1670 2458 1721 2511 in

153 2549 262 2587 sua
305 2538 574 2590 voluntate
603 2540 935 2593 contradicit.

236 2624 313 2677 Et
343 2627 584 2679 mandata
615 2632 724 2698 ejus
753 2633 932 2698 gravia
962 2647 1060 2685 non
1091 2643 1224 2685 sunt.
1252 2633 1309 2687 Et
1337 2633 1446 2701 ipse
1473 2635 1722 2689 Dominus

147 2714 297 2767 dicit
330 2731 343 2767 :
378 2714 572 2785 Jugum
622 2724 785 2771 meum
823 2737 977 2773 suave
1016 2733 1106 2784 est,
1158 2731 1202 2773 et
1242 2739 1368 2776 onus
1411 2741 1573 2776 meum
1619 2727 1720 2780 leve

148 2804 394 2866 (Matth.
431 2807 534 2874 ιιι).
564 2805 742 2875 Neque
774 2810 854 2862 his
882 2812 963 2864 vel
997 2811 1198 2864 Domini
1229 2815 1307 2868 vel
1341 2816 1475 2867 beati
1502 2816 1720 2869 Joannis

149 2900 346 2953 verbis
379 2901 537 2954 debet
577 2903 738 2957 videri
770 2903 1066 2970 adversum,
1095 2908 1230 2974 quod
1253 2917 1304 2962 et
1326 2909 1439 2976 ipse
1469 2911 1719 2964 Dominus

144 2989 288 3042 alibi
313 2991 460 3051 dicit.
500 2994 618 3059 quia
667 3004 886 3064 angusta
932 3006 1076 3062 porta
1119 3008 1166 3049 et
1221 3009 1358 3051 arcta
1385 3002 1463 3052 vin
1498 3011 1572 3055 est
1608 3020 1719 3068 qua!

145 3081 306 3133 ducit
337 3083 407 3134 ad
435 3084 586 3135 vitam
615 3083 826 3153 (Matth.
861 3089 988 3152 vn);
1036 3096 1090 3140 et
1137 3091 1387 3157 propheta
1437 3093 1500 3164 ad
1545 3109 1662 3147 cum
1697 3113 1709 3147 :

147 3169 396 3240 Propter
417 3175 583 3239 verba,
616 3175 780 3243 inquit
806 3221 818 3240 ,
850 3178 1096 3229 Iabiorum
1127 3189 1324 3231 tuorum
1355 3197 1443 3250 ego
1470 3185 1713 3237 custodiri

143 3269 269 3318 vias
299 3268 456 3320 duras
488 3267 657 3337 (Psal.
689 3272 826 3336 xvr);
855 3281 909 3325 et
927 3273 1196 3340 apostolus
1222 3292 1234 3327 :
1264 3274 1396 3340 Quia
1425 3293 1509 3343 per
1536 3279 1716 3328 multas

150 3355 528 3410 tribulatioues
555 3370 745 3426 Oportet
773 3378 864 3414 nos
891 3363 1098 3416 introire
1125 3366 1175 3418 in
1204 3383 1408 3436 regnum
1459 3367 1552 3420 Dei
1580 3369 1712 3437 (Act.

147 3444 300 3512 xiv).
327 3448 455 3510 Quae
486 3449 624 3500 enim
654 3459 835 3503 natura
856 3466 948 3504 sua
974 3453 1105 3506 dura
1131 3466 1250 3508 sunt
1276 3467 1328 3510 et
1357 3472 1563 3525 aspera,
1595 3476 1715 3528 spes

148 3535 464 3588 cmlcstium
511 3540 840 3602 praemiorum
890 3550 944 3595 et
989 3557 1137 3597 amor
1186 3545 1378 3600 Christi
1429 3550 1547 3601 facit
1597 3565 1714 3603 esse

145 3622 322 3673 levia.
351 3623 549 3676 Durum
574 3641 798 3694 namque
820 3639 902 3682 est
931 3634 1334 3699 persecutiones
1366 3637 1466 3702 pati
1499 3650 1714 3706 pr0pter

140 3709 445 3777 justitiam,
477 3715 569 3767 sed
597 3724 650 3768 et.
673 3717 1241 3790 hocfacitsuave,quod
1267 3727 1496 3793 ipsorum
1520 3729 1605 3797 qui
1636 3732 1711 3783 sic

147 3801 435 3866 patiuntur
458 3813 531 3856 est
564 3820 779 3874 regnum
805 3809 1079 3865 cmlorum.
1114 3812 1259 3867 Unde
1283 3815 1415 3868 bene
1437 3816 1708 3871 subditur:

225 3890 490 3952 Quoniam
515 3910 658 3948 omne
675 3898 808 3964 quod
835 3910 1009 3952 natum
1034 3910 1105 3954 est
1133 3919 1196 3955 ex
1223 3903 1346 3970 Deo,
1377 3907 1527 3958 vincit
1557 3923 1710 3960 mun-

145 3979 306 4032 dum.
341 3981 470 4034 ideo
499 3999 726 4053 namque
748 3989 997 4040 mandata
1021 3991 1200 4045 divina
1231 4009 1333 4047 non
1364 4004 1482 4048 sunt
1510 3997 1706 4064 gravia,

150 4069 286 4136 quia
319 4086 510 4124 omnes
540 4075 629 4141 qui
660 4090 783 4129 vera
815 4077 1094 4133 devorione
1125 4081 1205 4134 his
1232 4085 1613 4153 mancipantur,
1657 4095 1709 4140 et

144 4161 393 4214 adversa
420 4164 598 4215 mundi
643 4165 753 4231 ejus
776 4177 830 4220 et
859 4168 1212 4224 blandimenta
1244 4174 1351 4239 pari
1384 4185 1557 4229 mente
1581 4191 1708 4228 con-

145 4260 430 4311 temuunt,
479 4253 644 4318 ipsam
694 4272 906 4325 quoque
955 4270 1180 4314 mortem
1223 4265 1362 4316 velut
1415 4265 1704 4333 ingressum

150 4340 344 4403 patrize
401 4343 633 4397 caelestis
686 4356 943 4401 amantes.
979 4350 1044 4401 Et
1091 4365 1158 4404 ne
1203 4352 1320 4419 quis
1367 4367 1458 4407 sua
1510 4355 1704 4410 virtute

1833 1908 2090 1977 Baptista,
2121 1910 2233 1963 viso
2261 1911 2494 1977 ejusdem
2519 1910 2743 1979 Spiritus
2771 1910 2993 1964 adventu
3036 1906 3330 1974 intelligens
3350 1945 3367 1970 ,

1828 1999 1899 2053 ait
1926 2017 1937 2051 :
1971 2000 2070 2066 Qui
2099 2017 2178 2053 me
2214 2001 2345 2053 misit
2384 2001 2636 2069 baptizare
2663 2000 2713 2050 in
2738 2015 2869 2066 aqua
2892 2038 2908 2062 ,
2938 1997 3024 2050 ille
3048 1997 3168 2048 mihi
3195 1996 3322 2048 dixit
3349 2010 3370 2047 :

1793 2086 1995 2154 'Super
2042 2103 2186 2154 quem
2241 2087 2425 2140 videris
2471 2087 2716 2156 Spiritum
2761 2084 3134 2138 descendentem
3171 2092 3216 2135 et
3257 2099 3367 2134 ma-

1826 2185 2023 2228 rientem
2065 2192 2214 2243 super
2257 2192 2403 2240 eum,
2452 2173 2534 2227 Itic
2576 2175 2760 2244 estqui
2806 2175 3023 2242 baptisat
3075 2174 3125 2225 in
3173 2171 3367 2240 Spiritu

1823 2278 2013 2322 sancto.
2046 2265 2113 2318 Et
2140 2282 2230 2335 ego
2259 2268 2380 2331 vidi,
2404 2276 2452 2320 et
2473 2268 2808 2320 testimonium
2837 2265 3080 2332 perhibui,
3125 2264 3242 2330 quia
3287 2265 3368 2316 hic

1820 2370 1896 2424 est
1942 2358 2108 2410 Filius
2133 2357 2226 2409 Dei
2259 2356 2435 2428 (Joan.
2469 2359 2528 2427 ι).
2562 2358 2695 2423 Quia
2741 2372 2867 2426 ergo
2916 2357 3140 2423 Spiritus
3185 2356 3363 2409 Jesum

1823 2449 2091 2502 Christum
2125 2463 2246 2504 esse
2280 2449 2556 2502 veritatem
2589 2455 2832 2509 testatur,
2857 2448 2967 2514 ipse
2997 2463 3054 2500 se
3086 2445 3362 2500 veritatem

1823 2543 2202 2608 cognominat,
2243 2541 2473 2610 Baptista
2534 2540 2680 2594 illum
2737 2540 3008 2591 veritatem
3066 2538 3358 2604 praedicat,

1825 2633 1985 2687 Filius
2034 2634 2247 2687 tonitrui
2285 2633 2558 2688 veritatem
2599 2631 2960 2700 evangelizat.
3004 2637 3211 2682 taceant
3257 2628 3364 2681 bla-

1818 2722 2154 2793 sphemi,qni
2182 2723 2321 2777 hunc
2361 2725 2665 2791 phantasma
2692 2735 2812 2776 esse
2855 2720 3206 2790 dogmatizant
3231 2735 3245 2782 ;
3273 2732 3361 2786 pe-

1822 2826 1936 2869 reat
1972 2815 2039 2869 de
2071 2823 2210 2868 terra
2242 2818 2498 2867 memoria
2529 2827 2711 2866 eorum
2737 2813 2822 2880 qui
2846 2826 2964 2864 eum
2987 2810 3066 2863 vel
3096 2809 3257 2863 Deum
3280 2806 3362 2862 vel

1822 2906 2089 2960 hominem
2115 2918 2232 2957 esse
2260 2917 2443 2956 verum
2470 2902 2750 2970 denegant.

1890 2995 2142 3059 Quoniam
2182 3001 2282 3046 tres
2307 2993 2526 3057 suntqui
2557 2991 2894 3044 testimonium
2939 2991 3059 3041 dant
3111 2989 3163 3040 in
3204 2997 3359 3051 terra,

1821 3095 1929 3140 t-tc.
1959 3086 2187 3154 Spiritus
2220 3084 2366 3138 dedit
2396 3085 2753 3138 testimonium
2781 3081 3028 3151 quoniam
3069 3079 3222 3134 Jesus
3277 3088 3360 3133 est

1819 3177 2035 3235 veritas.
2069 3175 2278 3243 quando
2302 3189 2462 3242 super
2478 3174 2792 3241 baptizatum
2817 3170 3108 3226 descendit.
3131 3170 3184 3223 Si
3215 3170 3358 3224 enim

1822 3280 1978 3318 verus
2003 3266 2091 3318 Dei
2126 3265 2294 3319 Filius
2323 3279 2426 3317 non
2455 3275 2615 3329 esset,
2638 3274 2964 3330 nequaquam
2988 3261 3038 3313 in
3068 3275 3190 3314 eum
3216 3268 3357 3313 tanta

1818 3354 2250 3407 manil'estatione
2273 3351 2504 3421 Spiritus
2530 3361 2742 3406 sanctus
2769 3349 2996 3405 veniret.
3027 3352 3168 3418 Aqua
3198 3350 3357 3404 etiam

1817 3454 1870 3495 ct
1900 3445 2112 3513 sanguis
2145 3443 2342 3496 dedere
2382 3440 2737 3496 testimonium
2764 3481 2781 3507 ,
2825 3439 3074 3509 quoniam
3097 3438 3249 3494 Jesus
3278 3449 3360 3492 est

1819 3535 2040 3598 veritas,
2078 3533 2286 3602 quando
2317 3533 2386 3587 de
2416 3533 2584 3587 latere
2621 3533 2734 3602 ejus
2758 3533 2806 3586 iu
2838 3548 2996 3587 cruce
3026 3531 3216 3585 mortui
3245 3547 3356 3583 ma-

1815 3632 2005 3677 narunt
2031 3641 2044 3677 :
2069 3622 2208 3690 quod
2236 3622 2533 3678 nullatenus
2550 3624 2660 3678 ﬁeri
2683 3631 2880 3691 posset,
2909 3623 2952 3676 si
2983 3637 3162 3676 veram
3182 3620 3355 3674 carnis

1817 3722 2056 3764 naturam
2089 3726 2191 3764 non
2225 3711 2462 3765 haberet.
2494 3711 2597 3766 Sed
2626 3723 2679 3765 et
2705 3712 2804 3765 hoc
2827 3709 2965 3780 quod
3009 3718 3132 3764 ante
3159 3710 3358 3780 passio-

1814 3821 1955 3869 nem,
1992 3821 2110 3859 cum
2140 3817 2335 3871 oraret,
2370 3809 2535 3876 factus
2575 3814 2649 3860 est
2687 3805 2842 3858 sudor
2882 3805 2991 3874 ejus
3033 3813 3159 3856 sicut
3198 3811 3355 3875 gutta!

1809 3895 2068 3963 sanguinis
2114 3896 2417 3948 decurrentis
2466 3896 2518 3946 iu
2566 3905 2748 3948 terram
2775 3894 2924 3962 (Luc.
2961 3894 3113 3961 nu),
3146 3891 3358 3948 veritati

1809 3984 1984 4038 carnis
2029 3994 2312 4052 assumpta:
2345 3984 2703 4038 testimonium
2747 3983 2856 4035 dat.
2886 3982 2993 4037 Nec
3022 3979 3346 4034 reticendum

1809 4076 1946 4146 quod
1975 4077 2025 4128 in
2059 4077 2158 4130 hoc
2195 4089 2404 4142 quoque
2442 4074 2655 4143 sanguis
2703 4081 2754 4127 et
2802 4087 2932 4142 aqua
2991 4072 3350 4127 testimonium

1809 4167 1884 4221 illi
1911 4165 2328 4230 dedcrunt,quod
2351 4164 2416 4218 de
2443 4164 2605 4219 latere
2629 4166 2818 4218 mortui
2853 4163 3100 4217 vivaciter
3126 4162 3348 4217 efﬂuxe-

1807 4266 1948 4319 runt,
1972 4254 2112 4322 quod
2143 4265 2257 4308 erat
2287 4265 2468 4307 contra
2515 4263 2749 4307 naturam
2788 4268 3068 4321 corporum
3113 4263 3350 4307 mortuo-

1807 4362 1922 4401 rum
1952 4388 1967 4409 ,
2004 4356 2162 4413 atque
2189 4345 2256 4399 ob
2285 4344 2338 4397 id
2369 4344 2632 4413 mysteriis
2659 4356 2837 4410 aptum
2865 4385 2882 4408 ,
2930 4352 2985 4398 et
3037 4345 3336 4399 testimonio

149 4432 341 4484 innndi
372 4433 452 4485 vel
485 4432 637 4487 lusus
674 4437 756 4489 vel
789 4438 993 4493 labores
1017 4453 1076 4495 se
1101 4456 1256 4510 posse
1287 4459 1539 4511 superare
1568 4461 1696 4500 con-

1820 4436 2035 4491 veritatis
2061 4437 2154 4487 iuit
2180 4451 2464 4502 congruum
2493 4479 2507 4503 ,
2555 4436 2796 4491 videlicet
2844 4438 3110 4493 insinuans
3137 4441 3256 4506 quia
3284 4447 3340 4491 et

144 4522 344 4575 ﬁderet
370 4563 386 4584 .
430 4526 667 4579 consulte
695 4528 958 4598 subjungit
992 4549 1004 4584 :

221 4609 292 4661 Et
323 4612 431 4663 haec
456 4623 525 4664 est
552 4617 757 4669 victoria
777 4635 888 4682 qua:
907 4622 1055 4675 vincit
1081 4625 1344 4690 mundum,
1365 4627 1488 4694 ﬁdes
1505 4638 1696 4683 nostra.

148 4701 241 4752 illa
275 4701 528 4756 nimirum
574 4704 718 4774 ﬁdes,
763 4724 879 4778 quas
918 4727 1012 4778 per
1046 4715 1380 4770 dilectionem
1413 4728 1692 4784 operatur;

133 4796 234 4846 illa
290 4795 430 4848 lides
483 4812 583 4864 qua
631 4799 744 4865 ejus
795 4800 1060 4858 humiliter
1110 4808 1365 4864 auxilium
1407 4811 1697 4879 ﬂagitamus

150 4887 238 4950 qui
271 4887 346 4940 ait
375 4904 387 4937 :
423 4887 487 4940 In
518 4881 706 4944 mundo
731 4908 994 4961 pressuras
1022 4897 1288 4964 habebitis,
1319 4902 1407 4953 sed
1435 4901 1693 4969 conﬁdite,

148 4992 236 5042 ego
269 4976 368 5026 vici
396 4980 641 5029 mundum
664 4979 837 5036 (Joan.
870 4985 998 5048 xvr).

223 5064 356 5126 Quis
380 5076 452 5117 est
479 5067 566 5132 qui
595 5068 743 5121 vincit
774 5074 1015 5125 mundum
1041 5114 1053 5137 ,
1087 5085 1190 5131 etc.
1224 5078 1392 5133 Vincit
1422 5083 1693 5148 mundum,

151 5153 240 5218 qui
298 5153 479 5205 Jesum
532 5155 720 5209 Filium
776 5159 865 5213 Dei
916 5176 1033 5216 esse
1077 5167 1319 5230 credens,
1348 5169 1501 5235 digna
1524 5171 1692 5224 eidem

157 5241 276 5293 ndei
325 5257 490 5308 opera
530 5243 717 5313 jungit.
745 5247 844 5300 Sed
878 5251 1106 5319 nunquid
1134 5255 1242 5306 sola
1269 5255 1553 5311 divinitatis
1581 5261 1693 5325 ejus

153 5330 284 5382 tides
313 5340 370 5384 et
398 5333 661 5388 confessio
691 5336 824 5390 valet
865 5341 927 5392 ad
967 5341 1185 5397 salutem
1238 5345 1519 5401 sufﬁcere?
1566 5350 1693 5403 Vide

151 5422 450 5484 sequentia.

223 5507 326 5559 llic
356 5519 428 5560 est
453 5515 537 5574 qui
566 5523 692 5566 rem!
721 5532 808 5584 per
843 5533 1022 5581 aquam
1067 5530 1116 5571 et
1153 5524 1447 5590 sanguinem
1479 5566 1493 5590 ,
1546 5527 1691 5582 Jesus

153 5595 408 5649 Christus.
438 5600 532 5662 Qui
564 5615 687 5669 ergo
714 5614 828 5658 erat
871 5617 1096 5661 aeternus
1147 5610 1237 5663 Dei
1295 5612 1475 5682 Filius,
1524 5617 1690 5671 factus

154 5699 235 5744 est
267 5689 430 5746 homo
469 5692 520 5744 in
562 5702 808 5763 tempore,
839 5714 894 5755 ut
923 5703 1007 5772 qui
1039 5719 1131 5758 nos
1158 5722 1249 5772 per
1272 5708 1554 5765 divinitatis
1581 5727 1687 5768 suae

1802 4528 1971 4594 ipsum
2002 4525 2205 4580 Domini
2245 4540 2436 4592 corpus
2475 4527 2658 4580 melius
2687 4537 2802 4594 post
2828 4539 3049 4583 mortem
3081 4544 3195 4581 esse
3225 4533 3333 4586 vic-

1800 4628 1970 4671 turum
2012 4617 2378 4670 resuscitatum
2430 4617 2479 4668 in
2529 4617 2710 4685 gloria,
2753 4627 2809 4671 et
2857 4619 2966 4686 ipsa
3023 4636 3165 4673 mors
3204 4621 3346 4678 illius

1799 4706 1949 4758 nobis
1980 4707 2140 4758 vitam
2170 4706 2412 4760 donaret.
2449 4705 2556 4759 lloc
2599 4720 2803 4772 quoque
2841 4708 2979 4774 quod
3027 4710 3187 4764 sudor
3225 4715 3341 4781 ejus

1802 4796 1966 4846 instar
1997 4806 2154 4864 gutta:
2183 4797 2450 4864 sanguinis
2474 4795 2786 4849 decurrebat
2835 4798 2885 4849 in
2925 4805 3156 4864 terram.
3193 4807 3342 4859 testi-

1797 4886 2029 4939 monium
2072 4887 2379 4954 perhibebat
2408 4885 2480 4938 illi
2522 4900 2674 4940 sacro
2702 4889 2951 4955 mysrerio
2991 4894 3127 4959 quod
3157 4895 3340 4953 Eccle-

1807 4976 1940 5026 siam
1971 4983 2137 5026 totum
2167 4988 2259 5040 per
2281 4975 2460 5027 orbem
2500 4989 2596 5027 suo
2637 4979 2891 5047 sanguine
2937 4980 3154 5034 lavaret.
3205 4984 3338 5040 Tres

1794 5060 1913 5118 sunt
1941 5079 2064 5131 ergo
2095 5067 2184 5133 qui
2211 5066 2564 5123 testimonium
2590 5071 2867 5139 perhibent
2894 5072 3125 5127 veritati.

1860 5155 1929 5207 Et
1964 5167 2058 5209 tres
2085 5159 2294 5229 (inquit)
2323 5177 2477 5214 unum
2503 5173 2637 5216 sunt.
2674 5164 2934 5216 lndividua
2968 5179 3191 5233 namque
3222 5167 3333 5221 Ιιςιιο

1794 5257 2044 5311 manent,
2090 5249 2323 5317 nihilque
2384 5267 2567 5306 eorum
2603 5269 2632 5305 a
2677 5255 2754 5306 sui
2798 5257 3122 5310 connexione
3154 5258 3328 5323 sejun-

1790 5337 1955 5402 gitur,
1987 5338 2106 5404 quia
2138 5353 2234 5391 nec
2274 5341 2387 5393 sine
2427 5356 2548 5394 vera
2577 5343 2834 5396 credenda
2883 5356 2962 5398 est
3008 5346 3332 5403 humanitate

1790 5428 2032 5479 divinitas
2060 5468 2073 5490 ,
2100 5443 2196 5482 nec
2239 5429 2357 5483 sine
2399 5447 2518 5485 vera
2550 5423 2822 5489 divinitate
2854 5437 3172 5491 humanitas.
3225 5439 3330 5495 Sed

1789 5516 1920 5567 etin
1949 5517 2101 5570 nobis
2131 5518 2242 5572 brec
2296 5536 2455 5575 unum
2501 5537 2656 5590 sunt,
2703 5542 2805 5581 non
2852 5539 3036 5579 natura
3089 5528 3323 5596 ejusdem

1787 5605 2126 5673 substantiae,
2157 5611 2248 5663 sed
2278 5611 2510 5678 ejusdem
2535 5619 2835 5684 operatione
2869 5623 3124 5689 mysterii.
3158 5623 3317 5686 Nam.

1787 5698 1921 5750 sicut
1967 5698 2145 5754 beatus
2186 5699 2492 5758 Ambrosius
2543 5707 2651 5759 ait:
2683 5727 2699 5760 (
2729 5710 2956 5778 Spiritus
3007 5721 3309 5769 manentem
