3860 6230
205 403 301 456 ll?

1315 403 1377 456 IN
1417 405 1432 459 Ι
1477 398 1854 457 εΡιετοιιΑΜ
1894 399 1951 452 8.
1991 396 2282 452 ιοΑΝΜδ.

3291 398 3388 452 HR

197 509 446 561 funtatent
481 512 612 576 eius.
656 508 792 578 Ergo
833 523 989 577 super
1028 509 1110 564 his
1151 518 1350 564 tantum
1393 512 1600 579 plenam
1651 521 1746 560 nos
1774 510 1819 564 Α
1847 506 1983 558 ciunt
2027 503 2175 574 (Luc.
2225 504 2372 571 xxv).
2421 501 2658 555 Nondum
2704 502 2878 566 enim,
2930 502 3110 570 gratiae
3164 505 3387 572 Spiritus

197 609 251 653 ct
281 598 674 654 ludubitabilem
699 600 850 667 jussit
880 602 1230 655 exauditionis
1260 600 1449 656 habere
1480 601 1744 664 fiduciam,

199 702 318 755 qua
347 703 450 740 non
485 692 678 744 nostris
705 691 1011 754 commodis,
1055 705 1152 744 nec
1198 691 1401 744 solatiis
1449 690 1749 758 temporali-

200 779 320 843 bus,
349 779 445 834 sed
476 779 679 834 Domini
705 792 992 851 congruant
1019 783 1294 835 voluntati.
1327 783 1478 848 Quod
1509 783 1664 836 etiam
1698 784 1746 835 in

199 870 438 926 oratione
473 871 734 928 Dominica
766 875 994 928 inserere
1020 875 1350 942 prmcipimur
1379 893 1393 928 :
1427 875 1545 928 Fiat
1573 877 1749 929 volun.

200 969 277 1010 tos
306 970 393 1011 tua
418 957 630 1026 (Ibid.),
657 962 874 1024 scilicet,
907 978 1009 1015 non
1039 973 1238 1019 nostra.
1286 962 1341 1017 Si
1373 967 1512 1017 enim
1540 976 1592 1016 et
1622 964 1748 1018 illud

199 1047 438 1114 Apostoli
459 1050 793 1104 recordemur
814 1066 829 1105 :
855 1053 1102 1115 Quoniam
1119 1053 1236 1119 quid
1261 1068 1457 1107 oremus
1480 1056 1750 1106 secundum

198 1139 338 1204 quod
364 1148 557 1207 oportet
597 1142 850 1193 nescimus
901 1140 1076 1210 (Rom.
1105 1141 1239 1210 vui),
1272 1141 1608 1210 intelligimus
1657 1157 1751 1196 nos

201 1241 574 1293 nonnunquam
620 1230 772 1283 saluti
819 1241 1010 1284 nostrae
1059 1232 1320 1284 contraria
1367 1230 1651 1300 postulare,
1699 1242 1754 1284 et

199 1315 631 1371 commodissime
674 1318 824 1370 nobis
866 1320 931 1372 ab
975 1333 1039 1373 eo
1065 1320 1150 1388 qui
1195 1321 1468 1374 utilitatem
1519 1331 1749 1374 nostram

203 1402 406 1456 rectius
450 1419 604 1472 quam
651 1421 747 1460 nos
793 1408 1020 1461 intuetur
1043 1423 1105 1462 ea
1136 1424 1249 1477 qua:
1280 1411 1543 1474 poscimus
1590 1410 1753 1464 dene-

201 1491 338 1558 gari.
375 1491 524 1555 Quod
553 1492 650 1562 ipsi
679 1510 886 1565 quoque
934 1497 1184 1566 magistro
1226 1500 1456 1566 gentium
1502 1498 1754 1552 accidisse

201 1595 311 1634 non
341 1580 554 1636 dubium
580 1591 678 1640 est.

276 1669 346 1722 Et
369 1671 552 1725 scimus
584 1674 819 1741 quoniam
862 1675 1003 1727 audit
1046 1692 1137 1730 nos
1163 1675 1408 1744 quidquid
1447 1672 1753 1744 petierimus,

198 1768 310 1813 etc.
355 1759 709 1828 Multipliciter
755 1763 936 1816 eadem
979 1779 1098 1833 quae
1142 1765 1465 1832 praemiserat
1506 1765 1750 1828 inculcat,

1848 597 2012 650 sancti
2045 595 2319 662 participes
2343 592 2532 658 effecti,
2565 581 2864 646 societatem
2910 601 3104 647 81M!le
3145 591 3384 651 fraterni-

1849 686 1968 736 tatis
1995 683 2235 736 inierant.
2281 682 2344 734 Et
2391 683 2573 735 beatus
2602 682 2892 747 Stephanus
2940 693 3052 735 orat
3097 698 3194 752 pro
3240 685 3318 740 eis
3361 703 3391 740 s

1848 772 2032 840 quibus
2077 771 2416 839 lapidabatur,
2448 771 2568 838 quia
2615 771 2843 824 nondum
2890 769 3099 825 Christo
3145 775 3386 830 credidc.

1850 871 1984 921 rant,
2016 875 2186 927 neque
2212 861 2462 913 adversus
2507 861 2643 911 illam
2674 875 3002 913 communem
3047 863 3260 928 gratiam
3311 867 3394 919 di-

1851 951 2127 1003 micabant.
2169 949 2231 1002 Et
2258 947 2524 1014 apostolus
2555 946 2742 1000 Paulus
2765 959 3053 1015 propterea,
3085 952 3258 1014 credo,
3290 970 3393 1010 nnu

1851 1046 1967 1090 orat
2015 1051 2109 1106 pro
2140 1036 2455 1101 Alexandro,
2507 1037 2625 1102 quia
2674 1038 2779 1102 jam
2833 1037 2992 1091 frater
3037 1049 3180 1103 erat;
3228 1051 3279 1094 et
3327 1047 3390 1095 ait

1851 1137 2092 1190 mortem,
2126 1126 2176 1179 id
2203 1135 2303 1191 est,
2327 1126 2608 1180 invidentia
2642 1126 3015 1182 fraternitatem
3047 1135 3394 1201 oppugnando

1854 1224 2175 1283 peccaverat.
2217 1214 2319 1269 Pro
2348 1214 2430 1268 his
2457 1227 2628 1268 autem
2658 1215 2745 1283 qui
2773 1231 2874 1268 non
2905 1217 3220 1286 abruperant
3246 1238 3392 1273 amo-

1854 1319 1986 1368 rem,
2015 1304 2106 1358 sed
2135 1304 2320 1358 timore
2366 1305 2768 1366 succubuerant,
2803 1315 2914 1357 orat
2945 1317 3000 1358 ut
3034 1308 3110 1361 eis
3159 1308 3394 1374 ignosca-

1856 1405 1954 1446 tur.
1993 1394 2078 1449 Sic
2120 1393 2258 1447 enim
2291 1393 2457 1447 dicit:
2487 1395 2771 1446 Alexander
2814 1396 3022 1448 trrarius
3065 1396 3219 1448 multa
3264 1399 3397 1450 mala

1856 1484 1979 1537 milii
2019 1485 2248 1546 ostendit,
2297 1485 2467 1536 reddet
2513 1485 2587 1535 illi
2635 1483 2876 1536 Dominus
2924 1485 3196 1536 secundum
3246 1503 3396 1555 opera

1855 1578 2000 1646 ejus;
2045 1591 2187 1641 quem
2229 1585 2274 1626 et
2323 1583 2374 1625 tu
2423 1575 2606 1636 (levita,
2638 1574 2779 1625 valde
2823 1575 2954 1626 enim
2996 1578 3174 1628 restitit
3218 1581 3398 1632 nostris

1857 1668 2163 1721 sermonibus
2203 1665 2286 1736 (11
2322 1666 2452 1718 Tim.
2483 1668 2572 1731 tv).
2633 1665 2824 1719 Deinde
2871 1666 3134 1734 subjungit
3165 1684 3256 1735 pro
3282 1671 3397 1736 qui.

1859 1756 1955 1808 bus
1981 1765 2116 1819 orat,
2149 1754 2216 1806 ita
2247 1754 2426 1807 dicens
2459 1770 2471 1805 :
2504 1752 2568 1804 In
2603 1755 2764 1820 prima
2805 1769 2915 1806 mea
2941 1755 3225 1821 defensione
3251 1773 3397 1811 nemo

202 1856 265 1900 ut
311 1863 409 1902 nos
453 1850 516 1904 ad
558 1853 810 1905 orandum
861 1853 1094 1906 vivacius
1139 1847 1350 1907 ειοίιει,
1429 1853 1530 1908 sed
1581 1863 1758 1908 manet
1788 1838 1832 1897 Β
1861 1848 1983 1899 mihi
2029 1848 2215 1915 adfuit,
2264 1848 2351 1900 sed
2381 1864 2547 1900 omnes
2590 1864 2666 1901 nte
2711 1848 3112 1917 dereliquerimt;
3156 1865 3254 1903 non
3295 1852 3394 1904 illis

199 1937 436 2005 objectio
463 1954 620 2009 quam
651 1943 843 2008 posuit,
891 1952 948 1997 ut
972 1944 1258 1997 secundum
1293 1943 1617 1998 voluntatem
1665 1959 1754 2013 pe-

202 2036 384 2080 tamus
427 2030 588 2081 nostri
612 2028 930 2083 Conditoris.
980 2031 1126 2097 Quod
1177 2032 1409 2085 bifariam
1459 2041 1629 2099 potest
1667 2048 1757 2085 ac-

199 2114 338 2180 cipi,
393 2124 448 2168 ut
485 2116 687 2170 scilicet
730 2127 783 2171 et
829 2133 890 2173 ea
937 2135 1052 2188 qua:
1098 2121 1208 2186 ipse
1260 2122 1368 2174 vult
1413 2136 1674 2189 rogemus,
1705 2131 1759 2174 et

198 2205 342 2258 tales
386 2205 483 2272 ipsi
533 2207 708 2275 quales
748 2223 866 2262 esse
910 2224 1004 2262 nos
1054 2209 1316 2264 desiderat
1360 2209 1424 2263 ad
1471 2210 1756 2279 rogandmu

201 2295 507 2348 veniamus.
536 2295 682 2361 Quod
723 2305 804 2350 est
831 2298 1021 2352 habere
1051 2298 1206 2352 fidem
1236 2314 1352 2367 quae
1384 2315 1478 2367 per
1514 2299 1755 2352 dilectio-

202 2395 333 2436 nem
363 2395 610 2451 operatur
636 2383 830 2452 (Colat.
867 2387 943 2454 v),
991 2397 1044 2440 et
1072 2396 1192 2441 ante
1237 2389 1412 2440 omnia
1459 2389 1758 2442 meminisse

203 2471 356 2524 illius
400 2474 682 2540 evangelici
728 2475 955 2529 mandati
987 2494 997 2527 :
1030 2475 1098 2528 Et
1139 2492 1250 2529 cum
1295 2477 1486 2531 stabilis
1513 2477 1578 2529 ad
1606 2495 1756 2530 oram

201 2560 357 2624 dum,
382 2562 611 2614 dimittite
646 2565 690 2616 si
725 2565 846 2630 quid
874 2565 1060 2618 habetis
1098 2566 1336 2619 adversus
1361 2567 1601 2636 aliquem,
1634 2579 1687 2619 ut
1713 2577 1760 2619 et

207 2646 372 2701 Pater
402 2660 558 2706 vester
582 2653 668 2718 qui
697 2654 746 2705 in
775 2654 908 2707 ctzlis
941 2663 1013 2708 est
1044 2655 1259 2707 dimittat
1287 2656 1418 2706 vobis
1451 2664 1651 2725 peccata
1678 2671 1758 2708 ve-

201 2745 320 2790 stra
345 2740 536 2807 (Marc.
568 2741 664 2806 si).

285 2827 388 2892 Qui
435 2829 525 2880 scit
565 2830 773 2897 fratrem
814 2845 960 2882 suum
1005 2848 1208 2898 peccare
1255 2841 1511 2901 peccatum
1551 2849 1647 2884 non
1696 2835 1760 2884 ad

205 2924 447 2983 mortem,
477 2928 578 2970 clc.
637 2917 756 2970 llmc
783 2927 834 2971 et
865 2919 1159 2988 hujusmodi
1210 2921 1494 2973 secundum
1527 2920 1762 2972 volunta-

207 3015 323 3057 tem
361 3004 566 3058 Domini
594 3014 864 3072 petuntur,
909 3021 1027 3075 qum
1075 3008 1137 3060 ad
1191 3009 1434 3060 fraterna:
1464 2993 1762 3061 dilectionis

205 3093 450 3146 officium
481 3103 805 3162 exspectant.
859 3097 1111 3164 Loquitur
1139 3108 1309 3150 autem
1356 3100 1422 3151 de
1450 3097 1763 3166 quotidianis

1855 1939 2126 2005 imputetur
2162 1934 2370 2005 (Ibid.).
2415 1937 2592 1990 Potest
2632 1949 2804 1992 autem
2834 1947 3101 2006 peccatum
3143 1955 3304 2010 usque
3331 1944 3394 1994 ad

1859 2034 2077 2077 mortem
2120 2026 2304 2091 accipi,
2357 2039 2451 2092 pro
2500 2040 2602 2092 quo
2650 2040 2832 2093 rogare
2879 2029 3176 2093 quempiam
3230 2038 3391 2090 vetat.

1856 2111 1974 2178 quia
2003 2110 2200 2167 scilicet
2229 2123 2494 2179 peccatum
2535 2114 2667 2182 quod
2701 2116 2750 2166 in
2783 2115 2878 2168 hac
2906 2117 3008 2168 vita
3037 2131 3135 2170 non
3181 2120 3397 2186 corrigi-

1860 2212 1962 2266 tur,
2029 2202 2141 2272 ejus
2197 2208 2342 2256 venia
2397 2203 2585 2257 frustra
2643 2215 2758 2271 post
2813 2214 3032 2260 mortem
3087 2209 3395 2276 postulatur.

1863 2294 2049 2348 Verum
2098 2296 2144 2348 si
2195 2296 2463 2364 sequentia
2517 2297 2797 2364 diligenter
2843 2297 3185 2365 inspicimus.
3239 2303 3400 2369 magis

1858 2386 2095 2451 supcrtur
2161 2397 2344 2437 sensus
2395 2385 2547 2452 hujus
2617 2386 2853 2440 lCCIiOnis
2900 2389 3065 2442 tenori
3110 2403 3398 2460 congruere

1860 2472 2078 2526 videtur.
2108 2471 2237 2526 Nam
2264 2474 2543 2528 subditur:

1931 2561 2104 2613 Omnis
2129 2563 2360 2630 iniquitas
2379 2574 2631 2629 peccatum
2654 2573 2744 2629 est,
2773 2575 2873 2620 etc.
2899 2568 3061 2622 Tanta
3089 2581 3186 2635 est,
3213 2571 3416 2639 inquit,

1861 2649 2138 2702 diversitas
2191 2662 2540 2717 peccatorum,
2593 2664 2647 2705 ut
2691 2668 2846 2709 omne
2886 2657 3024 2725 quod
3054 2660 3118 2711 ab
3144 2660 3400 2726 mquitatis

1862 2741 2060 2792 ratione
2089 2741 2365 2809 dis'crepat,
2398 2742 2532 2795 inter
2562 2755 2770 2810 peccata
2813 2759 3130 2812 numeretur,
3161 2748 3397 2818 quamvis

1862 2829 2074 2886 minima
2123 2843 2330 2896 peccata
2359 2830 2514 2898 justis
2541 2848 2647 2887 sua:
2687 2835 2902 2900 justitiaa
2941 2839 3178 2890 meritum
3209 2855 3397 2906 nequa-

1861 2931 2014 2982 quam
2061 2919 2285 2982 auferre,
2341 2919 2419 2972 vel
2469 2920 2701 2974 minuere
2751 2925 2967 2990 possint,
3016 2927 3096 2978 illa
3149 2929 3395 2981 duntaxat

1862 3008 1973 3060 siue
2000 3008 2187 3075 quibus
2216 3009 2348 3061 hanc
2379 3010 2537 3061 vitam
2571 3011 2862 3065 nullatenus
2887 3017 3169 3082 transigere
3198 3017 3394 3080 valent,

1864 3102 1918 3162 et
1965 3096 2088 3147 item
2133 3096 2368 3162 qumdam
2413 3106 2619 3163 peccata
2670 3107 2864 3153 tantum
2912 3102 2977 3153 ab
3002 3105 3398 3172 onmi,justiti:e

207 3180 526 3247 Ievihusque
553 3158 798 3247 peccatis,
834 3197 950 3250 qum
995 3184 1129 3236 sicut
1157 3183 1366 3236 difﬁcile
1407 3185 1653 3248 vitantur,
1686 3186 1759 3236 sic
1790 3158 1832 3218 ο
1869 3191 2008 3234 sorte
2037 3183 2358 3249 discordeut,
2393 3197 2532 3239 tanta
2583 3186 2852 3257 iniquitate
2884 3202 3172 3259 patrenmr,
3203 3205 3259 3247 ut
3286 3196 3406 3251 abs-

206 3275 379 3327 etiam
426 3274 579 3326 facile
628 3283 892 3328 curantur.
943 3273 1044 3329 Sed
1091 3290 1194 3344 quo
1236 3275 1418 3330 ordine
1449 3274 1560 3330 lucc
1597 3277 1762 3328 alter-

209 3371 394 3414 utrum
442 3362 622 3429 petitio
665 3363 733 3414 sit
780 3363 1087 3416 celebranda
1129 3379 1221 3430 pro
1270 3364 1763 3431 peccatis,.Jacobus

215 3448 452 3500 insinuat
494 3450 746 3515 apertius,
802 3450 984 3503 dicens
1034 3467 1045 3500 :
1105 3451 1418 3516 Con/itemini
1472 3452 1764 3503 alterutrum

211 3546 427 3602 peccata
451 3545 628 3601 vestra,
659 3548 701 3590 et
729 3548 867 3590 orate
897 3555 987 3605 pro
1014 3540 1221 3592 invicem
1248 3550 1302 3591 ut
1326 3543 1582 3594 solventini
1624 3542 1759 3610 (Jac.

213 3628 301 3693 ν).
344 3627 401 3680 Si
449 3641 573 3694 ergo
619 3628 781 3694 dictu,
831 3629 911 3681 vel
962 3630 1209 3698 cogitatu,
1258 3633 1334 3684 vel
1375 3631 1658 3696 oblivione,
1685 3635 1764 3685 vel

214 3717 514 3784 ignorantia
559 3717 688 3770 forte
723 3718 1016 3784 deliquisti,
1055 3721 1184 3773 vade
1222 3722 1285 3773 ad
1327 3721 1559 3784 fratrem,
1603 3722 1766 3775 confl-

216 3814 336 3858 tere
365 3805 461 3869 illi,
494 3805 692 3872 postula
732 3805 1182 3860 iuterventionem.
1217 3809 1269 3860 Si
1302 3809 1411 3876 ipse
1442 3817 1492 3861 te
1521 3809 1768 3876 fragilitao

219 3899 295 3950 tis
316 3911 426 3949 suae
452 3898 716 3949 conscimn
758 3911 884 3964 pure
913 3899 1216 3952 coutltendo
1263 3899 1463 3964 fecerit,
1494 3909 1544 3952 et
1575 3908 1626 3950 tu
1655 3900 1766 3966 ejus

217 3997 398 4037 errata
424 3987 509 4051 pie
533 3985 898 4039 intercedendo
926 3987 1084 4040 dilue.
1128 3988 1230 4041 Sed
1259 3993 1368 4041 lucc
1394 3989 1458 4041 de
1490 3988 1767 4040 levioribus

219 4075 366 4127 dicta
395 4076 502 4126 sint
529 4074 771 4142 peccatis.
818 4075 978 4128 Porro
1018 4077 1062 4128 si
1100 4076 1306 4144 gravius
1335 4076 1457 4143 quid
1489 4075 1763 4140 admisisti,

223 4162 389 4214 induc
435 4165 765 4230 presbyteros
807 4164 1070 4228 Ecclesiae,
1101 4175 1154 4218 et
1179 4164 1242 4217 ad
1288 4164 1496 4218 illorum
1548 4179 1766 4219 examen

219 4250 421 4312 casnga
449 4260 515 4301 te.

304 4354 396 4408 Est
434 4367 686 4429 peccatum
713 4359 779 4410 ad
805 4368 1009 4411 mortem
1029 4403 1042 4425 ,
1073 4368 1175 4413 etc.
1225 4359 1406 4426 Magna
1438 4358 1519 4410 hic
1548 4362 1767 4425 quaestio

226 4448 484 4512 nascitur,
531 4449 650 4515 quia
695 4461 873 4516 aperte
918 4451 1146 4503 ostendit
1174 4449 1352 4501 beatus
1381 4447 1606 4502 Joannes
1655 4462 1769 4501 esse

225 4538 487 4603 quosdam
520 4539 704 4590 fratres
735 4552 827 4604 pro
853 4539 1038 4605 quibus
1069 4552 1222 4591 orare
1263 4538 1410 4590 nobis
1457 4552 1559 4590 non
1591 4537 1769 4604 pracci-

230 4625 394 4695 pitur,
443 4640 560 4678 cum
589 4626 839 4680 Dominus
886 4630 1040 4680 etiam
1093 4643 1184 4695 pro
1214 4626 1632 4694 persecutoribus
1683 4639 1775 4677 no-

226 4713 358 4765 5tris
385 4727 536 4763 orare
564 4725 659 4763 nos
684 4711 882 4778 jubeat.
922 4716 1048 4778 Quae
1087 4730 1189 4766 non
1219 4717 1370 4767 aliter
1405 4712 1532 4767 solvi
1583 4720 1772 4780 potest,

228 4804 336 4857 nisi
383 4801 638 4855 fateamur
670 4816 785 4855 esse
813 4804 983 4870 aliqua
1015 4814 1223 4870 peccata
1271 4806 1320 4857 in
1372 4803 1633 4879 fratribus,
1661 4817 1776 4869 quae

229 4891 566 4945 inimicorum
608 4891 966 4957 persecutione
1013 4893 1251 4959 graviora
1297 4895 1420 4945 sint.
1497 4892 1773 4944 Peccatum

231 4992 363 5047 ergo
408 4977 584 5030 fratris
628 4979 691 5028 ad
723 4990 938 5031 mortem
982 4988 1090 5040 est,
1138 4995 1256 5032 cum
1307 4991 1421 5045 post
1464 4981 1775 5047 agnitionem

234 5069 356 5134 Dei,
398 5082 515 5136 qua:
559 5081 653 5132 per
695 5067 911 5138 gratiam
949 5067 1149 5123 Domini
1201 5067 1361 5121 nostri
1410 5067 1532 5122 Jesu
1583 5068 1777 5120 Christi

237 5162 360 5214 data
390 5168 501 5223 est,
531 5157 646 5227 quis
689 5169 946 5226 oppugnat
993 5159 1388 5223 fraternitatem,
1433 5159 1484 5212 'et
1528 5159 1778 5238 adversus

237 5252 405 5317 ipsam
431 5248 669 5316 gratiam,
695 5258 796 5313 qua
825 5247 1186 5301 reconciliatus
1214 5259 1296 5301 est
1325 5248 1452 5310 Deo,
1480 5245 1780 5301 invidentia:

238 5338 440 5390 lacibus
469 5338 711 5404 agitatur.
761 5335 1034 5388 Peccatum
1078 5347 1250 5391 autem
1302 5353 1404 5390 non
1451 5338 1514 5389 ad
1560 5347 1780 5390 mortem

237 5434 342 5489 est,
371 5427 415 5478 si
441 5425 713 5493 quisquam
749 5439 850 5477 non
893 5439 1126 5480 amorem
1173 5442 1202 5479 a
1249 5428 1406 5480 fratre
1450 5429 1779 5492 alienaverit;

239 5514 332 5566 sed
362 5512 533 5565 officia
578 5513 883 5566 fraternitati
912 5512 1086 5567 debita
1115 5530 1204 5580 per
1231 5515 1452 5582 aliquam
1506 5516 1782 5570 infirmita-

243 5615 345 5655 tem
377 5602 536 5653 animi
567 5615 667 5652 non
693 5602 998 5657 exhibuerit.
1021 5603 1340 5672 QuaprOpter
1360 5615 1412 5658 et
1438 5606 1686 5660 Dominus
1731 5609 1783 5662 in

245 5707 401 5746 cruce
428 5694 502 5744 ait
536 5709 546 5742 :
587 5689 755 5756 Pater,
783 5692 980 5759 ignosce
1009 5696 1132 5762 illis,
1167 5697 1283 5762 quia
1310 5699 1532 5750 nesciunt
1561 5702 1680 5770 quid
1708 5702 1784 5769 {a-

1867 3285 1965 3340 que
1993 3272 2094 3324 nlla
2121 3276 2539 3328 contradictione
2586 3277 2832 3332 factorem
2879 3295 3050 3347 suum,
3097 3285 3191 3337 nisi
3236 3288 3403 3337 corri-

1865 3372 2072 3431 gantur,
2126 3374 2376 3418 mternam
2423 3377 2654 3434 mergant
2712 3368 2762 3420 in
2815 3384 3038 3434 pmnam.
3096 3373 3169 3426 De
3214 3375 3403 3441 quibus

1867 3458 2114 3522 scriptum
2155 3465 2235 3509 est
2276 3472 2290 3507 :
2323 3456 2502 3507 Ani-ma
2537 3473 2648 3524 quae
2677 3461 2977 3525 peccaverit,
3025 3463 3135 3528 ipsa
3171 3466 3406 3516 morietur

1872 3542 2079 3611 (Ezech.
2111 3546 2280 3611 xvut).
2313 3546 2420 3610 Qua
2447 3545 2580 3598 beati
2605 3546 2815 3601 Joannis
2843 3548 3101 3602 sententia
3131 3552 3402 3606 manifeste

1870 3632 2168 3700 repudiatur
2213 3636 2383 3700 inepta
2420 3635 2713 3689 Stoicormn
2761 3637 3063 3705 disputatio,
3096 3641 3183 3708 qui
3227 3643 3404 3698 dicere

1869 3721 1982 3774 ausi
2011 3732 2131 3775 sunt
2156 3732 2335 3776 contra
2364 3739 2570 3779 omnem
2613 3727 2820 3792 generis
2850 3727 3059 3781 humani
3088 3744 3320 3791 sensum,
3350 3741 3404 3784 et

1870 3811 2148 3877 affirmare,
2182 3815 2316 3878 quod
2359 3817 2530 3868 omnia
2563 3828 2770 3883 peccata
2819 3817 2922 3870 sint
2968 3821 3130 3885 paria,
3173 3821 3406 3873 dicentes

1872 3899 1997 3950 nihil
2044 3899 2237 3952 distare
2288 3911 2455 3953 utrum
2505 3903 2765 3956 hominem
2817 3906 2929 3971 quis
2977 3907 3173 3959 furatus
3221 3911 3307 3966 sit.
3337 3922 3402 3960 an

1872 3987 2073 4048 bovem,
2123 4002 2185 4038 an
2218 3989 2479 4054 gallinam,
2513 3991 2630 4054 quia
2682 4007 2783 4043 rion
2827 3994 3014 4044 animal
3062 3992 3281 4060 crimen,
3309 3997 3399 4047 sed

1873 4074 2072 4127 animus
2102 4072 2302 4128 fecerit.
2360 4075 2498 4137 Quos
2525 4076 2829 4132 Joviniauus
2859 4090 3065 4132 secutus
3091 4089 3170 4133 cst
3199 4083 3403 4135 haereti-

1872 4180 1984 4229 cus,
2009 4174 2249 4218 astruens
2295 4164 2488 4216 nullam
2539 4171 2828 4232 nuptiarum
2859 4179 2911 4222 et
2939 4170 3244 4238 virginitatis
3287 4187 3406 4226 esse

1873 4254 2192 4321 distantiam,
2227 4272 2327 4308 non
2361 4258 2681 4311 abstinentes
2729 4259 2779 4311 in
2829 4260 2999 4328 aliquo
3048 4263 3404 4321 retributionis

1874 4345 2138 4412 privilegio
2183 4347 2490 4414 simpliciter
2533 4349 2858 4413 epulantibus
2887 4365 3001 4403 esse
3031 4354 3402 4418 praeferendos.

1872 4435 2038 4486 Omne
2086 4434 2255 4498 itaque
2284 4435 2420 4500 quod
2454 4434 2625 4500 inique
2671 4438 3009 4490 committitur
3039 4441 3120 4492 vel
3148 4443 3403 4509 cogitatur

1871 4523 1934 4573 ad
1982 4533 2249 4589 peccatum
2316 4522 2642 4576 referendum
2695 4533 2793 4579 est.
2864 4526 2967 4579 Sed
3035 4542 3152 4580 sunt
3198 4541 3405 4596 peccata

1872 4613 2107 4679 qumdam
2155 4614 2218 4665 ad
2267 4625 2507 4676 mortem,
2551 4615 2616 4669 de
2653 4617 2890 4684 qualibus
2935 4618 3058 4671 dicit
3088 4621 3400 4685 Apostolus:

1878 4700 2122 4763 Quoniam
2148 4702 2233 4766 qui
2272 4703 2391 4755 talia
2420 4713 2596 4772 agunt,
2623 4720 2827 4773 regnum
2855 4705 2944 4756 Dei
2974 4721 3071 4756 non
3101 4722 3400 4774 consequen-

1875 4796 1954 4839 tur
1977 4788 2176 4855 (Gafat.
2212 4790 2282 4856 ν).
2775 4803 2778 4806 ’

1947 4877 2144 4929 Scimus
2192 4883 2422 4940 quoniam
2469 4882 2626 4932 omnis
2653 4883 2738 4949 qui
2776 4893 2926 4937 natus
2956 4895 3025 4937 est
3063 4900 3122 4939 ex
3154 4883 3275 4946 Duo,
3307 4904 3404 4938 non

1876 4976 2065 5034 peccat.
2116 4967 2388 5019 Peccatum
2431 4969 2669 5022 videlicet
2711 4972 2774 5022 ad
2807 4983 3043 5026 mortem.
3090 4975 3233 5039 Quod
3265 4988 3316 5029 et
3342 4980 3409 5032 du

1877 5056 2015 5107 omni
2064 5056 2282 5106 crimine
2329 5058 2560 5122 capitali,
2587 5069 2637 5113 et
2683 5064 2746 5119 de
2768 5062 2865 5116 illo
2907 5062 3196 5128 specialiter
3238 5077 3411 5132 potest

1879 5141 2090 5209 intelligi
2129 5159 2230 5212 quo
2257 5143 2476 5198 violatur
2521 5147 2838 5213 fraternitas,
2867 5152 2999 5202 sicut
3039 5160 3092 5206 et
3135 5166 3288 5222 supra
3317 5173 3407 5210 ex-

1881 5232 2163 5297 posuimus.
2213 5233 2315 5286 Sed
2361 5243 2412 5286 et
2459 5247 2727 5301 peccatum
2771 5237 2835 5290 ad
2881 5251 3100 5293 mortem
3141 5255 3405 5311 peccatum

1883 5337 2043 5388 usque
2073 5323 2134 5375 ad
2167 5333 2398 5391 tempora
2431 5327 2611 5378 mortis
2649 5338 2967 5393 protractum
3000 5331 3224 5386 diximus
3271 5347 3408 5388 recte

1882 5426 2032 5479 posse
2061 5412 2293 5479 intelligi,
2324 5414 2457 5480 quod
2488 5416 2655 5468 omnis
2680 5399 2766 5484 qui
2794 5429 2942 5471 natus
2971 5431 3051 5472 est
3080 5434 3141 5471 ex
3177 5421 3280 5473 Deo
3307 5439 3409 5476 non

1881 5513 2079 5571 peccat.
2113 5504 2339 5571 Denique
2370 5504 2524 5558 David
2556 5522 2649 5559 rex
2685 5510 2900 5563 mortale
2936 5509 3132 5562 crimen
3177 5511 3408 5568 admisit.

1881 5592 2008 5659 Quis
2035 5595 2175 5648 enim
2209 5597 2404 5648 nesciat
2448 5597 2758 5651 adulterium
2805 5608 2855 5651 et
2886 5597 3218 5656 homicidium
3269 5620 3409 5658 rnor-

1884 5695 1984 5738 tem
2031 5687 2215 5740 ﬂlt‘l'eli
2267 5686 2604 5754 perpetuam!
2651 5688 2750 5741 Sed
2783 5696 2954 5743 tamen
2983 5690 3170 5761 David,
3201 5693 3316 5761 quia
3346 5709 3410 5748 es
