3860 6230
587 455 684 507 “’3

997 453 1197 507 UEDIE
1240 452 1684 508 VENERABlLlS
1723 454 1867 509 OPP.
1913 456 2084 512 PARS
2125 456 2183 509 ll.
2216 457 2404 512 SECT.
2445 460 2482 512 Ι.
2523 489 2588 501 -—
2632 461 3010 515 EXEGETICK
3054 464 3370 519 CENUINA.
3671 475 3740 524 li";

580 586 687 638 Deo
717 593 867 638 natus
895 595 994 647 est,
1026 585 1145 654 quia
1175 585 1238 638 ad
1271 585 1494 638 quorum
1525 587 1614 640 Dei
1647 587 1938 650 peninebal
1963 589 2126 642 δηρίθ,
2156 572 2199 628 Α
2229 568 2439 622 damnat
2466 578 2518 622 et
2544 571 2606 622 de
2635 571 2864 624 Ecclesia
2895 573 3124 638 expellit,
3149 577 3418 629 audiamus
3462 580 3510 630 in
3548 581 3742 637 clausula

580 683 757 736 tatem,
785 689 886 727 non
916 674 1149 742 peccavit
1179 691 1343 743 usque
1373 675 1435 727 ad
1467 685 1710 740 mortem,
1744 679 1866 743 quia
1903 678 1982 731 sui
2015 694 2128 732 rea-

579 775 661 818 tus
682 763 884 817 veniam
916 781 1032 818 mox
1064 766 1364 833 paenitendo
1397 769 1703 833 promeruit.

648 854 751 907 Sed
779 856 1029 924 generatio
1056 854 1153 908 Dei
1191 865 1447 908 conservat
1472 873 1602 919 eum,
1630 866 1732 909 etc.
1766 856 1942 910 Gratia
1974 857 2146 911 Chri-v

575 944 641 996 sti
670 954 768 1011 qua
797 945 962 997 renati
992 953 1114 998 sunt
1143 944 1324 996 fideles
1354 954 1635 998 conservat
1675 961 1766 998 eos
1791 947 1878 1013 qui
1931 961 2120 1000 secun-

575 1032 696 1085 dum
727 1034 1050 1102 propositum
1081 1035 1245 1086 vocati
1274 1043 1393 1087 sunt
1433 1036 1622 1098 sancti,
1650 1051 1713 1087 ne
1753 1048 2028 1102 peccatum
2058 1039 2120 1090 ad

575 1131 795 1176 mortem
847 1123 1206 1186 committant;
1257 1133 1310 1176 et
1353 1125 1396 1177 si
1448 1125 1498 1177 in
1546 1126 1866 1192 quibuslibet
1906 1143 1998 1193 pro
2029 1129 2124 1180 hu-

575 1227 744 1265 manae
771 1213 1083 1266 conditionis
1103 1213 1383 1280 fragilitate
1413 1215 1749 1282 deliquerint,
1783 1232 1847 1268 ne
1878 1217 1943 1268 ab
1973 1217 2122 1272 hoste

573 1301 799 1369 maligno
855 1303 1051 1369 possint
1098 1303 1278 1370 tangi,
1321 1303 1575 1357 defendit.
1641 1305 1765 1358 Item
1816 1307 2116 1370 dicendum,

571 1391 748 1444 tandiu
797 1407 891 1445 nos
936 1392 987 1445 in
1028 1393 1365 1459 generatione
1395 1393 1485 1446 Dei
1521 1409 1850 1462 permanere,
1883 1396 2112 1462 quandiu

570 1494 673 1532 non
699 1482 1088 1548 peccaverimus
1113 1499 1125 1544 ;
1151 1483 1254 1534 imo
1274 1483 1359 1549 qui
1382 1481 1433 1535 in
1461 1483 1796 1549 generatione
1828 1485 1914 1537 Dei
1941 1500 2119 1553 perse-

570 1581 754 1623 verant
786 1586 1008 1637 peccare
1037 1586 1139 1624 non
1173 1579 1409 1636 possunt,
1447 1587 1613 1639 neque
1665 1587 1693 1624 a
1741 1573 1969 1641 maligno
1995 1589 2124 1626 con-

567 1660 716 1729 tingi.
748 1660 870 1724 Qua:
891 1661 1022 1712 enim
1046 1661 1427 1713 communicatio
1450 1660 1575 1714 lucis
1601 1662 1666 1712 ad
1696 1663 1941 1727 tenebras,
1969 1662 2118 1715 Chri-

2231 662 2443 713 verbum
2494 664 2685 714 bonum
2718 664 2901 716 salutis
2939 665 3074 731 quod
3106 667 3254 719 nobis
3282 679 3502 724 eructat.
3528 676 3742 726 Attendu~

2228 767 2343 803 mns
2373 768 2532 818 opera
2559 755 2748 806 summi
2783 755 2935 818 Regis
2957 772 3072 822 qua:
3099 759 3243 810 dicit.
3277 760 3525 828 Sequitur
3551 781 3562 814 :

2294 841 2362 894 Et
2384 845 2565 896 scimus
2585 845 2823 912 quoniam
2847 844 3010 898 Filius
3031 846 3125 900 Dei
3145 851 3292 911 venit,
3321 861 3424 903 etc.
3474 855 3601 918 Quid
3629 858 3739 909 enini

2224 933 2458 998 apertius
2509 933 2590 986 his
2634 934 2846 987 verbis?
2890 936 3011 1002 quid
3055 937 3295 991 dulcius?
3348 941 3469 1007 quid
3522 944 3740 1000 adversus

2227 1035 2412 1074 omnes
2447 1021 2674 1075 haereses
2706 1022 2890 1076 fortius
2923 1027 3088 1092 potuit
3135 1028 3279 1080 dici?
3307 1027 3542 1083 Christus
3571 1044 3646 1086 est
3674 1051 3739 1088 ve-

2228 1126 2316 1165 rus
2365 1111 2456 1165 Dei
2503 1112 2684 1166 Filius.
2753 1114 2905 1166 Pater
2945 1115 3138 1168 Christi
3186 1118 3311 1170 Jesu
3362 1122 3560 1172 Domini
3606 1127 3738 1179 nostri

2226 1221 2379 1258 verus
2408 1216 2486 1258 est
2514 1205 2674 1259 Deus.
2726 1206 2883 1259 Venit
2911 1207 3074 1262 Filius
3110 1210 3198 1261 Dei
3247 1214 3588 1278 sempiternus
3634 1227 3738 1269 tem-

2225 1296 2472 1363 poraliter
2518 1295 2569 1348 in
2615 1297 2885 1361 mundum,
2935 1297 3023 1365 qui
3069 1308 3182 1350 erat
3232 1299 3283 1351 in
3338 1303 3549 1365 mundo,
3596 1315 3640 1356 et
3668 1323 3737 1370 per

2227 1400 2378 1452 quem
2422 1384 2586 1438 factus
2628 1395 2708 1440 est
2749 1388 2995 1440 mundus.
3035 1388 3213 1457 Neque
3259 1392 3412 1442 aliam
3453 1392 3519 1444 ob
3558 1409 3733 1448 causam

2226 1476 2371 1528 venit
2413 1476 2510 1528 nisi
2551 1487 2744 1528 nostrae
2782 1477 2968 1530 salutis
2995 1517 3010 1539 ,
3055 1479 3153 1531 hoc
3190 1488 3302 1541 est,
3337 1489 3391 1532 ut
3429 1481 3574 1534 daret
3617 1487 3736 1537 nobis

2224 1577 2434 1614 sensum
2477 1577 2795 1630 cognoscere
2835 1580 3013 1618 verum
3049 1547 3233 1620 Deum.
3277 1568 3439 1622 Nemo
3476 1573 3610 1622 enim
3645 1576 3735 1625 sine

2229 1652 2403 1704 divina
2431 1653 2730 1720 cognitione
2759 1655 2822 1706 ad
2855 1655 3011 1706 vitam
3048 1656 3248 1716 venire,
3301 1674 3456 1711 nemo
3483 1661 3632 1714 Deum
3667 1678 3735 1716 co-

569 1750 634 1802 sti
659 1750 725 1802 ad
748 1750 911 1803 Belial
939 1748 1022 1817 (II
1054 1751 1171 1804 Cor.
1205 1752 1318 1819 vi)?
1366 1751 1640 1816 Quomodo
1670 1753 1880 1821 (inquit)
1911 1756 2023 1808 dies
2067 1757 2196 1814 etB
2224 1758 2478 1810 ignoscere
2528 1745 2625 1798 nisi
2673 1746 2785 1811 ipso
2831 1745 3051 1796 ducente
3102 1757 3304 1812 poterat
3334 1764 3345 1798 ε
3379 1749 3506 1802 sicut
3552 1761 3602 1804 ει
3645 1755 3733 1818 inse

567 1853 666 1892 nox
699 1840 906 1892 misceri
949 1849 1232 1908 nequeunt,
1263 1842 1340 1894 sic
1362 1842 1564 1908 justitia
1606 1851 1660 1895 et
1698 1843 1964 1910 iniquitas,
1997 1859 2119 1912 pec-

564 1939 734 1981 catum
766 1937 817 1980 et
851 1926 981 1980 bona
1013 1943 1192 1994 opera,
1225 1930 1464 1982 Christus
1498 1938 1552 1983 et
1579 1930 1957 1996 Antichristus,
2007 1948 2118 1985 ma-

565 2019 733 2085 lignus
764 2029 815 2071 et
843 2020 1109 2086 generatio
1138 2019 1250 2073 Dei.

636 2107 832 2162 Scimus
875 2110 1111 2177 quoniam
1153 2125 1216 2164 ex
1254 2109 1360 2163 Deo
1391 2111 1499 2163 nati
1547 2127 1740 2175 sumus,
1772 2120 1873 2165 etc.
1907 2109 2015 2167 Nos
2046 2127 2115 2166 ex

566 2197 671 2250 Deo
716 2213 896 2251 sumus
944 2198 1074 2267 ejus
1094 2201 1256 2268 gratia
1300 2209 1351 2254 et
1381 2201 1642 2268 baptismo
1691 2203 1980 2270 rcgenerati
2025 2218 2115 2269 per

563 2286 741 2348 fidem,
772 2297 824 2340 et
855 2298 910 2340 ut
936 2288 985 2341 in
1018 2288 1116 2342 ﬁde
1147 2285 1492 2356 perduremus
1517 2289 1733 2343 servati.
1774 2290 1948 2344 Mundi
1983 2307 2108 2344 vero

563 2385 824 2431 amatores
868 2388 986 2430 sunt
1032 2379 1166 2432 hosti
1215 2380 1461 2448 subjecti,
1497 2381 1574 2434 vel
1603 2397 1866 2450 nunquam
1899 2398 2113 2451 regene—

557 2467 778 2519 rationis
822 2467 956 2520 unda
987 2469 1052 2522 ab
1079 2469 1191 2536 ejus
1222 2469 1375 2522 soluti
1423 2470 1673 2535 dominio,
1711 2472 1792 2524 vel
1825 2481 1942 2539 post
1987 2488 2112 2541 gra-

563 2542 686 2607 tiam
706 2556 1112 2622 regenerationis
1133 2557 1305 2611 denuo
1333 2559 1595 2625 peccando
1611 2559 1673 2613 ad
1692 2560 1804 2627 ejus
1825 2561 2112 2614 dominium

565 2643 783 2697 redueti.
816 2644 922 2698 Nec
963 2647 1129 2698 solum
1162 2648 1338 2700 mundi
1385 2655 1670 2712 amatores,
1711 2649 1801 2702 sed
1834 2661 1886 2702 et
1918 2651 1989 2704 illi
2022 2653 2111 2720 qui

561 2748 746 2788 recens
772 2734 896 2787 editi
940 2735 1157 2789 necdum
1212 2736 1621 2806 dignoscentiam
1661 2738 1780 2792 boni
1815 2739 2009 2794 habent
2051 2756 2112 2793 ac

562 2825 704 2890 mali,
737 2835 947 2895 propter
992 2839 1190 2882 reatum
1221 2829 1664 2896 prmvaricationis
1698 2835 1897 2896 prim-.e,
1931 2831 1994 2882 ad
2025 2846 2109 2883 re-

562 2932 719 2982 gnum
778 2918 990 2986 maligni
1042 2920 1304 2985 pertinent
1349 2920 1555 2983 hostis,
1607 2920 1702 2972 nisi
1755 2935 1848 2988 per
1890 2922 2106 2989 gratiam

560 3005 768 3072 benigni
809 2993 1103 3060 Conditoris
1155 3020 1405 3061 eruantur
1450 3008 1517 3063 de
1564 3018 1822 3077 potestate
1871 3010 2111 3064 tenebra-

2217 1839 2341 1891 dicit
2383 1855 2397 1891 :
2431 1839 2497 1891 Et
2543 1854 2684 1890 nemo
2730 1840 2861 1891 novit
2891 1838 3086 1893 Filium
3130 1843 3226 1894 nisi
3256 1841 3432 1909 Pater,
3483 1861 3629 1911 neque
3649 1846 3732 1898 Pa-

2217 1935 2342 1978 trem
2369 1928 2478 1994 quis
2515 1931 2650 1979 nouit
2691 1928 2786 1980 nisi
2818 1928 3002 1993 Filius,
3033 1940 3079 1982 et
3122 1932 3203 1981 cui
3244 1932 3452 1984 voluerit
3480 1931 3634 1986 Filius
3667 1954 3728 1988 re-

2217 2018 2378 2070 velare
2409 2017 2662 2086 (ινα-χ).
2718 2019 3040 2073 Subauditur
3080 2036 3094 2073 :
3125 2022 3189 2075 Et
3219 2022 3423 2076 Patrem
3465 2033 3513 2076 et
3542 2025 3720 2078 Filium.

2219 2109 2502 2175 Utrumque
2525 2109 2662 2162 enim
2694 2110 2851 2162 Filius
2881 2110 3100 2172 revelat,
3134 2113 3239 2176 qui,
3280 2113 3329 2163 in
3365 2127 3517 2167 Carne
3548 2116 3729 2169 visibilis

2214 2214 2493 2268 apparens,
2541 2200 2832 2252 divinitatis
2873 2215 3060 2252 arcana
3107 2218 3198 2268 per
3231 2202 3558 2271 Evangelinm
3600 2219 3725 2257 suum

2216 2289 2370 2340 modo
2402 2287 2691 2354 patefacere
2721 2289 2960 2356 dignatus
2989 2299 3093 2342 εει.

2285 2376 2386 2428 llic
2426 2385 2496 2430 est
2540 2393 2683 2428 verus
2716 2376 2870 2440 Deus,
2917 2387 2964 2428 et
3002 2379 3100 2428 cita
3136 2389 3341 2430 (uerna.
3375 2379 3558 2432 Verum
3591 2381 3721 2433 Deum

2212 2466 2417 2520 dixerat
2449 2480 2569 2520 esse
2599 2465 2806 2527 Filium,
2843 2481 3025 2518 verum
3052 2465 3215 2519 Deum
3247 2467 3386 2520 hunc
3416 2484 3527 2522 esse
3561 2469 3721 2521 inulto-

2216 2557 2313 2609 ties
2362 2557 2570 2624 repetit.
2618 2555 2764 2607 Hunc
2801 2553 2927 2606 dicit
2966 2568 3082 2608 esse
3132 2555 3289 2608 vitam
3330 2568 3585 2609 aeternam.
3631 2557 3719 2610 Non

2215 2648 2391 2714 utique
2436 2647 2507 2699 ita
2537 2647 2674 2697 sicut
2719 2644 2869 2697 nobis
2897 2645 3000 2697 vita
3047 2647 3370 2712 promittitur
3401 2659 3601 2708 retenta,
3627 2664 3720 2714 que

2212 2740 2287 2791 sic
2339 2753 2400 2791 ex
2450 2748 2683 2804 tempore
2726 2750 2819 2788 nos
2860 2738 3146 2804 suscipiat,
3199 2749 3252 2789 ιιι
3303 2753 3556 2806 nunquam
3599 2737 3719 2791 nobis

2214 2830 2368 2881 linem
2398 2829 2527 2878 bene
2559 2827 2762 2879 vivendi
2802 2841 3044 2892 reponat;
3077 2832 3166 2878 sed
3199 2827 3360 2879 Filius
3391 2829 3486 2878 vita
3515 2828 3616 2880 sine
3639 2827 3716 2877 ini-

2213 2921 2285 2970 tio
2325 2918 2575 2983 temporis
2619 2932 2827 2984 semper
2864 2931 3101 2980 manens,
3145 2917 3258 2969 sine
3299 2918 3515 2968 termino
3543 2930 3716 2983 semper

2213 3025 2479 3062 mansura.

563 3109 710 3160 rum,
775 3103 826 3148 ct
875 3096 1252 3151 transferantur
1299 3098 1350 3152 in
1403 3115 1620 3166 regnum
1672 3100 1786 3152 Filii
1834 3101 2106 3154 charitatis
2134 3089 2179 3152 C
2282 3099 2479 3164 Filioli,
2503 3099 2746 3152 custodite
2765 3114 2850 3151 vos
2879 3115 2909 3149 a
2934 3099 3238 3152 simulacris.
3266 3097 3361 3164 Qui
3390 3113 3555 3152 verum
3584 3101 3713 3154 Deum

560 3185 722 3252 ipsius
751 3186 966 3254 (Coloss.
1007 3187 1066 3255 ι).
1105 3189 1252 3244 Unde
1300 3205 1400 3243 non
1433 3193 1506 3243 ait
1551 3191 1883 3258 simpliciter,
1943 3208 2108 3245 mun—

563 3281 683 3328 itum
729 3278 779 3330 in
819 3280 1047 3347 maligno
1077 3283 1329 3348 positum,
1362 3283 1450 3336 sed
1480 3297 1596 3336 cum
1624 3284 2006 3348 additamenta,
2037 3284 2104 3337 Et

559 3366 774 3418 mundus
826 3366 1032 3435 (inquit)
1083 3377 1212 3420 totus
1249 3370 1298 3422 in
1344 3371 1562 3436 maligno
1615 3373 1803 3435 positus
1830 3381 1922 3425 est.
1977 3372 2103 3424 Nam

555 3455 693 3508 sicut
736 3455 919 3508 beatus
945 3457 1252 3510 Ambrosius
1282 3460 1355 3511 ait
1401 3477 1412 3511 :
1468 3478 1486 3511 ι
1518 3461 1712 3513 Omnes
1743 3463 1981 3514 homines
2010 3463 2106 3512 sub

558 3553 770 3609 peccato
801 3545 1079 3608 nascimur,
1111 3563 1329 3612 quorum
1376 3549 1486 3615 ipse
1516 3558 1661 3601 ortus
1707 3550 1756 3602 in
1790 3551 1914 3604 vitio
1940 3561 2040 3604 est.
2079 3570 2097 3602 ι

555 3632 622 3685 Et
666 3633 855 3687 frustra
907 3636 1087 3688 nititur
1125 3635 1362 3704 Pelagius
1409 3635 1671 3692 afﬁrmare
1719 3641 1858 3707 quod
1904 3642 2104 3707 parvuli

554 3737 737 3776 recens
787 3725 909 3778 editi
962 3741 1064 3778 non
1107 3739 1237 3791 opus
1282 3726 1507 3781 habeant
1564 3728 1726 3795 gratia
1778 3731 2103 3795 baptismatis

555 3815 777 3876 renasci,
808 3817 925 3882 quia
972 3825 1074 3867 tam
1115 3816 1292 3868 mundi
1345 3826 1625 3869 nascantur
1665 3818 1731 3869 ab
1759 3819 1901 3870 omni
1947 3820 2103 3872 sorde

555 3903 771 3966 peccati,
824 3918 978 3971 quam
1033 3905 1128 3958 fuit
1181 3907 1404 3959 mundus
1458 3908 1506 3959 in
1566 3908 1806 3974 paradiso
1864 3910 2102 3969 conditus

552 3991 750 4056 Adam,
799 3993 994 4047 nullam
1039 3994 1240 4048 scilicet
1281 4012 1344 4049 ex
1395 3996 1484 4049 illo
1525 3998 1787 4050 trahentes
1835 3999 2101 4067 originalis

546 4081 716 4143 culpa:
754 4084 1030 4148 maculam,
1061 4086 1110 4136 in
1140 4087 1281 4138 nullo
1324 4088 1609 4141 existentes
1655 4103 1728 4140 ret
1775 4088 1946 4141 donec
1977 4104 2096 4155 pro-

549 4171 659 4237 pria
691 4159 877 4237 sponte
907 4187 1126 4241 peccare
1172 4175 1441 4243 incipiant.
1475 4175 1577 4229 Sed
1609 4191 1728 4241 nos,
1761 4178 1975 4230 omissis
2006 4181 2100 4229 An-

547 4261 902 4317 tichristornm
935 4264 1170 4326 venenis,
1203 4280 1317 4332 quae
1348 4281 1440 4332 per
1459 4277 1620 4319 totam
1648 4266 1780 4320 hanc
1812 4267 2097 4332 Epistolam

545 4353 635 4406 ille
660 4356 743 4422 qui
792 4356 858 4410 de
907 4365 1118 4424 pectore
1162 4355 1365 4409 Domini
1408 4355 1551 4410 fonte
1581 4358 1698 4409 vita:
1746 4365 1950 4424 potatus
1995 4366 2094 4419 est,

2215 3191 2553 3260 cognovistis.
2586 3190 2635 3243 in
2659 3205 2762 3257 quo
2791 3190 2950 3241 vitam
2973 3189 3172 3241 habetis
3201 3199 3464 3250 aeternam,
3495 3190 3715 3242 custodite

2213 3298 2303 3338 vos
2334 3298 2362 3335 a
2389 3281 2638 3336 doctrinis
2669 3281 3052 3338 haereticorum.
3084 3296 3201 3344 qua:
3229 3292 3522 3345 perpetuam
3553 3281 3714 3331 ducunt

2213 3373 2276 3425 ad
2308 3384 2559 3435 mortem,
2597 3373 2748 3439 quia,
2793 3385 2937 3423 more
2984 3370 3188 3421 illorum
3239 3369 3324 3437 qui
3364 3370 3617 3422 simulacra
3643 3384 3712 3436 pro

2213 3461 2320 3514 Deo
2349 3460 2565 3524 faciunt,
2597 3461 2813 3528 gloriam
2863 3459 3270 3526 incorruptibilis
3317 3459 3402 3510 Dei
3450 3461 3608 3526 pravis
3643 3460 3712 3508 do-

2209 3553 2468 3622 gmatibus
2501 3551 2550 3604 in
2578 3551 2973 3605 similitudinem
3003 3551 3421 3616 corruptibilium
3452 3565 3611 3601 rt-ruin
3639 3551 3711 3600 im-

2209 3651 2409 3695 mutant
2436 3641 2608 3709 (Rom.
2639 3641 2699 3708 ι).
2739 3639 3010 3693 Custodite
3050 3653 3140 3689 vos
3179 3653 3208 3689 a
3244 3638 3579 3706 philargyria,
3618 3651 3708 3703 qua:

2207 3742 2287 3784 est
2313 3731 2710 3783 simulacrorum
2732 3729 2975 3781 servitus.
2998 3726 3302 3789 Observate,
3329 3741 3392 3780 ne
3415 3741 3539 3793 quas
3563 3723 3705 3778 mundi

2207 3823 2479 3876 illecebras
2503 3821 2804 3876 Conditoris
2830 3821 2994 3873 amori
3027 3820 3362 3888 praeponatis.
3415 3821 3536 3870 Nam
3565 3829 3608 3871 et
3632 3819 3705 3868 hoc

2207 3915 2343 3968 inter
2371 3915 2647 3967 simulacra
2676 3913 3026 3981 reputabitur,
3057 3923 3313 3979 quatenus
3343 3911 3494 3963 solius
3519 3910 3708 3963 veritatis

2205 4021 2383 4059 curam
2423 4004 2756 4069 studiumque
2798 4001 3079 4061 habentes,
3123 4003 3172 4052 in
3216 4001 3368 4065 hujus
3410 4002 3594 4053 visione
3625 4011 3709 4050 meo

2204 4098 2420 4150 reamini
2445 4093 2558 4146 sine
2576 4095 2679 4144 line
2698 4092 2878 4144 lzetari.
2901 4090 3124 4143 Mundus
3141 4092 3270 4143 enim
3294 4094 3481 4150 transit,
3496 4103 3540 4142 et
3562 4106 3707 4142 concu-

2204 4187 2444 4252 piscentia
2471 4185 2598 4252 ejus.
2635 4181 2737 4247 Qui
2776 4192 2942 4234 autem
2979 4183 3150 4249 fecerit
3188 4181 3486 4235 voluntatem
3516 4178 3703 4241 Domini,

2203 4284 2368 4327 manet
2395 4275 2445 4326 in
2471 4281 2711 4326 wternum
2738 4270 2789 4341 (l
2819 4271 2973 4324 Joan.
3006 4271 3086 4338 ll).

563 4505 3700 4532 mm

1464 4639 1564 4713 ΙΝ
1631 4638 1701 4709 ΙΙ
1767 4637 2338 4712 EPIS’I‘OLAM
2394 4637 2848 4714 JOANNIS.

618 4809 798 4863 Senior
820 4810 1007 4864 Electa:
1044 4810 1260 4863 domina:
1297 4819 1342 4862 et
1389 4811 1521 4862 natis
1551 4811 1689 4877 eius,
1731 4821 1830 4863 etc.
1878 4808 2094 4872 Quidam
2126 4813 2178 4871 D
2207 4809 2302 4863 has
2345 4810 2558 4876 scripsit
2589 4811 2879 4877 Epistolas,
2923 4815 3001 4866 vel
3041 4815 3157 4882 quia
3202 4832 3388 4869 nomen
3429 4817 3641 4877 senioris,
3667 4814 3702 4864 id

551 4907 732 4964 putant
775 4900 908 4952 hanc
935 4914 988 4954 et
1017 4908 1318 4968 sequentem
1349 4899 1625 4967 epistolam
1658 4914 1758 4951 non
1788 4913 1904 4953 esse
1934 4901 2091 4956 Joan-

551 4992 632 5044 nis
653 4988 895 5056 apostoli,
937 4991 1028 5042 sed
1057 4991 1324 5057 cujusdam
1357 4991 1647 5059 presbyteri
1679 4991 1919 5055 Joannis,
1946 4998 2097 5062 cujus

549 5082 845 5147 sepulcrum
910 5093 1073 5145 usque
1155 5081 1308 5134 hodie
1367 5091 1687 5133 monstratur
1754 5083 1803 5135 in
1863 5081 2094 5152 Epheso.

551 5168 712 5236 Cujus
751 5171 904 5222 etiam
938 5168 1123 5235 Papias
1150 5170 1354 5220 auditor
1385 5171 1762 5236 apostolorum,
1809 5183 1862 5225 et
1904 5175 1952 5227 in
1986 5176 2100 5228 Ilie-

551 5257 716 5324 rapoli
757 5259 1064 5324 episc0pns,
1105 5258 1155 5312 in
1201 5261 1467 5326 Opusculis
1505 5263 1616 5312 suis
1657 5277 1797 5328 sche
1842 5267 2097 5317 meminit.

552 5349 656 5402 Sed
703 5361 840 5401 nunc
868 5350 1129 5415 generalis
1159 5349 1404 5402 Ecclesiae
1443 5363 1731 5401 consensus
1773 5354 1926 5406 habet
1955 5356 2096 5421 quod

554 5443 645 5490 has
685 5452 890 5506 quoque
924 5438 1181 5503 Epistolas
1219 5438 1452 5490 Joannes
1499 5439 1768 5503 apostolus
1809 5444 2095 5510 scripserit,

553 5529 670 5594 quia
703 5519 886 5582 revera
922 5527 1137 5580 multam
1169 5526 1442 5579 verborum
1474 5536 1528 5579 et
1557 5527 1675 5581 ﬁdei
1703 5531 2098 5583 similitudinem

552 5631 671 5668 cum
720 5617 879 5682 prima
928 5615 1040 5684 ejus
1067 5613 1296 5680 Epistola
1345 5615 1650 5678 ostendunt,
1691 5625 1744 5670 et
1787 5619 1939 5670 simili
1988 5620 2099 5670 zi-lo

552 5706 878 5756 detestantur
943 5703 1238 5756 llLPI'ellCOS.
1299 5702 1571 5754 Seniorem
1626 5714 1800 5756 autem
1859 5720 1915 5757 se
1970 5707 2094 5757 dicit

555 5793 803 5857 Jmnncs,
838 5794 913 5845 vel
948 5793 1064 5859 quia
1104 5793 1216 5862 jam
1249 5802 1524 5860 provectus
1551 5802 1660 5847 crat
1704 5802 1856 5847 :ctate
1887 5795 2089 5862 quando

2200 4906 2301 4961 est,
2333 4898 2646 4967 presbyteri,
2679 4901 2834 4952 etiam
2877 4903 3105 4968 pontifici
3147 4917 3360 4970 propter
3397 4908 3698 4958 maturitatem

2204 4988 2478 5054 sapientiai
2506 4999 2556 5041 et
2584 4990 2853 5057 gravitatis
2881 4995 3143 5058 congruit.
3177 4994 3236 5046 Ui
3262 4995 3324 5049 de
3351 5006 3402 5049 ct
3430 4998 3594 5050 Petrus
3617 4995 3698 5044 ait:

2204 5075 2434 5128 Seniores
2463 5093 2579 5144 ergo
2605 5080 2692 5144 qui
2720 5081 2854 5131 vobis
2882 5089 2994 5131 sunt
3023 5081 3222 5134 obsecro
3263 5088 3513 5138 consenior
3538 5096 3577 5136 ct
3597 5082 3700 5132 testis

2205 5161 2506 5217 Passienum
2539 5167 2722 5218 Christi
2747 5166 2798 5226 (Ι
2831 5167 2965 5219 l’etr.
2994 5171 3066 5235 ν).
3117 5171 3325 5236 senior,
3355 5175 3527 5238 inquit,
3552 5170 3701 5222 Electir

2206 5252 2418 5306 dominre
2449 5267 2495 5308 et
2539 5259 2670 5308 natis
2698 5260 2829 5326 ejus,
2866 5274 2988 5325 quos
3033 5277 3122 5330 ego
3168 5265 3325 5330 diligo
3355 5265 3403 5312 in
3440 5264 3631 5318 veritate.
3665 5261 3698 5307 ιιι

2205 5356 2303 5409 est,
2336 5361 2459 5400 vero
2488 5364 2665 5403 amore
2694 5350 2854 5415 diligo
2875 5389 2890 5414 ,
2925 5351 3013 5406 illo
3054 5355 3298 5406 videlicet
3341 5355 3424 5420 qui
3463 5353 3697 5406 secundum

2208 5435 2366 5488 Deum
2407 5449 2508 5491 est.
2549 5439 2636 5490 Vel
2669 5449 2812 5490 certe
2841 5455 2969 5506 quos
3003 5444 3118 5497 ideo
3147 5444 3325 5510 diligo,
3354 5444 3469 5512 quia
3498 5457 3696 5512 perscie-

2205 5532 2378 5575 rantes
2404 5526 2452 5576 in
2483 5528 2698 5577 veritate
2726 5530 3025 5583 considero.

2276 5610 2342 5663 Et
2385 5630 2482 5666 non
2515 5632 2606 5684 ego
2651 5616 2812 5678 solus,
2843 5621 2928 5671 sed
2959 5632 3002 5672 et
3041 5638 3228 5685 omnes,
3261 5633 3364 5676 etc.
3411 5628 3527 5691 Quia
3554 5633 3694 5676 contra

2204 5700 2480 5756 lizereticos
2509 5707 2742 5759 scribere
2781 5707 2978 5773 incipit,
3013 5712 3129 5776 quia
3161 5729 3190 5763 a
3222 5712 3336 5767 lidei
3371 5718 3567 5768 veritate
3589 5711 3693 5762 ext-i-

2207 5793 2411 5862 derunt,
2465 5804 2605 5852 recte
2647 5797 2877 5854 omnium
2927 5800 3013 5866 qui
3061 5804 3338 5859 veritatem
3393 5808 3693 5875 cognoverunt
