3860 6230
233 425 330 482 ἳΞΙ

1333 431 1390 481 IN
1436 431 1493 482 Ill
1537 431 1902 484 EPSTULAM
1944 434 2000 484 S.
2041 433 2331 488 JUANNIS.
3308 445 3403 495 ii“:

222 554 392 594 anam
425 542 755 594 dilectionem
786 542 836 593 in
864 541 1058 607 Spiritu
1103 551 1283 592 sancto
1310 558 1424 594 esse
1452 557 1768 595 Commemo-
1801 548 1843 599 Α
1885 544 2036 593 ritum
2073 555 2305 597 sanctum
2332 546 2493 598 Deum
2526 549 2954 613 omnipotentem,
2988 561 3076 603 aut
3123 554 3261 605 amid
3305 557 3402 605 κιῖ-

219 642 344 689 rat,
385 641 433 681 ut
466 631 799 681 unanimitate
837 631 983 680 simul
1030 638 1082 679 et
1119 629 1449 680 multitudine
1481 631 1765 682 catholico-

218 733 343 768 rum
400 728 588 770 terreat
643 732 732 769 eos
781 719 864 782 qui
906 717 970 767 ab
1007 732 1186 769 eorum
1238 719 1485 770 Societate
1516 733 1594 780 se,
1646 735 1762 772 cum

219 807 378 871 pauci
428 816 624 866 essent,
656 816 1016 875 segregarunt.
1067 807 1262 859 Revera
1299 808 1436 858 cnim
1465 824 1644 862 omnes
1675 827 1765 874 per

214 897 412 949 orbem
439 898 680 949 catholici
710 913 860 948 unam
891 897 1124 949 veritatis
1164 900 1394 960 regulam
1435 913 1761 962 sequuntur;

217 1002 328 1038 non
364 998 536 1039 autem
568 1001 750 1038 omnes
783 988 1010 1038 lueretici
1043 998 1096 1039 et
1125 988 1357 1039 inﬁdeles
1396 989 1642 1040 unanimo
1681 1004 1764 1041 er-

213 1077 325 1127 rori
386 1077 750 1138 consentiunt,
796 1091 974 1128 verum
1026 1092 1126 1127 non
1182 1079 1351 1129 minus
1396 1088 1561 1131 seruet
1603 1079 1763 1131 alter-

215 1175 401 1216 utrum
431 1181 583 1233 quam
610 1166 769 1231 ipsam
799 1167 1030 1218 veritatis
1058 1167 1190 1216 viam
1224 1166 1550 1231 impugnant.

289 1255 512 1322 Propter
530 1258 776 1307 veritatem
796 1272 907 1321 qua:
937 1264 1186 1321 permanet
1224 1257 1274 1307 in
1308 1256 1464 1317 vobis,
1497 1267 1600 1307 etc.
1647 1255 1758 1307 Non

207 1346 402 1407 aliam,
437 1346 620 1410 inquit,
651 1345 717 1397 ob
742 1359 950 1398 causam
992 1355 1042 1398 te
1076 1356 1298 1411 tuosque
1324 1343 1621 1411 diligimus,
1659 1345 1754 1396 nisi

210 1442 438 1495 propter
475 1433 744 1482 veritatem
776 1431 919 1492 ﬁdei,
950 1447 1064 1497 quae
1103 1433 1152 1484 in
1185 1431 1332 1482 nobis
1362 1446 1568 1496 semper
1613 1432 1759 1483 inex-

210 1520 516 1587 pttgnabilis
554 1521 834 1586 perdurat,
873 1521 996 1587 quia
1033 1520 1276 1573 videlicet
1313 1521 1546 1573 eamdem
1603 1521 1756 1574 etiam

213 1626 314 1663 vos
350 1611 724 1665 invincihiliter
753 1613 1016 1664 custodire
1044 1611 1410 1679 comperimus.

1874 634 1992 696 quid
2023 635 2157 696 quod
2190 646 2327 685 reeta
2361 636 2486 686 fides
2517 637 2795 689 conﬁtetur
2824 651 3091 704 negantes.
3132 641 3304 693 l’otcst
3349 655 3403 694 et

1872 717 1936 769 tle
1958 719 2153 770 ,Ιιιὰωἰε
2175 722 2358 786 accipi,
2384 725 2467 787 qui
2499 725 2711 775 omnino
2755 725 2931 778 Jesum
2977 725 3242 779 Christum
3302 746 3394 778 ne-

1871 818 2011 871 gant,
2039 811 2121 873 qui
2155 808 2418 863 Christum
2454 813 2502 862 in
2534 829 2691 866 carne
2727 817 2944 868 necdum
2974 817 3177 870 venisse
3221 821 3281 869 ad
3313 835 3398 870 sa-

1873 894 2030 946 lutem
2061 897 2236 948 mundi
2268 898 2525 964 dejerant,
2550 902 2640 951 sed
2678 902 2740 952 ad
2774 903 3035 956 interitum
3081 920 3229 957 suum
3279 923 3402 958 vcn-

1873 989 2042 1032 turum
2073 992 2375 1048 exspectant
2400 986 2795 1039 Antieltristum.

1936 1067 2110 1122 Omnis
2156 1074 2239 1138 qui
2268 1077 2477 1137 recedit,
2510 1086 2553 1126 et
2605 1093 2703 1128 non
2751 1088 3004 1145 permanet
3051 1082 3100 1132 in
3147 1082 3396 1145 doctrina,

1867 1168 1966 1209 etc.
1999 1158 2124 1208 Nota
2150 1161 2423 1212 verborum
2451 1163 2770 1231 distantiam,
2799 1177 2850 1218 et
2879 1168 2997 1220 ﬁdei
3041 1170 3394 1234 oonqilectere

1864 1247 2156 1304 veritaten‘i.
2207 1252 2319 1304 Non
2374 1263 2761 1320 permanentem
2822 1258 2870 1308 in
2895 1257 3126 1308 doctrina
3183 1259 3395 1323 (lhristi,

1865 1338 2025 1390 Deum
2061 1356 2159 1392 non
2193 1341 2404 1403 habere,
2437 1355 2822 1408 permanentem
2873 1355 3047 1398 autem
3080 1349 3129 1398 in
3161 1348 3398 1401 doctrina

1865 1427 2000 1496 ejus,
2032 1430 2213 1482 l<ilium
2245 1441 2298 1482 et
2329 1432 2536 1484 Patrem
2589 1434 2713 1485 dicit
2771 1435 2988 1495 habere,
3048 1447 3101 1488 ut
3157 1437 3400 1490 ostendat

1866 1518 2070 1570 Patrem
2100 1531 2152 1571 et
2183 1521 2370 1572 Filium
2404 1537 2558 1573 unum
2588 1538 2705 1574 esse
2739 1523 2898 1574 Deum
2932 1539 3134 1586 verum,
3171 1535 3222 1576 et
3250 1541 3398 1577 coar-

1865 1619 1986 1674 guat
2015 1625 2105 1662 eos
2136 1612 2391 1663 mendacii
2445 1613 2530 1678 qui
2580 1612 2765 1664 Filium
2796 1612 2876 1665 vel
2910 1628 3010 1665 non
3058 1629 3172 1666 esse
3209 1615 3392 1680 Deum,

282 1701 370 1756 Sis
397 1703 646 1755 vobiscum
674 1704 857 1772 gratia,
891 1701 1249 1766 misericordia,
1276 1717 1374 1766 pax
1398 1718 1428 1752 a
1455 1701 1557 1753 Deo
1586 1700 1758 1765 Patre,
1793 1692 1836 1749 Β
1869 1700 1948 1751 vel
1985 1701 2323 1764 posteriorem
2355 1711 2440 1752 aut
2474 1703 2726 1754 niin0rem
2759 1702 2930 1766 Patre,
2965 1713 3284 1756 asseverant.

204 1803 316 1847 etc.
389 1794 644 1859 Quoniam
699 1795 956 1855 negabant
1002 1794 1139 1844 illius
1189 1794 1435 1857 temporis
1489 1793 1760 1853 haeretici,

207 1880 448 1932 Marcion
477 1883 674 1934 scilicet
701 1890 754 1933 et
769 1881 1072 1940 Ccriuthus,
1099 1897 1278 1933 verum
1309 1895 1424 1933 esse
1454 1880 1637 1933 Filium
1673 1880 1758 1934 Dei

209 1970 495 2021 Dominum
547 1979 779 2022 nostrum
806 1970 982 2023 Jesum
1021 1969 1305 2030 Chrisuun,
1339 1982 1389 2023 et
1426 1971 1472 2022 ei
1511 1987 1538 2022 a
1580 1972 1761 2021 nativi-

203 2066 318 2109 tate
364 2060 591 2109 humana
624 2059 932 2126 principium
979 2058 1189 2120 dabant,
1224 2068 1362 2109 recte
1386 2057 1614 2110 Joannes
1641 2075 1757 2110 eum

202 2145 271 2197 ad
313 2147 664 2200 eonfutandos
702 2147 1066 2214 blasphemos,
1100 2145 1284 2199 Filium
1319 2147 1408 2199 Dei
1448 2147 1614 2200 Patris
1644 2162 1759 2201 esse

201 2246 608 2288 commemorat.
654 2236 888 2288 Gratiam
927 2249 1132 2302 quoque
1169 2244 1222 2287 et
1259 2235 1668 2287 misericordiam
1710 2247 1761 2289 et

203 2339 396 2390 pacem
436 2325 502 2377 ab
545 2326 632 2377 illo
670 2328 803 2376 sicut
846 2335 896 2375 et
941 2338 969 2374 a
1011 2323 1114 2376 Deo
1155 2323 1309 2377 Patre
1359 2323 1594 2375 ﬁdelilms
1643 2337 1759 2376 esse

200 2415 439 2473 dandam
492 2425 730 2481 testatur.
781 2426 836 2470 nt
885 2431 1003 2468 eum
1051 2416 1300 2481 :equalem
1344 2424 1396 2466 et
1444 2423 1756 2466 comternum

202 2511 353 2561 Patri
388 2513 727 2567 demonstret,
763 2513 876 2572 ejus
905 2509 1040 2558 dona
1080 2504 1260 2555 eadem
1292 2518 1407 2568 qua:
1437 2503 1602 2554 Patris
1642 2517 1757 2555 esse

197 2598 482 2664 designat,
524 2599 659 2650 sicut
706 2608 758 2648 et
807 2598 920 2663 ipse
954 2595 1205 2646 Dominus
1252 2592 1316 2642 de
1353 2605 1444 2643 sua
1496 2601 1544 2642 et
1590 2590 1756 2642 Patris

196 2684 747 2735 rcusuhstantialitate
798 2685 1033 2747 loquens,
1081 2681 1154 2732 ait
1204 2698 1215 2731 :
1265 2679 1584 2748 Quaecunque
1624 2679 1756 2730 citius

197 2773 366 2824 Pater
391 2775 581 2839 fecerit,
611 2773 714 2822 Ilaec
747 2781 794 2822 et
821 2771 982 2823 Filius
1017 2772 1134 2834 facit
1163 2771 1388 2821 similiter
1411 2769 1584 2836 (Joan.
1613 2772 1685 2838 v).

275 2863 346 2916 Et
372 2881 504 2915 nunc
527 2879 644 2930 rogo
689 2870 754 2921 te,
787 2863 1009 2924 domina,
1043 2877 1140 2912 non
1184 2870 1418 2925 tanquam
1465 2862 1752 2911 mandatum

195 2970 390 3006 novum
415 2955 635 3006 scribens
657 2952 758 3015 tibi,
790 2961 888 3003 ctc.
924 2953 1107 3016 Arguit
1135 2951 1233 3003 hoc
1257 2951 1418 3002 verbo
1455 2951 1749 3012 hmreticos,

1934 1790 2120 1854 Siquis
2157 1792 2284 1843 venit
2309 1792 2373 1843 ad
2401 1808 2503 1853 vos,
2542 1801 2584 1844 et
2613 1792 2741 1844 lianc
2787 1794 3061 1844 doctrinam
3090 1811 3187 1846 non
3224 1793 3394 1858 affert,

1861 1889 1967 1930 etc.
2003 1879 2121 1930 llam
2149 1879 2378 1933 Joannes
2409 1882 2473 1933 de
2497 1881 2843 1934 schistnaticis
2875 1885 2982 1935 sive
3016 1882 3271 1935 lucreticis
3303 1881 3395 1934 de-

1865 1969 2132 2031 testandis,
2159 1986 2224 2034 qu
2244 1988 2271 2018 ιι
2302 1973 2476 2022 verbis
2504 1972 2696 2036 docuit,
2727 1975 2886 2024 etiam
2943 1973 3089 2024 factis
3138 1973 3392 2024 exercuit.

1861 2053 2214 2107 Narratenim
2243 2055 2306 2107 de
2361 2058 2449 2108 illo
2503 2057 2708 2109 auditor
2763 2059 2874 2124 rjus
2931 2059 3293 2111 sanctissimus
3340 2068 3394 2110 et

1861 2151 2060 2208 martyr
2108 2143 2810 2213 fortissimus.i‘olycarpus,
2859 2148 3245 2216 Smyrntcorum
3290 2163 3394 2198 an-

1863 2231 2027 2295 tistes,
2081 2233 2216 2299 quod
2269 2242 2500 2300 tempore
2528 2236 2751 2302 quodam
2783 2251 2899 2287 eum
2931 2237 3064 2300 apud
3124 2237 3384 2300 liphcsum

1860 2320 2070 2372 balneas
2095 2321 2296 2372 lavandi
2343 2323 2505 2386 gratia
2536 2323 2718 2376 fuisset
2747 2326 3026 2392 ingressus,
3088 2335 3138 2376 et
3179 2325 3393 2377 vidisset

1861 2407 1931 2460 ibi
1960 2407 2289 2471 Cerintbum,
2317 2411 2554 2463 exsiliret
2583 2413 2853 2473 continuo,
2886 2423 2936 2464 et
2967 2413 3257 2463 disccderet
3289 2429 3388 2462 non

1862 2499 2255 2559 lotus,dicens:
2297 2520 2315 2551 ι
2355 2502 2630 2569 Fugiamus
2655 2503 2794 2562 hinc,
2825 2519 2888 2554 ne
2937 2513 2989 2554 et
3020 2503 3216 2554 balnea:
3264 2502 3390 2568 ipsa:

1850 2583 2130 2656 'ctirruant,
2187 2593 2235 2642 in
2283 2593 2469 2656 quibus
2517 2593 2792 2644 Cermthus
2835 2595 2971 2646 lavat
3022 2608 3100 2657 se,
3158 2595 3389 2646 veritatis

1860 2682 2120 2734 inimicus.
2159 2702 2175 2734 ι
2228 2683 2370 2738 Idem
2420 2686 2577 2737 etiam
2635 2687 2949 2754 Polycarpus
2998 2688 3242 2740 Marcioni
3283 2687 3379 2740 ali-

1859 2772 2066 2839 quando
2095 2786 2211 2826 cum
2245 2775 2581 2834 occurrisset,
2615 2775 2806 2828 dicenti
2869 2777 2964 2828 sibi
2999 2793 3015 2831 :
3071 2794 3086 2824 ι
3150 2777 3385 2830 Amosce

1859 2879 1974 2925 nos,
2006 2885 2024 2914 ι
2068 2867 2377 2930 respondit:
2407 2887 2422 2915 ι
2455 2869 2715 2934 Agnosco,
2742 2884 2968 2934 agnosco
2995 2868 3388 2935 primogenitum

1860 2953 2090 3004 Satanre.
2129 2972 2146 3003 ›
2187 2953 2346 3005 Tanta
2374 2965 2495 3006 tunc
2525 2957 2743 3007 at=o~to|i
2771 2965 2920 3020 atque
2944 2971 3121 3007 eormn
3149 2955 3384 3014 discipuli

196 3045 286 3106 qui
315 3058 455 3094 nova
480 3041 740 3108 dogmata,
772 3041 966 3092 relictis
1016 3040 1095 3092 his
1121 3056 1237 3107 quae
1264 3041 1328 3092 ab
1355 3041 1607 3106 apostolis
1657 3055 1750 3091 au-
1785 3016 1827 3076 (ἶ
1861 3045 1911 3097 iu
1937 3046 2186 3112 religione
2214 3047 2412 3098 cautela
2447 3046 2740 3107 utebantur,
2783 3055 2836 3096 ut
2884 3059 2948 3098 ne
3009 3045 3148 3095 verbi
3179 3045 3384 3107 quidem

196 3131 437 3193 dierant,
475 3131 719 3181 inducere
765 3131 1053 3190 tentabant,
1103 3144 1163 3181 ac
1218 3144 1312 3194 per
1361 3131 1458 3181 hoc
1507 3129 1752 3181 fraterna:

195 3217 484 3270 charitatis
517 3217 709 3270 foedera
739 3217 1085 3282 dissipabant.
1124 3217 1257 3270 Dicit
1299 3233 1422 3286 ergo
1453 3233 1511 3271 se
1558 3233 1751 3284 nequa-

199 3321 364 3371 quam
396 3321 588 3358 nomm
643 3307 943 3359 mandatum
993 3308 1245 3370 scribere,
1299 3309 1389 3361 sed
1439 3309 1538 3361 hoc
1580 3311 1748 3363 solum

196 3396 430 3460 hortari,
464 3407 518 3450 ιιι
545 3399 752 3463 antiqua
779 3399 905 3451 ﬁdes
937 3399 988 3450 in
1015 3399 1257 3451 omnibus
1295 3410 1347 3453 et
1375 3400 1602 3453 Charitas
1654 3401 1751 3454 illi-

195 3488 318 3538 bata
354 3497 682 3556 permaneat.

269 3578 529 3640 Quoniam
579 3579 723 3629 multi
764 3580 1050 3630 seductores
1104 3579 1328 3631 exierunt
1373 3579 1424 3630 in
1470 3577 1746 3641 mundum,

196 3677 308 3720 etc.
345 3667 411 3718 Et
438 3671 502 3719 de
533 3669 790 3721 haereticis
845 3677 1017 3734 potest
1047 3669 1261 3736 intelligi
1301 3669 1386 3736 qui
1436 3671 1750 3722 conﬁtentur

197 3759 418 3825 quidem
449 3758 622 3810 Jesum
666 3757 929 3810 Christum
965 3760 1311 3820 incarnatum,
1353 3759 1443 3810 sed
1495 3760 1544 3809 in
1576 3759 1744 3824 aliqua

197 3860 350 3914 parte
376 3848 495 3900 ﬁdei
520 3849 633 3916 ejus
663 3863 766 3900 non
801 3860 943 3900 recte
974 3849 1227 3906 sentiunt,
1276 3857 1362 3898 aut
1407 3863 1582 3899 veram
1632 3849 1745 3912 ejus

193 3955 440 3998 carnem.
466 3949 554 3990 aut
585 3954 757 3990 veram
789 3940 1036 4000 animam,
1068 3950 1156 3991 aut
1184 3954 1359 3992 veram
1392 3937 1743 3999 divinitatem,

193 4042 286 4082 aut
316 4047 503 4082 vertnu
533 4029 644 4096 ejus
672 4031 878 4084 Patrem
914 4031 1097 4093 Deum,
1129 4037 1221 4081 aut
1269 4043 1449 4081 verum
1476 4027 1590 4095 ejus
1633 4027 1746 4096 Spi-

1855 3139 2274 3189 communionem
2304 3152 2418 3188 cum
2442 3138 2613 3202 aliquo
2637 3151 2815 3188 eorum
2863 3135 2946 3201 qui
2976 3150 3000 3184 a
3033 3135 3257 3185 veritate
3295 3133 3390 3183 de-

1857 3227 2126 3277 viaverant
2162 3226 2353 3276 habere
2384 3234 2712 3288 paterentur;
2767 3225 2897 3274 sicut
2923 3232 2976 3275 et
3005 3222 3191 3274 Paulus
3220 3220 3346 3272 dicit
3377 3235 3390 3270 :

1854 3313 2161 3366 Hu'reticum
2200 3314 2464 3374 Ιιοιιιὶηεηι,
2517 3324 2626 3378 post
2668 3314 2876 3380 primaut
2919 3322 2962 3362 et
2985 3309 3252 3361 secundum
3283 3325 3394 3360 cor-

1851 3407 2145 3469 reptionem,
2172 3404 2354 3467 devita,
2383 3405 2540 3456 sciens
2568 3403 2684 3468 quia
2715 3416 2969 3467 perrersus
2999 3409 3069 3451 est
3100 3399 3394 3466 hujusmodi

1853 3505 1898 3546 et
1924 3504 2112 3560 peccat,
2143 3511 2254 3545 cum
2283 3495 2345 3544 sit
2389 3511 2417 3544 σι
2440 3495 2697 3558 semetipso
2727 3493 2990 3543 damnatus
3019 3493 3141 3557 ('I'it.
3181 3491 3276 3558 ut).

1925 3582 2158 3635 Salutant
2192 3593 2236 3635 te
2263 3586 2356 3648 ﬁlii
2395 3584 2580 3634 sororis
2607 3593 2705 3634 tua:
2749 3582 2952 3635 Electa.
3006 3582 3152 3636 Sicut
3203 3584 3391 3634 adver-

1853 3671 2008 3722 sariis
2037 3672 2270 3723 veritatis
2295 3686 2391 3723 ave
2422 3671 2596 3723 dicere
2627 3672 2883 3736 prohibet,
2935 3670 3002 3722 ita
3032 3687 3061 3723 e
3089 3671 3375 3735 contrario,

1851 3761 2044 3813 cloelos
2070 3777 2132 3814 ex
2163 3776 2381 3827 persona
2432 3762 2718 3815 electorum
2750 3761 2958 3822 salutat,
2990 3773 3043 3812 ιιι
3069 3772 3120 3812 et
3151 3761 3385 3814 inﬁdeles

1850 3850 2173 3901 dete~tentur
2199 3849 2264 3900 ab
2295 3851 2534 3902 onfuibus
2566 3850 2737 3910 bonis,
2760 3850 2800 3901 si
2826 3848 2960 3900 forte
2998 3850 3073 3902 vel
3104 3850 3179 3900 sic
3201 3849 3388 3914 corrigi

1824 3938 2035 3998 -velint,
2068 3947 2119 3988 ct
2149 3936 2376 3989 ﬁdelium
2409 3952 2614 4003 semper
2641 3937 2705 3988 ad
2738 3937 2962 3988 invicem
3014 3951 3111 4001 pax
3140 3945 3387 4002 augescat

1854 4038 1905 4082 et
1927 4030 2173 4082 Charitas.

1080 4315 1185 4391 IN
1246 4316 1365 4388 ΙΙΙ
1427 4313 1994 4386 EPISTULAM
2053 4312 2499 4388 JOANNIS.

268 4495 456 4548 Senior
486 4492 610 4546 Gaio
659 4491 974 4550 charissima,
1001 4497 1104 4542 etc.
1133 4485 1232 4559 Qui
1263 4485 1342 4539 vel
1371 4483 1537 4549 qualis
1585 4480 1740 4534 fuerit
1773 4483 1823 4540 D
1847 4483 2010 4546 gratia
2040 4481 2453 4547 commodorum,
2504 4483 2595 4535 sed
2627 4483 2740 4535 solo
2793 4486 3096 4549 perenuium
3130 4487 3379 4537 honorum
3405 4533 3422 4548 ο

197 4585 299 4635 iste
337 4580 522 4642 Gaius,
557 4581 604 4630 iu
635 4592 880 4645 processu
934 4562 1179 4640 Epistolis:
1223 4580 1558 4624 monstratur.
1608 4569 1736 4632 Quia

197 4675 453 4726 videlicet
498 4682 550 4723 et
578 4672 729 4722 ﬁdem
777 4669 969 4720 Christi
1017 4682 1174 4734 quam
1233 4670 1536 4731 perceperat
1592 4663 1745 4714 bonis

197 4761 564 4816 accumulabat
591 4759 809 4820 actibus;
835 4765 886 4810 et
921 4756 961 4807 si
987 4757 1096 4822 ipse
1120 4756 1181 4806 ad
1207 4752 1591 4821 przcdicandum
1624 4765 1744 4802 ver-

199 4855 326 4906 hunt
362 4851 574 4902 minime
599 4848 912 4910 sufﬁciebat,
939 4859 1030 4898 eos
1062 4855 1230 4897 tamen
1263 4845 1347 4910 qui
1379 4843 1726 4908 prrcdicarent

196 4944 263 4995 de
289 4938 623 4992 facultatibus
651 4937 760 4989 suis
781 4945 1075 4988 sustentare
1095 4934 1369 5000 gaudebat.
1399 4934 1542 4984 "unc
1566 4938 1742 4981 autem

197 5044 320 5080 esse
348 5026 535 5077 Gaium
564 5022 902 5083 arbitramur,
931 5023 1082 5087 cujus
1110 5021 1158 5071 in
1194 5020 1420 5085 Epistula
1455 5020 1514 5069 ad
1551 5018 1739 5069 Roma-

200 5131 296 5168 nos
331 5115 518 5166 Paulus
545 5111 796 5172 meminit,
822 5110 1002 5162 dicens
1033 5128 1043 5160 :
1072 5109 1269 5163 Salutat
1289 5125 1370 5159 vos
1393 5106 1547 5158 Gaius
1569 5107 1745 5174 hospcs

199 5221 340 5255 meus
367 5215 413 5255 et
441 5202 674 5254 Ecclesia:
703 5202 851 5251 totius
877 5198 1049 5265 (Rom.
1085 5201 1212 5266 svr).
1233 5199 1362 5262 Quia
1393 5198 1526 5247 enim
1557 5195 1744 5258 hospes

201 5307 254 5347 et
280 5296 368 5361 qui
400 5294 688 5359 suscipitet
714 5291 992 5352 SibCipilUl’
1026 5289 1274 5354 appellari
1310 5286 1600 5344 consuevit,
1634 5297 1745 5336 erat

205 5388 399 5450 hospes
425 5385 681 5435 universae
725 5380 992 5444 Ecclesia,
1051 5381 1168 5445 quia
1219 5392 1400 5429 omnes
1451 5375 1536 5442 qui
1579 5377 1639 5425 ad
1688 5390 1744 5427 se

209 5474 514 5530 veniebant,
566 5482 618 5524 et
677 5471 1042 5538 przedicatores
1093 5467 1335 5518 videlicet
1387 5474 1438 5516 et
1481 5465 1743 5515 auditores

205 5565 372 5624 verbi,
425 5562 644 5628 benigne
671 5561 1007 5627 suscipiibat,
1053 5559 1185 5608 sicut
1228 5567 1278 5607 et
1310 5556 1461 5620 hnth
1501 5555 1744 5618 Ειιὶδιοιςιξ

207 5655 478 5719 sequentia
529 5653 800 5706 manifeste
857 5653 1146 5705 declarant.
1216 5649 1362 5702 Unde
1418 5658 1466 5698 et
1517 5646 1743 5697 Joannes

210 5761 326 5797 cum
361 5745 410 5796 in
441 5745 658 5798 veritate
709 5742 894 5809 diligit,
951 5744 1048 5795 hoc
1078 5751 1172 5800 cst,
1231 5758 1332 5792 nou
1384 5735 1740 5804 temporalium

1847 4584 1964 4621 eum
1997 4571 2211 4637 diligere
2273 4572 2474 4623 videtur
2523 4573 2730 4626 intuitu.
2766 4574 2945 4627 Fuisse
2997 4584 3172 4627 autem
3225 4574 3382 4625 Gaius

1846 4659 2086 4709 Corinlbi
2118 4658 2344 4721 videtur,
2370 4675 2430 4711 ex
2463 4675 2526 4712 eo
2552 4662 2687 4728 quod
2723 4663 2910 4714 Paulus
2937 4665 2985 4714 in
3018 4664 3099 4713 illa
3152 4671 3382 4712 moratus

1846 4749 2087 4810 civitate,
2122 4749 2404 4814 Epistolam
2435 4751 2644 4816 scripsit
2673 4752 2735 4802 ad
2769 4752 3050 4808 Romanos,
3082 4765 3211 4816 quos
3240 4759 3288 4800 et
3319 4765 3381 4801 ex

1844 4840 1954 4901 ejus
1982 4840 2186 4892 nomine
2201 4841 2525 4892 salutat.Sed
2556 4850 2606 4892 et
2634 4842 2680 4890 in
2708 4839 2934 4902 Epistola
2959 4839 3023 4889 ad
3054 4839 3378 4900 Corinthios,

1844 4928 1955 4979 Caii
1990 4930 2133 4993 quasi
2157 4931 2280 4979 civis
2323 4928 2580 4979 Corinthii
2615 4927 2868 4987 meminit,
2911 4926 3131 4978 dicens:
3184 4925 3380 4977 Gratias

1844 5036 1936 5084 ago
1971 5020 2074 5070 Deo
2118 5036 2241 5073 meo,
2271 5019 2402 5082 quod
2430 5020 2672 5070 neminem
2722 5029 2936 5070 vestrum
2981 5019 3241 5085 baptizavi,
3285 5018 3379 5066 nisi

1844 5109 2070 5172 Crispum
2094 5120 2135 5157 et
2168 5105 2371 5168 Gaium,
2405 5123 2463 5158 ne
2493 5107 2600 5172 quis
2642 5109 2775 5158 dicat
2806 5110 2937 5173 quod
2963 5109 3012 5157 in
3051 5107 3245 5156 nomine
3273 5120 3377 5155 meo

1845 5198 2075 5263 buptizati
2106 5197 2219 5247 extis
2251 5194 2300 5262 (1
2331 5196 2446 5248 Cor.
2493 5198 2551 5264 t).

1915 5287 2234 5348 C/iarissime,
2283 5290 2346 5339 de
2396 5290 2622 5342 omnibus
2655 5291 2922 5341 orationem
2951 5288 3105 5356 facio,
3135 5299 3232 5339 etc.
3273 5286 3378 5337 lloc

1851 5374 2063 5441 (inquit)
2096 5390 2121 5424 a
2156 5375 2373 5428 Domino
2403 5379 2598 5428 crebris
2629 5387 2818 5441 exopto
2851 5377 3108 5441 precibus,
3145 5384 3198 5424 ut
3240 5372 3374 5438 quod

1850 5469 1979 5517 l-ene
2007 5465 2114 5532 agis
2146 5468 2276 5518 bene
2309 5467 2566 5530 perﬁcias.
2618 5468 2678 5517 Et
2716 5470 2847 5520 sicut
2879 5483 3013 5519 nunc
3041 5464 3210 5517 anima
3266 5476 3374 5527 tua,

1845 5557 1891 5606 id
1923 5563 2023 5618 est,
2058 5557 2255 5606 interna
2287 5557 2472 5606 mentis
2501 5556 2734 5619 intentio,
2769 5568 3012 5618 praepere
3037 5554 3161 5618 agit,
3194 5552 3240 5603 id
3273 5563 3370 5611 est.

1848 5645 2049 5710 prolicit
2079 5646 2127 5696 itt
2159 5646 2602 5713 eieemosynat'uut
2632 5648 2871 5710 Operibus
2894 5643 3296 5704 abundantibus,
3325 5652 3376 5692 ct

1850 5735 2161 5800 benigdlale
2190 5735 2347 5786 animi
2381 5737 2615 5801 dapsilis,
2665 5743 2714 5787 et
2765 5734 3097 5798 pecuniarum
3131 5734 3372 5785 facultate
