3860 6230
563 332 662 387 1⁸23
1006 333 1209 389 BEDE
1253 334 1691 389 VENERABILIS
1729 336 1872 391 OPP.
1918 334 2089 389 PARS

2216 332 2400 389 SECT.
2444 334 2481 387 Ι.
2524 362 2589 373 -
2618 332 2997 391 EXEGETICA
3036 334 3351 391 GENUINA.
3631 348 3705 401 lii

558 460 688 512 quas
718 446 1067 515 indigentibus
1090 447 1311 515 largiris,
1346 449 1415 500 ita
1444 462 1649 513 semper
1672 447 1949 500 virtutibus
1980 446 2090 515 ple-
2118 448 2167 505 Α
2186 446 2381 513 justum
2440 445 2491 496 in
2540 445 2737 497 nomine
2778 446 2905 514 justi
2932 484 2949 510 .
3020 446 3294 499 mercedem
3344 446 3475 515 justi
3528 450 3706 515 lftlpist

560 549 679 589 nam
712 534 933 589 Domino
955 536 1233 605 adiuvante
1260 539 1417 590 vitam
1441 538 1632 591 ducere
1658 538 1846 606 possis.
2201 532 2406 602 (Mattlt.
2445 532 2525 600 ι).

628 624 877 692 Majorem
906 626 1082 677 horum
1111 642 1209 677 non
1233 626 1384 680 habeo
1413 628 1646 697 gratiam,
1672 635 1774 679 etc.
1807 627 1859 678 Id
1909 635 2009 688 est,
2042 634 2097 679 ut
2266 623 2589 691 Scripsissem
2609 624 2823 689 forsitan
2855 624 3111 689 Ecclesia,
3153 626 3241 679 sed
3286 627 3327 679 is
3346 630 3430 695 qui
3458 637 3588 680 amat
3620 634 3703 695 pri-

555 727 649 766 cos
678 728 807 781 quos
839 714 1168 781 praedicando
1191 716 1269 768 vel
1299 716 1607 782 baptizando
1631 716 1763 769 lilios
1787 716 1892 768 Deo
1914 716 2089 783 genui,
2195 722 2383 763 uratum
2411 727 2583 779 gerere
2603 712 2653 763 in
2678 712 2768 773 eis,
2793 720 2896 766 etc.
2927 712 3263 781 Diotrephes,
3288 722 3344 766 ut
3371 715 3589 778 videtur,
3615 730 3705 769 erat

555 816 888 868 cognoscam,
923 803 1197 856 veritatem
1230 813 1281 857 et
1310 815 1451 858 recte
1496 805 1613 859 ﬁdei
1653 814 1705 858 et
1731 806 1880 858 bona:
1912 818 2098 872 opera-
2197 803 2550 856 hmresiarcha
2583 802 2835 868 temporis
2856 804 2992 856 illius
3018 804 3207 872 aliquis
3231 806 3489 873 superbus
3508 816 3558 859 et
3582 806 3701 859 inso-

558 892 713 945 tionis
739 892 1097 947 observantes.
2199 891 2333 956 lens,
2368 892 2569 944 malens
2590 905 2721 943 nova
2752 891 2993 945 docendo
3018 894 3298 958 primatum
3328 894 3432 947 sibi
3481 908 3704 959 usurpare

626 976 942 1040 Charissime,
974 979 1186 1046 ﬁdeliter
1210 983 1335 1049 facis
1359 983 1601 1049 quidquid
1642 983 1862 1051 aperaris
1899 984 1953 1035 in
1986 983 2095 1050 [ra-
2195 983 2451 1043 scientia,
2473 997 2629 1051 quam
2658 983 2887 1050 antiquis
2920 992 3113 1037 sanctae
3136 983 3405 1049 Ecclesia,
3435 1000 3552 1052 qua:
3571 984 3705 1037 Joan-

556 1076 676 1127 tres,
694 1076 794 1119 etc.
829 1066 1076 1134 Eideliter
1098 1068 1245 1132 lacis,
1269 1068 1396 1120 dicit
1426 1084 1515 1135 pro
1538 1084 1601 1121 eo
1618 1069 1885 1122 utdiceret
1908 1086 1921 1119 :
1950 1070 2097 1122 Sicut
2198 1086 2291 1125 nes
2322 1072 2654 1138 pradicabat,
2687 1072 2951 1126 humiliter
2970 1074 3267 1127 auscultare
3286 1076 3557 1127 mandatis.
3582 1075 3706 1128 Unde

558 1169 679 1208 vere
707 1169 765 1208 es
796 1153 983 1218 ﬁdelis,
1014 1155 1083 1208 ita
1116 1154 1263 1219 facis,
1293 1155 1572 1209 ostendens
1594 1172 1655 1210 ex
1674 1157 1920 1223 operibus
1939 1155 2094 1208 ﬁdem
2200 1160 2331 1214 bene
2360 1160 2669 1227 Diotrepbes
2723 1161 2943 1229 speciose
2969 1162 3210 1225 insulsus,
3263 1161 3373 1215 sive
3397 1164 3541 1214 decor
3584 1162 3702 1214 iw

556 1250 718 1295 tuam.
1301 1243 1305 1248 ’
2196 1250 2335 1302 niens
2361 1249 2755 1315 interpretatur,
2778 1260 2833 1303 ut
2857 1238 3128 1318 perﬁdiam
3150 1250 3327 1305 cordis
3345 1252 3497 1304 etiam
3522 1250 3696 1306 nomine

631 1331 729 1384 Pro
756 1332 953 1384 nomine
978 1333 1105 1383 enim
1143 1334 1352 1402 profecti
1390 1342 1526 1395 sunt,
1572 1335 1699 1386 nihil
1727 1335 2021 1401 accipientes
2062 1353 2094 1388 a
2194 1343 2383 1407 signet.

557 1421 803 1489 gentibus.
834 1418 962 1472 Cum
1011 1420 1137 1474 dicit
1164 1435 1259 1489 pro
1286 1422 1514 1486 nomine,
1566 1423 1981 1476 subaudiendum
2013 1434 2093 1477 est
2269 1429 2482 1496 Propter
2506 1428 2619 1491 Itoc,
2656 1430 2701 1482 si
2724 1445 2918 1492 uenero,
2945 1430 3264 1483 commonebo
3306 1434 3414 1499 ejus
3453 1447 3614 1498 opera.
3660 1431 3701 1483 Iul

561 1510 763 1563 Domini
791 1509 916 1563 Jesu
943 1509 1157 1563 Christi.
1212 1510 1297 1564 Sic
1322 1512 1463 1563 enim
1493 1511 1836 1579 loquebantur
1865 1514 2086 1579 antiqui.
2195 1530 2294 1585 est,
2327 1519 2376 1571 in
2406 1521 2637 1572 omnium
2668 1520 2902 1572 notitiam
2943 1520 3268 1574 manifestius
3316 1520 3575 1587 arguendo
3601 1535 3702 1587 pro-

552 1598 764 1652 buabus
787 1609 961 1652 “mem
984 1613 1048 1652 ⁸³
1082 1601 1255 1653 ε²¹³⁸ί⁸
1306 1614 1398 1667 Ρτο
1446 1601 1656 1654 nomine
1710 1600 1913 1653 Domini
1966 1609 2089 1653 8""!
2195 1610 2401 1661 ducam.
2431 1608 2585 1661 Juxta
2615 1608 2736 1661 illud
2782 1609 3008 1677 apostoli
3057 1608 3243 1661 Pauli:
3282 1608 3417 1670 Quid
3459 1608 3702 1673 vultis,_in

555 1686 793 1753 proiecti,
827 1695 913 1738 aut
944 1686 1008 1739 ad
1038 1686 1425 1753 pradicandum
1455 1688 1698 1741 videlicet
1730 1702 1923 1740 nomen
1970 1688 2085 1753 ejus
2193 1698 2332 1764 uirga
2350 1698 2539 1748 veniam
2566 1698 2630 1748 ad
2663 1697 2786 1749 vos?

552 1778 762 1845 propria
794 1790 978 1845 sponte
1000 1776 1288 1839 venientes,
1313 1786 1403 1829 aut
1428 1788 1641 1845 propter
1667 1779 1898 1830 nominis
1920 1780 2086 1831 sancti
2123 1772 2171 1831 Β
2268 1788 2393 1850 ρυω
2420 1788 2561 1855 facit,
2593 1787 2752 1840 urbi.
2780 1788 3013 1855 maligni,
3035 1787 3259 1855 garrim.
3302 1785 3354 1838 ίη
3385 1802 3490 1838 ποι,
3538 1784 3705 1838 Nora“.

556 1864 713 1918 ﬁdem
740 1873 793 1919 et
814 1864 1201 1918 confessionem
1228 1879 1258 1916 a
1286 1865 1486 1919 civibus
1512 1867 1621 1919 sive
1650 1881 1678 1917 a
1707 1865 2088 1919 contribulibus
2196 1877 2321 1930 dum
2353 1876 2491 1944 quod
2517 1875 2724 1943 ιεηευεισ
2773 1875 3191 1942 detrahentium,
3222 1875 3357 1927 “cui
3388 1884 3560 1928 ιιωιτο
3602 1874 3705 1926 νίαο

551 1955 662 2008 suis
692 1956 856 2022 patria
882 1953 1105 2021 expulsi.

2209 1981 2300 2020 non
2330 1964 2581 2018 debemus
2597 1967 2843 2029 excitare,
2877 1979 2943 2019 ne
2972 1965 3067 2031 ipsi
3095 1974 3333 2032 pereant,
3375 1964 3442 2016 ita
3469 1977 3557 2030 per
3576 1977 3702 2015 suam

624 2043 734 2097 Nos
760 2062 875 2114 ergo
900 2047 1131 2101 debemus
1158 2049 1405 2117 suscipere
1428 2049 1734 2118 ltujusmodi,
1778 2059 1879 2103 etc.
1909 2049 2089 2115 Jungit
2197 2055 2446 2107 malitiam
2477 2055 2731 2108 excitatas
2759 2054 3011 2109 debemus
3064 2055 3432 2122 afluanimiter
3477 2053 3701 2115 tolerare,

552 2148 613 2189 ⁸⁸
667 2136 848 2189 beam“
885 2137 1151 2202 δοθηηθεν
1210 2138 1297 2205 qui
1341 2138 1511 2191 οῐηηία
1561 2138 1831 2190 άῖωίεεηι
1886 2149 2097 2204 βτοβιετ
2197 2154 2253 2197 ιιι
2281 2146 2431 2197 nobis
2462 2145 2705 2197 meritum
2730 2155 2972 2209 crescat;
3025 2145 3305 2212 aliquando
3352 2152 3521 2197 autem
3567 2144 3700 2195 etiam

551 2226 842 2289 Christum,
875 2243 1108 2295 personae
1134 2228 1359 2282 ﬁdelium
1388 2228 1632 2292 divitum,
1688 2240 1943 2295 quatenus
1994 2242 2087 2281 eos
2196 2248 2555 2300 compescere,
2586 2248 2653 2286 ne
2704 2234 2826 2285 dum
2877 2234 2943 2287 de
2988 2234 3139 2286 nobis
3182 2234 3315 2285 mala
3369 2233 3699 2291 ἀίεωιιιίηιοι,

552 2313 626 2367 ita
656 2316 938 2370 alacriores
982 2318 1165 2371 reddat
1203 2319 1266 2369 ad
1296 2318 1651 2371 miserendum
1698 2319 2008 2385 pauperibus
2037 2328 2089 2371 et
2196 2337 2376 2375 eorum
2402 2323 2488 2388 qui
2519 2323 2702 2375 audire
2725 2322 2860 2374 bona
2884 2330 3144 2388 poterant,
3184 2323 3342 2375 corda
3376 2323 3697 2374 innocentium

553 2404 877 2472 peregrinis:
928 2420 1025 2458 nec
1063 2406 1462 2459 discredendum
1520 2415 1599 2459 est
1653 2406 1793 2459 illum
1840 2408 2092 2460 veraciter
2202 2418 2558 2477 corrumpant.
2601 2409 2733 2462 Hinc
2752 2408 2998 2477 estquod
3042 2408 3271 2461 Joannes
3318 2408 3609 2461 detractari:
3634 2409 3697 2459 sui

549 2494 729 2548 dicere
758 2494 989 2561 potuisse
1008 2496 1143 2563 quod
1187 2496 1402 2549 Paulum
1455 2496 1651 2549 dixisse
1683 2497 1901 2563 legimus
1932 2512 1947 2549 :
1983 2498 2095 2561 1ρεὶ
2200 2500 2427 2565 linguam
2450 2498 2734 2564 redarguit,
2759 2512 2823 2549 ne
2845 2509 2991 2547 snam
3016 2495 3434 2561 praedicationem
3458 2510 3553 2547 non
3576 2494 3698 2547 audi-

552 2583 689 2634 scitis
718 2584 949 2649 quoniam
970 2585 1035 2633 atl
1064 2600 1119 2635 ea
1145 2600 1256 2650 qut:
1306 2585 1425 2635 milti
1470 2602 1594 2649 opus
1641 2596 1779 2637 erant
1820 2596 1864 2636 et
1908 2587 1985 2637 Itis
2012 2586 2099 2651 qui
2200 2595 2317 2639 rent
2346 2588 2431 2650 qui
2475 2587 2653 2639 audire
2686 2595 2946 2652 poterant,
2977 2596 3027 2637 et
3081 2584 3132 2635 in
3183 2585 3357 2651 pravis
3386 2585 3601 2637 moribus
3628 2598 3696 2635 rc-

558 2689 748 2726 mccum
778 2685 890 2726 sunt
920 2676 1322 2727 ministraveruttt
1343 2692 1521 2726 manus
1542 2677 1669 2727 istic.
1707 2676 1887 2726 Omnia
1906 2674 2097 2726 ostendi
2200 2684 2494 2729 manerent.

555 2761 712 2824 vobis,
746 2766 862 2830 quia
891 2766 961 2815 sic
1008 2763 1293 2816 laborantes
1337 2776 1530 2831 oportet
1574 2766 1820 2832 suscipere
1849 2765 2095 2829 inﬁrmos,
2271 2764 2573 2817 Charissime
2597 2805 2610 2827 ,
2643 2762 2745 2814 noli
2772 2764 2957 2815 imitari
2990 2762 3175 2814 malum
3200 2804 3215 2825 ,
3261 2763 3346 2816 sed
3382 2762 3507 2827 quod
3545 2762 3698 2812 bonum

554 2866 615 2900 ac
662 2852 941 2904 meminisse
968 2852 1097 2902 verbi
1130 2850 1350 2913 Domini,
1402 2854 1529 2903 sicut
1577 2853 1702 2903 dixit
1734 2868 1751 2903 :
1793 2851 1997 2903 Bentius
2028 2862 2098 2903 est
2200 2866 2288 2908 est.
2319 2856 2467 2917 Quod
2494 2855 2686 2906 bonum
2719 2852 2860 2905 illum
2882 2852 3071 2905 imitari
3092 2853 3237 2915 velit,
3261 2850 3522 2903 subdendo
3541 2851 3697 2918 aperit,

484 2972 489 2975 »
554 2943 716 3008 magis
758 2942 877 2993 dare
907 2959 1052 3001 quam
1100 2944 1329 3008 accipere
1370 2943 1504 3011 (Act.
1560 2942 1674 3008 xx).
1721 2943 2097 3007 Cooperatores
2198 2946 2415 2996 dicens:

558 3041 731 3083 autem
761 3045 853 3083 eos
880 3033 1007 3083 dicit
1038 3032 1290 3094 veritatis,
1347 3033 1463 3097 quia
1512 3034 1600 3097 qui
1630 3034 1915 3098 spiritualia
1961 3034 2093 3084 dona
2147 3095 2161 3098 Α
2271 3031 2521 3083 Demetrio
2565 3028 2895 3081 testimonium
2940 3028 3166 3081 redditur
3216 3029 3278 3081 ab
3316 3029 3549 3082 omnibus.
3591 3028 3697 3091 Quin

562 3117 873 3170 habentibus
908 3157 922 3180 ,
973 3122 1272 3186 temporalia
1334 3122 1562 3176 subsidia
1620 3123 1814 3185 tribuit,
1868 3124 1916 3173 in
1968 3122 2095 3187 ipsis
2125 3095 2168 3154 C
2204 3120 2443 3173 videlicet
2471 3120 2582 3187 ipse
2610 3119 2896 3183 susciperet
2928 3116 3183 3183 inﬁrmos,
3214 3127 3266 3171 et
3292 3129 3492 3185 egentes
3522 3132 3607 3184 pro
3628 3132 3698 3168 re-

559 3206 709 3260 donis
759 3207 1115 3273 spiritualibus
1170 3222 1480 3277 COOperator
1531 3211 1731 3264 existit.
1802 3210 1927 3272 Nam
1979 3227 2094 3262 cum
2202 3211 2355 3262 ritate
2383 3214 2719 3260 sustentaret.
2758 3203 2907 3257 Hunc
2936 3218 3062 3271 ergo
3102 3205 3232 3256 Gaio
3274 3203 3565 3257 imitandum
3595 3217 3695 3269 pro—

561 3295 711 3363 pauci
745 3294 843 3348 sint
876 3296 962 3364 qui
993 3296 1281 3364 spiritualia
1312 3300 1448 3351 dona
1480 3306 1843 3365 perceperunt,
1871 3308 1922 3350 et
1951 3298 2096 3350 multi
2201 3297 2365 3365 ponit,
2394 3306 2447 3349 ut
2469 3296 2711 3350 similiter
2730 3294 2964 3348 omnium
2989 3294 3138 3347 laude
3161 3294 3322 3361 possit
3342 3305 3389 3347 et
3414 3293 3518 3360 ipse
3540 3293 3697 3360 dignus

556 3385 641 3452 qui
668 3386 821 3438 rebus
848 3387 1224 3453 temporalibus
1253 3388 1537 3449 abundant,
1570 3402 1661 3453 per
1690 3388 1787 3438 hoc
1810 3402 1868 3438 se
1894 3386 2085 3439 divites
2198 3386 2445 3439 existere.

556 3474 835 3527 virtutibus
866 3490 1145 3541 pauperum
1200 3478 1453 3540 inserunt,
1504 3478 1625 3529 dum
1677 3477 1754 3529 eis
1777 3480 1873 3529 fetu
1905 3479 2097 3529 sanctis
2273 3474 2385 3527 Pax
2414 3475 2517 3526 tibi.
2566 3472 2800 3527 Salutant
2828 3483 2873 3524 te
2905 3474 3087 3535 amici,
3134 3480 3236 3523 etc.
3288 3471 3473 3523 Amicis
3509 3467 3697 3535 gratiast

559 3564 871 3629 pauperibus
902 3566 966 3617 de
998 3567 1104 3617 suis
1150 3566 1341 3618 divitiis
1374 3566 1765 3633 impartiuntur.
1824 3568 1952 3619 llinc
1988 3576 2095 3618 eteo
2200 3565 2343 3631 pacis
2373 3562 2606 3625 mandat,
2644 3574 2697 3616 et
2725 3563 2927 3624 salutis,
2954 3572 3007 3613 ut
3038 3576 3129 3629 per
3154 3559 3267 3613 hzec
3295 3557 3589 3625 Diotrephen
3616 3570 3697 3607 c.13-

558 3653 662 3704 nim
694 3652 939 3704 Dominus
967 3657 1038 3705 ait
1071 3674 1080 3706 :
1118 3658 1214 3719 Qui
1261 3658 1439 3720 recipit
1470 3658 1763 3724 prapltetam
1794 3658 1845 3709 in
1900 3658 2099 3710 nomine
2204 3662 2447 3717 terosque
2480 3652 2714 3704 veritatis
2746 3650 2985 3704 inimicos
3007 3691 3021 3714 ,
3052 3664 3081 3702 a
3125 3650 3293 3702 salute
3330 3658 3385 3702 et
3411 3662 3528 3715 pace
3555 3652 3696 3698 vestra

559 3744 839 3811 praplteltz,
889 3745 1161 3797 mercedem
1190 3748 1447 3815 prapltettc
1473 3749 1712 3814 accipiet;
1744 3757 1789 3799 et
1816 3751 1901 3816 qui
1926 3748 2101 3814 recipit
2203 3752 2460 3797 monstret
2484 3754 2787 3795 eXlraneos.

566 3845 3692 3881 ,__________________________________________________.—-

1608 3953 1708 4026 IN
1767 3947 2340 4025 EPISTOLAM
2397 3940 2696 4017 JUD/E.

2280 4073 2480 4125 Domini
2523 4070 2683 4123 nostri
2729 4067 2941 4137 gratiam
2984 4069 3329 4134 transferentes
3370 4063 3422 4115 in
3461 4062 3692 4115 luntrium.

629 4084 795 4136 ludas
818 4124 832 4147 ,
863 4082 983 4136 Iesu
1011 4081 1195 4135 Christi
1222 4099 1387 4135 servus
1413 4122 1427 4145 ,
1463 4090 1566 4134 etc.
1595 4081 1753 4132 Judas
1795 4080 2059 4146 apostolus
2084 4119 2098 4141 ,

563 4193 714 4242 quem
760 4178 811 4227 in
846 4176 1127 4242 Evangelio
1158 4176 1429 4226 Matthazus
1456 4182 1508 4223 et
1536 4173 1736 4224 Marcus
1779 4170 2097 4223 Thaddaeum

565 4266 822 4330 appellant
852 4307 865 4327 ,
911 4266 1090 4317 scribit
1119 4276 1298 4316 contra
1326 4262 1539 4317 eosdem
1570 4261 1689 4313 ﬁdei
1718 4270 2056 4325 corruptores
2084 4298 2099 4322 ,

570 4368 700 4421 quos
726 4362 778 4405 et
809 4355 987 4405 Pt‘llUS
1018 4365 1067 4405 et
1094 4354 1319 4405 Joannes
1344 4354 1394 4403 in
1425 4352 1531 4404 suis
1555 4350 1802 4401 damnant
1832 4348 2101 4417 Epistolis.

637 4440 928 4493 Charissimi
956 4481 969 4502 ,
1004 4456 1193 4490 omnem
1224 4441 1604 4490 sollicitudinem
1635 4438 1817 4503 faciens
1860 4436 2101 4487 scribendi

2207 4164 2407 4219 Domini
2432 4162 2594 4217 nostri
2624 4160 2783 4230 gratia
2807 4157 3023 4229 .mollivit
3046 4156 3288 4208 duritiam
3313 4153 3457 4221 legis,
3476 4153 3580 4219 quia
3598 4166 3695 4203 cum

2203 4257 2287 4309 illa
2316 4256 2554 4315 diceret,
2584 4252 2641 4307 Si
2686 4250 2805 4319 quis
2844 4249 2953 4300 hac
2994 4245 3077 4297 vel
3122 4244 3207 4296 illa
3251 4242 3446 4303 iecerit,
3478 4238 3695 4305 lapidibus

2204 4348 2494 4405 obruatur;
2525 4344 2567 4396 si
2595 4343 2709 4409 quis
2740 4341 2849 4389 haec
2878 4337 2955 4389 vel
2988 4336 3070 4386 illa
3103 4333 3316 4395 iecerit,
3349 4332 3553 4383 ﬂammis
3577 4342 3696 4379 com-

2209 4438 2463 4497 buratur;
2500 4431 2747 4484 Dominus
2772 4467 2786 4487 ,
2818 4427 2987 4477 laxata
3018 4420 3343 4474 districtione
3388 4418 3506 4479 legis
3526 4457 3539 4479 ,
3579 4412 3697 4463 dedit

567 4516 725 4594 robis,
757 4538 859 4581 etc.
895 4530 964 4579 De
998 4528 1261 4578 communi
1292 4542 1471 4578 eorum
1502 4526 1669 4577 salute
1706 4526 1868 4586 dicit,
1910 4525 1976 4577 de
2015 4525 2099 4577 illa
2130 4529 2182 4587 D
2208 4542 2295 4593 per
2344 4521 2611 4590 Evangelii
2663 4517 2881 4587 gratiam
2931 4510 3192 4565 licentiam
3242 4498 3484 4575 purgandi
3530 4503 3694 4555 scelera

567 4624 739 4674 salute
787 4635 902 4688 qum
951 4617 1047 4686 ipsi
1094 4626 1146 4669 et
1194 4616 1295 4667 illis
1339 4622 1453 4667 erat
1498 4615 1806 4666 communis.
1859 4614 2101 4667 Omnium

571 4725 794 4776 namque
824 4713 1108 4762 electorum
1144 4722 1242 4759 una
1273 4714 1325 4757 et
1349 4706 1639 4757 communis
1660 4712 1741 4754 est
1766 4704 1924 4766 salus,
1955 4704 2100 4767 ﬁdes,

570 4811 624 4855 ct
652 4801 865 4855 dilectio
893 4800 1103 4851 Christi.

642 4891 925 4960 Deprecans
954 4888 1282 4955 supercertari
1324 4886 1471 4937 semel
1512 4884 1703 4935 traditis
1744 4888 1927 4933 sanctis
1965 4876 2105 4943 fidei.

574 4984 870 5049 Deprecans
905 4993 1007 5029 non
1058 4978 1209 5028 aliam
1241 4977 1392 5027 ﬁdem
1425 4975 1625 5025 discere
1665 4986 1817 5039 quam
1848 4982 1962 5020 eam
1994 4979 2109 5033 quas

575 5074 734 5126 semel
766 5069 951 5123 tradita
986 5075 1067 5117 est
1091 5066 1238 5115 vobis
1270 5064 1331 5113 ab
1355 5064 1622 5129 apostolis,
1650 5061 1741 5114 sed
1765 5075 1859 5127 pro
1884 5058 1976 5109 hac
1997 5068 2111 5107 cer-

580 5164 678 5215 tari
710 5176 915 5228 semper
940 5172 1102 5225 usque
1130 5156 1193 5206 ad
1226 5162 1467 5205 mortem.

648 5250 1051 5304 Subintroierunt
1082 5246 1209 5297 enim
1239 5244 1439 5304 quidam
1468 5238 1688 5289 homines
1716 5279 1729 5303 ,
1776 5248 1879 5290 etc.
1926 5233 1979 5285 In
2011 5230 2111 5283 hoc

574 5340 825 5405 judicium
862 5339 1021 5395 dicit,
1067 5337 1116 5386 in
1146 5336 1277 5386 hanc
1309 5328 1692 5383 damnationem
1721 5366 1734 5385 ,
1785 5340 1936 5390 quam
1968 5320 2110 5387 impii

582 5430 813 5479 faciendo
842 5437 1126 5478 merentur.
1164 5424 1307 5477 Unde
1354 5420 1606 5473 Dominus
1634 5417 1794 5467 dicit:
1840 5414 1899 5465 Et
1930 5426 2106 5478 prore-

579 5516 695 5564 dent
738 5516 820 5578 qui
865 5514 989 5565 bona
1036 5515 1251 5580 fecerunt
1295 5512 1342 5557 in
1390 5505 1792 5557 resurrectionem
1839 5504 1977 5563 vim;
2024 5500 2106 5568 qui

582 5617 692 5651 t-ero
715 5603 842 5649 mula
874 5611 1091 5665 egerunt.
1122 5601 1170 5649 in
1200 5595 1597 5649 resurrectionem
1624 5590 1803 5659 judicii
1833 5587 2002 5647 lJoon.
2032 5589 2101 5654 ν),

584 5693 633 5747 id
660 5700 757 5750 est.
790 5691 1155 5741 damnationis.

2208 4614 2485 4669 commissa
2518 4628 2609 4675 per
2637 4604 2995 4677 paenitentiam
3024 4609 3094 4653 .et
3140 4598 3481 4664 eleetnosynz
3509 4596 3694 4645 fructus.

2211 4706 2310 4761 Sed
2344 4706 2477 4755 hanc
2505 4700 2618 4768 ejus
2648 4699 2863 4766 gratiam
2894 4691 3209 4745 transierunt
3240 4689 3289 4738 in
3322 4685 3564 4737 luxuriam
3587 4720 3600 4742 ,
3626 4678 3695 4768 qui

2211 4808 2346 4846 nunc
2374 4801 2518 4844 tanto
2542 4787 2783 4841 licentius
2820 4799 2880 4836 ac
2910 4782 3122 4833 liberius
3152 4785 3394 4841 peccant,
3417 4780 3593 4841 quanto
3616 4766 3696 4819 mi-

2212 4894 2309 4930 nus
2337 4893 2394 4929 se
2423 4878 2599 4927 vident
2627 4872 2799 4925 statim
2826 4868 3105 4934 asperitate
3133 4862 3263 4929 legis
3299 4861 3365 4915 de
3390 4857 3609 4912 admissis
3638 4853 3697 4903 [δι

2213 4963 2472 5015 cinoribus
2498 4959 2801 5014 examinari.

2284 5072 2346 5125 Et
2372 5073 2531 5125 solum
2565 5072 2931 5122 Dominatorem
2956 5075 3001 5118 et
3027 5064 3292 5116 Dominum
3320 5070 3531 5111 nostrum
3554 5056 3698 5108 Iesum

2214 5164 2461 5217 Christum
2488 5171 2737 5225 negantes.
2764 5157 2916 5212 Solus
2947 5155 3245 5209 Dominator
3267 5160 3346 5203 est
3368 5149 3597 5201 Dominus
3623 5161 3698 5196 no-

2213 5260 2319 5303 ster
2346 5249 2499 5302 Jesus
2520 5247 2753 5297 Christus
2776 5259 2889 5296 cum
2917 5245 3069 5296 Patre
3090 5250 3140 5294 et
3167 5238 3364 5299 Spiritu
3383 5246 3571 5295 sancto.
3590 5236 3699 5287 sicut

2213 5340 2355 5391 solus
2383 5336 2686 5390 Dominator
2711 5342 2791 5386 est
2835 5333 2989 5385 Pater
3013 5344 3129 5383 cum
3162 5326 3297 5378 Filio
3325 5337 3375 5376 et
3404 5324 3581 5391 Spiritu
3604 5335 3699 5373 san-

2212 5436 2331 5487 cto;
2382 5426 2516 5477 sicut
2562 5432 2613 5474 et
2655 5424 2797 5475 solus
2824 5419 3123 5473 Dominator
3153 5421 3233 5465 est
3280 5412 3501 5479 Spiritus
3528 5419 3700 5463 sanctus

2212 5531 2325 5570 cum
2359 5514 2513 5565 l‘atre
2548 5522 2600 5565 et
2630 5512 2667 5566 F
2674 5512 2781 5564 ilio.
2830 5508 2949 5562 Sola
2995 5503 3315 5557 Dominatrix
3360 5512 3440 5556 est
3482 5508 3579 5555 tota
3612 5496 3699 5558 ipsa

2210 5606 2460 5667 Trinitas,
2496 5602 2645 5656 Pater
2675 5612 2726 5654 et
2756 5600 2915 5652 Filius
2946 5606 2997 5651 cl
3026 5595 3247 5663 Spiritus
3276 5601 3501 5646 sanctus.
3544 5590 3699 5652 Quam-
