3860 6230
207 359 329 414 113

1429 367 1491 420 IN
1535 369 1907 425 ΕΡιΞἸὈΙιΑΜ
1946 373 2156 430 ιυιιδε.

3292 387 3390 441 126

200 494 427 549 cunque
450 482 587 535 enim
621 479 672 533 in
709 479 893 535 eadem
923 489 1102 534 sancta
1134 491 1185 534 et
1213 480 1473 535 individua
1501 482 1756 537 Trinitate
1785 487 1829 544 Α
1858 488 2165 556 reliquerint
2188 505 2338 542 suum
2368 490 2720 557 domicilium,
2766 494 2815 545 id
2840 503 2921 547 est
2949 495 3193 551 Ecclesiae
3223 501 3391 553 unita-

204 584 500 633 personam
542 571 778 625 nomines
803 610 817 633 ,
849 571 991 623 solus
1021 570 1159 624 Deus
1189 582 1293 624 est.
1344 573 1403 624 Et
1433 588 1552 625 cum
1599 582 1757 626 totam

200 662 383 714 simul
412 660 719 715 Trinitatem
748 662 987 713 nominas
1010 702 1024 724 ,
1065 661 1237 713 solum
1262 676 1439 714 verum
1474 661 1634 713 Deum
1664 678 1760 714 no-

203 752 413 804 minas.
468 749 619 804 Unde
668 760 810 803 recte
855 749 1247 818 intelligendum
1299 751 1418 815 quia
1466 752 1759 817 quicunque

203 836 456 892 haeretici
484 837 691 891 Patrem
730 835 923 889 Christi
966 851 1145 889 verum
1190 837 1350 890 Deum
1383 839 1574 890 bonum
1603 850 1653 891 et
1678 839 1759 904 ju-

196 939 361 982 stum
390 944 506 983 esse
533 928 792 997 denegant
814 966 830 993 ,
876 928 1045 981 solum
1084 928 1472 981 Dominatorem
1506 940 1560 982 et
1586 928 1759 983 Domi-

202 1035 346 1073 num
399 1026 633 1073 nostrum
682 1026 889 1087 negant.
936 1018 1241 1084 Quicunque
1286 1017 1460 1070 Jcsum
1490 1018 1757 1071 Christum

203 1124 405 1162 verum
448 1122 567 1164 esse
612 1108 799 1163 Filium
847 1108 937 1163 Dei
984 1116 1193 1177 negant,
1229 1117 1281 1162 et
1311 1108 1363 1161 hi
1389 1110 1562 1175 utique
1590 1111 1756 1163 solum

204 1198 613 1253 Dominatorem
662 1208 715 1252 et
762 1198 1033 1251 Dominum
1084 1207 1317 1251 nostrum
1368 1206 1576 1266 negant.
1636 1198 1759 1263 Qui-

199 1304 429 1357 cunque
456 1290 679 1357 Spiritus
709 1290 876 1342 sancti
909 1289 1150 1355 potentia:
1178 1290 1469 1355 derogant,
1517 1288 1674 1341 etiam
1707 1288 1757 1341 hi

201 1379 387 1432 solius
415 1378 762 1431 Dominatoris
788 1389 841 1431 et
880 1376 1083 1429 Domini
1134 1376 1295 1429 nostri
1339 1375 1599 1443 majestati
1630 1390 1757 1428 con-

202 1471 486 1522 tradicuut
516 1485 528 1520 :
561 1468 685 1535 quia
730 1467 972 1520 nimirum
1019 1467 1155 1520 idem
1204 1466 1360 1519 Pater
1401 1478 1453 1519 et
1502 1465 1665 1519 Filius
1704 1478 1757 1519 et

200 1558 451 1623 Spiritus
494 1566 704 1611 sanctus
727 1595 743 1621 ,
789 1554 932 1611 solus
974 1554 1276 1611 Dominator
1302 1565 1355 1609 et
1385 1556 1636 1609 Dominus
1666 1570 1751 1608 no-

200 1657 325 1699 σιει·
356 1656 457 1699 est.

279 1755 612 1809 Commonere
636 1762 800 1806 autem
826 1769 911 1805 vos
940 1752 1049 1806 colo
1074 1794 1090 1818 ,
1137 1753 1342 1805 scientes
1378 1752 1529 1806 semel
1569 1752 1753 1804 omnia.

201 1843 405 1898 Omnia
448 1843 688 1897 videlicet
717 1856 906 1900 arcana
946 1840 1065 1894 ﬁdei
1107 1842 1330 1894 scientes
1352 1883 1367 1907 ,
1401 1852 1451 1894 et
1480 1856 1585 1893 non
1628 1855 1758 1907 opus

209 1936 478 1987 habentes
529 1934 757 1987 recentia
807 1931 953 2000 quasi
1003 1932 1261 1985 sanctiora
1306 1946 1336 1984 a
1382 1931 1533 1985 novis
1576 1932 1759 1985 audire

203 2021 504 2087 magistris.

281 2108 540 2174 Quoniam
563 2108 709 2159 .luus
736 2107 973 2175 populum
1007 2105 1068 2158 de
1096 2116 1227 2159 terra
1263 2103 1485 2175 Egypti
1519 2107 1716 2159 salvans
1740 2144 1757 2171 ,

202 2210 320 2254 etc.
353 2198 531 2254 Iesum
559 2213 661 2251 non
689 2197 849 2249 lilium
879 2193 1023 2250 Nave
1046 2234 1063 2259 ,
1094 2196 1185 2249 sed
1218 2196 1491 2249 Dominum
1522 2206 1756 2249 nostrum

204 2293 367 2356 dicit,
400 2291 684 2345 ostendens
714 2290 935 2358 primum
967 2286 1089 2358 quia
1119 2304 1222 2341 non
1255 2290 1368 2355 ipse
1393 2303 1423 2342 a
1454 2297 1603 2356 partu
1632 2304 1757 2343 san-

204 2391 314 2433 cte
350 2381 599 2450 Virginis,
646 2390 704 2434 ut
744 2380 973 2434 haeretici
1013 2378 1295 2440 affirmant,
1325 2378 1634 2446 principium
1667 2378 1760 2429 ha-

209 2469 353 2531 buit,
380 2470 472 2523 sed
493 2468 638 2537 juxta
662 2470 969 2539 mysterium
992 2469 1070 2521 sui
1094 2467 1317 2519 nominis
1337 2465 1398 2518 ad
1422 2465 1756 2518 salvationctu

206 2559 547 2614 credentium
578 2559 714 2612 Deus
743 2567 968 2612 aternus
998 2556 1234 2620 exstitit;
1262 2554 1454 2609 deinde
1493 2553 1758 2607 insinuans

204 2652 362 2721 quod
386 2653 456 2705 ita
484 2650 761 2705 credentes
790 2652 958 2703 salvat
988 2650 1271 2716 prapitius,
1309 2658 1365 2700 ut
1393 2647 1547 2699 etiam
1588 2646 1759 2713 justus

209 2722 441 2795 damnet
466 2738 778 2793 incredulos.
802 2738 873 2791 Ita
894 2738 1034 2792 enim
1058 2739 1343 2790 clamantes
1369 2735 1432 2788 ad
1462 2750 1519 2789 se
1548 2734 1610 2788 de
1630 2734 1760 2787 aflli-

210 2829 399 2882 ctione
429 2826 672 2897 Egyptia
700 2828 866 2895 primo
894 2825 1110 2881 salvavit
1138 2825 1361 2879 humiles
1390 2864 1403 2885 .
1452 2834 1507 2877 ut
1532 2824 1758 2879 secundo

210 2927 610 2972 murmurantes
648 2926 827 2971 contra
872 2932 929 2972 se
974 2916 1025 2969 in
1067 2931 1244 2970 eremo
1288 2911 1643 2982 prosterneret
1669 2931 1759 2969 su-

209 3009 433 3074 perbos.
460 3006 606 3072 Quod
639 3006 757 3059 ideo
783 3007 1030 3072 inculcat,
1064 3016 1119 3058 ut
1146 3005 1300 3059 etiam
1329 3021 1465 3058 nunc
1504 3006 1758 3059 memine-

1859 585 1991 640 tem,
2029 577 2078 631 in
2106 594 2205 647 qua
2236 578 2346 631 Deo
2374 581 2537 632 renati
2568 592 2728 646 sunt,
2774 585 2852 637 vel
2896 594 3039 639 certe
3065 589 3217 641 sedes
3248 594 3387 657 regni

1855 667 2106 733 caelestis,
2136 684 2264 735 quas
2284 671 2545 736 accepturi
2570 682 2737 736 erant,
2764 674 2807 727 si
2839 675 2992 728 fidem
3024 689 3315 744 servarent,
3337 693 3388 734 et

1856 767 1974 811 ante
1998 758 2247 826 judicium
2273 761 2522 827 graviter,
2567 770 2618 814 et
2649 765 2855 830 gravius
2886 768 2935 817 in
2961 767 3157 833 judicio
3186 769 3389 824 univer-

1855 848 1950 901 sali
1982 850 2264 903 damnabit.

1926 936 2067 991 Sicut
2089 938 2309 991 Sodoma
2328 949 2371 991 et
2390 939 2690 1005 Comorrlta,
2714 952 2763 996 et
2782 944 3007 1011 ﬁnitima
3025 949 3261 1013 ciuitates,
3285 958 3385 1003 etc.

1859 1025 1989 1090 Quia
2012 1027 2226 1079 dederat
2243 1031 2539 1095 exemplum
2562 1031 2909 1087 damnationis
2932 1036 2979 1087 in
3004 1048 3094 1089 eos
3117 1039 3201 1101 qui
3222 1038 3386 1091 solum

1857 1115 2244 1169 Dominatorem
2273 1128 2325 1171 et
2356 1118 2628 1173 Domiumn
2661 1132 2893 1174 nostrum
2918 1121 3095 1177 Jesum
3125 1124 3386 1178 Christum

1859 1213 2075 1271 negant,
2116 1218 2530 1261 commemorato
2568 1206 2782 1263 interitu
2806 1211 2893 1263 vel
2938 1210 3113 1278 populi
3159 1228 3389 1265 murmu-

1857 1294 2017 1346 rantis
2045 1302 2099 1347 et
2128 1293 2353 1349 infidelis
2379 1296 2430 1349 in
2460 1296 2671 1351 deserto
2689 1337 2703 1361 ,
2732 1299 2812 1352 vel
2842 1298 3148 1368 erigentium
3177 1314 3235 1353 se
3258 1314 3388 1353 con-

1859 1391 1935 1435 tra
1962 1395 2227 1439 auctorem
2257 1401 2477 1454 nequam
2505 1388 2807 1454 angelorum
2826 1428 2842 1452 ,
2874 1389 2943 1442 ita
2971 1389 3062 1443 dat
3088 1392 3386 1456 exemplum

1858 1486 2024 1540 pinna:
2044 1472 2247 1527 illorum
2272 1476 2359 1540 qui
2385 1474 2588 1528 Domini
2620 1477 2784 1529 nostri
2806 1477 2926 1531 Jesu
2954 1479 3143 1531 Christi
3169 1480 3386 1547 gratiam

1858 1562 2173 1615 transferunt
2203 1561 2255 1615 in
2295 1563 2548 1617 luxuriam
2573 1603 2588 1629 ,
2636 1580 3053 1621 commemorans
3090 1568 3386 1622 incendiqu

1854 1654 2219 1708 Sodomorum.

1927 1746 2171 1799 Similiter
2199 1756 2245 1799 et
2276 1747 2313 1799 ii
2350 1762 2547 1799 carnem
2572 1747 2769 1814 quidem
2796 1751 3084 1816 maculant,
3116 1759 3218 1803 etc.
3254 1749 3388 1806 Sub-

1858 1834 2168 1888 audiendum
2194 1826 2295 1903 est,
2324 1844 2375 1889 et
2402 1836 2450 1887 lii
2479 1837 2755 1889 damnandi
2783 1847 2905 1891 sunt
2924 1839 3058 1891 sicut
3084 1839 3385 1903 Sodomita,

1854 1924 1941 1992 qui
1970 1938 2180 1977 carnem
2221 1928 2612 1977 maculat-erunt
2637 1966 2651 1987 ,
2703 1926 2836 1978 sicut
2873 1927 3093 1995 populus
3127 1943 3229 1979 non
3273 1944 3388 1982 crec

1857 2013 1988 2066 dens
2013 2015 2097 2081 qui
2131 2012 2452 2081 majestatem
2478 2014 2665 2065 divina:
2694 2014 2937 2082 potentiae
2969 2016 3383 2083 blasphemabat,

1855 2104 1991 2158 sicut
2019 2104 2184 2171 angeli
2229 2104 2317 2173 qui
2359 2103 2764 2159 dominationem
2808 2107 2888 2160 sui
2932 2107 3197 2162 Creatoris
3235 2122 3385 2177 sper-

1838 2196 2066 2275 'Itebant.

1923 2285 2047 2339 Cum
2090 2284 2308 2338 Michael
2333 2285 2662 2352 archangelus
2701 2303 2812 2340 cum
2856 2290 3054 2341 diabolo
3080 2290 3343 2357 disputans
3368 2334 3384 2357 ,

1853 2385 1959 2429 etc.
2010 2376 2085 2428 De
2131 2375 2321 2439 quibus
2366 2374 2652 2441 Scripturis
2696 2376 2857 2428 ludas
2890 2377 3238 2430 testimonium
3287 2380 3387 2435 hoc

1855 2466 2215 2530 assumpserit,
2245 2479 2344 2515 non
2386 2464 2530 2517 facile
2561 2473 2721 2531 patet.
2764 2462 2866 2518 Sed
2916 2478 3086 2519 tamen
3112 2467 3383 2521 sciendum

1856 2555 1971 2621 quia
1999 2553 2170 2605 simile
2199 2553 2279 2605 his
2306 2553 2495 2619 aliquid
2536 2554 2585 2605 in
2612 2552 2860 2607 Zacharia
2909 2555 3157 2624 propheta
3189 2560 3387 2626 reperi-

1858 2660 1988 2697 mus.
2020 2645 2136 2712 Ipse
2164 2645 2299 2698 enim
2345 2646 2502 2700 dicit:
2554 2647 2683 2712 Quia
2727 2651 2939 2701 ostendit
2981 2649 3103 2703 mihi
3144 2649 3386 2703 Dominus

1853 2733 2025 2787 Jesum
2050 2737 2354 2789 sacerdotem
2377 2753 2609 2805 magnum
2638 2748 2849 2792 stantem
2875 2756 3043 2793 coram
3069 2742 3246 2809 angelo
3282 2740 3387 2794 Do.

1855 2826 1996 2889 mini,
2028 2835 2074 2877 et
2104 2826 2263 2879 Satan
2285 2826 2440 2878 stabat
2463 2845 2493 2879 a
2522 2829 2707 2881 dextris
2734 2832 2844 2898 ejus
2874 2842 2926 2881 ut
2951 2832 3293 2886 aduersaretur
3312 2836 3384 2888 ei.

1858 2912 1922 2964 Et
1946 2913 2073 2966 dixit
2100 2912 2345 2967 Dominus
2374 2917 2439 2965 ad
2469 2916 2629 2968 Satan
2649 2931 2669 2967 :
2711 2915 2941 2984 Increpet
2970 2919 3213 2973 Dominus
3238 2924 3289 2973 in
3317 2934 3384 2987 te,

1857 3000 2038 3065 Satan,
2064 3014 2109 3056 et
2136 3003 2351 3070 increpet
2380 3002 2619 3056 Dominus
2649 3006 2698 3056 in
2724 3015 2796 3067 te,
2824 3008 2908 3075 qui
2936 3008 3077 3077 elegit
3103 3007 3384 3062 Jerusalem

209 3098 387 3150 rimus
427 3097 571 3149 illum
601 3094 674 3148 sic
702 3108 794 3161 per-
829 3109 987 3162 aquas
1027 3095 1267 3161 baptismi
1292 3134 1307 3157 ,
1355 3096 1489 3163 quod
1524 3094 1752 3146 Rubrum
1781 3120 1827 3181 ο
1857 3091 2033 3161 (Zach.
2065 3091 2165 3161 ιιι).
2193 3093 2295 3146 Sed
2319 3093 2416 3147 hoc
2442 3094 2492 3146 in
2518 3094 2632 3147 loco
2655 3094 2898 3151 facillime
2920 3098 3223 3166 intelligitur
3244 3100 3382 3167 quod

210 3204 367 3242 mare
396 3188 656 3258 signabat,
687 3186 890 3240 salvare
916 3186 1190 3240 credentes
1211 3226 1226 3248 ,
1255 3197 1309 3237 ut
1335 3186 1488 3238 etiam
1514 3195 1629 3254 post
1660 3186 1753 3237 ba-

210 3279 413 3345 ptisma
435 3276 681 3330 humilem
713 3281 762 3329 in
790 3276 939 3329 nobis
964 3275 1194 3343 requirat
1227 3276 1405 3337 vitam,
1437 3288 1592 3342 atque
1614 3290 1639 3326 a
1673 3276 1756 3327 vi-

211 3367 413 3419 tiorum
442 3364 595 3417 sorde
620 3373 895 3429 secretam,
927 3364 1132 3431 qualem
1159 3363 1345 3416 merito
1365 3364 1527 3417 eremi
1556 3375 1755 3417 secreta

210 3456 502 3508 conversio
528 3454 852 3521 designabat.
884 3454 1049 3519 Quam
1079 3453 1310 3522 profecto
1338 3456 1490 3507 vitam
1515 3495 1530 3519 ,
1560 3456 1601 3508 si
1639 3455 1756 3522 quis

214 3546 297 3598 vel
330 3559 365 3597 ι
395 3544 497 3597 lide
525 3542 782 3597 deviando
803 3544 881 3596 vel
912 3546 1046 3597 male
1067 3545 1266 3613 agendo
1293 3544 1579 3607 violaverit,
1610 3544 1755 3612 quasi

214 3648 472 3689 reversus
496 3631 652 3685 corde
673 3633 724 3684 in
750 3630 1054 3701 Egyptum,
1078 3649 1177 3686 non
1206 3634 1269 3685 ad
1295 3635 1598 3700 promissam
1614 3632 1755 3702 regni

216 3727 446 3794 patriam
476 3725 764 3793 penesire,
781 3725 872 3778 sed
898 3725 1036 3779 inter
1065 3725 1250 3791 impios
1288 3725 1574 3778 merebitur
1597 3726 1757 3778 inter-

214 3820 315 3871 ire.
361 3818 561 3869 Aliter:
594 3815 835 3869 Secundo
879 3829 969 3867 eos
1012 3814 1099 3883 qui
1138 3829 1240 3867 non
1268 3816 1603 3869 crediderunt
1641 3829 1756 3881 pcr-

214 3907 375 3971 didit,
404 3904 524 3972 quia
544 3904 714 3972 justus
733 3904 891 3974 judex
921 3904 1201 3958 nonnullos
1221 3904 1385 3972 culpis
1410 3904 1753 3972 exigentibus,

214 4006 268 4049 et
298 4010 443 4049 nunc
472 4004 523 4048 et
550 3994 877 4062 postmodum
906 3996 1151 4061 percutit.
1200 3994 1353 4049 Solos
1389 3996 1579 4063 quippe
1603 4010 1754 4064 ptena

212 4102 242 4138 a
294 4084 559 4151 supplicio
589 4083 812 4148 liberat,
849 4098 980 4150 quos
1010 4084 1262 4137 immutat.
1294 4084 1420 4139 Nam
1464 4100 1591 4153 quos
1621 4100 1754 4151 prte-

216 4174 386 4225 sentia
413 4172 546 4225 mala
571 4186 671 4224 non
699 4171 985 4239 corrigunt,
1013 4172 1077 4225 ad
1104 4175 1373 4242 sequentia
1407 4176 1711 4242 perducunt.

284 4262 506 4329 Angelos
533 4275 644 4313 vero
670 4262 757 4330 qui
784 4276 881 4313 non
900 4273 1211 4315 servaverunt
1232 4280 1375 4316 suum
1398 4266 1751 4331 principatum,

215 4360 321 4405 etc.
348 4352 412 4404 Et
438 4350 488 4403 in
519 4350 611 4403 hac
635 4350 913 4414 sententia,
941 4351 1087 4419 {sicut
1116 4351 1166 4403 in
1195 4354 1521 4417 praecedente
1543 4395 1557 4417 ,
1589 4354 1755 4422 primo

1854 3182 2007 3235 .lesus
2032 3182 2278 3236 sacerdos
2305 3183 2635 3237 desiderabat
2662 3185 2903 3251 populum
2935 3186 3089 3240 Israel
3117 3190 3181 3241 de
3216 3193 3381 3255 capti-

1858 3273 2015 3326 vitate
2046 3272 2341 3343 Babylonim
2371 3272 2600 3336 liberari,
2644 3283 2798 3341 atque
2840 3275 2904 3327 ad
2948 3274 3163 3342 patriam
3190 3286 3380 3329 terram

1855 3363 2046 3416 redire.
2093 3362 2383 3417 Rcsistebat
2430 3374 2603 3417 autem
2654 3364 2728 3416 illi
2780 3365 3018 3430 Satanas,
3065 3367 3246 3421 nolens
3291 3366 3380 3421 Dei

1856 3454 2099 3519 populum
2150 3453 2381 3516 liberari,
2429 3453 2521 3508 sed
2565 3454 2726 3521 magis
2772 3454 3005 3507 houibus
3046 3463 3099 3507 et
3139 3456 3381 3523 gentibus

1856 3542 2175 3608 mancipari;
2209 3542 2431 3610 ideoque
2461 3542 2602 3595 illum
2628 3544 2842 3611 angelus
2862 3544 2948 3613 qui
2978 3545 3148 3611 pupuli
3178 3545 3384 3614 adjutor

1853 3642 1965 3686 erat
1990 3674 2003 3695 ,
2052 3632 2385 3699 increpabat,
2430 3641 2585 3699 atque
2612 3632 2677 3687 ab
2707 3633 2893 3701 injuria
2939 3634 3169 3702 ejusdem
3208 3639 3383 3706 populi

1855 3722 2173 3776 removebat.
2203 3721 2302 3775 Sed
2329 3724 2537 3791 quando
2566 3726 2630 3777 de
2655 3723 2818 3791 Moysi
2848 3739 3065 3792 corpore
3088 3728 3381 3779 contentio-

1856 3825 1974 3863 nem
2006 3826 2123 3863 cum
2152 3810 2359 3863 diabolo
2387 3813 2604 3865 Michael
2637 3812 2914 3878 habuerit,
2945 3814 3195 3866 incertum
3223 3814 3383 3866 habe-

1852 3914 1989 3954 mus.
2036 3900 2282 3952 Attamen
2312 3914 2413 3952 non
2458 3899 2644 3952 desunt
2672 3900 2755 3965 qui
2800 3899 2973 3952 dicant
3002 3901 3241 3955 eumdem
3287 3901 3377 3953 Dei

1855 3990 2100 4057 populum
2148 3987 2311 4057 Moysi
2357 4002 2548 4054 corpus
2575 3988 2930 4056 appellatum,
2979 4003 3042 4041 eo
3085 3991 3219 4057 quod
3269 3990 3381 4055 ipse

1854 4078 2060 4147 Moyses
2095 4078 2234 4132 illius
2282 4077 2460 4146 populi
2506 4080 2673 4145 portio
2714 4074 2905 4141 luerit;
2954 4075 3170 4143 ideoque
3195 4075 3374 4140 ludas,

1852 4167 1991 4235 quod
2020 4168 2084 4221 de
2112 4168 2301 4234 populo
2343 4166 2532 4220 factum
2565 4168 2776 4236 legerat,
2809 4176 2947 4219 recte
2971 4166 3035 4218 de
3063 4166 3222 4235 Moysi
3263 4180 3379 4220 cor-

1852 4272 1975 4325 pore
2004 4256 2196 4311 factum
2222 4258 2396 4311 dicere
2422 4260 2603 4325 possit.
2631 4257 2733 4311 Sed
2762 4256 3047 4323 ubicunque
3071 4265 3123 4308 et
3146 4258 3379 4323 quando-

1851 4360 2056 4415 cunque
2099 4347 2211 4401 haec
2239 4349 2506 4401 altercatio
2536 4346 2665 4398 facta
2694 4344 2864 4413 angeli
2890 4360 3007 4399 cum
3035 4345 3241 4399 diabolo
3267 4349 3378 4401 fue-

184 4472 187 4473 ν
216 4441 689 4504 rcminiscendum,
733 4440 868 4510 quod
895 4439 1048 4495 Iesus
1078 4440 1327 4495 Dominus
1354 4455 1532 4497 noster
1559 4459 1753 4512 prava-
1781 4443 1831 4503 D
1854 4435 1939 4498 rit,
1971 4434 2247 4502 diligenter
2288 4436 2593 4487 intuendum
2618 4472 2634 4498 ,
2672 4434 2791 4502 quia
2822 4436 2867 4488 si
2911 4435 3129 4490 Michael
3156 4439 3381 4490 archan-

218 4532 477 4583 ricatorcs
497 4532 710 4597 angelos
733 4532 950 4599 punivit.
972 4531 1068 4598 Qui
1097 4531 1238 4585 enim
1269 4534 1427 4585 homo
1452 4533 1504 4586 in
1530 4534 1632 4587 line
1656 4548 1753 4588 saa-

216 4620 459 4671 culorum
487 4618 554 4670 de
585 4619 791 4685 Virgine
819 4629 968 4672 natus
989 4658 1006 4681 ,
1056 4619 1178 4674 Jesu
1226 4635 1414 4673 nomen
1459 4624 1641 4691 angelo
1676 4626 1754 4677 di-

217 4718 419 4769 ctante,
444 4708 663 4773 accepit,
694 4708 803 4775 ipse
829 4717 949 4760 ante
976 4710 1150 4761 omnia
1176 4710 1366 4761 saecula
1394 4721 1544 4763 natus
1570 4728 1634 4764 ex
1658 4712 1755 4765 Pa-

220 4808 299 4848 tre
332 4796 473 4847 Deus
492 4831 506 4856 ,
538 4807 742 4853 omnem
767 4807 1058 4851 creaturam
1084 4813 1199 4851 cum
1230 4797 1381 4851 Patre
1410 4838 1424 4862 ,
1469 4809 1523 4851 ut
1552 4802 1713 4854 voluit
1734 4842 1750 4865 ,

221 4885 504 4951 disposuit,
534 4893 584 4938 et
604 4898 631 4935 a
660 4886 914 4952 principio
940 4888 1297 4956 superbientes
1318 4892 1528 4956 angelos
1557 4891 1627 4943 ita
1656 4893 1753 4946 sub

222 4975 447 5041 caligine
475 4976 607 5027 aeris
632 4974 783 5042 hujus
811 4976 1096 5043 damnavit,
1138 4990 1193 5033 ut
1219 4980 1431 5033 eosdem
1471 4983 1521 5033 in
1564 4983 1648 5036 die
1670 4983 1753 5051 ju-

223 5067 341 5118 dicii
386 5067 653 5135 graviores
692 5080 986 5123 reservaret
1014 5073 1077 5124 ad
1128 5086 1328 5139 pinnas.
1376 5072 1437 5124 Et
1480 5073 1593 5126 ideo
1634 5073 1752 5142 jure

225 5167 345 5208 sunt
387 5158 666 5210 damnandi
693 5160 781 5226 qui
808 5158 1072 5213 Christum
1113 5162 1288 5216 .lesum
1329 5179 1433 5215 non
1467 5164 1623 5217 Deum
1667 5180 1752 5217 vc-

226 5260 359 5307 rum,
394 5245 487 5298 sed
520 5245 777 5301 hominem
801 5248 956 5303 fuisse
979 5258 1200 5318 tantum,
1222 5263 1274 5304 et
1299 5254 1363 5305 de
1390 5262 1604 5320 utroque
1625 5268 1750 5306 sexu

229 5332 553 5400 progenitum
576 5337 909 5390 contendunt.
936 5337 1134 5393 Deinde
1160 5341 1485 5395 inferendum
1506 5341 1643 5409 quod
1665 5344 1752 5410 qui

226 5421 420 5489 angelis
464 5425 796 5485 peccantibus
844 5442 948 5481 non
999 5430 1260 5495 pepercit,
1314 5445 1408 5483 nec
1462 5431 1753 5487 hominibus

228 5519 402 5576 parcet
427 5508 877 5578 superbientibus;
906 5515 998 5569 sed
1018 5528 1069 5569 et
1092 5518 1187 5570 hos
1209 5504 1432 5586 quoque,
1463 5532 1579 5572 cum
1604 5534 1753 5573 suum

228 5600 575 5665 principatum
621 5611 719 5651 non
767 5605 1133 5670 servaverint,
1179 5607 1321 5659 illum
1367 5607 1610 5661 videlicet
1653 5624 1754 5673 quo

231 5700 315 5751 per
341 5686 570 5754 giatiam
598 5686 886 5759 adoptionis
916 5690 1005 5747 lilii
1037 5694 1125 5749 Dei
1151 5695 1319 5750 ell‘ecti
1349 5706 1465 5750 sunt
1491 5737 1502 5762 ,
1549 5702 1636 5750 sed
1665 5698 1752 5752 de-

1852 4524 1999 4591 gelus
2040 4522 2247 4575 diabolo
2295 4522 2393 4576 sibi
2438 4522 2735 4576 adversanti
2783 4523 3155 4592 blasphemiam
3204 4527 3378 4578 dicere

1854 4614 2036 4674 noluit,
2064 4614 2153 4667 sed
2186 4613 2422 4666 modesto
2451 4613 2595 4666 illum
2636 4629 2879 4668 sermone
2907 4616 3155 4679 coercuit,
3183 4632 3376 4679 quanio

1850 4704 2017 4773 magis
2044 4701 2339 4757 hominibus
2365 4705 2533 4758 omnis
2564 4705 2882 4772 blasphemia
2908 4706 3135 4759 cavenda
3181 4716 3296 4770 est,
3324 4717 3376 4759 et

1852 4795 2078 4850 maxime
2103 4810 2169 4850 ne
2194 4795 2516 4863 majestatem
2531 4792 2795 4847 Creatoris
2816 4795 2974 4848 verbo
2999 4794 3376 4864 indiscipliuato

1853 4887 2135 4942 ollendaut.

1928 4977 2017 5031 Va:
2044 4978 2142 5030 illis
2165 4976 2249 5045 qui
2275 4975 2326 5025 in
2353 4973 2430 5026 uia
2458 4974 2577 5026 Cain
2601 4972 2847 5037 abierunt,
2878 4985 2979 5029 etc.
3014 4977 3102 5029 Via
3124 4976 3247 5029 Cain
3279 4980 3379 5031 ab-

1852 5078 1995 5135 eunt,
2024 5068 2109 5136 qui
2133 5076 2342 5133 propter
2362 5065 2602 5119 invidiam
2626 5063 2898 5118 meliorum
2921 5082 3107 5119 nomen
3130 5064 3226 5119 sibi
3253 5069 3377 5120 doc-

1852 5168 2019 5209 torutn
2078 5171 2180 5223 quo
2240 5154 2645 5208 honoriﬁcentur
2705 5164 2994 5208 assumunt.
3073 5154 3140 5208 Et
3196 5170 3378 5211 errore

1852 5247 2060 5302 Balaam
2086 5248 2235 5300 effusi
2256 5256 2409 5315 sunt,
2437 5248 2524 5315 qui
2567 5263 2659 5313 pro
2684 5262 2859 5299 amore
2890 5248 3208 5299 terrestrium
3237 5263 3378 5300 com-

1852 5337 2145 5398 modorum,
2176 5339 2444 5390 veritatem
2466 5351 2619 5405 quam
2668 5336 2765 5403 ipsi
2814 5346 3002 5388 norunt
3055 5337 3374 5403 impugnaut.

1851 5427 2271 5481 Contradictiune
2290 5429 2442 5490 Core,
2465 5430 2549 5495 qui
2577 5429 2722 5480 vivus
2750 5428 2814 5479 ad
2845 5426 3043 5479 inierua
3083 5424 3373 5487 descendit,

1855 5519 2147 5581 intereunt,
2174 5520 2468 5587 quicunque
2493 5520 2721 5585 appetitu
2748 5519 2956 5571 indebiti
2988 5518 3232 5580 primatus
3258 5529 3373 5569 sese

1856 5607 1920 5660 ab
1964 5607 2161 5660 unitate
2204 5618 2397 5665 sancta:
2429 5608 2674 5661 Ecclesiae
2703 5614 3001 5672 secernunt,
3052 5607 3380 5673 scientesque

1856 5709 1908 5754 et
1926 5700 2273 5767 przevidentes
2299 5708 2545 5767 quantum
2586 5698 2704 5751 mali
2754 5705 2968 5769 gerant,
3018 5698 3083 5753 ad
3130 5698 3383 5753 scelerum
