3860 6230
569 379 662 429 i2?

953 378 1148 432 lli-301E
1191 376 1629 431 VENERABILIS
1669 377 1812 430 OPP.
1856 377 2023 430 PARS
2063 377 2122 429 ll.
2165 375 2352 430 SECT.
2398 377 2433 430 Ι.
2477 403 2545 415 —-
2584 370 2962 427 EXEGETICA
3001 371 3318 426 GENUINA.
3627 379 3701 428 1‘28

564 495 734 535 tamen
761 492 948 535 tartara
978 486 1320 537 descendunt.
1349 486 1414 537 Et
1437 485 1644 551 quidem
1673 483 1800 535 Cain
1831 485 1896 535 de
1928 483 2102 533 fratri—
2128 484 2175 540 Λ
2205 485 2350 549 quasi
2391 485 2442 537 in
2465 497 2677 549 spumas
2711 483 2998 537 levissimas
3037 483 3390 538 dissolvuntur
3418 495 3470 538 et
3497 501 3698 551 pereunt.

560 573 692 624 cidio
723 572 1035 637 cogitantem
1065 574 1309 624 I-lnntintts
1337 574 1610 641 corripuit,
1641 574 1728 625 sed
1763 587 1879 624 eum
1907 572 2098 624 invidia

560 661 745 711 salvari
771 676 870 711 non
896 661 1037 711 sinit.
1075 662 1281 712 Balaam
1308 672 1476 713 autem
1505 664 1761 714 adversus
1794 662 1882 713 Dei
1929 675 2100 726 popu-

562 749 667 799 lum
692 749 788 799 iter
810 759 1045 815 agentem
1077 749 1325 800 Dominus
1348 751 1530 812 vetuit,
1559 753 1647 802 sed
1668 765 1813 801 amor
1835 750 2094 814 pecunia),

560 854 625 890 ne
656 838 1050 903 obtemperaret,
1085 840 1300 891 obstitit.
1326 841 1457 890 Uine
1475 840 1864 904 superbientem
1885 839 2095 906 Moyses

561 927 778 976 Domino
809 928 856 975 in
883 939 939 978 se
971 926 1412 992 loquente‘lcnire
1437 927 1666 990 curavit;
1716 927 1806 978 sed
1837 942 1956 978 eum
1985 926 2098 978 ela-

561 1017 650 1076 tio,
677 1027 774 1078 qna
803 1012 1052 1075 fervebat,
1085 1013 1421 1065 insanabilem
1455 1013 1696 1066 reddidit.
1723 1015 1808 1067 Sic
1837 1015 2095 1082 profecto,

557 1103 632 1153 sic
658 1102 1124 1164 faciuntbzeretici,
1178 1103 1262 1168 qui
1312 1102 1376 1154 ad
1429 1102 1841 1170 increpationein
1897 1114 2092 1157 sanctzn

559 1191 802 1244 Ecclesia:
843 1191 1106 1245 emendari
1138 1192 1462 1259 despiciunt;
1514 1193 1639 1262 quin
1691 1196 1861 1262 potius
1905 1194 2096 1247 fratres

557 1280 728 1345 gladio
750 1280 896 1332 malae
924 1281 1192 1344 doctrinm,
1225 1281 1357 1333 sicut
1383 1281 1510 1334 Cain
1534 1322 1547 1345 ,
1583 1284 1905 1344 interlicere,
1957 1282 2096 1334 malo

559 1369 777 1420 oonsilio
829 1369 1070 1437 decipere
1120 1370 1253 1421 sicut
1309 1370 1556 1432 Balaam,
1616 1380 1797 1422 contra
1855 1371 2095 1423 doctores

556 1455 839 1508 catholicos
869 1460 1067 1522 erigere
1118 1457 1252 1510 sicut
1277 1456 1429 1516 Core,
1455 1460 1518 1510 ad
1542 1473 1687 1509 suam
1713 1457 1948 1528 ipsorum
1976 1474 2097 1525 per-

558 1545 824 1604 ditionem.
853 1549 1185 1598 eontcndunt.

627 1634 700 1685 Hi
727 1645 837 1687 sunt
860 1639 909 1688 in
930 1638 1090 1703 epulis
1111 1639 1213 1688 suis
1243 1644 1471 1700 macuta',
1499 1646 1600 1690 etc.
1653 1637 1937 1690 lllaculatus
1991 1647 2093 1699 est,

556 1724 640 1787 qui
668 1736 877 1789 peccat:
925 1728 1124 1778 macula
1172 1737 1249 1777 est
1280 1727 1446 1790 ipsum
1481 1729 1649 1778 scelus
1680 1728 1818 1794 quod
1841 1737 2089 1793 operatu-

2274 572 2455 625 Sidera
2483 574 2724 639 errantia,
2747 572 2922 639 quibus
2943 574 3162 639 procella
3180 574 3490 627 tenebrarum
3510 579 3557 630 in
3577 592 3696 631 teter-

2203 683 2321 718 num
2357 676 2553 719 servata
2591 677 2680 719 est.
2716 666 2901 721 Sidera
2929 667 3153 719 errantia
3183 708 3198 729 ,
3227 680 3344 734 qua!
3370 677 3489 721 sunt
3513 683 3698 738 septeni,

2201 770 2466 823 nunquam
2499 757 2549 808 in
2589 756 2770 807 eodem
2806 756 2922 808 loco
2952 755 3036 808 ubi
3078 755 3242 822 pridie
3269 756 3515 822 fecerant,
3560 772 3697 815 ortum

2203 845 2284 896 vel
2317 859 2558 897 occasum
2599 846 2823 907 faciunt;
2850 844 2942 897 sed
2973 845 3128 898 modo
3157 847 3220 898 ad
3245 845 3419 899 infima
3449 864 3579 901 sonte
3602 852 3698 904 bru-

2203 932 2352 985 malis
2377 933 2726 997 dcscendunt,
2749 934 2905 986 modo
2924 933 2988 986 ad
3028 935 3127 986 alta
3158 948 3306 986 zona:
3335 935 3609 991 solstitialis
3629 955 3695 992 as-

2198 1022 2454 1082 cendunt,
2485 1022 2643 1075 modo
2673 1023 2897 1076 mediam
2938 1037 3086 1075 zona.-
3138 1022 3510 1090 aequinoctialis
3540 1025 3696 1080 lineam

2199 1119 2464 1176 repetunt.
2495 1111 2584 1166 Sic
2612 1111 2882 1173 nimirum,
2910 1111 2986 1164 sie
3012 1119 3133 1163 sunt
3175 1111 3428 1168 haeretici.
3454 1117 3531 1180 qui
3559 1114 3695 1168 lucem

2198 1200 2440 1253 veritatis
2465 1201 2830 1265 promittentes
2863 1214 3124 1266 nunquam
3174 1200 3224 1252 in
3254 1199 3437 1252 eodem
3473 1211 3593 1255 statu
3619 1203 3696 1256 du-

2197 1290 2350 1342 cendi
2380 1289 2695 1356 perdurant;
2723 1291 2814 1342 sed
2839 1291 2994 1343 modo
3026 1291 3122 1355 sic,
3147 1289 3304 1342 modo
3327 1291 3424 1353 sic,
3446 1291 3696 1347 doctrinam

2199 1390 2348 1428 suam
2372 1376 2737 1441 informantes,
2773 1378 2868 1446 ipsi
2891 1380 3068 1445 utique
3087 1394 3240 1446 quam
3271 1378 3338 1431 sit
3359 1385 3696 1438 contemnenda

2200 1465 2332 1519 lucis
2361 1466 2641 1519 ostentatio
2680 1482 2833 1532 quam
2864 1469 3177 1534 pollicentur
3202 1470 3484 1523 insinuant.
3527 1473 3580 1524 Et
3603 1478 3696 1540 qui-

2198 1554 2320 1606 dem
2354 1555 2490 1608 inter
2517 1555 2776 1624 planetas,
2810 1557 2860 1610 id
2891 1567 2971 1609 cst
2999 1559 3220 1610 errantia
3253 1561 3444 1624 sidera,
3468 1564 3695 1618 notissima

2200 1653 2344 1706 sunt,
2370 1647 2512 1709 luna,
2545 1645 2748 1708 lucifer,
2780 1650 2866 1715 qui
2889 1658 2940 1700 et
2963 1661 3168 1715 veSper.
3199 1649 3328 1712 Quae
3359 1666 3695 1720 nonnunquam

2201 1734 2251 1785 in
2283 1735 2419 1786 bono
2444 1736 2787 1801 accipiuntur,
2815 1751 2931 1788 cum
2957 1736 3035 1788 sol
3060 1737 3332 1801 Dominus,
3367 1740 3477 1790 luna
3505 1729 3694 1795 Ecclesia

557 1827 665 1865 rem
689 1829 837 1866 suum
857 1817 1191 1868 contaminat.
1217 1818 1278 1868 Et
1302 1818 1414 1870 ideo
1433 1819 1705 1870 haereticos
1732 1834 1864 1884 quos
1896 1820 2090 1886 arguit,
2124 1798 2167 1854 Β
2214 1833 2316 1886 est,
2343 1824 2529 1878 lucifer
2553 1825 2785 1878 Joannes
2812 1827 3061 1892 Baptista,
3091 1826 3176 1892 qui
3202 1827 3473 1882 Dominum
3497 1830 3541 1883 ἰιι
3567 1846 3696 1886 carne

557 1903 784 1955 maculas
809 1906 1057 1971 appellat;
1088 1907 1205 1973 quia
1255 1923 1356 1957 non
1388 1909 1553 1958 solum
1604 1909 1654 1958 in
1698 1909 2097 1960 commessatin-

557 1991 706 2043 nibus
745 2000 796 2043 et
833 1992 1169 2047 ebrietatibus
1213 1997 1321 2048 suis
1350 1997 1459 2047 sive
1489 1996 1785 2049 carnalibus
1812 2012 1903 2050 seu
1933 1998 2084 2062 spiri-

556 2078 775 2132 tualibus
806 2089 1021 2147 pereunt
1064 2083 1179 2149 ipsi,
1231 2086 1323 2137 sed
1351 2096 1406 2138 et
1428 2087 1559 2138 alios
1585 2088 1798 2152 perdunt
1832 2098 1884 2140 et
1911 2090 2081 2156 inqui-

553 2178 695 2219 ltﬂnl.

625 2255 795 2308 Nubes
815 2260 918 2311 sine
937 2275 1067 2326 aqua
1090 2301 1103 2321 ,
1126 2273 1228 2314 etc.
1262 2261 1438 2317 Nubes
1479 2272 1599 2314 sunt
1631 2265 1792 2316 sancti
1843 2249 2091 2329 pradica-

557 2355 715 2412 tores,
752 2349 857 2413 qui,
890 2352 1336 2404 conversationem
1363 2354 1614 2406 habentes
1645 2355 1694 2406 iu
1720 2356 1868 2407 cmlis
1890 2395 1903 2418 ,
1935 2356 2094 2408 mira-

558 2435 688 2487 culis
710 2448 1019 2502 coruscant,
1062 2449 1116 2491 ει
1164 2442 1347 2507 piuunt
1388 2445 1736 2497 sermonibus.
1789 2446 1859 2497 De
1906 2447 2093 2513 quibus

557 2523 660 2575 Deo
699 2525 886 2576 d;citur
935 2545 947 2577 :
1003 2527 1068 2578 Et
1110 2533 1286 2582 ueritas
1334 2541 1419 2583 tua
1465 2549 1618 2600 usque
1652 2533 1716 2582 ad
1764 2534 1936 2587 nubes.
1989 2533 2091 2585 Sed

559 2609 723 2661 nubes
766 2623 886 2663 sunt
913 2613 1027 2666 sine
1077 2631 1205 2682 aqua
1248 2617 1474 2670 baaretici
1504 2660 1516 2681 ,
1557 2621 1642 2685 qui
1704 2633 1988 2686 posuerunt
2039 2623 2090 2674 in

556 2698 745 2750 callum
795 2715 854 2753 os
909 2715 1057 2754 Suum
1110 2721 1200 2771 per
1243 2707 1399 2758 verba
1462 2709 1752 2775 superbia;
1819 2709 1909 2761 sed
1962 2725 2090 2774 aqua

551 2791 815 2854 sapientia:
878 2795 1190 2846 audientium
1240 2798 1400 2850 corda
1435 2793 1558 2851 “non
1626 2801 1877 2867 irrigant,
1937 2803 2088 2869 quia

554 2879 723 2930 ventis
771 2880 1212 2935 circumferuntur
1235 2926 1249 2949 ,
1300 2886 1446 2952 quasi
1477 2889 1540 2940 ad
1572 2893 1954 2956 suggestionem
1985 2892 2092 2958 Spi-

561 2967 746 3017 rituum
781 2968 1137 3035 invisibilinm,
1187 2973 1236 3024 in
1267 2974 1500 3028 diversos
1533 2979 1771 3030 vitiorum
1824 2990 2092 3047 raptantur

551 3071 774 3108 εττοτθε.

623 3146 832 3198 Arbores
860 3153 1192 3214 antumnales,
1224 3155 1572 3222 infructuoste,
1606 3160 1676 3211 bis
1721 3173 1947 3227 morture,
1979 3180 2088 3215 era.
2115 3121 2161 3184 C

553 3233 750 3287 dientw.
797 3234 996 3290 Mortua
1038 3250 1119 3292 est
1159 3244 1332 3308 arbor,
1380 3262 1495 3311 quae
1543 3263 1642 3300 non
1700 3250 1821 3302 facit
1869 3253 2090 3304 fructum

553 3323 776 3388 bonum;
807 3340 922 3391 quae
951 3342 1072 3379 vero
1101 3331 1258 3384 etiam
1288 3334 1408 3385 mali
1438 3338 1610 3401 operis
1656 3338 1885 3391 fraetum
1916 3351 2093 3404 protu-

555 3411 650 3472 lit,
684 3411 763 3463 bis
789 3423 988 3464 mortua
1020 3417 1177 3468 arbor
1221 3423 1526 3486 appellatur.
1572 3423 1631 3476 Et
1663 3427 1704 3478 si
1738 3429 1822 3480 ille
1851 3432 1936 3496 qui
1969 3431 2089 3482 boni

561 3499 738 3562 operis
769 3497 993 3552 fructum
1022 3502 1154 3556 ferre
1184 3509 1368 3572 noluit,
1402 3529 1492 3576 pro
1518 3530 1606 3566 sua
1653 3517 1927 3571 sterilitate
1953 3519 2092 3572 dici-

558 3596 636 3637 tur
656 3587 1009 3654 excidendus,
1037 3602 1089 3645 et
1120 3594 1168 3645 in
1223 3597 1391 3663 ignem
1435 3605 1750 3660 mittendus:
1783 3607 1902 3672 quid
1943 3619 2091 3675 putas

559 3672 702 3727 illum
733 3678 918 3729 mereri
955 3693 1242 3750 pmuarum,
1267 3688 1350 3750 qui
1375 3689 1454 3741 vel
1479 3706 1719 3755 perverse
1745 3672 1979 3762 agendo,
2011 3697 2091 3749 vel

555 3766 684 3819 alios
709 3774 1053 3835 pervertendo
1080 3778 1334 3842 pessimos
1365 3784 1558 3838 fructus
1596 3789 1800 3841 attulit?
1847 3791 1952 3845 Nec
1992 3795 2093 3846 uii-

557 3871 694 3922 rum,
727 3863 769 3913 si
811 3861 1145 3921 infructuosa!
1175 3878 1226 3922 et
1252 3870 1328 3926 bis
1362 3886 1577 3930 mortua:
1604 3880 1840 3934 dicantur
1863 3899 1980 3937 esse
2008 3901 2092 3938 ar-

557 3946 742 4008 bores,
774 3965 896 4016 quasi
933 3955 1209 4010 eradicatte
1256 3976 1371 4015 esse
1419 3969 1723 4026 probantur.
1777 3973 1848 4025 De
1896 3976 2090 4028 sanctis

556 4039 697 4090 enim
717 4040 933 4096 dicitur:
979 4045 1039 4096 In
1062 4049 1304 4104 charitale
1325 4054 1557 4118 radicati,
1583 4070 1628 4109 et
1651 4062 1847 4126 fundati
1869 4064 2087 4132 (Ep/tes.

562 4128 665 4197 in).
697 4131 794 4194 Qui
835 4149 958 4186 vero
984 4151 1010 4186 a
1039 4139 1306 4194 cliaritatis
1332 4147 1590 4201 soliditate
1613 4167 1668 4202 se
1691 4128 1955 4209 eradicare
1984 4173 2086 4209 non

559 4219 760 4283 timent,
786 4224 972 4275 merito
999 4225 1040 4276 si
1070 4228 1192 4293 quid
1237 4228 1353 4283 boni
1386 4232 1581 4288 fructus
1611 4239 1800 4293 habere
1823 4243 2085 4307 videntur,

566 4306 865 4360 admittunt.
948 4312 1129 4366 Merito
1194 4318 1319 4369 tales
1376 4327 1755 4378 autumnalibus
1816 4330 2088 4386 arboribus

2207 1913 2525 1964 nasciturum
2554 1914 2837 1974 nascendo,
2886 1924 2938 1968 et
2984 1916 3337 1969 testimonium
3365 1917 3486 1970 locis
3513 1919 3556 1972 ei
3585 1936 3692 1985 pra:-

2207 1999 2413 2066 bendo,
2471 2006 2754 2068 prteccssit.
2787 2004 2887 2056 Sed
2935 2014 2986 2057 et
3013 2006 3063 2057 in
3118 2009 3254 2058 malo
3282 2007 3492 2075 legimus
3537 2011 3692 2070 solem,

2194 2089 2401 2142 dicente
2459 2091 2676 2143 Domino
2725 2093 2790 2145 de
2843 2095 3138 2147 seminibus
3180 2095 3336 2163 jaCIis
3384 2099 3432 2150 in
3472 2110 3690 2166 petrosa:

2197 2177 2319 2230 Sole
2350 2186 2513 2230 autem
2544 2190 2675 2244 orto,
2699 2183 2868 2232 statim
2895 2192 3137 2235 aruerunt
3184 2183 3395 2254 (Matth.
3425 2188 3547 2252 xm).
3572 2187 3690 2252 Quod

2193 2282 2459 2334 exponens
2490 2268 2602 2335 ipse
2637 2270 2906 2339 subiungit
2959 2289 2970 2322 :
3029 2271 3380 2327 Persecutione
3419 2287 3570 2328 autem
3596 2290 3683 2328 ortu

2198 2367 2401 2424 propter
2426 2359 2626 2410 verbum
2655 2360 2892 2412 continuo
2919 2362 3326 2415 scandalizantur
3351 2364 3542 2433 (Ibid.).
3581 2365 3692 2419 Solis

2194 2462 2317 2514 ergo
2344 2448 2521 2514 ardor,
2551 2449 2811 2504 fervorem
2862 2453 3241 2518 persecutionis
3273 2455 3478 2507 iudicat.
3523 2456 3685 2509 Lunam

2197 2538 2245 2588 in
2287 2539 2424 2591 malo
2463 2540 2684 2608 legimus
2727 2541 2968 2594 :Stultus
3011 2546 3234 2596 ut'luna
3280 2557 3493 2597 mutatur
3535 2546 3687 2616 (Eccli.

2196 2629 2378 2692 xxvii).
2407 2628 2705 2680 Luciferum
2728 2631 2779 2682 in
2799 2632 2968 2686 malo:
2994 2632 3253 2696 Quomodo
3265 2635 3479 2686 cecidisti
3500 2637 3553 2687 de
3572 2639 3685 2694 ca-lo,

2196 2715 2561 2785 LuciferUsai.
2594 2717 2739 2784 xiv)?
2766 2718 2914 2782 Quod
2940 2735 3040 2771 non
3055 2721 3222 2774 solum
3254 2721 3318 2774 de
3347 2723 3503 2790 primo
3527 2723 3686 2774 diaboli

2192 2820 2335 2869 casu,
2362 2806 2453 2858 sed
2480 2801 2560 2860 de.
2580 2808 2829 2862 membris
2850 2824 3060 2878 quoque
3089 2811 3204 2877 ejus
3231 2827 3345 2878 qua:
3369 2827 3456 2877 per
3481 2812 3686 2864 ltreresim

2191 2895 2257 2948 de
2277 2896 2508 2948 Ecclesia
2527 2907 2702 2957 ruunt,
2733 2898 2947 2966 intelligi
2968 2901 3445 2968 potest.Vesperum
3468 2903 3513 2953 in
3535 2904 3650 2954 malo
3673 2920 3681 2952 :

2193 2985 2259 3036 Et
2284 3001 2540 3054 vesperum
2569 3003 2718 3051 super
2743 2987 2875 3054 ﬁlios
2903 3000 3048 3041 terra?
3074 3006 3372 3059 consurgere
3415 2992 3530 3060 faris
3572 2991 3683 3061 (Job.

2193 3075 2437 3143 xxxviii).
2467 3075 2600 3140 Quia
2630 3086 2680 3129 et
2710 3077 3062 3132 Antichristus
3085 3090 3137 3133 et
3157 3082 3375 3135 ministri
3398 3084 3521 3151 ejus,
3548 3097 3685 3150 quam-

2194 3166 2272 3216 vis
2301 3181 2358 3217 se
2389 3167 2756 3234 trausligurcnt
2800 3170 2944 3221 velut
2966 3171 3180 3239 angelos
3222 3171 3369 3233 lucis,
3419 3187 3515 3224 non
3543 3182 3683 3225 tamen

2194 3257 2383 3309 divinae
2445 3259 2544 3310 luci
2602 3258 2948 3312 testimonium
2996 3261 3308 3326 perhibent,
3361 3261 3490 3314 sicut
3538 3260 3686 3315 lucifer

2193 3345 2446 3409 soli;,sed
2474 3348 2638 3414 magis
2666 3363 2827 3415 Opera
2873 3349 3204 3402 tenebrarum
3261 3350 3368 3402 suis
3417 3349 3685 3415 sequacibus

2191 3436 2508 3501 ostendunt;
2543 3438 2706 3491 instar
2731 3439 2896 3492 stella:
2919 3455 3035 3505 qua:
3067 3438 3265 3506 Vesper
3293 3438 3495 3504 dicitur,
3519 3452 3620 3506 qua:
3644 3438 3682 3488 in

2191 3527 2475 3580 Occidente
2500 3527 2797 3595 vespertina
2821 3543 3082 3595 apparens
3107 3537 3363 3580 secutura:
3387 3528 3546 3579 noctis
3567 3542 3678 3592 prae-

2192 3627 2378 3667 cursor
2404 3617 2604 3668 existit.
2648 3617 2852 3680 Sidera,
2907 3618 3092 3686 inquit,
3126 3618 3363 3682 errantia,
3393 3617 3561 3686 quibus
3594 3631 3684 3685 pro-

2193 3705 2319 3756 cella
2352 3705 2662 3757 tenebrarum
2685 3706 2735 3757 in
2761 3715 2998 3759 teternum
3041 3719 3234 3760 servata
3265 3717 3352 3762 est.
3380 3707 3533 3761 Recte
3574 3707 3683 3759 enim

2192 3794 2245 3846 in
2278 3796 2518 3848 tenebras
2550 3803 2925 3848 tormentorum
2977 3796 3248 3848 mittentur
3280 3806 3511 3859 internas,
3543 3797 3615 3863 Qui
3644 3798 3683 3845 in

2193 3885 2477 3937 Ecclesium
2511 3884 2599 3937 Dei
2623 3884 2720 3936 sub
2747 3885 2958 3937 nomine
2991 3885 3121 3938 lucis
3144 3884 3380 3939 tenebras
3404 3885 3684 3938 inducebaut

2192 3988 2451 4027 errorum.
2479 3974 2664 4026 Merito
2695 3973 2920 4040 procella
2947 3975 3298 4041 percellentur
3319 3975 3674 4043 suppliciorum,

2191 4065 2279 4131 qui
2313 4065 2364 4117 in
2393 4064 2786 4118 similitudinem
2836 4073 3208 4133 tempestatum
3258 4066 3588 4130 marinarum,
3616 4077 3683 4132 pa-

2191 4172 2305 4209 cem
2337 4156 2565 4210 fidelium
2596 4156 2893 4211 turbabant.

2267 4249 2586 4318 l’rOp/tetat'it
2633 4261 2796 4303 autem
2837 4261 2884 4304 et
2932 4254 2994 4304 de
3041 4254 3117 4306 his
3156 4256 3392 4318 septimus
3433 4257 3488 4307 ab
3517 4256 3680 4314 Adam,

2191 4333 2397 4404 Enoch,
2451 4350 2553 4393 etc.
2584 4340 2694 4393 Non
2726 4349 2908 4394 contra
2933 4356 3120 4396 omnes
3169 4359 3262 4396 eos
3301 4343 3523 4398 homines
3559 4343 3676 4400 dicit,

559 4408 954 4464 cmuparantur,
1007 4414 1060 4455 ut
1104 4405 1376 4472 deSperata
1427 4427 1605 4465 eorum
1654 4418 1795 4468 salus
1840 4423 2085 4474 ostenda-
2115 4429 2282 4504 Dsed
2313 4440 2494 4482 contra
2524 4445 2710 4484 omnes
2765 4434 2968 4498 impios,
3022 4434 3284 4484 neminem
3336 4435 3530 4486 illorum
3553 4432 3679 4484 relin-

559 4497 660 4538 tur.
724 4490 969 4544 Autumni
1034 4499 1169 4548 enim
1244 4509 1475 4564 tempore
1545 4519 1646 4557 non
1703 4510 1869 4561 solum
1936 4528 2088 4578 poma

560 4576 699 4625 nulla
751 4579 932 4642 nasci;
991 4584 1082 4632 sed
1138 4587 1291 4636 etiam
1324 4604 1382 4639 ea
1438 4607 1551 4657 quin
1611 4603 1726 4645 nata
1780 4576 1946 4649 erantV
1980 4617 2090 4652 ma-

561 4673 671 4714 tura
725 4667 898 4722 solent
943 4669 1203 4721 decidere.
1267 4673 1358 4725 Cui
1423 4679 1660 4734 videlicet
1700 4688 1918 4751 tempori
1959 4691 2089 4742 assi-

560 4753 804 4806 niilantu-r
833 4758 883 4808 bi
923 4761 1006 4823 qui
1037 4770 1085 4811 et
1118 4760 1309 4812 fructus
1341 4764 1457 4816 fidei
1507 4767 1644 4820 ferre
1673 4771 1767 4835 ipsi
1797 4775 2082 4842 negligant,

558 4850 612 4892 ct
636 4857 694 4892 ea
722 4859 836 4908 qua:
883 4847 1058 4901 fideles
1101 4852 1360 4915 quoslibet
1406 4854 1575 4908 facere
1600 4860 1730 4910 bona
1761 4867 2085 4930 conspiciunt

557 4940 841 4999 exstirpare
859 4946 1009 5000 atque
1033 4940 1082 4989 in
1104 4942 1293 4993 caduca
1318 4946 1525 4997 student
1540 4954 1745 5014 negotia
1761 4964 2085 5010 convertere.

625 5020 838 5073 Fluctus
870 5027 960 5089 feri
991 5031 1138 5078 moris
1187 5033 1533 5098 despumantes
1592 5056 1705 5091 suas
1753 5045 2087 5109 confusiones.

559 5110 766 5165 Fluctus
800 5116 889 5165 feri
921 5119 1080 5169 maris
1111 5130 1228 5170 sunt
1259 5127 1484 5185 perversi
1527 5129 1791 5196 doctores,
1838 5135 1925 5202 qui
1955 5146 2006 5190 et
2034 5137 2087 5190 in

555 5205 849 5268 semetipsis
896 5205 1107 5273 inquieti
1157 5223 1392 5274 semper,
1454 5218 1669 5280 tumidi,
1723 5225 1984 5276 tenebrosi
2037 5235 2089 5277 et

556 5291 716 5340 amari
744 5304 881 5356 sunl,
906 5307 957 5347 et
987 5312 1161 5362 pacem
1191 5299 1440 5353 Ecclesiae
1469 5307 1611 5369 quasi
1640 5312 1970 5365 stabilitatem
2000 5314 2085 5366 lir-

553 5381 884 5447 mitatemque
913 5388 1116 5439 obicum
1157 5405 1364 5455 semper
1388 5394 1692 5464 impugnare
1720 5415 1820 5451 non
1852 5413 2079 5457 cessant.

549 5471 647 5520 Sed
680 5475 804 5525 tales
835 5487 972 5526 recte
994 5479 1235 5531 dicuntur
1281 5484 1647 5549 despumantes
1673 5504 1793 5541 suas
1815 5492 2084 5544 cOnfusio-

553 5575 662 5618 nes,
686 5564 823 5626 quia,
862 5565 1020 5616 instar
1047 5571 1360 5621 tumentium
1392 5576 1668 5637 undarum,
1702 5591 1900 5643 quanto
1927 5583 2081 5634 altius

553 5663 602 5698 se
639 5653 993 5718 superbientes
1049 5657 1325 5720 attollunt,
1383 5670 1523 5711 tanto
1583 5671 1803 5728 amplius
1853 5668 2079 5733 confusi,

2191 4532 2357 4582 quens
2387 4517 2718 4583 impunitum.
2753 4519 2826 4571 De
2874 4521 3062 4586 quibus
3095 4520 3332 4572 subditur
3361 4538 3372 4571 :

2261 4607 2328 4658 Et
2348 4622 2555 4674 arguere
2582 4623 2750 4660 omnes
2770 4610 2966 4676 impios.
2995 4609 3284 4677 Septimum
3329 4627 3446 4666 sane
3468 4612 3527 4664 ab
3543 4612 3676 4665 Adam

2189 4695 2319 4747 dicit
2347 4710 2463 4750 esse
2491 4697 2689 4761 Enocb,
2721 4698 2809 4765 qui
2839 4704 2948 4752 huic
2971 4700 3324 4767 prophetarit,
3353 4712 3404 4753 ut
3445 4703 3678 4754 continuet

2189 4794 2428 4860 exemplo
2477 4795 2611 4861 quod
2664 4795 2900 4862 superius
2952 4797 3022 4847 ait
3078 4813 3092 4848 :
3143 4795 3275 4860 Quia
3289 4799 3398 4864 jam
3437 4797 3544 4847 olim
3571 4809 3678 4860 prte-

2186 4883 2358 4949 scripti
2387 4884 2583 4952 fuerant
2611 4885 2662 4934 in
2688 4885 2784 4936 tale
2802 4885 3051 4953 judicium
3073 4885 3215 4952 impii
3232 4888 3468 4948 homines,
3499 4888 3573 4952 qui
3606 4899 3677 4934 suo

2188 4980 2404 5038 tempore
2433 4975 2822 5027 subintroierunt
2852 4975 2916 5026 ad
2933 4975 3312 5029 subt'ertendant
3336 4978 3476 5042 fidem
3493 4977 3674 5041 piorum.

2257 5060 2321 5110 Et
2351 5077 2562 5130 arguere
2603 5063 2814 5130 (inquit)
2847 5081 3014 5117 omnes
3045 5067 3223 5133 impios
3262 5066 3325 5116 de
3353 5065 3559 5116 omnibus
3583 5079 3675 5130 0pc-

2185 5149 2321 5202 ribus
2350 5152 2619 5217 impietatis
2647 5168 2850 5215 eorum,
2903 5165 3003 5211 etc.
3043 5156 3171 5209 Vera
3223 5156 3428 5221 quidem
3469 5168 3541 5209 est
3587 5159 3676 5207 bac

2186 5241 2462 5304 sententia,
2488 5243 2605 5306 quia
2638 5241 2891 5297 Dominus
2923 5245 2974 5297 in
3003 5245 3202 5313 judicio
3236 5248 3446 5299 veniens
3497 5247 3671 5310 impios.

2196 5340 2299 5377 non
2331 5329 2496 5379 solum
2527 5327 2591 5380 de
2613 5330 2857 5395 operibus
2876 5373 2889 5394 ,
2919 5346 3100 5386 verum
3129 5333 3287 5384 etiam
3318 5333 3380 5386 de
3408 5334 3563 5386 verbis
3603 5346 3670 5380 πα

2183 5425 2321 5480 guet,
2356 5427 2409 5468 et
2445 5417 2965 5488 judicabit'iniquos;
3013 5429 3241 5474 attamen
3289 5424 3537 5475 sciendum
3575 5419 3671 5484 quia

2183 5505 2315 5558 liber
2338 5508 2536 5566 Enocb.
2563 5509 2627 5560 de
2656 5526 2758 5576 quo
2789 5513 2927 5564 illam
2957 5512 3279 5576 assumpsit,
3341 5513 3464 5565 inter
3489 5523 3671 5575 apocry‘

2185 5595 2315 5658 plias
2341 5597 2640 5662 Scripturas
2688 5602 2752 5650 ab
2807 5601 3041 5653 Ecclesia
3093 5601 3390 5669 deputatur,
3444 5616 3533 5652 non
3575 5601 3668 5665 quiia

2182 5683 2315 5735 dicta
2347 5687 2470 5738 tanti
2519 5688 2827 5752 patriarchas
2874 5689 3025 5756 abjici
3068 5693 3326 5746 ullatenus
3378 5691 3573 5759 possint.
3601 5697 3669 5740 IU‘
