3860 6230
257 392 371 445 1Ξ9

1007 401 1430 456 EXPLANATIO
1471 403 1944 458 APOCALYPSIS.
1977 429 2046 448 ω
2072 407 2278 460 El’lST.
2315 410 2402 460 AD
2440 409 2802 465 EUSEBIUM.

3371 418 3468 472 13'.)

253 512 401 565 falsa
438 511 662 564 debeant
692 513 964 575 msthuari,
1017 513 1106 566 sed
1136 515 1254 581 quia
1289 515 1417 566 liber
1469 517 1555 568 ille
1603 517 1690 582 qui
1723 518 1819 568 sub
1851 525 1895 580 Α
1925 533 1950 569 a
1978 520 2150 586 seipse
2174 523 2361 574 salvari
2395 540 2547 589 posse
2581 527 2898 594 pronuntiet,
2922 531 3012 582 sed
3039 546 3219 586 omnes
3241 532 3468 602 Spiritus

247 600 486 652 nontirie
515 601 628 667 ejus
648 599 878 661 offertur,
910 615 1012 651 non
1044 616 1170 654 vere
1200 604 1263 653 ab
1299 603 1388 654 illo
1427 604 1668 670 scriptus,
1725 605 1813 657 sed

248 690 361 742 sub
402 691 556 742 titulo
588 691 812 742 nominis
843 691 958 755 ejus
990 691 1054 742 ab
1085 691 1191 742 alio
1221 691 1443 756 quodam
1473 692 1644 744 editus
1671 694 1815 744 vide-

247 789 368 832 tur.
404 781 459 832 Si
500 781 643 833 enim
694 794 818 832 vere
845 779 960 845 ejus
1006 788 1167 842 esset,
1195 795 1297 830 non
1345 790 1488 832 esset
1519 781 1640 832 fidei
1671 797 1812 833 sanae

242 873 583 923 coritrarius.
619 869 764 922 Nunc
787 880 961 920 autem
993 870 1112 935 quia
1145 869 1305 921 multa
1341 870 1660 920 incredibilia
1691 885 1818 920 con-

245 961 434 1021 tinet,
482 960 535 1011 in
566 959 750 1026 quibus
783 958 910 1011 illud
955 968 1036 1010 est
1087 960 1150 1010 de
1193 959 1511 1026 gigantibus,
1541 959 1677 1024 quml
1711 975 1812 1010 non

244 1043 548 1100 habuerint
568 1047 807 1099 homines
835 1055 1029 1110 patres,
1052 1045 1143 1098 sed
1168 1051 1406 1113 angelos,
1436 1049 1625 1100 merito
1648 1049 1815 1100 doctis

240 1134 431 1187 claret
457 1151 558 1188 non
590 1151 707 1188 esse
753 1136 850 1187 viri
895 1137 1098 1189 veracis
1147 1139 1343 1204 scripta
1390 1151 1506 1204 quae
1539 1140 1810 1192 mendacio

238 1223 499 1275 sordent.
535 1223 682 1276 Unde
714 1233 766 1275 et
797 1227 910 1275 lia-c
960 1225 1140 1276 eadem
1193 1223 1343 1276 Judm
1381 1227 1605 1292 Epistola
1636 1269 1648 1289 ,
1691 1242 1810 1291 quia

236 1313 312 1365 de
338 1315 650 1381 apocrypho
679 1313 809 1365 libro
842 1315 1204 1366 testimonium
1238 1314 1421 1379 habet,
1455 1316 1637 1380 primis
1673 1326 1802 1366 tem.

241 1408 478 1470 poribus
524 1425 550 1460 a
583 1409 845 1476 plerisque
878 1408 1234 1475 rejiciebatur.
1273 1411 1467 1464 Tamen
1493 1413 1800 1463 auctoritate

232 1500 354 1564 jam
381 1511 440 1552 et
460 1511 718 1552 vetustate
733 1511 897 1553 etusu
925 1504 1114 1554 meruit
1131 1512 1184 1554 ut
1202 1505 1336 1554 inter
1357 1516 1563 1556 sanctas
1580 1505 1813 1570 Scriptuv

237 1604 336 1641 ras
355 1601 716 1658 computetur,
736 1593 962 1646 maxime
979 1594 1094 1660 quia
1115 1594 1214 1646 tale
1228 1594 1578 1646 testiinonium
1597 1595 1662 1647 de
1686 1610 1809 1661 apo-

234 1683 632 1750 cryphoJudas
645 1686 945 1749 assumpsit,
966 1686 1102 1750 quod
1125 1700 1224 1737 non
1249 1686 1600 1753 apocryphnm
1621 1700 1680 1738 ac
1711 1687 1807 1736 du-

235 1772 422 1836 bium,
447 1773 540 1827 sed
563 1788 697 1825 verte
714 1774 842 1826 lucis
859 1774 1025 1826 lucida
1043 1785 1181 1826 esset
1202 1778 1422 1828 veritate
1438 1777 1806 1843 conspicuum.

317 1863 395 1914 Ili
441 1875 561 1916 sunt
619 1875 1010 1916 murmuratores
1039 1905 1054 1931 ,
1106 1867 1361 1932 quem/osi
1390 1908 1402 1926 .
1471 1877 1570 1919 etc.

235 1953 486 2017 amplius
541 1956 760 2020 quisque
821 1967 1151 2018 murmurat,
1201 1968 1255 2006 et
1285 1955 1516 2020 queritur
1569 1956 1634 2008 de
1676 1972 1808 2020 prae-

233 2043 489 2092 sentibns
525 2042 769 2095 ecclesia“:
826 2041 1110 2106 laboribus,
1175 2053 1368 2109 quanto
1419 2045 1586 2094 minus
1646 2045 1695 2096 in
1751 2060 1807 2096 se

231 2130 515 2182 desideria
558 2133 729 2182 carnis
787 2132 1058 2184 exstinxit.
1117 2135 1183 2182 At
1238 2141 1414 2182 contra
1467 2141 1677 2182 sanctus
1708 2131 1802 2182 Da-

233 2221 350 2272 niel
383 2231 442 2272 et
471 2221 651 2272 (κριθή
677 2221 968 2273 ςωΙεειὶιιηι
995 2221 1372 2272 desiderim'um
1402 2223 1520 2282 viri,
1552 2233 1802 2288 quantum

234 2306 449 2358 obnixe
479 2322 704 2374 superna
724 2309 832 2359 sola
858 2309 1176 2372 desiderant,
1223 2318 1419 2360 tantum
1450 2311 1804 2375 contemptius

235 2401 553 2452 transitoria
587 2408 772 2450 cuncta
799 2414 916 2466 quae
947 2400 1186 2451 videntur
1229 2402 1445 2452 adversa
1489 2402 1799 2465 despiciunt.

318 2509 398 2561 Ηὶ
425 2521 543 2561 sunt
571 2513 658 2577 qui
682 2521 942 2577 segregant
978 2513 1288 2575 semetipsos,
1320 2523 1418 2562 etc.
1452 2513 1573 2563 ideo
1603 2521 1799 2564 semet-

228 2597 388 2664 ipsos
433 2599 647 2666 reprobi
679 2610 953 2666 segregant
983 2614 1010 2649 a
1042 2610 1181 2651 sorte
1218 2601 1476 2665 juslorum
1499 2641 1514 2662 ,
1539 2600 1656 2652 ideo
1679 2608 1803 2652 sunt

229 2690 527 2752 animales,
560 2689 609 2741 id
646 2699 744 2756 est,
788 2690 1023 2756 proprias
1064 2692 1250 2740 anima)
1281 2705 1387 2741 sua:
1418 2692 1799 2755 COIICUpiscen-

229 2783 343 2834 tias
383 2791 699 2848 sequentes,
730 2781 976 2848 quoniam
1010 2781 1262 2845 Spiritum
1306 2783 1518 2831 unitatis
1560 2794 1662 2846 quo
1705 2781 1802 2830 Er»-

227 2872 406 2924 clesia
438 2882 818 2940 congregatur,
850 2885 954 2937 quo
991 2871 1277 2936 spiritualis
1312 2871 1558 2931 efficitur,
1605 2870 1799 2922 habere

227 2974 344 3010 non
393 2969 723 3013 meruerunt.
755 2960 872 3012 Ideo
902 2959 1175 3021 diffluunt,
1206 2959 1321 3024 quia
1369 2960 1645 3024 coagulum
1690 2973 1794 3010 non

225 3051 440 3104 habent
471 3054 761 3105 cbaritatis.

311 3140 416 3193 Vos
466 3153 628 3192 autem
657 3183 668 3202 ,
726 3143 1003 3193 charissimi
1029 3185 1040 3205 ,
1075 3141 1533 3208 supcra’di/irantcs
1584 3151 1793 3192 vosmet-

221 3234 370 3297 ipsos
399 3234 728 3284 ammissum».
779 3242 950 3283 trr‘sli'a’
978 3233 1114 3297 ﬁdei,
1137 3243 1238 3284 etc.
1290 3234 1339 3282 In
1373 3232 1565 3297 Spiritu
1612 3241 1791 3284 Sancto

223 3337 481 3386 oramus,
499 3324 701 3388 quando
724 3322 1248 3388 inspiratioaiedivina
1283 3323 1576 3386 compuncti
1602 3337 1790 3388 super-

218 3427 355 3463 num
389 3415 620 3476 petimus
643 3412 916 3473 auxilium,
943 3413 1004 3462 ad
1035 3408 1368 3475 percipienda
1405 3411 1539 3460 bona
1577 3425 1694 3474 qua}
1723 3423 1788 3462 ex

215 3506 381 3557 nobis
418 3505 551 3570 ipSis
582 3505 767 3556 habere
809 3504 1103 3569 nequimus.
1137 3504 1207 3552 Ita
1247 3517 1370 3567 ergo
1403 3514 1499 3550 nos
1532 3501 1788 3551 admonet

225 3596 429 3648 beatus
461 3593 620 3645 Judas
650 3593 1071 3660 supcrardilicare
1103 3594 1447 3653 nosmetipsos
1478 3602 1636 3653 super
1665 3589 1784 3640 fnu-

216 3686 538 3740 damentuin
581 3694 776 3736 sanctae
809 3683 949 3744 fidei,
988 3685 1053 3734 ita
1088 3697 1183 3733 nos
1208 3684 1269 3733 ad
1300 3682 1486 3732 domus
1526 3681 1637 3743 Dri,
1669 3694 1784 3745 qua:

214 3786 303 3829 est
336 3775 605 3834 Ecclesia,
635 3773 836 3840 lapides
863 3777 1006 3823 vivos
1049 3773 1334 3839 adiungere
1356 3815 1368 3828 .
1402 3774 1471 3822 ita
1505 3786 1598 3823 nos
1627 3773 1675 3822 in
1708 3773 1782 3821 di—

217 3866 468 3916 lectione
500 3862 586 3910 Dei
619 3877 826 3912 scrvare
871 3863 1144 3925 praecepit,
1183 3873 1238 3912 ut
1280 3876 1540 3926 nunquam
1593 3860 1658 3911 de
1689 3875 1783 3911 no—

210 3954 354 4006 stris
395 3953 596 4003 viribns
648 3965 1051 4016 prmsumamns,
1086 3952 1177 4003 sed
1230 3951 1499 4008 indivinze
1545 3948 1782 4000 tuitionis

210 4044 548 4108 adiutorium
599 4055 897 4104 Speremus,
936 4056 998 4091 ne
1047 4041 1160 4106 quis
1189 4043 1330 4105 juxta
1363 4039 1549 4104 deguia
1586 4036 1776 4103 Pelagii

721 4161 1018 4168 Μ

207 4160 498 4185 =22:
511 4162 618 4182 3:"...
627 4162 652 4181 :1
659 4160 1150 4182 :'_-.:-—-_..__:—:._~;“:

739 4158 2890 4389 ᾖᾟτῖᾘῗέιῇὶῖξιῖ

1823 4156 2002 4163 .—_—_—_

1515 4157 1822 4164 -σ--ν-ι

1723 4169 1934 4178 __.._—._r

1920 611 2086 660 sancti
2123 613 2170 662 in
2205 627 2298 664 nos
2341 625 2581 680 petamus
2610 618 2888 672 adventurm
2914 661 2927 684 ,
2960 637 3063 688 quo
3113 625 3347 691 inspirat:
3386 642 3465 678 ar-

1916 699 2123 752 dentins
2153 718 2306 754 orare
2345 709 2628 769 valeamus,
2662 723 2726 761 ne
2767 711 2900 763 forte
2929 727 3042 763 cuni
3084 714 3163 766 his
3192 718 3278 782 qui
3303 719 3470 782 Spiri-

1919 800 2024 839 tum
2072 806 2173 842 non
2223 794 2435 856 habent,
2478 795 2698 861 ideoque
2737 799 2989 853 animales
3036 815 3392 870 perseverant,
3435 821 3463 858 a

1914 891 2108 930 sanctae
2143 881 2384 934 Ecclesia:
2409 888 2658 938 societate
2688 903 3042 958 segregemur.

1904 1010 1908 1014 .
1985 966 2047 1016 Et
2075 968 2162 1018 Iros
2199 972 2396 1032 quidem
2440 975 2636 1040 arguile
2659 977 2935 1040 judicatos,
2979 979 3090 1028 illos
3123 996 3237 1031 vero
3276 983 3463 1034 salvat:

1914 1058 1974 1104 de
2011 1057 2122 1122 igne
2148 1061 2412 1123 rapientes.
2447 1073 2548 1114 etc.
2578 1065 2724 1126 Quod
2772 1067 2844 1118 ait
2879 1069 2927 1118 in
2951 1069 3137 1137 timore
3183 1075 3243 1124 ad
3278 1084 3460 1127 cuncta

1915 1148 2010 1198 tria
2042 1165 2158 1215 qua:
2203 1166 2549 1217 proposuerat
2590 1156 2912 1224 jungendum
2946 1152 3045 1213 est.
3076 1163 3206 1226 Quia
3249 1174 3304 1217 et
3339 1181 3463 1234 apo-

1913 1248 2075 1290 statas
2119 1241 2353 1309 quisquis
2403 1248 2571 1312 arguit
2619 1263 2677 1298 ac
2726 1250 3048 1304 dauinabiles
3103 1256 3348 1319 ostendit,
3410 1258 3461 1310 in

1915 1329 2096 1381 timore
2123 1331 2275 1383 debet
2306 1347 2457 1400 agere
2480 1379 2491 1399 ,
2530 1352 2593 1390 ne
2625 1338 2757 1391 forte
2797 1342 2890 1391 sibi
2923 1345 3095 1394 suisve
3117 1360 3249 1411 quos
3276 1346 3452 1412 diligit

1912 1417 2106 1484 aliquid
2137 1421 2236 1472 tale
2267 1426 2553 1491 Contingat.
2603 1428 2664 1478 Ει
2694 1429 2781 1495 qui
2828 1430 2891 1483 de
2938 1432 3184 1486 inccndio
3214 1436 3459 1488 vitiorum

1911 1509 2134 1560 alterum
2177 1517 2438 1581 castigans
2465 1518 2676 1582 eripuit,
2705 1524 3044 1575 considerare
3085 1541 3140 1578 se
3172 1527 3345 1588 debet,
3395 1545 3461 1581 ne

1911 1610 1961 1649 et
1984 1601 2094 1664 ipse
2122 1611 2368 1658 tentetur.
2399 1606 2565 1673 thni
2597 1612 2867 1675 ptBttitcnli
2895 1616 3173 1668 miseretur
3193 1620 3458 1684 proximo,

1910 1691 2065 1742 etiam
2099 1693 2242 1745 illum
2272 1711 2488 1750 necesse
2529 1711 2607 1750 est
2641 1701 2736 1752 hoc
2765 1704 3147 1770 circumspecte
3173 1723 3352 1775 agere,
3395 1725 3462 1762 ne

1912 1776 2044 1830 forte
2079 1781 2189 1843 plus
2212 1784 2353 1850 justo
2387 1789 2464 1839 vel
2495 1804 2711 1840 severus
2735 1793 2922 1844 existat
2954 1796 3030 1846 vel
3061 1799 3194 1862 pius.

1635 1867 1803 1920 Tanto
1837 1865 1883 1920 B
1987 1869 2220 1923 Odientes
2260 1887 2305 1925 cz
2344 1893 2450 1926 eam
2492 1896 2604 1941 qua?
2635 1883 2850 1934 carnalis
2889 1895 2959 1935 est
2990 1889 3293 1939 maculatum
3330 1890 3463 1941 (unl-

1911 1975 2040 2013 cam.
2070 1960 2343 2014 Carnalen:
2389 1969 2612 2021 tunicam
2655 1986 2846 2037 corpus
2881 1984 3115 2027 nostrum
3163 1978 3306 2030 di:it.
3349 1979 3460 2030 Non

1909 2060 2080 2101 autem
2110 2067 2300 2119 corpus
2331 2068 2566 2109 nostrum
2600 2063 2772 2114 odisse
2803 2063 3076 2130 debemus,
3108 2072 3199 2120 sed
3232 2070 3463 2122 macula-

1910 2149 2015 2189 tum
2066 2140 2162 2192 hoc
2207 2146 2525 2200 omnimodis
2575 2150 2825 2202 debemus
2867 2155 3060 2216 odisse,
3113 2168 3165 2208 et
3207 2169 3457 2222 quantum

1907 2229 2142 2282 valemus
2171 2247 2346 2298 agerc,
2391 2246 2446 2287 ut
2493 2239 2592 2291 hoc
2623 2241 3013 2296 immaculatum
3060 2246 3363 2314 reddamus,
3408 2259 3463 2300 ut

1906 2319 1971 2372 de
2003 2324 2198 2374 carnali
2245 2326 2515 2390 spiritualc
2559 2343 2817 2384 mereatur
2842 2335 2996 2388 eflici.
3033 2338 3180 2400 Quod
3212 2340 3331 2406 quia
3355 2356 3457 2393 non

1909 2414 2073 2463 nostri
2097 2414 2295 2465 arbitrii
2331 2427 2584 2482 potestate
2606 2462 2618 2484 ,
2644 2423 2734 2475 sed
2770 2424 2860 2476 Dei
2885 2429 3047 2492 gratia
3081 2429 3454 2496 perficiendum

1907 2507 2007 2560 est,
2038 2514 2179 2554 recte
2208 2506 2538 2574 subjnngitur
2572 2529 2580 2559 :

1977 2590 2037 2642 Ei
2080 2606 2246 2645 autem
2276 2600 2360 2665 qui
2406 2612 2580 2662 potens
2629 2614 2699 2654 est
2749 2622 3041 2660 conservare
3076 2627 3158 2661 tios
3206 2615 3310 2664 sine
3344 2633 3454 2681 pcc-

1903 2691 2033 2744 cato,
2065 2693 2168 2736 etc.
2202 2686 2339 2737 Bene
2381 2690 2464 2739 lnc
2506 2691 2633 2742 dicit
2675 2694 2724 2744 in
2756 2697 3104 2751 eitsultatione
3135 2716 3226 2752 nos
3260 2706 3453 2757 consti—

1905 2772 2129 2824 tuendos
2159 2786 2278 2826 ante
2307 2790 2643 2844 conspectum
2690 2784 2870 2849 gloriae
2901 2787 3008 2848 Dei,
3042 2803 3172 2853 quos
3216 2794 3456 2853 superius

1900 2862 2216 2916 admonebat
2249 2867 2297 2918 in
2329 2869 2510 2920 timore
2536 2871 2640 2921 Deo
2663 2876 2880 2927 servire.
2902 2879 3028 2940 Quia
3063 2892 3258 2945 quanto
3294 2885 3456 2951 magis

1902 2953 2084 3017 trepidi
2117 2954 2182 3005 de
2204 2955 2405 3008 aclibus
2431 2962 2623 3011 nostris
2657 2961 2704 3013 in
2733 2967 2978 3029 prtesenti
3011 2969 3281 3034 fuerimus,
3311 2983 3452 3024 tanto

1897 3040 2119 3103 amplius
2145 3042 2196 3092 in
2243 3042 2415 3095 futuro
2449 3047 2513 3097 de
2544 3062 2784 3115 percepta
2820 3055 3062 3108 mercede
3095 3057 3401 3112 lmtabimur.

1969 3130 2079 3183 Soli
2122 3132 2224 3182 Deo
2258 3133 2512 3188 Saluatori
2547 3149 2714 3190 nostra
2737 3157 2824 3206 per
2853 3141 3025 3194 Jesum
3055 3144 3311 3199 Christum
3344 3149 3447 3203 Do-

1901 3224 2089 3275 minum
2115 3236 2338 3277 nostrum
2368 3229 2529 3296 gloria
2561 3240 2602 3279 et
2635 3232 3031 3299 magnificentia.
3065 3237 3186 3291 llmc
3218 3241 3443 3293 clausula

1898 3325 1949 3368 et
1979 3317 2116 3367 Patri
2148 3327 2193 3368 ct
2226 3319 2358 3369 Filio
2381 3322 2700 3385 coaequalem
2727 3340 2776 3374 et
2804 3336 3119 3379 (‘t).t‘.lel‘n('.it
3151 3345 3243 3395 per
3270 3337 3441 3383 omnia

1897 3416 1943 3457 et
1989 3417 2108 3457 ante
2158 3408 2329 3458 omnia
2379 3411 2590 3471 secula,
2643 3413 2864 3477 gloriam
2899 3416 3084 3480 refert,
3121 3434 3177 3468 ac
3208 3435 3443 3488 regnum.

1896 3492 1963 3544 Et.
1989 3509 2168 3545 eorum
2201 3510 2406 3563 quoque
2440 3496 2524 3565 qui
2556 3499 2814 3553 minorem
2856 3517 2943 3555 aut
2977 3509 3317 3571 posteriorem
3351 3513 3445 3564 Pa-

1896 3592 1973 3636 tre
2018 3584 2204 3638 Filium
2287 3588 2510 3641 credunt
2576 3594 2813 3660 coarguit
2859 3611 3115 3660 errorem,
3157 3614 3273 3651 cum
3321 3601 3446 3654 dicit

1894 3673 2003 3726 Deo
2051 3675 2189 3727 Patri
2248 3678 2490 3744 gloriam,
2549 3684 3007 3747 magniﬁcentiam,
3066 3689 3342 3754 imperium
3391 3703 3442 3745 et

1895 3773 2224 3832 potesmtem,
2253 3782 2370 3820 esse
2402 3785 2494 3837 per
2518 3771 2695 3824 Jesnm
2736 3772 2997 3826 Christum
3031 3775 3305 3832 Dominum
3352 3797 3442 3831 non

1896 3868 2052 3908 trum.
2086 3858 2150 3909 Et
2207 3859 2304 3911 hoc
2347 3875 2449 3912 non
2491 3862 2556 3914 ab
2598 3863 2742 3915 initio
2773 3864 3020 3929 temporis
3059 3867 3300 3934 alicujus,
3348 3873 3438 3923 sed

1892 3957 2014 3998 ante
2060 3961 2215 4001 omne
2259 3952 2526 4016 smculum,
2562 3960 2613 4004 et
2661 3969 2798 4006 nunc
2839 3967 2888 4007 et
2936 3956 2985 4007 in
3036 3959 3205 4008 omnia
3244 3961 3433 4011 saecula

1886 4037 2219 4088 saaculorum.
2251 4039 2434 4089 Amen.

2007 4157 2262 4164 ——.——..._

1943 4171 2286 4178 -——-———-——-—
2297 4174 2382 4178 ————
2393 4174 2504 4180 ——.
2519 4175 2917 4185 ———._-.__..___..
2925 4168 3433 4194 __..-.___.=_.._-—:z

1197 4525 1355 4597 EPI
1373 4525 1691 4597 STOLA
1751 4526 1877 4597 AD
1942 4526 2288 4599 EUSEBI
2306 4525 2474 4598 Ulli.

327 4748 699 4790 DILECTISSIHO
737 4749 927 4787 FRATRI
967 4748 1200 4798 EUSEBIO,
1243 4749 1371 4786 BEDA
1409 4748 1666 4789 SALUTEM.

292 4829 648 4897 Apocalypsis
693 4827 855 4879 sancti
898 4826 1136 4890 Joannis,
1183 4829 1234 4879 in
1283 4842 1385 4894 qua
1432 4827 1564 4880 bella
1603 4837 1655 4879 et
1695 4828 1773 4880 in—

211 4920 415 4974 cendia
449 4919 691 4970 intestina
722 4916 967 4970 Ecclesia:
995 4931 1104 4969 sua:
1132 4917 1266 4969 Deus
1295 4917 1467 4969 verbis
1495 4918 1771 4984 ﬁgurisque

213 5008 471 5062 revelare
510 5007 751 5075 dignatus
779 5015 855 5059 est
880 5045 894 5068 ,
940 5016 1142 5073 septem
1181 5006 1304 5060 mihi
1343 5005 1525 5073 (frater
1553 5005 1769 5072 Eusebi)

208 5099 436 5151 videtur
466 5111 584 5150 esse
605 5095 767 5148 divisa
800 5095 1082 5161 periocbis.

289 5188 351 5239 In
383 5201 604 5254 quarum
634 5188 819 5253 prima,
851 5193 965 5251 post
990 5187 1347 5249 prtefationem
1379 5188 1668 5255 copiosam,
1703 5187 1765 5238 ad

205 5277 574 5331 roborandam
641 5277 794 5330 fidem
855 5275 1145 5343 fragilium,
1187 5292 1248 5330 ac
1303 5277 1511 5330 Domini
1566 5277 1766 5343 passio-

205 5381 353 5430 nes,
403 5377 456 5419 et
508 5368 824 5433 posteriores
878 5366 1068 5435 glorias
1118 5377 1477 5428 enumeratas,
1539 5368 1761 5419 similem

205 5456 353 5508 Filio
379 5457 605 5507 hominis
635 5455 868 5508 Ecclesia
894 5456 1060 5508 cernit
1091 5454 1328 5530 indutum
1355 5473 1369 5519 ;
1400 5457 1508 5523 qui,
1532 5470 1757 5510 comme-

200 5546 435 5599 moratis
487 5545 563 5596 his
609 5560 724 5611 quae
765 5546 1063 5612 specialiter
1111 5547 1160 5598 in
1208 5554 1408 5613 septem
1439 5546 1573 5600 Asiae
1605 5558 1748 5615 gesta

197 5639 288 5688 vel
324 5636 555 5703 gerenda
587 5636 691 5686 sint
713 5635 981 5699 Ecclesiis,
1015 5637 1286 5703 generales
1319 5639 1472 5688 totius
1499 5637 1750 5688 Ecclesia:

149 5739 153 5741 ·
197 5729 381 5778 luctas
412 5725 660 5779 deseribit
690 5735 738 5777 et
772 5725 990 5791 palmas.
1039 5727 1132 5780 Ubi
1177 5737 1325 5781 sexto
1362 5728 1471 5780 loco
1512 5727 1746 5779 consulte

1801 4734 1851 4790 D
1877 4732 2235 4800 subjiciendos
2276 4732 2523 4787 Ecclesiae
2563 4735 2794 4801 Judaeos,
2831 4747 2880 4789 et
2925 4741 3259 4794 tentationem
3286 4745 3425 4797 orbis

1885 4825 2111 4876 universi
2161 4824 2412 4888 futuram,
2464 4841 2625 4892 seque
2650 4830 2886 4893 promisit
2927 4832 3029 4883 cito
3080 4847 3194 4883 esse
3240 4845 3423 4887 ventu-

1883 4929 2028 4977 rum;
2061 4915 2285 4980 septimo
2312 4925 2510 4978 autem,
2547 4919 2769 4983 tepidam
2799 4920 2941 4983 ponit
2964 4921 3294 4974 Laodiceam.
3327 4924 3420 4974 Fi-

1879 5004 1974 5053 lius
2029 5007 2159 5054 enim
2198 5005 2411 5056 hominis
2460 5008 2687 5070 veniens,
2733 5016 2878 5071 putas
2931 5008 3139 5062 inveniet
3184 5014 3331 5072 [idem
3370 5017 3421 5064 in

1878 5103 2006 5144 terra
2037 5093 2183 5159 (Luc.
2219 5097 2395 5159 xun)?

1949 5182 2003 5234 In
2055 5185 2282 5235 secunda
2330 5193 2501 5236 autem
2556 5184 2823 5251 periocha,
2871 5188 3146 5255 descriptis
3195 5190 3242 5240 in
3294 5191 3418 5241 sedo

1873 5268 1964 5322 Dei
1993 5282 2220 5339 quatuor
2267 5274 2580 5327 animalibus
2617 5285 2670 5327 et
2707 5277 2888 5344 viginti
2936 5289 3160 5344 quatuor
3201 5279 3419 5330 seniori-

1873 5362 1988 5425 bus,
2019 5365 2231 5430 ,Agnum
2283 5366 2426 5417 videt
2468 5368 2662 5432 apertis
2702 5378 2901 5433 Septem
2956 5369 3069 5419 libri
3117 5368 3305 5433 signati
3346 5371 3416 5419 si—

1867 5453 2033 5517 gillis,
2068 5455 2341 5507 conflictus
2371 5466 2423 5508 et
2469 5459 2758 5522 triumphos
2789 5457 3038 5509 Ecclesia:
3064 5473 3304 5510 reserare
3337 5459 3413 5508 fn—

1866 5552 2029 5596 turos.
2069 5544 2162 5597 Ubi
2207 5546 2352 5610 juxta
2403 5549 2837 5599 consuetudinem
2888 5546 3005 5598 libri
3048 5548 3214 5609 istius,
3251 5560 3412 5611 usque

1860 5632 1922 5683 ad
1970 5642 2172 5684 sextum
2221 5651 2489 5687 numerum
2539 5637 2774 5689 ordinem
2819 5634 3075 5697 custodit,
3112 5645 3161 5686 et
3191 5643 3407 5697 praeter-

1858 5725 2017 5777 ruisso
2073 5725 2325 5792 septimo,
2387 5728 2717 5794 recapitulat,
2771 5744 2831 5781 ac
2886 5732 3006 5783 duas
3063 5725 3418 5800 narrationes.
