3934 6222
419 338 512 389 131

812 333 1009 389 ΒΕΒΑΞ
1048 332 1489 388 VENERABILIS
1525 332 1671 386 (lPP.
1714 330 1884 384 PARS
1922 327 1984 380 ll.
2024 325 2210 381 SECT.
2253 326 2291 380 Ι.
2330 354 2397 365 -—
2438 324 2812 380 EXEGETICA
2850 324 3160 381 GENUINA.

3493 321 3590 375 131

417 449 565 514 quasi
611 445 848 499 ordinem
894 450 1125 509 secutus,
1158 442 1381 511 septimo
1425 438 1707 495 concludit.
1750 436 1855 493 Sed
1900 445 1954 489 et
1978 442 2027 498 Α
2054 435 2295 489 dicuntur
2318 435 2580 489 excedunt
2607 436 2719 502 ejus
2765 434 2995 499 modum,
3033 443 3083 488 et
3125 433 3295 502 potius
3336 433 3402 487 ad
3431 434 3591 488 Cim-

419 542 528 607 ipsa
571 537 970 605 recapitulatio,
1016 552 1109 605 pro
1152 538 1278 590 locis
1329 534 1659 604 intelligenda
1703 543 1779 587 est
1812 550 1826 586 :
1857 533 1950 584 alt-

416 630 624 695 quande
643 630 781 683 enim
804 629 871 681 ab
899 628 1098 695 origine
1118 626 1400 695 passionis,
1434 624 1707 691 aliquando
1728 638 1757 675 a
1778 621 1952 675 medio

418 727 673 783 tempore,
700 716 977 785 aliquando
1004 715 1069 767 de
1096 716 1207 767 sola
1238 714 1346 781 ipsa
1380 712 1657 765 novissima
1686 723 1947 777 pressura,

417 817 505 859 aut
532 820 634 858 non
668 805 830 857 multo
860 814 977 857 ante
1000 803 1231 856 dicturus
1260 800 1584 868 recapituiat.
1617 799 1748 851 Illud
1772 800 1949 851 tamen

419 894 580 945 ﬁxum
610 900 804 954 servat,
828 900 885 943 ιιι
911 906 940 943 a
971 900 1119 943 sexto
1143 890 1468 955 recapitulet.

486 979 800 1033 Tertiavero
816 977 1189 1049 periocha,sub
1217 977 1391 1044 specie
1416 988 1614 1043 septem
1644 975 1949 1042 angelorum

420 1072 545 1125 tuba
570 1070 888 1132 canentium,
920 1069 1094 1122 varios
1122 1068 1369 1120 Ecclesia:
1396 1067 1646 1119 describit
1669 1075 1903 1119 eventus.

483 1163 673 1226 Quarta
698 1201 713 1223 ,
759 1162 855 1213 sub
884 1160 1043 1225 ﬁgura
1087 1157 1321 1211 mulieris
1350 1156 1684 1223 parturientis
1704 1196 1719 1219 ,
1749 1165 1803 1208 et
1830 1157 1951 1209 dra-

415 1255 562 1305 conis
604 1266 717 1304 eam
764 1251 1141 1317 persequentis.
1182 1248 1421 1316 ejusdem
1458 1248 1712 1300 Ecclesia
1745 1246 1950 1299 labores

416 1339 736 1393 etvictorias
764 1338 1040 1405 aperit;et
1076 1337 1282 1399 utrique
1326 1336 1522 1388 militite
1557 1334 1769 1401 praemia
1793 1333 1947 1401 digna

416 1429 680 1493 rependit.
715 1427 808 1481 Ubi
836 1437 1036 1494 septem
1076 1442 1283 1493 quoque
1316 1428 1617 1494 angelorum
1638 1425 1776 1478 dicta
1806 1440 1950 1478 com-

415 1525 786 1581 memorantur,
812 1524 867 1569 et
931 1515 1084 1576 facta,
1134 1515 1233 1567 etsi
1284 1530 1386 1568 non
1443 1515 1654 1581 pariter,
1684 1522 1741 1567 ut
1768 1529 1947 1581 supra.

418 1607 562 1660 llunc
590 1606 725 1659 enim
758 1606 973 1674 mystica
1016 1604 1224 1657 solertia
1262 1619 1535 1658 numerum
1588 1619 1720 1669 pene
1759 1604 1949 1673 ubique

414 1702 609 1756 servat,
633 1708 752 1747 cum
782 1702 834 1745 et
856 1692 1013 1745 moris
1034 1693 1101 1743 sit
1127 1692 1364 1759 ejusdem
1385 1691 1621 1758 Joannis,
1642 1692 1693 1744 in
1711 1693 1944 1760 Evange-

2050 534 2184 577 stum
2214 532 2267 578 et
2298 523 2604 588 Ecclesiatn,
2639 522 2793 592 cujus
2836 524 2919 577 ille
2950 538 3070 591 pars
3097 533 3195 589 est,
3222 522 3389 576 relata
3417 524 3585 576 clare‘

2049 622 2219 667 scunt.
2272 612 2378 665 Nec
2418 615 2621 680 species
2664 627 2871 681 semper
2916 612 3199 667 exceditur.
3250 614 3403 682 Saepe
3445 616 3591 667 enim

2050 705 2171 759 talia
2222 706 2487 771 dicuntur,
2528 720 2642 773 qua:
2672 708 2751 759 vel
2787 706 2836 758 ei
2881 720 3102 773 quoque,
3136 706 3216 759 vel
3269 706 3318 759 ei
3364 708 3595 758 fortasse

2050 798 2405 851 tantummodo
2454 796 2782 865 apertissime
2855 806 3156 864 congruant.
3204 797 3308 851 Sed
3378 811 3500 849 cum
3560 811 3590 846 a

2047 887 2221 952 specie
2244 886 2491 939 transitur
2520 886 2585 938 ad
2607 899 2787 951 genus,
2817 885 2965 953 quasi
2992 886 3159 939 adhuc
3187 888 3250 939 de
3297 889 3469 952 specie
3505 888 3592 937 lo-

2048 984 2237 1042 quente
2257 974 2545 1043 Scriptura,
2577 975 2644 1027 ibi
2671 975 2882 1043 vigilare
2908 975 3061 1029 debet
3090 976 3302 1030 lectoris
3339 977 3590 1029 intentio.

2050 1106 2053 1109 .
2116 1050 2358 1128 Quintam
2390 1066 2532 1130 ponit
2557 1063 2805 1133 regulam,
2829 1079 2981 1132 quam
3012 1063 3076 1117 de
3099 1064 3418 1129 temporibus
3445 1079 3591 1115 nun-

2048 1161 2222 1217 cupat.
2254 1151 2429 1206 Potest
2456 1160 2631 1204 autem
2660 1154 2739 1220 (ut
2786 1152 2913 1204 mibi
2941 1149 3163 1219 videtur)
3192 1154 3347 1206 etiam
3388 1152 3452 1204 de
3481 1166 3593 1203 nu-

2049 1241 2207 1293 meris
2227 1240 2498 1307 appellari.
2525 1239 2669 1294 lianc
2699 1251 2845 1307 trapo
2872 1240 3194 1310 synecdoche
3217 1242 3297 1295 vel
3336 1241 3594 1309 legitimis

2048 1330 2299 1382 numeris
2322 1331 2495 1397 vigere
2522 1330 2671 1382 dicit.
2700 1328 2902 1397 ’l‘ropos
2947 1329 3273 1396 synecdoche
3316 1338 3399 1384 est
3436 1341 3529 1383 aut
3559 1347 3592 1380 a

2050 1417 2193 1488 parte
2218 1430 2403 1484 totutn,
2431 1433 2519 1474 aut
2543 1436 2571 1474 a
2605 1431 2713 1474 toto
2738 1429 2958 1490 partem.
2986 1422 3099 1486 Quo
3128 1420 3401 1474 locutionis
3429 1420 3594 1474 modo

2047 1510 2203 1562 etiam
2234 1510 2317 1563 illa
2357 1512 2423 1565 de
2467 1496 2847 1563 resurrectione
2872 1509 3063 1563 Christi
3087 1510 3307 1563 solvitur
3328 1508 3593 1576 quastio;

2050 1614 2171 1667 pars
2216 1596 2353 1652 enim
2402 1599 2679 1651 novissima
2707 1598 2809 1651 diei
2837 1612 2942 1666 quo
2990 1611 3172 1666 passus
3207 1608 3305 1663 est,
3352 1599 3449 1652 nisi
3489 1614 3597 1667 pro

2052 1699 2159 1743 tota
2186 1689 2271 1744 die
2296 1690 2598 1756 accipiatur,
2627 1689 2676 1742 id
2697 1698 2796 1756 est,
2826 1689 3069 1757 adjuncta
3093 1692 3247 1745 etiam
3277 1703 3429 1746 nocte
3453 1709 3594 1759 pnn—

417 1782 499 1835 iiis
534 1798 742 1851 quoque
807 1791 864 1836 et
912 1780 1180 1849 Epistolis,
1239 1783 1363 1858 nihil
1406 1782 1579 1849 tepide
1640 1790 1693 1836 et
1726 1780 1953 1835 breviter
1984 1768 2030 1827 Β
2058 1779 2242 1841 terita;
2282 1787 2335 1830 et
2358 1791 2459 1831 nox
2490 1777 2540 1830 in
2579 1776 2729 1843 cujus
2775 1788 2921 1842 parte
2945 1777 3122 1832 ultima
3151 1780 3451 1845 resurrexit,
3484 1780 3595 1833 nisi

416 1872 612 1924 dicere.

484 1961 675 2025 Quinta
709 1967 885 2012 autem
919 1958 1167 2026 periocha
1198 1972 1291 2025 per
1327 1966 1525 2021 septem
1563 1956 1803 2025 angelos,
1833 1970 1954 2025 sep-

417 2055 521 2101 tem
550 2046 711 2115 plagis
742 2046 1039 2099 novissimis
1069 2055 1263 2099 terram
1295 2044 1540 2112 perfudit.

484 2137 665 2201 Sexta,
707 2136 1095 2190 damnationem
1152 2136 1441 2190 meretricis
1488 2150 1711 2203 magna,
1756 2134 1807 2187 id
1850 2131 1986 2197 est,‘

415 2226 588 2293 impia
614 2227 856 2279 civitatis.
950 2280 951 2285 η

487 2313 716 2381 Septima
737 2353 752 2377 .
786 2322 1026 2366 ornatum
1061 2314 1238 2367 uxoris
1283 2314 1442 2381 Agni,
1482 2322 1673 2367 sanctze
1704 2313 1949 2368 videlicet

413 2401 702 2457 Jerusalem
731 2405 797 2456 de
826 2403 959 2457 coelo
987 2418 1014 2455 a
1049 2404 1155 2456 Deo
1186 2404 1551 2457 descendentis
1576 2405 1827 2457 ostendit.

482 2492 693 2557 Septem
723 2506 926 2560 quoque
960 2493 1168 2560 regulas
1199 2492 1449 2561 Tyeliouii
1469 2532 1484 2556 ,
1526 2494 1621 2545 viri
1665 2493 1801 2544 inter
1826 2506 1947 2546 suos

412 2581 790 2647 eruditissimi,
841 2582 1029 2648 quibus
1084 2583 1148 2633 ad
1215 2580 1580 2651 intelligendas
1643 2582 1949 2649 Scripturas

416 2670 635 2722 studiosi
670 2670 949 2737 plurimum
996 2670 1329 2736 adjuvantur,
1362 2671 1589 2723 breviter
1628 2685 1949 2724 commemo-

418 2758 604 2809 randas
632 2756 831 2823 putavi.
854 2757 1045 2810 Harum
1081 2760 1244 2825 prima
1275 2759 1341 2813 de
1365 2760 1585 2813 Domino
1616 2769 1667 2813 et
1692 2762 1803 2826 ejus
1832 2776 1948 2814 cor-

417 2866 543 2918 pore
583 2862 662 2904 est
684 2890 698 2913 ,
726 2852 933 2917 quando
962 2867 989 2904 a
1022 2853 1191 2915 capite
1221 2850 1283 2902 ad
1315 2864 1531 2916 corpus,
1560 2850 1639 2902 vel
1670 2865 1696 2902 a
1727 2863 1945 2917 corpore

416 2939 663 2992 transitur
689 2939 753 2993 ad
798 2949 952 3007 caput
972 2982 986 3004 ,
1015 2950 1067 2993 et
1094 2948 1264 2993 tamen
1296 2940 1361 2993 ab
1384 2955 1479 2993 una
1510 2940 1796 3009 eademque
1824 2955 1946 3006 per-

414 3044 542 3081 sona
572 3044 673 3082 non
710 3028 987 3083 receditur.
1018 3030 1127 3083 Una
1165 3030 1303 3083 enim
1353 3045 1570 3097 persona
1600 3032 1826 3098 loquitur
1857 3030 1941 3082 di-

412 3133 537 3173 cens
568 3137 582 3171 :
613 3121 757 3174 Sicut
802 3136 981 3186 sponso
1029 3121 1265 3187 imposuit
1308 3118 1430 3170 mihi
1468 3121 1666 3170 mitram
1689 3158 1703 3181 ,
1732 3128 1779 3170 et
1816 3120 1943 3171 sicut

412 3226 645 3280 sponsam
673 3213 863 3263 ornavit
890 3226 965 3262 me
986 3217 1309 3270 ornamento;
1340 3218 1392 3261 et
1417 3217 1585 3261 tamen
1608 3208 1729 3275 quid
1756 3207 1940 3261 barum

418 3300 596 3367 capiti,
628 3300 750 3367 quid
780 3299 1009 3365 corpori,
1042 3298 1091 3351 id
1119 3307 1229 3361 est,
1262 3297 1383 3365 quid
1414 3298 1648 3363 Christo,
1678 3297 1801 3364 quid
1842 3298 1943 3351 Ec-

416 3388 591 3442 clesiae
613 3389 912 3450 conveniat,
943 3388 1119 3453 utique
1171 3386 1563 3453 intelligendum
1591 3394 1691 3439 est.

487 3474 725 3527 Secunda
753 3484 832 3527 est
854 3474 919 3526 de
947 3489 1166 3541 corpore
1199 3474 1400 3526 Domini
1438 3474 1704 3541 bipertito,
1735 3473 1816 3528 vel
1848 3491 1942 3543 po-

415 3564 516 3617 tius
564 3563 629 3616 de
682 3562 885 3615 Domini
937 3578 1158 3629 corpore
1206 3577 1330 3615 vero
1373 3574 1527 3628 atque
1568 3565 1834 3631 simulato,
1886 3576 1941 3620 ut

411 3659 593 3703 sancto
618 3651 903 3718 Augustino
927 3651 1091 3717 magis
1120 3651 1368 3717 appellari
1396 3651 1603 3717 placuit.
1639 3652 1773 3706 Dicit
1802 3654 1941 3707 enim

420 3737 650 3789 Ecclesia
681 3754 692 3787 :
727 3735 897 3789 Fusco
931 3753 1040 3789 sunt
1069 3747 1113 3789 et
1142 3739 1388 3802 speciosa,
1416 3747 1469 3790 ut
1510 3739 1825 3793 tabernacula
1846 3741 1941 3794 Ce-

415 3829 529 3891 dor,
563 3838 609 3879 et
633 3838 684 3879 ιιι
712 3829 855 3895 pellis
892 3828 1177 3882 Salomonis
1205 3830 1377 3899 (Cant.
1410 3833 1484 3897 ι).
1516 3832 1625 3886 Non
1655 3835 1791 3887 enim
1821 3838 1894 3890 ait
1927 3855 1938 3889 :

416 3915 581 3967 Fusca
620 3912 691 3967 lui
737 3922 791 3967 et
829 3916 1060 3982 speciosa
1106 3918 1257 3981 sum:
1299 3920 1391 3973 sed
1427 3931 1698 3989 tttrumque
1742 3938 1799 3977 se
1826 3940 1941 3979 esse

416 4004 582 4069 dixit,
638 4012 850 4071 propter
894 4007 1308 4061 communionem
1360 4020 1833 4073 sacramentorum,
1888 4023 1941 4064 et

416 4104 628 4161 propter
654 4104 1042 4159 temporaneam
1068 4098 1482 4151 commistiunem
1513 4099 1647 4150 intra
1679 4113 1778 4151 una
1809 4100 1937 4151 retia

414 4182 630 4249 piscium
670 4182 926 4235 bonorum
969 4191 1021 4235 et
1058 4186 1335 4237 malorum.
1362 4184 1716 4237 Tabernacula
1749 4186 1938 4252 quippe

411 4270 581 4323 Cedar
606 4272 669 4323 ad
701 4268 969 4324 lsmaelem
1015 4272 1294 4338 pertinent,
1322 4272 1441 4339 quia
1481 4286 1585 4324 non
1628 4272 1730 4325 erit
1772 4273 1937 4325 haeres

410 4373 525 4410 cum
555 4361 657 4413 lilio
687 4360 881 4413 liberm.

480 4450 649 4501 Tertia
696 4451 760 4501 de
792 4449 1055 4517 promissis
1082 4458 1134 4502 et
1176 4452 1309 4518 lege,
1355 4466 1471 4519 qua:
1515 4450 1615 4503 alio
1660 4451 1818 4505 modo
1866 4452 1931 4507 de

409 4538 592 4605 spiritu
622 4549 673 4589 et
710 4537 899 4601 littera,
925 4542 1001 4591 vel
1027 4542 1092 4591 de
1119 4543 1281 4605 gratia
1309 4548 1361 4591 et
1382 4541 1621 4591 mandato
1650 4551 1816 4606 potest
1841 4556 1933 4607 apo

414 4628 613 4695 pellari.
646 4626 764 4678 Haec
789 4638 971 4679 sancto
996 4628 1278 4694 Augustino
1313 4643 1494 4694 magna
1526 4632 1744 4696 quaestio
1770 4633 1933 4699 magis

406 4734 562 4787 quam
580 4718 752 4784 regula
772 4732 886 4783 qua:
906 4718 1168 4769 solvendis
1191 4726 1271 4768 est
1285 4720 1658 4785 quaestionibus
1673 4721 1931 4775 adhiben-
1963 4726 1969 4732 ‘

408 4812 469 4860 da
494 4808 713 4861 videtur.
742 4808 852 4871 Ipsa
887 4814 965 4857 est
994 4805 1126 4857 enim
1158 4820 1310 4872 quam
1340 4821 1439 4858 non
1469 4808 1814 4877 intelligentes
1832 4812 1931 4864 Pe-

409 4896 706 4963 iagiani,vel
734 4895 1077 4946 condiderunt
1105 4909 1250 4946 suam
1274 4894 1532 4960 bzeresim,
1553 4900 1632 4950 vel
1656 4910 1928 4954 auxerunt.

478 4986 668 5050 Quarta
696 4993 773 5034 est
800 4983 864 5033 de
888 4984 1058 5049 specie
1083 4992 1138 5036 et
1164 4998 1373 5052 genere.
1402 4985 1614 5052 Species
1641 4989 1778 5040 enim
1809 5004 1929 5053 pars

377 5069 508 5127 best.
542 5070 715 5124 Genus
763 5082 931 5123 autem
975 5080 1156 5136 totum,
1203 5074 1349 5142 cujus
1390 5092 1450 5127 ea
1490 5090 1608 5143 pars
1659 5086 1757 5128 est.
1789 5076 1935 5129 Sicut

411 5176 726 5229 unaquaque
770 5160 949 5213 civitas
991 5176 1106 5227 pars
1160 5174 1238 5215 est
1290 5166 1448 5217 totius
1510 5167 1824 5232 provinciae,
1879 5177 1933 5219 et

412 5263 729 5318 unaquaque
764 5250 1023 5316 provincia
1054 5264 1171 5315 pars
1196 5260 1276 5303 est
1316 5252 1472 5303 totius
1513 5254 1671 5306 orbis.
1705 5254 1849 5306 Unde
1879 5262 1932 5305 et

410 5340 461 5391 in
493 5338 720 5391 notitiam
748 5340 883 5408 vulgi
914 5340 1067 5392 verba
1098 5341 1191 5391 ista
1232 5350 1497 5405 venerunt,
1530 5354 1580 5394 ut
1608 5344 1761 5394 etiam
1795 5342 1930 5394 idio-

410 5441 474 5485 ta:
511 5431 799 5497 intelligant
837 5434 957 5501 quid
1003 5432 1297 5501 specialiter
1358 5434 1481 5499 quid
1528 5436 1839 5499 generaliter
1879 5434 1928 5485 in

405 5534 714 5588 quocunque
743 5530 998 5587 praecepto
1046 5521 1293 5588 imperiali
1340 5522 1408 5573 sit
1452 5521 1810 5573 constitutum.
1854 5520 1931 5573 Fit

407 5612 504 5665 ltoc
530 5623 682 5665 etiam
714 5611 778 5663 dc
810 5610 1121 5674 hominibus,
1152 5612 1282 5663 sicut
1330 5628 1387 5665 ea
1418 5629 1530 5681 qua:
1561 5612 1624 5665 de
1647 5612 1927 5665 Salomone

1963 4413 2013 4471 D

2057 1878 2193 1921 totus
2235 1867 2349 1920 dies
2394 1868 2698 1935 accipiatur,
2738 1867 2984 1936 adjuncto
3009 1868 3205 1922 scilicet
3251 1867 3596 1922 illucescente

2054 1956 2137 2009 die
2181 1954 2467 2021 Dominico,
2498 1969 2601 2008 non
2630 1964 2842 2022 possunt
2866 1969 2987 2009 esse
3012 1962 3120 2009 tres
3147 1956 3258 2008 dies
3276 1966 3330 2009 et
3349 1966 3455 2009 tres
3488 1974 3590 2009 no-

2053 2051 2184 2107 ctes,
2211 2043 2404 2111 quibus
2445 2057 2504 2096 se
2549 2043 2600 2096 in
2649 2044 2806 2097 corde
2860 2052 3014 2097 terra:
3059 2044 3294 2112 pradixit
3333 2044 3590 2098 futurum.

2053 2133 2339 2203 Legitimos
2389 2144 2559 2187 autem
2613 2149 2857 2190 numeros
2908 2134 3053 2200 dicit,
3102 2150 3231 2205 quos
3272 2138 3592 2191 eminentius

2051 2224 2225 2277 divina
2252 2222 2515 2291 Scriptura
2540 2224 2889 2291 commendat,
2941 2225 3076 2278 sicut
3098 2229 3470 2293 septenarium,
3502 2232 3593 2279 vel

2050 2313 2347 2378 denarium,
2395 2314 2474 2367 vel
2497 2313 2890 2379 dttodeuarium,
2922 2314 3109 2383 quibus
3163 2314 3463 2384 plerumque
3492 2319 3576 2368 vel

2054 2404 2365 2456 universitas
2394 2404 2666 2471 temporis,
2694 2403 2775 2457 vel
2811 2405 2889 2457 rei
2915 2403 3137 2472 alicujus
3164 2405 3405 2472 perfectio
3434 2408 3585 2457 desi-

2051 2500 2255 2559 gnatur.
2287 2492 2431 2545 Sicut
2457 2508 2472 2545 :
2504 2493 2699 2561 Septies
2724 2493 2779 2545 in
2805 2493 2886 2545 die
2913 2492 3113 2544 laudent
3151 2494 3257 2544 dixi
3284 2495 3370 2546 tibi
3407 2492 3585 2560 (Psal.

2050 2580 2252 2647 cxvnt),
2278 2580 2400 2633 nihil
2422 2590 2503 2633 est
2531 2579 2692 2647 aliud,
2736 2592 2889 2649 ouant
2916 2596 3111 2650 semper
3150 2583 3260 2633 leas
3284 2583 3392 2650 ejus
3419 2585 3469 2634 iu
3497 2599 3588 2636 ore

2048 2686 2153 2722 meo
2194 2670 2359 2737 (Psal.
2414 2674 2624 2738 xxxiii).
2658 2670 2999 2723 'l‘antumdent
3055 2680 3227 2723 autem
3279 2670 3474 2733 valent,
3531 2682 3588 2725 et

2050 2776 2169 2813 cum
2199 2760 2599 2826 multiplicantur
2627 2762 2734 2813 sive
2777 2774 2867 2828 per
2892 2761 3180 2827 denarium,
3211 2761 3345 2814 sicut
3370 2770 3579 2827 septua-

2048 2848 2194 2918 ginta
2240 2857 2293 2900 et
2332 2848 2678 2917 septingenti;
2725 2849 2858 2901 unde
2905 2858 3121 2916 possunt
3162 2858 3215 2901 et
3259 2849 3585 2917 septuaginta

2047 2938 2169 2992 anui
2230 2939 2466 2991 Ieremia:
2514 2953 2607 3007 pro
2652 2938 2900 2992 universo
2944 2948 3196 3004 tempore,
3245 2937 3586 3002 Spiritualiter

2048 3029 2235 3096 accipi,
2265 3043 2368 3095 quo
2408 3038 2487 3081 est
2515 3027 2647 3095 apud
2676 3028 2874 3081 alienos
2903 3027 3162 3089 Ecclesia,
3190 3025 3301 3080 sive
3344 3040 3436 3093 per
3478 3029 3582 3079 sei-

2048 3133 2192 3186 psos,
2232 3120 2370 3173 sicut
2398 3118 2578 3171 decem
2610 3132 2702 3186 per
2728 3118 2909 3172 decem
2935 3125 3175 3179 centum,
3224 3116 3357 3168 sicut
3378 3116 3583 3169 duode-

2046 3210 2147 3262 cim
2184 3224 2274 3276 per
2311 3209 2584 3263 duodecim
2606 3216 2812 3261 centum
2842 3208 3179 3274 quadraginta
3206 3213 3446 3273 quatuor,
3476 3222 3583 3272 quo

2046 3313 2263 3351 numero
2287 3298 2609 3367 signiﬁcatur
2638 3295 2944 3350 universitas
2974 3304 3267 3348 sanctorum
3298 3295 3348 3346 in
3380 3296 3584 3362 Apoca-

2050 3387 2095 3455 ly
2104 3388 2201 3455 psi.

2112 3478 2321 3533 Sextum
2356 3479 2587 3547 regulam
2631 3473 2925 3542 'l'ychouius
2960 3473 3437 3541 recapitulationem
3483 3488 3584 3527 vo-

2044 3576 2144 3620 cat.
2173 3566 2261 3621 Sic
2297 3570 2433 3620 enini
2465 3569 2707 3643 dicuntur
2738 3564 2790 3615 in
2819 3563 3099 3636 Scripturis
3126 3563 3382 3631 quaedam,
3428 3552 3579 3630 quasi

2044 3667 2329 3725 sequantur
2360 3660 2411 3710 in
2438 3645 2619 3710 ordine
2646 3653 2919 3719 temporis,
2952 3655 3032 3706 Vel
3077 3667 3248 3705 rerum
3303 3654 3585 3704 continua-

2045 3744 2181 3797 tione
2194 3756 2609 3807 narrentur,com
2623 3743 2687 3796 ad
2702 3738 2874 3811 priora
2890 3754 3005 3807 quae
3020 3742 3364 3807 praetermissa
3378 3747 3494 3789 sunt
3515 3739 3584 3790 Ia-

2042 3842 2209 3888 tenter
2226 3836 2451 3887 narratio
2463 3844 2751 3889 revocetur.
2770 3832 2919 3887 Sicut
2936 3830 2985 3881 in
3004 3828 3192 3882 Genesi
3206 3828 3343 3895 quod
3359 3827 3551 3879 dicitur
3568 3843 3581 3877 :

2041 3922 2132 3975 Isti
2155 3924 2247 3989 ﬁlii
2292 3923 2401 3976 Noe
2422 3924 2473 3975 in
2502 3920 2721 3975 tribubus
2740 3931 2786 3974 et
2815 3920 3003 3993 linguis
3039 3920 3163 3970 sitis.
3191 3918 3264 3970 Ab
3291 3917 3367 3967 his
3410 3917 3588 3967 divisa

2038 4024 2152 4065 sunt
2174 4014 2349 4067 insula
2369 4015 2590 4082 gentium
2610 4028 2760 4081 super
2790 4017 2973 4064 terroris
3000 4007 3151 4077 (Gen.
3182 4008 3253 4076 x).
3282 4008 3343 4060 Et
3370 4007 3583 4060 statim:

2039 4100 2164 4156 Erat
2190 4112 2353 4156 autem
2400 4094 2722 4155 omniaterra
2765 4102 2884 4153 (abii
2925 4099 3077 4153 unius
3104 4107 3151 4149 et
3185 4111 3462 4149 sermonum
3501 4111 3587 4147 eo—

2036 4192 2258 4243 rundem
2287 4189 2438 4259 (Gen.
2473 4194 2568 4258 ιι).
2612 4191 2683 4242 Ita
2716 4190 2907 4243 dictum
2957 4184 3185 4251 videtur,
3228 4193 3470 4250 tanquam
3516 4198 3585 4236 eo

2033 4283 2138 4349 jam
2167 4294 2397 4348 tempore
2423 4297 2525 4349 quo
2546 4282 2764 4348 dispersi
2793 4281 2999 4333 fuerunt
3031 4291 3129 4331 una
3154 4275 3307 4327 fuerit
3337 4277 3582 4327 omnibus

2038 4374 2227 4439 lingua,
2246 4387 2362 4424 cum
2387 4373 2553 4437 potius
2572 4371 2955 4435 recapitulando
2981 4362 3206 4424 latenter
3224 4362 3528 4430 adiungeret
3558 4378 3573 4410 :

2034 4461 2266 4524 Qualiter
2288 4462 2391 4513 sint
2431 4459 2617 4527 lingua
2644 4459 2836 4513 divisae.
3134 4517 3140 4521 ,

2102 4550 2332 4617 Septima
2377 4550 2609 4613 ejusdem
2655 4552 2830 4615 regula
2889 4558 2969 4603 est
3007 4550 3075 4602 de
3111 4544 3319 4601 diabolo
3364 4553 3417 4597 et
3456 4544 3571 4613 ejus

2035 4651 2269 4701 corpore.
2319 4636 2612 4700 Aliquando
2656 4637 2796 4688 enim
2829 4636 2879 4689 in
2910 4637 3175 4690 diabolum
3224 4634 3413 4684 dicitur
3439 4634 3575 4700 quod

2014 4743 2137 4780 .non
2162 4726 2212 4778 in
2242 4724 2379 4792 ipso,
2412 4724 2500 4777 sed
2527 4726 2575 4776 in
2607 4725 2720 4793 ejus
2740 4741 2957 4794 corpore
2988 4729 3149 4795 possit
3178 4724 3414 4793 agnosci,
3445 4724 3580 4775 sicut

2034 4815 2284 4868 Dominus
2307 4814 2460 4866 beato
2498 4814 2615 4880 Jub,
2650 4815 2882 4880 ejusdem
2912 4817 3077 4868 hostis
3116 4812 3330 4869 fraudes
3358 4819 3411 4863 et
3439 4814 3577 4865 vires

2032 4915 2324 4967 exponens,
2344 4901 2476 4952 inter
2500 4902 2596 4952 alia
2621 4900 2746 4954 dicit
2774 4920 2786 4953 :
2822 4902 3064 4969 Nunquid
3081 4902 3149 4953 ad
3178 4912 3227 4954 te
3246 4912 3416 4971 preces
3446 4899 3579 4949 mul-

2034 4988 2291 5057 tiplicabit,
2322 4995 2405 5038 aut
2467 4988 2691 5053 loquetur
2733 4990 2819 5041 tibi
2864 4990 3071 5043 mollia?
3113 4990 3225 5043 Non
3270 4986 3415 5044 enim
3464 4987 3575 5053 ipso

2033 5075 2269 5126 diabolus
2314 5077 2496 5141 legitur
2540 5077 2738 5143 uspiam
2789 5077 3139 5145 penitentiam
3185 5087 3426 5136 acturus,
3480 5075 3572 5126 sed

2033 5180 2223 5231 corpus
2253 5165 2411 5233 ipsius
2452 5168 2587 5233 quod
2617 5168 2916 5222 damnatum
2949 5170 3001 5220 in
3042 5168 3143 5219 line
3168 5167 3434 5222 dicturum
3465 5166 3566 5218 sit:

2033 5255 2265 5319 Domine,
2314 5256 2542 5321 Domine,
2570 5260 2706 5323 aperi
2751 5260 2893 5311 nobis
2921 5256 3063 5325 (Lac.
3109 5257 3243 5322 xm).
3291 5258 3400 5310 llas
3445 5269 3573 5321 ergo

2034 5346 2236 5412 regulas
2267 5360 2366 5397 non
2396 5345 2447 5398 in
2479 5348 2785 5417 Apocalypsi
2814 5354 3031 5407 tantum,
3056 5345 3105 5396 id
3131 5354 3228 5408 est,
3261 5348 3317 5397 in
3351 5343 3571 5394 itevela-

2033 5437 2172 5487 tione
2193 5434 2355 5486 sancti
2384 5434 2596 5489 Joannis
2632 5435 2872 5504 apostoli,
2913 5448 3065 5501 quam
3098 5433 3225 5487 idem
3254 5429 3572 5497 'l'ychouiua

2031 5533 2084 5575 et
2124 5522 2369 5577 vivaciter
2397 5525 2666 5589 intellexit,
2696 5531 2750 5576 et
2787 5522 3011 5576 veridice
3038 5525 3257 5590 satisque
3305 5518 3569 5573 cathetoe

2031 5612 2294 5692 dissensit,
2332 5625 2517 5681 praeter
2558 5629 2619 5668 ea
2661 5613 2910 5668 duntaxat
2966 5612 3074 5667 loca
3119 5612 3166 5664 in
3208 5605 3421 5677 qy‘oiImS,
3455 5624 3566 5662 sua:
