3934 6222
185 417 292 473 133

1140 411 1565 468 EXI‘LANATIO
1609 409 2080 467 APOCALYPSIS.
2124 439 2192 450 —
2233 411 2359 464 LIII.
2405 422 2444 464 ι.

3280 408 3376 464 158

179 529 381 595 partis,
400 528 449 582 ld
474 537 569 591 est,
596 526 999 591 Donatistarum,
1019 526 1246 578 schluna
1269 524 1544 575 defendere
1567 520 1729 585 nisus,
1760 522 1809 578 Α
1836 530 1891 572 nt
1920 530 2163 587 percepta
2196 520 2386 573 talenta
2414 532 2530 570 cum
2562 516 2734 570 usuris
2775 516 3063 570 referamus
3092 517 3153 571 ad
3200 516 3375 571 Domi.

178 620 597 687 persecutiones
624 633 751 685 quas
780 618 875 683 ipsi
897 631 923 668 a
950 616 1192 683 religioso
1218 613 1574 666 Valentiniano
1602 614 1735 680 prin-

172 711 330 777 cipe,
370 710 639 769 videlicet,
696 716 755 760 ut
803 706 1029 760 Ittrretici
1085 698 1439 772 pertulerunt,
1484 702 1737 757 .Ecclesiis

176 812 380 851 eurum
411 807 464 850 et
489 798 744 865 plebibus,
765 796 1108 863 domibusque
1133 805 1184 848 et
1208 793 1622 862 possessionibus
1643 792 1737 844 sub

177 886 574 939 catholicorum
624 901 831 938 manum
885 884 1228 950 contraditis,
1282 891 1337 936 et
1380 883 1738 935 sacerdotibus

178 976 382 1027 exsilio
410 975 650 1039 retrusis,
680 974 868 1035 deflet,
915 982 967 1025 et
1011 972 1255 1040 martyria
1302 984 1512 1032 vocans,
1547 970 1639 1021 has
1684 971 1733 1022 in

180 1066 378 1115 eadem
401 1063 653 1130 gloriatur
684 1061 993 1130 Apocalypsi
1022 1060 1184 1113 fuisse
1213 1059 1518 1126 praeditas;
1556 1075 1735 1113 verum
1778 1054 1785 1060 ’

181 1151 242 1202 in
296 1154 441 1202 omni
493 1165 696 1218 quoque
742 1152 1008 1218 Scriptura
1059 1151 1325 1214 canonica,
1372 1159 1424 1204 et
1477 1150 1737 1218 praecipue

183 1239 525 1304 prophetica,
552 1239 763 1293 easdem
802 1240 976 1308 vigere
1003 1241 1229 1307 regulas,
1263 1242 1496 1308 quisquis
1524 1242 1740 1307 vigilan-

191 1337 285 1380 ter
335 1328 639 1392 intenderit,
694 1330 937 1383 inveniet.
981 1330 1139 1397 Cujus
1180 1332 1387 1398 quidem
1435 1334 1660 1385 auctoris
1688 1339 1741 1384 et

190 1428 302 1467 nos
329 1416 378 1467 in
418 1418 516 1470 hoc
545 1430 705 1483 opere
731 1430 939 1469 sensum
988 1418 1172 1481 secuti,
1224 1418 1473 1471 nonnulla
1502 1434 1618 1485 quae
1648 1434 1738 1471 ex-

187 1502 465 1572 trinsecus
509 1504 699 1570 posuit,
750 1503 1014 1555 breviandi
1058 1518 1213 1557 causa
1244 1505 1542 1558 omisimus:
1597 1507 1738 1572 plura

190 1605 331 1644 vero
361 1606 476 1658 qua:
504 1590 575 1643 illi
604 1599 781 1657 utpote
806 1589 915 1643 viro
956 1593 1252 1659 ingenioso,
1295 1601 1349 1645 et
1369 1595 1476 1659 qui,
1509 1593 1641 1645 sicut
1670 1594 1739 1647 de

183 1691 262 1730 eo
287 1679 481 1730 dictum
521 1688 619 1741 est,
653 1678 809 1731 veluti
849 1692 965 1731 rosa
1002 1681 1051 1731 in
1082 1681 1248 1748 spinis
1269 1681 1517 1744 efﬂoruit,
1541 1690 1734 1747 aperta,

195 1780 309 1819 nec
336 1768 561 1834 quaesita
602 1767 777 1836 digna,
804 1768 1134 1833 videbantur,
1165 1782 1415 1838 quantum
1449 1774 1529 1825 vel
1574 1774 1739 1841 magi-

1838 626 1982 663 ttum.
2014 607 2250 676 Cumque
2277 623 2406 675 opus
2451 615 2792 661 memoratum
2840 607 2891 659 in
2934 618 3037 660 tres
3065 607 3265 661 libellos
3292 624 3378 662 re-

1841 700 2075 753 levanda:
2124 698 2314 752 mentis
2360 696 2525 764 gratia
2572 695 2696 748 findi
2742 695 3039 762 placuisset,
3069 696 3245 748 nescio
3271 711 3374 763 quo

1835 789 1973 843 enim
2005 787 2179 850 modo,
2213 796 2267 837 ut
2302 786 2480 837 beatus
2507 783 2823 849 Augustinus
2851 783 2940 843 ait,
2971 799 2987 831 t
3020 782 3087 833 ita
3122 781 3233 834 libri
3267 790 3375 835 ter-

1836 878 1978 927 mino
2008 875 2235 928 reficitur
2281 872 2491 925 lectoris
2544 871 2780 935 intentio,
2828 872 2960 924 sicut
2991 870 3133 923 labor
3162 870 3373 925 viatoris

1837 962 2083 1030 hospitio,
2123 981 2140 1011 ι
2177 961 2511 1013 nihilominus
2542 969 2714 1011 tamen
2760 968 2815 1011 ut
2861 959 3059 1011 facilior
3085 960 3371 1025 quaerenti-

1838 1055 1932 1106 bus
1960 1052 2191 1105 inventio
2241 1051 2563 1113 redderetur,
2614 1050 2802 1102 eadem
2843 1050 3189 1115 capitulorum
3231 1052 3368 1104 inte-

1838 1148 2035 1195 merata
2062 1140 2248 1201 series,
2276 1142 2419 1206 juxta
2462 1138 2598 1206 quod
2632 1139 2682 1191 in
2737 1136 2865 1205 ipso
2901 1138 3078 1192 libello
3119 1139 3377 1206 quondam

1840 1229 2133 1297 [impositis
2163 1227 2407 1280 brevibus
2429 1227 2791 1291 distinxeram,
2844 1240 2937 1292 per
2956 1228 3127 1279 omnia
3169 1227 3381 1279 videba-

1840 1330 1923 1374 tur
1952 1335 2067 1375 esse
2092 1319 2369 1372 servanda.
2399 1317 2599 1371 Nostra:
2645 1316 2924 1383 siquidem,
2956 1317 3005 1367 id
3034 1324 3132 1378 est,
3186 1317 3380 1383 Anglo-

1840 1425 1974 1473 rum,
2002 1410 2170 1477 gentis
2208 1408 2408 1461 inertiae
2448 1405 2821 1459 consulendum
2854 1413 3019 1469 ratus,
3050 1419 3164 1471 qua:
3192 1415 3244 1457 et
3272 1420 3375 1458 non

1837 1498 2053 1560 dudum,
2085 1497 2133 1549 id
2162 1506 2263 1560 est,
2294 1496 2614 1563 temporibus
2643 1494 2778 1547 beati
2826 1494 3059 1561 Gregorii
3100 1509 3266 1560 papae,
3295 1509 3380 1547 se-

1838 1600 1958 1640 men
2005 1585 2203 1651 a‘ccepit
2243 1583 2385 1648 fidei,
2434 1593 2485 1636 et
2527 1582 2663 1635 idem
2694 1590 2940 1649 quantum
2984 1582 3047 1633 ad
3095 1581 3372 1634 lectionem

1839 1673 2013 1741 tepide
2041 1675 2168 1725 satis
2199 1672 2445 1736 excoluit,
2488 1687 2588 1724 non
2638 1671 2803 1722 solum
2852 1668 3142 1721 dilucidare
3171 1684 3377 1739 sensus,

1839 1777 2021 1817 verum
2051 1762 2336 1815 sententias
2379 1774 2585 1829 quoque
2627 1761 2900 1825 stringere,
2954 1758 3205 1824 disposui.
3253 1758 3377 1811 Nam

180 1862 426 1909 atrorum
469 1856 769 1920 traditione,
798 1857 878 1910 vel
910 1860 1154 1911 memoria
1184 1861 1439 1926 lectionis,
1468 1861 1548 1914 vel
1578 1862 1734 1916 etiam
1767 1848 1812 1908 Β
1839 1853 1885 1905 εί
1907 1861 2086 1920 illi"la
2113 1851 2277 1918 magis
2298 1851 2523 1903 δτθνίιθε
2552 1863 2705 1917 quam
2734 1848 3016 1913 ἀίδβυιειιίο
3048 1848 3245 1914 Pl")lim
3269 1862 3381 1901 πῖθ’

184 1954 353 2011 raptu
382 1946 546 1998 nostri
577 1960 787 2011 sensus,
832 1947 1084 2016 attingere
1131 1949 1413 2016 potuimus,
1456 1951 1738 2017 superadji-

181 2048 316 2087 rere
346 2034 660 2088 curavimus.
690 2034 817 2089 Nam
847 2045 899 2089 et
937 2036 1035 2088 hoc
1064 2037 1114 2090 in
1158 2040 1430 2106 praeceptis
1461 2039 1735 2099 habemus.

1845 1943 2025 1997 moria:
2053 1942 2184 1995 solet
2214 1942 2377 2010 infigi.
2425 1943 2559 2007 Opto
2601 1942 2650 1991 in
2685 1940 2889 1992 Christo
2920 1940 3117 2001 valeas,
3151 1936 3381 1990 dilectis-

1843 2034 1976 2087 sime
2002 2034 2180 2096 frater,
2206 2031 2457 2099 lledaeque
2476 2029 2545 2082 tui
2560 2043 2765 2095 semper
2782 2042 2982 2081 memor
2995 2040 3111 2079 esse
3134 2028 3380 2092 digneris.

1474 2239 2064 2316 EPIGRAMMA

1266 2365 1338 2402 DE
1369 2365 1535 2402 ηΑτο
1559 2366 1752 2404 JOANNE
1775 2366 1840 2404 Εἴ
1870 2365 1987 2404 ειυς
2022 2362 2344 2402 APOCALYPSI.

274 2431 439 2484 Exsul
469 2432 533 2483 ab
562 2430 788 2485 humano
811 2432 932 2486 dum
964 2434 1176 2501 pellitur
1197 2435 1326 2489 orbe
1352 2436 1584 2494 Joannes

331 2517 402 2571 Et
427 2520 616 2572 vetitus
638 2519 779 2574 Coici
809 2531 889 2575 est
913 2537 1130 2577 cernere
1160 2540 1319 2593 regna
1346 2528 1465 2589 soli,

268 2606 434 2659 Intrat
460 2621 621 2661 ovans
638 2610 754 2662 caeli
788 2610 1005 2663 Domino
1030 2612 1251 2665 dilectus
1280 2614 1330 2667 in
1364 2615 1530 2667 aulam

264 2716 267 2719 λ
334 2693 495 2763 Regis
519 2706 573 2749 et
596 2697 858 2750 altithroni
882 2699 1075 2768 gaudet
1102 2701 1291 2754 adesse
1317 2701 1512 2756 choris.

265 2779 365 2834 llic
383 2781 469 2833 ιιιί
500 2784 783 2850 subjectum
805 2800 955 2840 sacra
980 2787 1172 2841 Iumina
1200 2791 1359 2843 vertit
1388 2790 1437 2842 in
1463 2790 1663 2855 orbem,

335 2866 561 2923 Currere
606 2872 906 2941 noctivagas
930 2878 1099 2935 cernit
1122 2879 1311 2946 ubique
1326 2888 1491 2944 rates,

267 2957 330 3009 Et
354 2956 508 3011 Babel
533 2972 594 3011 ac
613 2960 877 3027 Solymam
904 2964 1069 3017 mistis
1094 2966 1378 3033 conﬂigere
1404 2967 1616 3030 castris,

340 3045 471 3098 Iliuc
497 3056 649 3115 atque
683 3048 803 3103 hinc
830 3051 1028 3105 vicibus
1058 3051 1155 3105 tela
1186 3050 1462 3120 fugamque
1492 3056 1626 3121 capi.

263 3137 370 3191 Sed
403 3140 578 3192 mitem
602 3141 837 3208 sequitur
860 3144 1011 3196 miles
1039 3143 1125 3210 qui
1157 3144 1409 3197 candidus
1427 3160 1639 3212 agnum,

336 3225 468 3279 Cum
494 3228 626 3281 duce
659 3231 906 3299 percipiat
934 3246 1090 3297 regna
1122 3233 1268 3286 beata
1297 3224 1418 3299 poli.

269 3319 565 3383 Squameus
595 3329 677 3372 est
702 3322 903 3389 anguis,
938 3336 1030 3390 per
1057 3322 1272 3375 Tartara
1318 3337 1453 3377 caeca
1483 3321 1737 3389 maniplos

1975 2436 2283 2501 Submergit
2312 2432 2563 2495 ﬂammis,
2593 2443 2738 2499 peste
2764 2431 3006 2501 fameque
3034 2447 3178 2486 suos.

1920 2525 2083 2589 Ilujus
2112 2539 2227 2590 qua:
2256 2522 2414 2576 facies
2446 2522 2745 2574 studiumve
2774 2522 2966 2575 ordove
2994 2523 3171 2583 duelli,

1990 2614 2089 2667 Ars
2109 2627 2243 2679 qum,
2267 2626 2446 2679 qureve
2468 2610 2895 2676 pltalanx.palma
2918 2612 2997 2664 vel
3019 2625 3161 2663 arma
3186 2608 3376 2671 forent.

1913 2700 2149 2755 Pandere
2172 2702 2291 2754 dum
2310 2715 2575 2768 cuperem,
2593 2709 2824 2753 veterum
2848 2710 2957 2752 sata
2978 2702 3076 2753 lata
3104 2715 3383 2770 peragrans

1984 2791 2229 2856 Escerpsi
2257 2790 2454 2857 campis
2484 2787 2713 2854 germina
2750 2801 2907 2854 pauca
2933 2788 3115 2850 sacris,

1913 2878 2074 2944 Copia
2098 2894 2162 2931 ne
2184 2878 2353 2945 potior
2372 2889 2585 2946 generet
2608 2878 2810 2930 fastidia
2838 2879 3051 2941 mensis,

1983 2967 2266 3019 Convivam
2295 2979 2382 3018 aut
2414 2976 2618 3020 tenuem
2651 2976 2788 3020 tanta
2821 2981 3002 3033 parare
3023 2975 3179 3020 vetet.

1912 3054 2095 3109 Nostra
2119 3055 2220 3107 tuis
2250 3070 2372 3121 ergo
2395 3056 2599 3122 sapiant
2623 3057 2665 3108 si
2690 3056 2881 3108 fercula
2906 3057 3086 3120 labris,

1989 3146 2241 3213 Regnanti
2266 3146 2441 3198 laudes
2462 3145 2525 3198 da
2556 3160 2712 3212 super
2739 3155 2877 3197 astra
2904 3144 3032 3198 Deo.

1912 3234 2003 3290 Sin
2030 3234 2178 3296 alias,
2204 3234 2406 3286 animos
2442 3244 2612 3286 tamen
2641 3236 2966 3300 amplexatus
2989 3235 3202 3296 amicos,

1980 3324 2105 3387 Quae
2132 3337 2264 3375 cano
2289 3324 2600 3388 corripiens,
2628 3324 2832 3390 pumice
2869 3323 3069 3391 frange,
3101 3338 3247 3391 rogo.

199 3436 3379 3465 Mm

1414 3520 1705 3593 LIBER
1760 3520 2161 3595 PRIMUS.

705 3702 928 3759 CAPUT
955 3704 1233 3760 PRIMUM.

272 3789 601 3857 Apocalypsis
620 3789 743 3844 Iesu
773 3792 981 3855 Christi,
1014 3810 1161 3861 quam
1187 3796 1320 3847 dedit
1346 3797 1446 3863 illi,
1470 3808 1567 3853 etc.
1603 3797 1742 3850 Fun-

194 3877 326 3930 data
360 3892 452 3943 per
480 3878 742 3942 apostolos
772 3880 1028 3943 Ecclesia,
1058 3883 1195 3949 quali
1227 3884 1307 3936 vel
1335 3900 1491 3937 cursu
1518 3886 1741 3939 dilatan-

194 3967 293 4028 da.
333 3965 413 4017 vel
445 3964 547 4018 fine
572 3966 882 4027 perficienda
905 3976 1063 4035 esset,
1108 3970 1173 4023 ad
1214 3972 1536 4026 roborandos
1563 3988 1742 4027 contra

197 4054 382 4107 mundi
413 4051 633 4106 adversa
682 4054 797 4109 fidei
827 4059 1196 4126 prmdicatores
1233 4063 1463 4128 oportuit
1502 4065 1739 4117 revelari.

198 4142 365 4207 Cujus
414 4141 787 4197 revelationem
833 4147 1064 4217 mysterii
1106 4148 1367 4211 Joannes,
1412 4167 1556 4205 more
1605 4167 1698 4205 suo
1727 4198 1740 4219 ,

201 4228 323 4280 Filii
352 4228 571 4297 gloriam
602 4231 665 4283 ad
698 4232 898 4286 Patrem
928 4235 1179 4300 referens,
1202 4235 1376 4290 Jesum
1407 4239 1671 4292 Christum
1705 4255 1733 4292 a

200 4317 314 4370 Deo
336 4317 631 4384 percepisse
659 4326 896 4373 testatur.

281 4405 405 4469 Qua
432 4416 621 4471 oportet
646 4408 753 4472 ﬁeri
782 4411 899 4462 cito.
929 4411 981 4463 ld
1002 4420 1100 4476 est,
1126 4427 1242 4481 quae
1263 4414 1312 4467 in
1337 4415 1578 4482 presenti
1609 4426 1743 4468 tem-

205 4508 339 4560 pore
366 4501 488 4547 sunt
512 4492 759 4545 Ecclesia:
788 4505 1025 4549 ventura.

282 4581 348 4635 Et
371 4584 690 4652 signiﬁcavit.
733 4584 964 4654 Mysticis
993 4587 1230 4641 eamdem
1260 4589 1629 4656 Apocalypsim
1662 4589 1741 4642 dio

210 4671 316 4725 ctis
345 4672 594 4733 innexuit,
622 4686 688 4724 ne
711 4674 911 4726 cunctis
941 4676 1213 4729 manifesta
1244 4678 1536 4731 vilesceret.

286 4758 488 4810 Mittens
510 4773 598 4824 per
615 4760 848 4826 angelum
872 4776 1039 4815 suum.
1063 4763 1291 4829 Angelus
1317 4764 1454 4816 enim
1482 4763 1669 4816 Joanni
1694 4763 1743 4816 in

210 4845 376 4914 ﬁgura
403 4844 597 4898 Christi
621 4859 747 4897 usus
775 4853 877 4911 est,
909 4850 1044 4901 sicut
1092 4850 1142 4902 in
1195 4850 1528 4919 sequentibus
1581 4852 1747 4905 mani-

215 4936 399 4988 festius
427 4934 713 4998 apparebit.

1764 3710 1808 3771 ο
1908 3706 2095 3761 Beatus
2135 3712 2221 3779 qui
2267 3712 2406 3781 legit,
2449 3723 2554 3769 etc.
2600 3714 2723 3768 Ideo
2749 3714 2989 3770 doctores
3014 3725 3066 3769 et
3112 3715 3383 3773 auditores

1846 3798 1984 3852 beati
2040 3810 2182 3862 sunt,
2225 3802 2343 3867 quia
2392 3804 2604 3856 verbum
2656 3803 2747 3857 Dei
2789 3806 3118 3858 servantibus
3171 3813 3380 3876 tempus

1846 3886 2011 3940 breve
2038 3888 2228 3941 laboris
2258 3890 2441 3955 gaudia
2482 3902 2774 3957 sequuntur
2809 3904 3027 3947 aeterna.

1916 3972 2137 4026 Joannes
2176 3987 2381 4043 septem,
2427 3990 2529 4031 etc.
2574 3979 2674 4033 Per
2722 3981 2815 4034 has
2853 3993 3052 4049 septem
3108 3983 3374 4038 Ecclesias

1849 4062 1993 4114 omni
2023 4062 2275 4116 Ecclesia:
2307 4066 2509 4117 scribit.
2534 4066 2681 4120 Solet
2706 4069 2844 4121 enim
2874 4072 3181 4126 universitas
3202 4080 3386 4138 septe-

1849 4153 1998 4206 nario
2024 4168 2239 4204 numero
2256 4154 2535 4219 designari,
2556 4157 2694 4223 quod
2714 4149 2913 4227 sept'em
2933 4160 3115 4212 diebus
3135 4171 3383 4221 cunctum

1848 4244 1949 4297 hoc
1980 4244 2159 4297 sreculi
2192 4252 2392 4311 tempus
2420 4246 2708 4298 ex‘olvatur.

1921 4332 2101 4383 Gratia
2140 4333 2294 4394 vobis,
2325 4341 2429 4385 etc.
2460 4330 2689 4385 Gratiam
2721 4331 2868 4385 nobis
2896 4344 3038 4398 optat
3066 4344 3116 4387 et
3156 4351 3333 4403 pacem
3360 4356 3387 4393 a

1848 4419 1956 4471 Deo
1988 4420 2143 4472 Patre
2172 4429 2388 4481 aeterno,
2418 4429 2469 4471 et
2493 4433 2521 4470 a
2545 4419 2741 4485 Spiritu
2771 4420 3088 4485 septiformi,
3119 4431 3174 4477 et
3196 4439 3223 4476 a
3264 4426 3388 4479 Jesu

1844 4509 2078 4571 Christo,
2101 4510 2187 4576 qui
2220 4510 2269 4560 in
2302 4507 2508 4560 homine
2529 4515 2774 4575 suscepto
2802 4512 3154 4565 testimonium
3200 4518 3375 4582 perhi-

1847 4595 1956 4647 buit
1982 4596 2145 4650 Patri.
2171 4596 2359 4650 Filium
2391 4596 2545 4651 tertio
2590 4597 2707 4651 loco
2754 4601 3003 4662 nominat,
3045 4603 3109 4655 de
3136 4618 3239 4669 quo
3268 4615 3383 4657 erat

1847 4685 1995 4751 plura
2038 4685 2325 4739 locuturus.
2373 4686 2617 4740 Nominat
2658 4696 2715 4741 et
2762 4688 3070 4753 novissime,
3095 4692 3231 4757 quod
3274 4694 3384 4757 ipsa

1845 4771 2043 4837 primus
2071 4781 2123 4825 et
2154 4776 2481 4839 novissimus,
2512 4776 2631 4843 quia
2649 4776 2757 4843 jam
2788 4776 3145 4830 nominaverat
3166 4779 3307 4831 illum
3333 4782 3385 4835 in

1845 4860 1998 4913 Patre
2029 4863 2271 4926 dicendo,
2305 4865 2388 4931 qui
2409 4875 2641 4918 uenturus
2668 4873 2758 4919 est.

1916 4947 2294 5019 Primogenitus
2335 4964 2665 5015 mortuorum,
2697 4964 2798 5005 etc.
2833 4953 2942 5005 Hoc
2974 4963 3053 5007 est
3082 4956 3220 5023 quod
3244 4960 3385 5023 Apo-

288 5024 448 5077 δενυο
469 5037 558 5074 δυο
580 5019 785 5075 Ῐοαηηί·
822 5023 884 5077 Ui
914 5038 1006 5090 Per
1030 5024 1302 5091 Joannem.
1329 5029 1438 5095 (Illi.
1469 5025 1746 5095 singularis
1780 5045 1824 5101 υ
1849 5036 2012 5089 stolus
2039 5038 2145 5094 ait:
2186 5038 2411 5090 Vidimus
2450 5038 2623 5092 Iesum
2659 5040 2908 5092 Christum
2954 5019 3157 5111 propter
3197 5019 3387 5111 passio-

217 5120 486 5188 privilegio
512 5120 783 5179 castitatis,
816 5120 926 5173 haec
956 5136 1061 5186 pra:
1098 5126 1303 5177 caeteris
1350 5139 1566 5177 cernere
1618 5138 1739 5189 pro-

221 5212 407 5263 meruit
432 5212 617 5263 eadem
648 5209 892 5263 omnibus
920 5213 1027 5263 suis
1056 5215 1223 5278 palam
1256 5215 1447 5267 faceret
1476 5214 1662 5267 servis.

296 5296 385 5360 Qui
414 5294 746 5351 testimonium
792 5295 1042 5363 perhibuit
1099 5298 1260 5353 Verbo
1298 5301 1413 5365 Dei,
1441 5311 1485 5355 et
1528 5304 1749 5353 testimo-

221 5384 358 5437 nium
378 5385 521 5449 Jestt,
552 5396 654 5441 etc.
682 5386 754 5441 Ne
791 5388 856 5440 de
897 5401 1111 5454 persona
1142 5389 1358 5445 Joannis
1384 5391 1610 5454 dubites,
1641 5396 1749 5458 ipse

222 5477 407 5542 estqui
442 5475 615 5530 Verbo
639 5476 729 5531 Dei
767 5484 961 5530 sterno
989 5486 1044 5529 et
1084 5478 1252 5532 eidem
1296 5482 1585 5545 incarnato,
1618 5482 1748 5536 sicut

225 5563 371 5628 vrdit,
402 5564 754 5619 testimonium
782 5567 1062 5634 perhibuit,
1092 5566 1271 5620 dicens
1300 5586 1311 5620 :
1343 5570 1499 5642 Cujus
1536 5573 1747 5639 gloriam

224 5655 451 5721 vidistin,
472 5654 681 5724 glorians
706 5660 847 5725 quasi
872 5657 1126 5728 Unigeniti
1147 5676 1179 5712 a
1202 5657 1354 5714 Patre
1375 5661 1554 5730 (Jaan.
1582 5664 1641 5732 t).

1851 5143 1961 5179 nent
1992 5130 2165 5178 mortis
2189 5129 2351 5194 gloria
2377 5138 2421 5181 et
2446 5132 2631 5182 honore
2651 5146 2965 5184 coronatum.
2995 5134 3062 5186 Et
3087 5134 3229 5196 alibi,
3261 5149 3388 5186 cou-

1852 5215 2114 5266 tumeliam
2143 5216 2315 5267 crucis
2339 5231 2633 5283 exponens,
2667 5220 2855 5284 adjecit
2889 5239 2900 5272 :
2937 5221 3148 5283 Propter
3185 5225 3316 5288 quod
3343 5234 3387 5276 et

1852 5302 1986 5354 Deus
2008 5304 2145 5353 illum
2183 5306 2434 5368 exultavit,
2478 5316 2524 5357 et
2568 5308 2769 5358 donavit
2814 5308 2889 5360 illi
2926 5324 3104 5360 nomen
3141 5311 3274 5376 quod
3318 5319 3386 5362 est

1835 5412 1998 5463 .super
2020 5411 2162 5447 omne
2200 5398 2399 5452 numen.

1926 5483 1990 5536 Et
2015 5484 2126 5550 fecit
2153 5500 2240 5535 nos
2260 5501 2487 5553 regnum,
2532 5493 2631 5537 etc.
2661 5485 2791 5548 Quia
2834 5485 2941 5539 Res
2981 5494 3168 5555 regum
3200 5500 3251 5541 et
3286 5490 3384 5541 Sa-

1855 5570 2044 5625 cerdos
2073 5570 2304 5625 caelestis
2334 5586 2393 5624 se
2419 5571 2685 5625 oll‘erendo
2714 5587 2805 5638 pro
2833 5572 2981 5625 nobis
3010 5588 3104 5625 nos
3146 5589 3241 5625 suo
3269 5589 3387 5626 «ξυμ

1856 5661 1967 5729 puri
2010 5659 2280 5728 adunavit,
2324 5677 2475 5717 nemo
2502 5672 2799 5718 sanctorum
2826 5674 2904 5718 est
2933 5661 3021 5731 qui
3048 5661 3384 5726 spiritualiter
