3934 6222
537 327 635 379 {5‘5

951 325 1146 377 ΒΕῡίΕ
1189 323 1628 378 ΥΕΝΕΠᾹΒΙῌΞ
1666 324 1813 377 OPP.
1855 322 2028 377 PARS
2065 320 2075 372 I

2187 321 2362 378 SECT.
2394 325 2431 377 Ι.
2473 355 2538 363 —-
2575 324 2953 378 EXECETICA
2998 328 3312 383 GENUINA.

3613 330 3718 384 136

530 433 808 485 sacerdotii
840 431 1017 484 Ofﬁcio
1041 443 1236 497 careat,
1279 446 1395 483 cum
1441 439 1507 482 sut
1553 432 1841 485 membrum
1884 431 2067 484 aeterni
2099 434 2143 488 Α
2175 432 2381 486 devicta
2409 437 2728 489 ascendisset
2759 439 2808 488 in
2838 439 3044 492 caelum.
3078 441 3184 492 Etsi
3221 442 3361 494 enim
3393 457 3711 496 noveramus

532 521 836 572 sacerdotis.

605 608 730 659 Ecce
751 608 877 659 venit
898 623 1008 659 cum
1037 608 1265 670 nubibus,
1295 617 1395 660 etc.
1428 610 1523 671 Qui
1556 608 1871 675 judicandus
1900 609 2070 674 primo

530 697 670 748 venit
710 698 965 762 occultus,
1010 705 1129 748 tunc
1159 696 1488 761 judicaturus
1528 698 1699 748 veniet
1731 696 2065 751 manifestus.

533 784 794 837 lltccideo
838 793 1236 844 commemorat,
1285 794 1342 836 ut
1387 785 1450 835 ad
1499 785 1829 836 tolerantiam
1869 786 2069 851 passin—

536 889 657 925 num
702 875 977 926 conlirtnet
1006 873 1313 934 Ecelesiam,
1340 889 1475 925 nunc
1500 874 1565 925 ab
1597 875 1831 925 hostibus
1855 889 2068 941 Oppres-

535 978 666 1022 sam,
698 974 816 1014 tunc
843 977 958 1014 cum
983 962 1189 1014 Christo
1219 973 1567 1029 regnaturum.

606 1051 671 1102 Et
696 1053 778 1119 qui
802 1068 910 1102 eum
937 1061 1300 1120 pugnaverunt,
1333 1063 1437 1102 etc.
1481 1053 1532 1103 Iit
1574 1052 1757 1103 eadem
1790 1051 1933 1102 illum
1965 1049 2071 1102 for-

538 1155 618 1192 ma
664 1141 895 1192 videntes
920 1140 1146 1205 judicem
1199 1147 1485 1205 potentem,
1531 1139 1580 1191 in
1614 1155 1711 1205 qua
1749 1141 1886 1192 velut
1917 1137 2064 1191 tniui-

540 1227 1085 1295 nntmjudicaveruut,
1131 1240 1246 1280 sera
1277 1230 1589 1294 semetipsos
1639 1229 1944 1294 poenitentia
1995 1227 2072 1278 la-

535 1317 861 1368 mentabunt.

602 1403 768 1455 Etiam
795 1407 963 1456 Amen.
995 1403 1140 1468 Quod
1165 1403 1308 1455 novit
1340 1404 1631 1457 certissime
1662 1404 1768 1457 Deo
1803 1405 2067 1457 revelantc

535 1492 777 1552 futurum,
812 1494 1145 1560 interponens
1180 1495 1358 1558 Amen,
1405 1493 1577 1546 ﬁrmat
1604 1496 1718 1548 sine
1745 1496 2071 1548 dubitatione

535 1589 832 1632 venturum.

607 1668 713 1736 Ego
737 1684 845 1730 sum
872 1690 903 1721 α
928 1679 971 1719 et
995 1691 1055 1727 ω,
1083 1669 1279 1720 initium
1305 1677 1350 1721 et
1371 1669 1507 1736 ﬁnis.
1533 1680 1633 1722 etc.
1667 1671 1893 1735 Initium,
1921 1686 2070 1737 quem

537 1759 706 1812 nullus
739 1763 1014 1827 praecedit;
1064 1761 1201 1826 ﬁnis,
1262 1763 1343 1814 cui
1395 1763 1569 1815 nullus
1601 1765 1648 1814 in
1683 1754 1850 1830 regno.
1890 1781 2072 1816 succe-
2105 1747 2148 1802 Β

538 1849 632 1900 dit.

613 1935 710 2000 Qui
731 1946 820 1998 est,
845 1945 887 1988 et
909 1937 992 2005 qui
1011 1947 1139 2000 erat,
1164 1947 1268 1991 etc.
1295 1939 1402 1990 lloc
1426 1940 1558 1990 idem
1580 1940 1782 1992 dixerat
1808 1942 1871 1992 de
1899 1941 2068 1992 Patre.

540 2025 680 2078 Deus
709 2031 847 2078 enim
881 2028 1031 2079 Pater
1051 2036 1103 2080 et
1126 2031 1262 2080 venit
1288 2037 1341 2081 et
1373 2040 1621 2081 venturus
1646 2039 1729 2082 cst
1759 2031 1807 2082 in
1851 2032 2000 2082 Filio.

607 2114 716 2182 Ego
744 2114 981 2179 Joannes,
1009 2127 1107 2169 etc.
1145 2117 1450 2179 Personam,
1479 2119 1669 2180 lucum,
1698 2130 1922 2184 tempus,
1951 2136 2074 2170 can-

537 2219 749 2272 samque
777 2209 989 2258 visionis
1021 2205 1268 2258 insinuat.
1301 2211 1464 2272 Quam
1496 2224 1552 2260 se
1578 2210 1733 2259 etiam
1770 2209 1817 2259 in
1871 2211 2066 2273 Spiritu

536 2292 726 2344 vidisse
750 2301 988 2357 testatur,
1023 2309 1086 2347 ne
1112 2310 1139 2346 a
1165 2296 1357 2347 carnali
1404 2298 1767 2362 phantasmate
1799 2307 2073 2363 putaretur

536 2380 739 2435 illusus.

605 2468 725 2521 Fuit
749 2472 799 2526 in
825 2471 1007 2532 insula,
1044 2481 1146 2524 etc.
1183 2473 1407 2524 Historia
1453 2484 1569 2524 uota
1615 2482 1715 2535 est,
1751 2473 2004 2525 Joannem
2045 2489 2072 2526 a

543 2559 838 2612 Domitiano
862 2560 1065 2612 Caesare
1096 2577 1304 2628 propter
1333 2563 1661 2628 evangelium
1692 2563 1740 2613 in
1774 2563 1903 2612 hanc
1933 2563 2075 2613 insu-

538 2652 636 2702 lam
668 2651 974 2718 relegatum,
1010 2654 1088 2703 cui
1122 2663 1242 2704 tunc
1285 2667 1514 2720 (‘uttgt‘lle
1548 2664 1744 2705 secreta
1771 2654 1960 2705 datum
1995 2665 2074 2706 cst

538 2739 656 2793 cmli
705 2752 1000 2805 penetrare,
1032 2755 1149 2793 curn
1200 2748 1341 2793 certa
1405 2753 1659 2792 terrarum
1694 2741 1857 2806 spatia
1907 2755 2067 2807 nega-

537 2828 685 2880 batur
710 2827 990 2879 excedere.

607 2914 709 2966 Fui
745 2918 793 2966 in
817 2916 996 2981 spiritu
1035 2915 1086 2966 in
1121 2916 1378 2966 Dominica
1409 2917 1504 2967 die.
1532 2919 1824 2984 Cougruum
1860 2934 2068 2984 quoque

543 3005 795 3072 spirituali
843 3005 1027 3058 visioni
1069 3013 1267 3072 tempus
1299 3008 1507 3059 iudicat.
1557 3008 1702 3061 Sulet
1749 3009 1886 3060 enim
1931 3009 2072 3061 Scri-

538 3104 683 3159 ptura
716 3098 971 3148 terminos
998 3110 1291 3159 causarum,
1333 3099 1469 3151 sicut
1509 3113 1647 3165 saipe
1691 3099 1813 3159 loci,
1844 3101 1919 3150 vel
1954 3114 2063 3149 cor-

539 3187 677 3249 poris
711 3184 789 3235 vcl
830 3186 986 3248 aeris,
1013 3188 1089 3236 sic
1115 3188 1269 3238 etiam
1301 3188 1549 3253 temporis
1581 3189 1874 3253 exprimere
1905 3200 2067 3240 statu-

538 3281 635 3322 tos.
696 3271 955 3324 Abraham
1012 3274 1203 3340 quippe
1259 3275 1425 3340 augt-li
1487 3277 1734 3338 meridie,
1790 3281 2066 3329 b‘odutnam

539 3376 755 3426 vespere
798 3365 1028 3415 visitant.
1084 3364 1244 3416 Adam
1298 3378 1412 3432 post
1463 3367 1732 3417 meridiem
1777 3370 1840 3416 ad
1890 3383 2066 3419 vocem

541 3450 743 3504 Domini
774 3453 1149 3507 deambulantis
1177 3458 1408 3522 expavit.
1448 3457 1510 3507 Et
1537 3456 1780 3508 Salomon
1810 3467 1961 3509 nocte
1985 3472 2070 3508 sa—

540 3541 780 3606 pientiam
807 3583 820 3604 ,
873 3559 973 3596 non
1012 3550 1332 3607 servaturos,
1363 3549 1585 3612 accepit.
1805 3613 1809 3615 _

610 3628 675 3681 Et
702 3633 867 3684 audivi
907 3645 1015 3700 post
1047 3650 1142 3699 me,
1176 3644 1277 3687 etc.
1316 3635 1450 3688 Voce
1482 3638 1620 3703 prius
1651 3638 1981 3701 admonetur,
2019 3650 2071 3689 tit

542 3718 604 3770 ad
645 3721 894 3773 visionem
925 3733 1196 3776 convertat
1221 3724 1486 3778 intuitum.

607 3806 671 3858 Et
701 3810 834 3860 mitte
860 3821 1043 3878 septem
1073 3811 1328 3878 Ecclesiis,
1350 3824 1451 3867 etc.
1477 3815 1587 3867 Non
1620 3816 1698 3868 his
1722 3826 1917 3870 tantum
1947 3820 2069 3872 locis

541 3896 634 3951 fuit
658 3907 777 3952 tunc
801 3898 993 3953 Christi
1037 3901 1291 3967 Ecclesia,
1319 3905 1410 3958 sed
1444 3904 1495 3958 in
1527 3910 1821 3973 septenario
1850 3926 2070 3963 numero

537 3988 704 4041 omnis
760 3989 1026 4056 plenitudo
1077 3994 1337 4046 consistit.
1368 3996 1487 4047 Asia
1536 4013 1650 4063 quae
1702 4000 2072 4066 interpretatur

539 4077 784 4142 elevatio,
811 4081 1088 4146 superbam
1119 4084 1296 4136 mundi
1327 4085 1674 4148 altitudinem,
1709 4090 1758 4140 iu
1794 4106 1895 4156 quo
1925 4107 2071 4155 pere-

539 4165 773 4232 grinatur
801 4166 1061 4232 Ecclesia,
1091 4169 1360 4240 designat;
1408 4185 1480 4236 et,
1534 4185 1587 4226 ut
1630 4175 1785 4227 divini
1839 4180 2070 4245 mysterii

539 4268 646 4308 mos
678 4266 774 4316 est,
809 4256 859 4308 iu
896 4261 1072 4325 specie
1101 4275 1263 4327 genus
1303 4266 1573 4316 convenit.
1606 4265 1734 4316 Nam
1766 4276 1816 4318 ct
1847 4271 2071 4330 Aposto-

540 4342 618 4392 lus
640 4342 827 4397 Paulus
851 4356 1048 4413 seplem
1070 4350 1250 4401 scribit
1278 4349 1666 4414 Ecclesiis;nou
1693 4366 1859 4407 tamen
1884 4359 2065 4410 iisdem
2101 4384 2149 4439 ο

544 4434 731 4499 quibus
761 4448 811 4486 et
840 4438 1087 4494 Joannes.
1119 4441 1184 4492 Et
1215 4441 1334 4494 licet
1367 4444 1460 4493 ista
1492 4456 1693 4511 septem
1749 4447 1858 4498 loca
1909 4449 2067 4515 ﬁgura

543 4520 644 4571 siut
676 4523 831 4574 totius
863 4524 1108 4578 Ecclesiw
1141 4530 1476 4593 septit'ormis,
1507 4542 1678 4586 tamen
1703 4547 1846 4601 gesta
1873 4548 1992 4589 sunt
2022 4540 2069 4590 in

540 4608 621 4658 his
647 4609 945 4674 specialiter
971 4626 1081 4677 qute
1111 4613 1347 4680 increpat
1375 4625 1463 4666 aut
1494 4618 1684 4670 laudat.

611 4694 675 4745 Et
707 4711 988 4759 conversus,
1034 4708 1133 4750 etc.
1169 4699 1390 4752 Pulchre
1425 4703 1505 4753 hic
1555 4705 1717 4757 forma
1764 4707 2072 4764 describitur

539 4784 804 4847 Ecclesiae,
839 4788 1013 4838 lumen
1045 4791 1236 4839 amoris
1265 4790 1424 4842 divini
1470 4793 1519 4843 in
1548 4797 1777 4860 pectoris
1820 4800 1944 4848 casti
1981 4799 2074 4849 lul-

537 4889 659 4938 gore
691 4873 1033 4940 prtcferentis.
1064 4878 1213 4931 Juxta
1246 4882 1340 4934 hoc
1368 4884 1502 4950 qum!
1534 4884 1781 4937 Dominus
1813 4890 1884 4938 ait
1915 4906 1923 4936 :
1958 4889 2073 4940 Sint

541 4966 692 5017 lumbi
732 4971 877 5019 vestri
904 4974 1176 5036 prwcincti,
1206 4983 1249 5025 et
1274 4975 1489 5028 lucerna;
1518 4979 1748 5030 ardentes
1780 4981 1926 5047 (Luc.
1956 4988 2072 5052 xu).

543 5050 701 5122 Cujus
747 5060 960 5113 interius
1001 5067 1333 5130 exteriusque
1380 5068 1753 5133 perfectionem
1803 5088 1896 5139 per
1947 5077 2077 5126 duas

545 5151 822 5208 septenarii
846 5153 1052 5204 numeri
1079 5165 1245 5218 partes
1273 5157 1528 5222 designat,
1559 5161 1680 5212 dum
1713 5163 1761 5212 in
1792 5177 1851 5213 ea
1887 5162 2072 5229 singuli

550 5244 770 5296 quatuor
795 5241 1029 5305 corporis
1058 5242 1398 5308 qualitatibus
1423 5249 1769 5301 consistentes
1801 5251 2074 5303 Dominum

547 5321 707 5374 Deum
739 5339 884 5379 suum
911 5345 970 5382 ex
1006 5341 1114 5385 toto
1153 5334 1327 5396 corde,
1367 5345 1468 5388 tota
1502 5339 1943 5407 anima..totaque
1978 5347 2076 5395 vir-

545 5423 675 5476 tute,
706 5413 946 5483 diligam.

617 5502 680 5553 Et
726 5506 774 5554 in
823 5511 982 5560 medio
1011 5525 1194 5578 septem
1225 5517 1638 5572 candelabrm-unt
1686 5525 1894 5576 similent
1947 5525 2078 5576 Filia

551 5589 780 5646 hominis.
832 5596 1063 5649 Similem
1115 5600 1242 5652 Filio
1289 5605 1511 5660 hominis
1553 5609 1698 5673 dicit,
1742 5627 1856 5665 cuiu
1913 5627 2080 5668 morte

2171 520 2434 573 Christum
2467 525 2751 576 secundum
2795 541 3027 588 carnem,
3057 528 3148 580 sed
3173 529 3281 596 jam
3314 546 3456 584 nunc
3489 547 3591 582 non
3625 549 3717 583 no-

2169 611 2355 661 vimus.
2380 599 2528 664 Bene
2555 621 2750 677 autem,
2795 629 2844 666 ts
2894 631 3070 668 nemo.
3103 617 3286 669 Omnes
3316 620 3465 686 enim,
3507 622 3716 690 inquit,

2169 699 2256 764 qui
2284 700 2334 750 in
2363 701 2570 751 circuitu
2600 706 2710 768 ejus
2741 711 2876 764 sunt,
2909 704 3114 766 offerent
3141 721 3362 758 munera.

2249 787 2492 839 i’estitum
2522 792 2720 856 patiere.
2755 792 2988 854 Podcris,
3017 809 3131 860 quise
3163 794 3344 848 Latine
3385 798 3557 850 tunica
3589 799 3724 850 tala—

2171 878 2243 928 ris
2272 878 2483 940 dicitur,
2515 889 2564 931 et
2607 890 2686 931 est
2719 882 2876 933 vestis
2919 883 3281 946 sacerdotalis,
3317 885 3514 938 Christi
3546 903 3722 939 sacer-

2174 967 2370 1018 dolium
2404 969 2651 1033 ostendit,
2681 985 2785 1036 quo
2831 986 2889 1023 se
2921 986 3014 1037 pro
3063 973 3209 1024 nobis
3259 976 3307 1025 in
3339 976 3492 1028 altari
3548 979 3724 1030 erucis

2174 1055 2362 1106 obtulit
2396 1057 2616 1108 hostiam
2650 1058 2809 1110 Patri.

2244 1144 2308 1194 Et
2347 1147 2665 1211 pm’cinctum
2704 1150 2772 1198 ad
2809 1150 3058 1202 mamillas
3081 1168 3207 1203 zona
3231 1169 3404 1206 aurea.
3438 1155 3724 1214 Mamillas.

2173 1232 2276 1283 duo
2330 1243 2642 1287 testamenta
2691 1235 2772 1288 hic
2816 1238 2960 1298 dicit,
3015 1239 3204 1305 quibus
3260 1241 3358 1292 sibi
3415 1256 3716 1296 connexum

2174 1333 2474 1374 SallClOt‘utll
2500 1338 2693 1390 corpus
2722 1326 2928 1377 imbuit.
2960 1327 3097 1378 Zona
3127 1330 3266 1380 enim
3313 1345 3490 1391 aurea,
3517 1333 3717 1384 chorus

2175 1420 2472 1463 sanctorum
2497 1422 2600 1477 est,
2632 1415 2877 1466 concordi
2905 1417 3156 1468 charitate
3176 1418 3396 1470 Domino
3413 1421 3720 1482 adhzereus,

2173 1508 2228 1550 et
2260 1509 2567 1553 testamenta
2597 1505 2974 1570 complectens,
3007 1517 3251 1558 serrantes
3285 1509 3362 1575 (ut
3396 1509 3726 1575 inquitApo-

2176 1593 2381 1655 stolus)
2448 1596 2825 1646 unanimitatem
2889 1596 3114 1660 Spiritus
3186 1597 3237 1648 in
3305 1598 3504 1649 vinculo
3581 1600 3728 1667 pacis

2181 1678 2390 1746 (Ephes.
2411 1680 2504 1748 Iv).

2250 1771 2408 1836 Caput
2447 1782 2612 1823 autent
2658 1774 2764 1840 ejus
2813 1784 2859 1824 et
2915 1775 3087 1840 capilli
3132 1787 3272 1828 erant
3323 1779 3555 1839 candidi,
3614 1790 3725 1829 etc.

2178 1857 2473 1924 Antiquitas
2496 1870 2547 1911 et
2569 1863 2932 1914 immortalitas
2953 1868 3236 1926 tnajcstatis
3257 1869 3306 1918 in
3328 1868 3496 1930 Capite
3521 1867 3729 1918 candor

2177 1949 2490 2012 ostenditur,
2525 1955 2604 2002 cui
2639 1956 2883 2018 prcecipui
2938 1957 3131 2021 quique
3168 1955 3309 2008 velut
3345 1958 3515 2023 capilli
3545 1963 3728 2010 adluc-

2182 2047 2380 2102 rentes,
2439 2048 2653 2104 propter
2702 2057 2827 2094 oves
2877 2043 2941 2095 ad
2989 2044 3255 2097 dexteram
3305 2044 3523 2110 futuras,
3557 2049 3730 2101 instar

2177 2127 2329 2190 lana),
2363 2138 2415 2180 et
2464 2141 2674 2195 propter
2720 2133 3079 2186 dealbatorum
3131 2136 3566 2190 innumerabilem
3606 2151 3726 2190 tur-

2177 2219 2314 2277 bam,
2366 2229 2416 2270 et
2468 2220 2750 2273 electorum
2807 2239 2831 2272 a
2887 2224 3018 2277 cado
3065 2225 3326 2288 datorum,
3370 2229 3535 2280 instar
3587 2234 3729 2284 nivis

2175 2307 2394 2374 cll'nlgen
2406 2319 2416 2358 t
2428 2349 2439 2358 .

2247 2395 2310 2445 Et
2362 2398 2494 2448 oculi
2549 2405 2656 2467 ejus
2704 2404 2832 2452 velut
2871 2403 3075 2469 ﬂamma
3119 2406 3270 2472 ignis.
3306 2408 3452 2459 Oculi
3507 2409 3721 2460 Domini

2180 2484 2552 2546 prardicatores
2581 2497 2725 2550 sunt,
2753 2489 2868 2554 igne
2891 2490 3231 2554 Spirituali,et
3259 2494 3496 2545 lidelibus
3527 2497 3726 2556 lumen,

2179 2574 2464 2626 incredulis
2498 2579 2790 2642 prtebentcs
2819 2581 3132 2632 incendium.

2248 2663 2311 2713 lit
2344 2667 2485 2728 pedes
2522 2670 2628 2733 ejus
2657 2671 2842 2721 similes
2870 2671 3119 2723 orichalco
3155 2676 3278 2724 sicut
3318 2676 3367 2724 in
3411 2678 3610 2728 camino
3639 2694 3731 2726 ar-

2178 2751 2332 2800 denti.
2367 2754 2529 2805 l'edes
2577 2755 2782 2822 ignitus,
2817 2758 3085 2811 novissimi
3144 2768 3391 2827 temporis
3435 2763 3726 2818 Ecclesium

2177 2840 2335 2906 dicit,
2379 2860 2494 2909 quae
2536 2848 2934 2901 vehementibus
2987 2862 3064 2902 est
3111 2855 3456 2905 examinanda
3506 2867 3558 2906 et
3606 2873 3721 2922 pro-

2178 2932 2346 2986 bunda
2393 2939 2668 3000 pressuris.
2719 2940 3046 2993 Orichalcum
3101 2945 3290 3009 quippe
3333 2955 3417 2995 est
3462 2961 3535 2997 tes
3564 2947 3726 2998 multo

2181 3025 2297 3088 igne
2325 3035 2374 3076 et
2405 3027 2748 3081 medicamine
2785 3030 3094 3095 perductum
3126 3035 3188 3084 ad
3220 3050 3436 3087 aureum
3468 3036 3721 3090 colorem.

2180 3115 2292 3164 Alia
2330 3117 2618 3178 translatio,
2653 3133 2770 3183 qua:
2811 3119 2938 3172 dicit
2985 3120 3184 3174 similes
3227 3125 3492 3179 orichalco
3520 3127 3723 3190 Libani,

2176 3204 2432 3269 signiﬁcat
2465 3207 2514 3257 in
2557 3207 2757 3272 Judma,
2790 3212 2938 3276 cujus
2966 3210 3192 3265 Libanus
3223 3230 3371 3266 mons
3398 3225 3499 3274 est.
3544 3218 3722 3270 Eccle-

2177 3294 2308 3345 siam
2339 3309 2456 3346 esse
2491 3299 2930 3362 persequendam,
2964 3303 3223 3366 praecipue
3260 3306 3560 3356 novissime.
3596 3307 3720 3358 Nam

2175 3393 2226 3433 ct
2260 3385 2510 3447 templum
2535 3398 2677 3450 sche
2710 3385 2886 3437 Libani
2917 3403 3105 3440 nomen
3136 3393 3360 3456 accepit,
3391 3393 3475 3445 cui
3498 3393 3719 3446 dicitur:

2176 3474 2347 3537 Aperi,
2378 3473 2581 3536 Libane,
2634 3484 2802 3540 portas
2853 3484 2983 3539 tuus,
3033 3488 3080 3528 et
3121 3481 3345 3530 comedat
3385 3483 3518 3550 ignis
3551 3486 3721 3534 cedrus

2179 3571 2287 3612 tuas
2317 3563 2492 3625 (Zac/t.
2524 3564 2618 3631 ιι).
3641 3554 3644 3556 η

2249 3670 2309 3720 Et
2333 3688 2424 3722 νοτ
2459 3673 2592 3724 illius
2617 3683 2848 3740 tanquam
2872 3693 3112 3742 aquarum
3141 3692 3432 3731 muttarum.
3470 3684 3573 3733 Vox
3601 3699 3722 3734 cun-

2179 3760 2420 3814 fessionis
2459 3775 2508 3816 et
2552 3768 2936 3830 praulicationis
2968 3779 3017 3820 et
3066 3767 3255 3832 laudis,
3301 3789 3400 3824 non
3457 3775 3506 3824 in
3548 3774 3724 3826 .luda..-a

2179 3860 2377 3901 tantum
2411 3853 2505 3904 sed
2540 3854 2590 3905 in
2624 3856 2801 3908 multis
2840 3857 3040 3923 pepulis
3072 3872 3302 3916 resonat.

2251 3958 2312 4009 Et
2343 3960 2556 4013 habebat
2587 3963 2634 4014 in
2660 3964 2870 4015 dextera
2897 3982 2986 4017 sua
3008 3967 3180 4019 stellas
3201 3979 3408 4034 septem.
3433 3968 3488 4020 In
3513 3969 3725 4024 dextera

2179 4050 2393 4115 Christi,
2425 4055 2810 4121 estspiritualis
2847 4057 3099 4108 Ecclesia.
3129 4060 3312 4119 Astita‘t,
3338 4060 3524 4125 inquit,
3555 4064 3725 4128 regina

2175 4158 2204 4190 a
2249 4143 2432 4195 dextris
2472 4148 2570 4196 tuis
2619 4146 2670 4195 in
2718 4148 2893 4198 vestitu
2934 4148 3170 4199 deaurato
3211 4148 3379 4216 (l’sat.
3429 4150 3592 4217 λων).
3631 4153 3726 4204 Cui

2176 4236 2364 4284 astanti
2407 4235 2467 4284 ad
2500 4235 2767 4289 dexteram
2819 4238 2945 4289 dicit
2991 4256 3001 4288 :
3047 4238 3237 4301 Venite,
3271 4242 3516 4292 benedicti
3559 4242 3729 4294 Patris

2179 4323 2288 4383 mei,
2321 4323 2553 4390 pcrcipite
2578 4340 2786 4392 regnum
2819 4324 3023 4390 (Matth.
3049 4329 3195 4393 xxv).

2249 4432 2312 4482 lit
2355 4434 2416 4484 de
2468 4449 2550 4485 ore
2595 4435 2701 4500 ejus
2741 4433 2939 4502 gladius
2983 4452 3044 4486 ea:
3089 4446 3299 4502 utraque
3345 4451 3486 4504 parte
3546 4451 3730 4492 acutus

2171 4524 2354 4576 exiliat.
2390 4524 2486 4587 Qui
2518 4524 2583 4576 de
2614 4525 2906 4578 visibilibus
2953 4536 3006 4578 et
3054 4527 3408 4581 invisibilibus
3450 4530 3728 4594 judicans,

2173 4621 2443 4677 postquam
2502 4612 2756 4665 occiderit
2826 4616 2981 4666 habet
3041 4625 3353 4680 potestatem
3406 4620 3617 4672 mittere
3675 4623 3728 4671 in

2173 4700 2461 4764 gehennam
2489 4700 2642 4768 ignis.

2245 4809 2309 4861 Et
2342 4811 2492 4877 facies
2523 4815 2651 4877 ejus,
2680 4813 2804 4863 sicut
2830 4816 2904 4865 sol
2934 4815 3061 4865 lucet
3098 4815 3149 4865 in
3189 4817 3370 4867 rit-tute
3400 4831 3512 4868 sua.
3541 4817 3725 4882 Quali:

2175 4899 2224 4949 iu
2269 4911 2446 4951 monte
2495 4902 2782 4966 discipulis,
2836 4902 2952 4953 talis
3000 4912 3117 4968 post
3162 4903 3414 4968 judicium
3466 4905 3726 4957 Duttiinus

2175 4989 2416 5039 omnibus
2434 4988 2628 5039 sanctis
2650 4989 2936 5053 apparebit.
2964 4989 3107 5054 lmpii
3129 4992 3266 5043 enim
3293 4992 3556 5056 injudicio
3580 4994 3728 5043 vide-

2178 5075 2305 5125 bunt
2336 5075 2383 5124 in
2416 5091 2569 5140 quem
2614 5085 2938 5139 pupugerunt
2967 5074 3140 5143 (Joan.
3177 5079 3306 5146 six).
3345 5079 3512 5130 Teius
3542 5093 3722 5131 autem

2179 5167 2259 5216 hic
2312 5165 2421 5215 Filii
2465 5166 2690 5216 hominis
2737 5165 2939 5218 habitus
2981 5166 3421 5219 etiam'Ecclesirc
3450 5172 3720 5231 convenit,

2177 5273 2290 5308 cum
2319 5272 2415 5321 qua
2447 5270 2547 5307 una
2577 5268 2758 5306 natura
2799 5256 2907 5319 ipse
2937 5256 3103 5309 lactus
3139 5265 3221 5308 est
3249 5255 3508 5316 Christus.
3554 5258 3726 5310 lim-n-

2179 5361 2287 5397 rem
2334 5347 2407 5397 illi
2447 5345 2855 5407 sacerdotalem,
2900 5353 2948 5397 et
2985 5344 3312 5412 iudiciariam
3357 5344 3587 5398 tribuens
3631 5364 3726 5409 pn-

2182 5447 2446 5500 te~tatcm,
2478 5447 2530 5489 et
2575 5448 2630 5488 ιιι
2679 5419 2889 5506 fulgeat,
2934 5439 3071 5490 sicut
3108 5437 3208 5499 sol,
3259 5436 3312 5489 in
3351 5451 3511 5504 regno
3551 5436 3726 5490 Patris

2181 5526 2258 5577 sui
2292 5525 2499 5592 (Matth.
2532 5527 2670 5591 χιιι).

2223 5612 2314 5665 "Et
2353 5630 2460 5667 cum
2501 5616 2730 5668 vidissem
2771 5632 2901 5681 cum,
2935 5615 3087 5669 cecidi
3115 5617 3180 5669 ad
3223 5617 3371 5682 pedes
3410 5618 3540 5685 ejus.
3580 5612 3725 5667 Tan-
