3934 6222
228 336 327 390 137

1175 335 1610 391 ΕΧΡΙΑΝΑΤῙΟ
1653 329 2132 386 APOCALYPSIS.
2173 357 2240 367 —
2280 328 2402 382 LIB.
2447 329 2488 382 Ι.

3301 313 3426 374 is:

221 459 385 511 quam
434 444 592 496 homo
632 443 697 496 ad
744 441 1070 510 spiritualem
1105 444 1334 512 trepidat
1375 444 1651 505 vignnem,
1681 440 1771 494 sed
1803 446 1846 494 Α
1878 440 2006 490 vivit.
2062 438 2158 504 Qui
2223 447 2277 491 et
2319 438 2494 490 omnia
2545 434 2773 496 creavit,
2831 443 2883 487 et
2930 433 3106 486 omnia
3157 433 3428 488 moriendo

223 533 435 587 Domini
469 533 748 587 clementia
786 533 944 586 timor
974 533 1182 599 pellitur
1212 532 1489 585 humanus.

299 621 471 675 Nolite
494 623 686 687 timere,
713 638 806 691 ego
829 639 939 676 sum
976 623 1165 691 primus
1214 632 1261 674 et
1308 624 1624 675 novissimus.
1670 621 1778 673 l‘ri-

220 726 364 776 mus,
393 713 514 779 quia
535 712 706 765 omnia
739 726 832 781 per
859 714 1024 779 ipsum
1058 711 1190 764 facta
1242 722 1385 766 sunt.
1431 712 1778 774 NoviSsinius,

218 801 345 867 quia
378 800 428 852 in
459 801 571 868 ipso
600 807 962 853 restaurantur
987 799 1189 852 omnia.
1429 783 1433 790 ’

296 886 537 941 Etltabeo
562 889 721 940 claves
767 887 938 938 mortis
965 894 1014 938 et
1050 887 1258 954 inferni.
1309 886 1423 940 Non
1475 886 1666 947 solum,
1701 887 1781 937 iu-

216 983 356 1048 quit,
390 989 611 1032 mortem
641 978 1028 1033 resurrectione
1075 978 1282 1041 devici;
1324 977 1416 1033 sed
1447 985 1502 1030 et
1540 975 1775 1044 ejusdem

218 1068 408 1120 mortis
437 1067 604 1121 habeo
626 1066 935 1119 dominium.
966 1065 1116 1130 Quod
1165 1065 1324 1119 etiam
1361 1067 1612 1119 Ecclesia:
1659 1065 1774 1130 Spi«

220 1159 387 1212 ritum
438 1165 681 1211 sanctum
740 1155 1056 1209 insuﬂlando
1109 1156 1304 1208 tribuit.
1369 1154 1596 1220 Quorum
1628 1195 1642 1216 ,
1703 1157 1779 1205 in—

213 1249 429 1315 quiens,
468 1246 1025 1314 dimiseritis‘peccata,
1073 1244 1393 1297 dimittuntur
1442 1244 1544 1309 eis,
1577 1255 1628 1297 et
1676 1245 1776 1297 cce-

215 1346 356 1390 tera.
469 1365 476 1368 ι
696 1333 698 1336 ’

294 1425 472 1479 Scribe
498 1440 611 1495 ergo
634 1440 744 1492 qua:
770 1423 955 1489 vidisti,
982 1431 1084 1476 etc.
1108 1421 1236 1487 Quae
1268 1421 1411 1475 solus
1434 1419 1606 1473 vidisni
1648 1435 1776 1474 cun-

214 1519 326 1570 ctis
374 1515 677 1583 manifesta,
708 1515 883 1566 varias
913 1513 1118 1566 Scilicet
1163 1511 1412 1565 Ecclesia:
1455 1512 1682 1571 labores,
1725 1519 1779 1563 et
1859 1547 1862 1551 ε

216 1606 400 1658 malos
428 1605 480 1657 in
512 1619 572 1658 ea
599 1618 717 1656 cum
749 1603 923 1668 bonis,
947 1616 1110 1670 usque
1142 1601 1194 1654 in
1224 1601 1381 1655 linem
1409 1601 1586 1655 saiculi
1627 1615 1774 1654 com-

210 1694 544 1747 miscendos.

1880 529 2210 580 restauravit.
2241 529 2375 593 Apta
2410 525 2645 594 praelatio
2675 524 2982 592 patientiam
3010 538 3251 577 suasuro.

1949 616 2456 668 Sciotribulationem
2479 623 2614 665 tuam
2637 623 2680 665 et
2703 611 3169 679 paupertatem,sed
3193 613 3324 665 dives
3350 629 3423 664 es.

1880 706 2018 758 Beati
2067 709 2204 760 enim
2257 721 2500 773 pauperes
2542 705 2745 770 spiritu,
2797 704 3032 770 quoniam
3086 703 3307 772 ipsorum
3351 712 3429 756 cst

1815 833 1822 840 -
1876 813 2081 866 regnum
2139 797 2399 851 caelorum.
2451 795 2597 861 Quod
2653 793 2868 861 pulchre
2914 792 3227 846 Fortunatus
3275 796 3420 844 brcVi

1879 900 2032 940 vt-tsu
2056 885 2304 950 ωιροουίι
2333 885 2514 936 dicens
2543 900 2554 934 :

2058 974 2250 1035 Pauper
2269 975 2315 1021 in
2339 981 2543 1034 angusto
2565 979 2741 1033 regnat
2765 973 2985 1021 habendo
3008 971 3181 1021 Deum.

1950 1065 2044 1128 Qui
2073 1080 2126 1116 se
2152 1065 2322 1116 dicunt
2352 1060 2560 1117 Judwos
2609 1078 2734 1126 esse,
2775 1074 2820 1115 et
2863 1079 2966 1115 non
2995 1071 3131 1116 sunt.
3162 1062 3426 1116 Conliten-

1879 1161 1960 1206 tur
1988 1166 2046 1206 se
2093 1169 2250 1206 nosse
2295 1153 2492 1217 Deum,
2542 1152 2693 1206 factis
2742 1160 2916 1205 autem
2969 1160 3179 1220 negant.
3210 1152 3426 1205 1Ιιιὼιιιει

1876 1245 2014 1296 enim
2046 1243 2314 1310 religionis
2357 1252 2440 1297 est
2479 1258 2691 1296 nomen.
2725 1242 2874 1297 Unde
2903 1252 2959 1295 et
2983 1243 3250 1310 apostolus
3283 1260 3292 1292 :
3329 1243 3427 1305 Qui

1876 1333 1926 1384 in
1952 1332 2241 1386 abscondito
2270 1334 2482 1401 (inquit)
2530 1332 2744 1387 Judteus
2772 1342 2865 1396 est,
2895 1343 2938 1384 et
2968 1333 3276 1384 circumcisio
3316 1347 3424 1384 cor-

1876 1423 1950 1474 dis
1983 1424 2032 1474 in
2060 1424 2262 1491 spiritu,
2294 1440 2394 1475 non
2419 1422 2610 1476 littera.

1946 1510 2073 1562 Ecce
2102 1512 2340 1564 missurus
2367 1522 2437 1563 est
2465 1529 2523 1565 ex
2561 1513 2695 1564 vobis
2725 1512 2954 1566 diabolus
2988 1513 3042 1565 in
3077 1527 3343 1574 carcerem,
3376 1522 3427 1562 ut

1876 1601 2144 1652 lentemini.
2178 1598 2467 1652 Universali
2497 1599 2746 1654 Ecclesiae
2777 1602 2887 1652 huic
2917 1601 3054 1652 dicta
3081 1599 3424 1662 conveniunt,

1876 1689 2130 1742 adversus
2179 1704 2336 1756 quam
2365 1689 2606 1743 diabolus
2651 1687 3036 1744 iuextricabiles
3065 1703 3275 1756 semper
3326 1688 3428 1742 iui-

286 1783 497 1852 Septem
524 1783 680 1837 stella:
707 1782 876 1852 angeli
927 1790 1043 1835 sunt
1087 1791 1273 1849 septem
1325 1780 1688 1834 Ecclesiarum.
1724 1780 1775 1832 Id
1810 1759 1855 1816 Β
1883 1777 2105 1830 micitias
2131 1788 2361 1831 exercet.

205 1883 293 1926 est
318 1911 339 1937 ,
370 1883 606 1927 rectores
656 1871 1030 1926 Ecclesiarum.
1091 1869 1341 1925 Sacerdos
1384 1871 1534 1933 enim,
1565 1880 1621 1921 ut
1665 1868 1774 1921 Ma-

208 1962 422 2016 laehias
467 1964 578 2030 ait,
627 1978 726 2031 ang
760 1962 838 2014 lus
893 1959 1098 2014 Domini
1146 1961 1456 2014 exercituum
1502 1969 1575 2014 est
1622 1957 1779 2028 (Μα-

208 2052 356 2107 lach.
384 2056 475 2124 ιι).

839 2137 1061 2192 CAPUT
1114 2137 1176 2191 ll.

283 2273 361 2326 Et
389 2273 565 2344 angelo
602 2271 789 2342 Ephesi
827 2270 1065 2323 Ecclesia:
1103 2266 1480 2334 scribe..Hujus
1523 2266 1778 2321 Ecclesia:

202 2363 365 2431 juxta
397 2361 621 2415 nominis
649 2359 974 2430 qualitatem,
1004 2367 1205 2428 partem
1255 2359 1523 2426 increpat,
1573 2367 1628 2412 et
1659 2373 1778 2425 par-

209 2463 327 2507 tem
360 2453 555 2506 laudat.
586 2453 825 2520 Ephesus
851 2452 990 2504 enim
1031 2459 1084 2503 et
1131 2449 1309 2517 lapsus
1349 2461 1566 2516 magnus
1596 2457 1650 2502 et
1681 2463 1775 2500 vo-

207 2544 393 2598 luntas
419 2559 532 2597 mea
566 2543 616 2596 in
640 2557 720 2606 ea,
755 2541 1090 2609 interpretari
1120 2541 1331 2594 dicitur.

287 2631 421 2685 llwc
439 2633 560 2684 dicit
591 2633 676 2700 qui
703 2639 836 2683 tenet
860 2641 1046 2699 septem
1083 2631 1252 2683 stellas
1273 2631 1325 2682 in
1356 2631 1561 2682 dextera
1581 2645 1693 2683 sua.
1725 2629 1777 2684 ld

205 2732 319 2787 est,
350 2736 442 2775 vos
478 2722 530 2775 in
563 2735 717 2775 manu
746 2735 839 2774 sua
884 2719 1065 2783 habet,
1115 2734 1315 2789 suaque
1346 2730 1604 2789 potestate
1645 2721 1778 2790 regit

206 2823 262 2866 et
315 2811 576 2866 continet.

286 2925 393 2988 Qui
419 2922 639 2976 ambulat
661 2922 714 2976 in
741 2921 905 2974 medio
932 2927 1118 2990 septem
1147 2920 1563 2974 candelabrorum
1597 2938 1778 2976 aureo-

209 3030 354 3066 rum.
384 3012 487 3076 Qui
513 3014 564 3066 in
605 3010 778 3066 medio
822 3010 982 3064 vestri
1029 3009 1330 3079 digrediens
1359 3011 1515 3064 corda
1541 3010 1777 3077 singulo~

210 3117 360 3168 rum,
393 3111 447 3154 et
475 3114 627 3154 renes
658 3100 959 3168 investigat.

287 3211 411 3266 Scio
439 3225 592 3280 opera
614 3219 722 3271 tua,
746 3218 792 3263 et
815 3209 1036 3264 laborem
1066 3219 1229 3275 tuum,
1271 3221 1373 3264 etc.
1410 3209 1572 3263 Video
1601 3219 1650 3263 te
1677 3211 1777 3279 (iu-

209 3301 352 3371 quit)
375 3315 535 3368 opera
567 3301 700 3353 bona
735 3300 959 3354 solerter
985 3311 1251 3369 agentem,
1285 3312 1335 3354 et
1359 3299 1579 3368 injurias
1609 3303 1776 3354 malo-

213 3406 337 3444 rum
407 3389 767 3443 intolerabiles
844 3389 1212 3457 aequanimiter
1278 3391 1622 3455 tolerantem;
1686 3391 1775 3458 qui

213 3479 786 3548 pseudoapostolorum
835 3478 992 3530 verba
1041 3478 1282 3544 laetaque
1331 3478 1609 3547 diligenter
1654 3493 1777 3531 exa-

213 3569 448 3630 minans,
481 3565 776 3618 nullatenus
805 3564 882 3618 eis
910 3565 1100 3619 cedere
1128 3567 1353 3618 voluisti.

289 3657 394 3710 διά
427 3655 581 3707 habeo
623 3655 882 3707 adversum
910 3666 976 3719 te,
1019 3659 1153 3723 quod
1170 3655 1468 3710 ,cltaritatem
1499 3666 1634 3707 tuam
1673 3657 1776 3722 pri-

213 3759 355 3795 mam
378 3741 642 3808 reliquisti,
685 3752 787 3794 etc.
834 3742 889 3794 In
940 3743 1253 3808 quibusdam
1304 3746 1513 3811 quidem
1545 3755 1775 3812 emptum

214 3831 506 3886 deseruisti
536 3845 792 3894 amorem,
834 3846 989 3898 quem
1022 3832 1119 3883 nisi
1152 3835 1596 3899 recuperaverint,
1645 3836 1778 3889 lucis

214 3935 312 3976 eos
357 3920 630 3988 promissa:
676 3934 899 3973 munere
930 3917 1163 3985 privabo.
1208 3919 1258 3972 lu
1290 3920 1603 3988 quibusdam
1651 3936 1776 3975 vero

217 4023 513 4078 pravorum
535 4009 798 4075 exempla,
828 4007 1177 4060 idololatriam
1209 4007 1408 4061 scilicet
1442 4018 1498 4061 et
1547 4009 1774 4060 fornica-

218 4102 441 4165 tionem,
479 4098 658 4152 odisti.
704 4097 826 4150 llaec
848 4097 988 4150 enim
1020 4104 1145 4149 sunt
1179 4097 1313 4149 lat-ta
1362 4097 1732 4152 Nicolaitarum
1756 4136 1771 4162 ,

215 4190 360 4243 sicut
402 4190 454 4239 in
498 4187 840 4255 sequentibus
866 4187 1120 4252 aperitur.

295 4278 397 4341 Qui
423 4277 570 4328 liabet
619 4291 790 4326 aurem
827 4275 1085 4338 audiendi,
1126 4276 1325 4340 audiat,
1354 4287 1456 4329 etc.
1500 4279 1626 4342 Qum
1668 4279 1776 4330 sin-

1806 3084 1853 3146 C

1951 1863 2017 1919 Et
2064 1867 2306 1920 habebitis
2350 1867 2720 1944 tribulationem
2770 1867 2942 1920 diebus
3009 1867 3198 1921 decem.
3237 1867 3425 1922 Totum

1883 1971 2092 2029 tempus
2122 1961 2408 2031 signiﬁcat,
2442 1962 2494 2015 in
2537 1978 2641 2030 quo
2671 1961 2912 2030 Decalogi
2963 1969 3086 2015 sunt
3126 1961 3425 2016 necessaria

1879 2050 2144 2103 mandata.
2176 2049 2414 2116 Quandiu
2460 2051 2600 2105 enim
2640 2051 2808 2105 lucem
2845 2052 2989 2105 verbi
3025 2052 3184 2105 divini
3236 2067 3428 2118 seque-

1882 2142 1972 2202 iis,
2005 2153 2270 2194 carcerem
2304 2155 2520 2194 necesse
2560 2149 2640 2194 est
2671 2141 3001 2195 adversantis
3028 2141 3227 2195 inimici
3265 2143 3428 2209 patia-

1880 2231 1972 2284 ris.
2001 2233 2225 2296 Quidam
2256 2233 2435 2286 decem
2464 2235 2696 2301 gentium
2742 2233 3130 2301 persecutiones
3155 2248 3181 2284 a
3225 2232 3426 2286 Nerone

1881 2323 2089 2376 Caesare
2137 2336 2299 2390 usque
2328 2323 2394 2374 ad
2442 2322 2821 2377 Diocletianum
2875 2322 3191 2391 signiticatas
3236 2321 3427 2375 intelli-

1878 2421 2022 2479 gunt.

1949 2500 2070 2551 Esto
2092 2500 2254 2566 ﬁdelis
2278 2516 2428 2567 usque
2454 2502 2518 2553 ad
2561 2510 2786 2563 mortem,
2817 2509 2921 2553 etc.
2952 2501 3067 2565 Quo
3094 2501 3275 2554 decem
3315 2500 3427 2553 dies

1880 2588 2197 2656 pertingant,
2223 2589 2471 2657 ostendit,
2489 2590 2574 2658 qui
2599 2604 2764 2657 usque
2793 2591 2858 2643 ad
2877 2597 3099 2643 mortem
3131 2589 3284 2642 ﬁdem
3313 2604 3426 2642 ser-

1876 2691 2003 2731 vare
2030 2680 2235 2732 suadet.

1951 2765 2046 2831 Qui
2071 2771 2255 2831 vicerit,
2284 2786 2380 2821 non
2412 2769 2618 2822 dectnr
2637 2785 2665 2819 a
2691 2781 2843 2821 morte
2860 2771 3097 2821 secunda.
3129 2771 3224 2834 Qui
3257 2768 3424 2821 lidclis

1879 2859 2235 2919 permanserit
2283 2873 2448 2926 usque
2474 2859 2538 2911 ad
2583 2867 2805 2911 mortem
2833 2858 3037 2924 carnis,
3069 2864 3287 2910 mortem
3313 2857 3425 2909 ani-

1877 2961 1977 2998 mae
2004 2962 2109 3000 non
2140 2948 2344 3000 timebit
2370 2961 2643 3001 cateruam.

1952 3037 2016 3087 Et
2039 3038 2215 3104 angelo
2241 3036 2474 3104 Pergami
2500 3036 2733 3090 Ecclesia:
2757 3038 2932 3092 scribe.
2959 3036 3242 3104 Pergamus
3265 3039 3340 3092 int
3376 3056 3426 3092 r-

1885 3136 2118 3197 pretatur
2169 3129 2406 3183 dividens
2470 3144 2665 3182 cornua
2717 3143 2943 3194 eorum,
3000 3130 3089 3197 qui
3137 3130 3426 3197 judicando

1875 3218 2117 3272 distinxit
2162 3221 2300 3272 inter
2353 3219 2599 3271 virtutem
2654 3219 2908 3284 ﬁdelium,
2959 3227 3013 3273 et
3050 3219 3423 3273 Nicolaitarum

1876 3307 2170 3374 perlidiam,
2197 3317 2251 3360 ut
2277 3321 2474 3360 cornua
2501 3318 2837 3373 peccatorum
2867 3307 3340 3374 confringercutur,
3371 3318 3425 3359 et

1874 3397 2235 3450 exaltarcntur
2259 3410 2456 3449 cornua
2481 3395 2630 3463 justi.

1949 3486 2068 3540 lla'c
2095 3488 2234 3554 dicit,
2255 3489 2336 3556 qui
2369 3490 2510 3539 habet
2554 3487 2860 3554 romphwam
2899 3498 3104 3554 utraque
3133 3496 3272 3552 parte
3311 3503 3420 3538 acu~

1875 3587 1997 3630 tam.
2023 3577 2358 3630 iudiciariam
2391 3584 2705 3644 potestatem
2752 3589 2984 3642 congrue
3030 3576 3302 3642 przcmisit,
3332 3578 3420 3641 qui

1874 3678 1986 3721 erat
2011 3667 2294 3720 victoribus
2335 3666 2568 3736 prtemia,
2597 3673 2650 3717 et
2680 3678 2890 3732 pinnam
2919 3661 3215 3716 redditurus
3241 3677 3422 3715 erran-

1876 3759 2037 3813 tibus.

1945 3850 2065 3903 Scio
2090 3850 2167 3900 ubi
2184 3849 2396 3909 habitas,
2425 3847 2506 3899 ubi
2535 3847 2672 3899 sedes
2688 3857 2760 3900 est
2787 3846 3012 3908 Satanae,
3034 3855 3133 3901 etc.
3174 3845 3422 3913 Approbo

1877 3937 2089 4002 quidem
2129 3936 2436 4003 patientiam
2470 3947 2610 3987 tuam
2639 3975 2652 3998 ,
2686 3951 2802 4001 qua:
2832 3933 2967 3987 inter
2992 3935 3245 3999 reprobus
3268 3973 3284 3997 ,
3335 3934 3420 4001 qui

1876 4024 2096 4076 thronus
2148 4032 2267 4076 sunt
2334 4022 2546 4087 diaboli,
2603 4030 2964 4086 commorata,
3023 4035 3107 4073 me
3165 4037 3265 4073 non
3323 4037 3418 4073 no-

1876 4110 2014 4164 mine
2066 4121 2289 4173 tantmn,
2321 4125 2424 4177 quo
2477 4109 2776 4163 Christiana
2827 4111 3038 4172 diceris,
3063 4110 3153 4162 sed
3197 4109 3299 4161 tide
3339 4124 3424 4162 co-

1874 4201 1939 4255 lis
1974 4203 2174 4269 integra
2202 4202 2360 4255 etiam
2390 4203 2440 4253 in
2473 4211 2705 4266 tempore
2750 4197 3125 4268 persecutionis
3167 4206 3418 4265 cruentae,

1874 4293 1968 4343 sed
2020 4291 2260 4357 improbo
2311 4292 2450 4358 quod
2502 4290 2806 4345 seductores
2851 4288 3010 4342 etiam
3058 4286 3109 4340 in
3159 4294 3211 4340 te
3265 4300 3424 4338 cerno

219 4371 358 4434 gulis
395 4367 619 4431 scribit,
673 4365 930 4417 universis
969 4379 1026 4416 se
1083 4364 1257 4418 dicere
1306 4370 1630 4419 demonstrat
1678 4370 1774 4420 Ec-
1798 4404 1851 4462 Β
1881 4381 2143 4432 doctores,

218 4459 423 4512 etesiis.
475 4457 588 4510 Non
646 4456 785 4509 enim
841 4454 1184 4519 Ephesiorum
1245 4456 1479 4510 Ecclesia
1531 4458 1680 4523 sola,
1729 4458 1774 4511 si

219 4565 341 4602 eam
369 4565 474 4603 non
506 4549 814 4618 paeniteret,
843 4546 908 4599 de
952 4545 1068 4598 loco
1107 4560 1203 4598 suo
1233 4548 1484 4602 movenda
1529 4561 1660 4613 erat,
1691 4559 1778 4604 aut

223 4639 497 4706 Pergamis
524 4649 724 4691 tantum
760 4638 915 4692 sedes
942 4649 1022 4688 est
1054 4639 1285 4704 Salano},
1326 4650 1380 4692 ct
1417 4655 1519 4691 non
1567 4639 1774 4705 ubique.

225 4728 320 4781 Sic
376 4737 430 4779 et
476 4739 666 4783 caetera
722 4729 1086 4800 singularum,
1132 4730 1274 4784 omni
1322 4729 1616 4782 communia
1658 4738 1780 4782 sunt

231 4819 504 4874 Beclcsiae.

309 4912 534 4965 Vincenti
564 4913 693 4966 dabo
713 4917 854 4967 edere
897 4916 956 4968 de
981 4916 1116 4986 ligno
1145 4916 1255 4968 vitae
1274 4915 1409 4983 quod
1433 4925 1503 4966 est
1530 4915 1582 4965 in
1628 4930 1778 4981 para-

229 5004 362 5055 diso.
399 5001 616 5068 Liguuni
658 5004 775 5056 vitae
799 5005 1039 5058 Christus
1068 5012 1170 5067 est,
1201 5003 1350 5070 cujus
1376 5003 1426 5056 in
1456 5003 1658 5056 caelesti
1689 5018 1779 5069 pa-

232 5095 406 5146 radiso
459 5093 698 5156 visione,
755 5102 806 5144 et
850 5094 901 5144 in
948 5096 1193 5162 prmsenti
1244 5095 1495 5148 Ecclesia:
1535 5108 1775 5162 corpore,

230 5193 429 5235 sancta:
455 5182 762 5235 reﬁciuntur
792 5181 1000 5234 animae.

306 5269 372 5322 Et
399 5271 577 5339 angelo
621 5269 854 5338 Smyrna!
884 5267 1123 5324 ECCIesitB
1152 5273 1327 5326 scribe.
1374 5272 1501 5326 Huic
1533 5271 1781 5325 Ecclesiae

230 5359 298 5413 de
351 5361 624 5415 toleranda
675 5362 1040 5429 persecutione
1065 5369 1332 5430 suggerit,
1365 5365 1445 5417 cui
1494 5373 1547 5418 et
1591 5380 1780 5417 nomen

231 5453 495 5517 congruit.
518 5454 740 5520 Smyrna
768 5453 908 5504 enim
941 5451 1150 5518 myrrha
1178 5451 1385 5518 dicitur,
1420 5469 1535 5522 qua:
1561 5453 1779 5508 monili.

232 5541 496 5593 catinneni
532 5542 702 5594 carnis
737 5542 996 5608 designat.
1407 5594 1426 5604 Ι,

307 5629 432 5682 lltrc
462 5629 578 5680 dicit
610 5633 797 5695 primus
824 5640 866 5681 et
897 5631 1215 5694 novissimus,
1237 5633 1320 5698 qui
1345 5634 1439 5699 fuit
1481 5647 1705 5687 mortuus
1735 5644 1778 5684 et

636 5742 890 5802 Ρηιιοι..
932 5741 1147 5800 XCII].

1950 4466 2015 4518 Et
2035 4469 2084 4520 in
2111 4467 2397 4520 diebusillis
2414 4469 2623 4531 Antipas
2644 4469 2781 4520 testis
2810 4483 2943 4518 meus
2971 4464 3151 4530 ﬁdelis,
3176 4475 3275 4515 etc.
3300 4463 3422 4527 Qui-

1878 4555 1995 4608 dam
2057 4567 2336 4624 martyrem
2395 4555 2653 4625 Pergamo
2707 4569 2960 4623 passum,
3005 4552 3090 4605 alii
3145 4552 3421 4606 Dominum

1878 4647 2141 4700 Christum
2189 4647 2504 4714 intelligunt,
2543 4647 2630 4712 qui
2661 4645 2726 4698 ab
2757 4644 3036 4698 incredulis
3063 4645 3222 4717 etiam
3259 4654 3418 4701 nunc.

1880 4747 2132 4805 quantum
2161 4740 2208 4789 in
2235 4740 2360 4803 ipsis
2389 4748 2490 4800 est,
2523 4737 2798 4791 occiditur.

1965 4828 2125 4880 Edere
2173 4840 2218 4880 et
2273 4830 2532 4895 fornicari.
2596 4829 2717 4881 Haec
2766 4829 2869 4880 duo
2903 4835 3024 4879 sunt
3077 4822 3375 4893 principalia
3406 4866 3419 4886 ,

1879 4917 2068 4982 quibus
2108 4917 2346 4968 carnales
2394 4918 2584 4984 quique
2612 4914 2838 4967 militant
2865 4959 2876 4979 ,
2925 4929 3130 4981 quorum
3159 4913 3278 4964 deus
3306 4927 3420 4962 ven-

1883 5017 1953 5056 ter
1976 5013 2067 5066 est,
2098 5014 2141 5054 et
2187 5006 2347 5070 gloria
2377 5007 2423 5054 in
2463 5005 2754 5069 confusione
2792 5007 3034 5072 ipsorum.
3061 5002 3162 5057 Sed
3189 5012 3240 5053 et
3267 5015 3424 5053 omne

1882 5107 2010 5160 opus
2040 5093 2234 5143 malum
2265 5091 2560 5145 idololatria
2593 5103 2692 5155 est,
2721 5102 2775 5147 et
2815 5095 3090 5147 fornicatio
3117 5090 3422 5157 spiritualis.

1954 5179 2191 5232 Tenentes
2245 5181 2523 5231 doctrinam
2580 5181 2970 5234 Nicolaitarum.
3011 5180 3277 5233 Nicolaita:
3306 5191 3424 5232 sunt

1883 5270 2008 5323 dicti
2037 5284 2065 5320 a
2101 5269 2316 5322 Nicolao
2364 5270 2606 5334 diacono,
2658 5287 2815 5339 quem
2867 5269 3027 5322 refert
3067 5266 3309 5322 Clemens
3358 5269 3426 5319 de

1883 5363 1995 5416 zelo
2039 5361 2402 5426 pulcherrima:
2452 5363 2689 5428 conjugis
2734 5365 3059 5428 increpatum
3092 5359 3425 5427 respondisse

1886 5461 1940 5504 ut
1968 5452 2262 5519 quicunque
2305 5453 2464 5502 vellet
2515 5466 2630 5503 eam
2684 5453 2946 5518 acciperet
2985 5465 3224 5509 uxorem,
3263 5455 3316 5498 et
3356 5445 3445 5499 ob-

1885 5541 1985 5592 hoc
2016 5537 2253 5591 inﬁdeles
2305 5537 2550 5590 docuisse
2598 5539 2736 5606 quod
2789 5539 3014 5607 apostoli
3057 5535 3260 5589 cunctis
3307 5549 3427 5601 pro-

1885 5631 2078 5683 miscua
2110 5627 2510 5694 communiaque
2561 5629 2853 5682 feminarun
2915 5626 3177 5680 consortia
3213 5625 3426 5694 permit-

3038 5741 3072 5798 5
