3934 6222
599 456 697 511 139

1014 454 1213 510 ΒΕῡίΕ
1257 453 1692 510 VENERABILIS
1730 452 1875 507 OPP.
1920 450 2091 504 PARS

2233 448 2418 503 SICUT.
2542 476 2609 489 --
2650 449 3032 506 EXEGETICA
3070 452 3392 511 GENUINA.

3698 458 3790 513 N0

598 574 785 621 terent.
848 563 1100 618 Dicuntur
1151 574 1323 618 autem
1371 562 1637 617 Nicolaita‘.
1686 560 1927 631 quaedam
1978 560 2131 612 etiam
2174 561 2215 617 Λ
2246 557 2426 610 lictis?
2466 555 2680 622 Pet-des,
2714 558 2901 627 inquit,
2931 577 3099 615 omnes
3126 562 3213 632 qui
3268 562 3589 631 fornicamur
3610 565 3701 618 abs
3745 576 3787 619 ts

576 655 824 707 .rabulosa
855 662 907 707 et
936 667 1067 721 pene
1111 652 1325 720 gentilia
1349 651 1415 707 de
1443 651 1619 705 mundi
1644 650 1963 719 pradicasse
1992 648 2128 716 prin-

593 745 751 810 t‘ipio,
782 757 879 797 nec
914 741 981 797 ab
1024 743 1104 797 eis
1130 758 1246 810 qua
1277 742 1614 819 immolantur
1651 742 1800 796 cibos
1838 754 1961 796 suos
1986 754 2139 808 sepa-

595 847 760 888 ηεεθ.

670 922 896 975 Vincenti
922 922 1052 975 dabo
1080 937 1264 973 manna
1289 920 1653 975 absconditum.
1694 920 1791 986 Qui
1820 921 1999 975 carnis
2024 920 2138 974 ille-

592 1012 821 1078 cebram,
856 1011 1141 1079 hypocritis
1180 1011 1303 1064 licet
1347 1011 1704 1077 suadentibus,
1740 1010 2135 1079 contempserit,

586 1105 703 1171 jure
725 1106 1003 1159 dulcedine
1036 1105 1185 1173 panis
1212 1103 1514 1171 invisibilis,
1543 1104 1632 1174 qui
1656 1105 1722 1160 de
1744 1103 1881 1159 ctelo
1912 1104 2139 1158 descen-

591 1197 684 1261 dit,
715 1197 1063 1250 saturabitur.

664 1285 726 1338 Et
746 1286 872 1339 dabo
894 1287 969 1339 illi
990 1285 1235 1339 calculum
1255 1288 1545 1341 candidum.
1571 1285 1625 1339 ld
1657 1293 1757 1350 est,
1784 1300 1974 1350 corpus
1996 1300 2136 1340 nunc

591 1376 851 1443 baptismo
872 1375 1225 1440 candidatum,
1259 1386 1381 1429 tunc
1426 1376 1830 1444 incorruptionis
1864 1375 2029 1442 gloria
2063 1392 2143 1429 rc-

591 1466 815 1532 fulgens.

660 1554 725 1606 Et
753 1556 805 1607 in
830 1554 1022 1607 calculo
1073 1570 1247 1606 nomen
1285 1570 1461 1607 novum
1500 1556 1760 1621 scriptum.
1806 1554 1869 1608 Ut
1910 1555 1998 1607 liii
2048 1555 2138 1609 Dei

592 1644 995 1699 nominemur'et
1015 1647 1198 1698 simus.

663 1732 809 1797 Quod
848 1747 989 1785 nemo
1015 1733 1127 1795 scit,
1158 1734 1257 1784 nisi
1277 1734 1360 1800 qui
1404 1734 1606 1799 accipit.
1630 1732 1759 1799 Quia
1804 1734 1888 1799 qui
1917 1722 2061 1785 dicit
2086 1750 2138 1787 se

590 1834 733 1870 nosse
763 1817 942 1882 Deum,
973 1829 1021 1873 et
1046 1821 1281 1871 mandata
1329 1821 1439 1889 ejus
1476 1837 1574 1873 non
1622 1822 1873 1883 custodit,
1923 1824 2138 1875 mendas:

2243 643 2411 714 (Psal.
2442 647 2593 716 an).
2628 649 2690 701 Et
2728 648 2866 702 idem
2897 650 2990 718 qui
3018 650 3132 705 hac
3162 651 3304 705 audit
3334 652 3601 721 apostolus
3630 654 3786 709 Joan-

2242 750 2354 801 nes,
2400 750 2515 788 cum
2546 737 2612 790 de
2658 735 2801 791 falsis
2834 737 3085 794 fratribus
3114 741 3429 810 disputaret,
3457 743 3532 797 ita
3578 745 3789 799 conclu-

2239 825 2308 877 sit
2336 840 2350 877 :
2383 822 2582 891 Filioli,
2616 827 2873 897 inquiens,
2912 830 3168 884 custodite
3197 847 3282 886 vos
3310 849 3344 886 α
3409 833 3697 889 simulacris
3738 833 3788 905 (l

2239 910 2391 966 Joan.
2425 915 2500 983 v).

2321 1003 2467 1058 Vobis
2511 1016 2675 1059 autem
2735 1008 2846 1061 dico
2885 1017 2933 1062 et
2960 1011 3155 1063 cateris
3201 1014 3293 1081 qui
3349 1012 3609 1084 Thyatira
3654 1016 3784 1068 estis.

2240 1092 2388 1146 Sicut
2416 1094 2585 1161 impiis
2615 1096 2983 1162 panitentiam
3030 1098 3245 1165 suadet,
3285 1108 3340 1155 et
3390 1110 3596 1170 patiam
3628 1105 3789 1157 mina—

2243 1188 2348 1245 tur,
2366 1182 2442 1239 sic
2462 1184 2524 1236 ad
2558 1184 2858 1251 patientiam
2892 1187 3007 1254 pios
3035 1190 3272 1255 praemiis
3302 1189 3539 1245 hortatur
3560 1193 3786 1246 a~ternis.

2260 1286 2261 1289 ‘
2314 1273 2413 1339 Qui
2452 1291 2549 1328 non
2574 1286 2909 1345 cognoverunt
2952 1278 3249 1332 altitudines
3291 1279 3516 1345 Salaria,
3547 1290 3654 1336 etc.
3704 1282 3786 1335 Sic

2241 1371 2294 1415 et
2345 1364 2431 1431 qui
2509 1376 2799 1431 operantur
2864 1367 3246 1435 iniquitatem,
3317 1385 3420 1424 non
3474 1386 3787 1441 cognoscunt

2246 1450 2429 1514 Deum,
2466 1450 2588 1503 licet
2618 1452 2786 1520 ipsum
2830 1456 3137 1520 pradicent.
3176 1458 3284 1511 Hoc
3331 1460 3487 1513 modo
3525 1471 3578 1514 et
3623 1464 3783 1523 Deus.

2243 1528 2574 1601 licetomnes
2606 1545 2844 1621 noverit,
2880 1560 2983 1598 non
3015 1550 3263 1615 cognovit
3294 1551 3568 1618 operarios
3597 1554 3781 1622 iniqui-

2244 1630 2382 1681 tatis.
2656 1618 2659 1621 ’
3552 1635 3555 1639 ’

2315 1717 2434 1771 Non
2464 1719 2653 1771 mittam
2682 1735 2833 1789 super
2873 1736 2960 1774 vos
3006 1722 3149 1776 aliud
3173 1726 3394 1793 pondus,
3424 1738 3528 1782 etc.
3560 1727 3671 1783 Non
3699 1745 3780 1798 pa-

2244 1812 2343 1866 tiar
2390 1827 2482 1866 vos
2534 1813 2723 1866 tentari
2780 1830 2937 1882 supra
2968 1816 3017 1869 id
3067 1819 3206 1886 quod
3240 1822 3463 1888 potestis
3512 1825 3776 1879 sustinere.

588 1918 682 1960 (τοι.
706 1909 817 1963 Non
860 1911 996 1962 enim
1021 1921 1194 1977 gustat
1224 1912 1493 1981 hypocrita
1524 1927 1691 1979 quam
1720 1913 1893 1965 suavis
1933 1922 2011 1965 cst
2040 1915 2125 1965 Do-

2243 1902 2431 1955 Aliter.
2466 1903 2721 1955 Attendite
2742 1942 2761 1970 ,
2803 1904 2970 1973 inquit
2992 1945 3009 1970 ,
3039 1884 3529 1979 aifalsis‘propltetis
3567 1913 3775 1980 (Matth.

589 2013 783 2051 Illllllls.

674 2085 738 2138 Et
787 2087 963 2155 angelo
1040 2086 1293 2156 Thyatira
1354 2087 1593 2142 Ecclesia
1652 2090 1832 2143 scribe.
1889 2089 2139 2158 Thyatira

590 2176 901 2229 transfertur
930 2177 979 2229 in
1030 2176 1273 2230 hostiam.
1309 2178 1490 2231 Sancti
1515 2188 1688 2232 autem
1734 2179 1981 2233 exhibent
2022 2193 2139 2233 cor-

589 2282 714 2334 pora
743 2282 837 2320 sua
868 2268 1408 2322 liustiamviventem.

662 2355 786 2408 Hac
814 2356 999 2408 dieitF
1002 2358 1116 2409 ilius
1142 2357 1255 2423 Dei,
1282 2360 1364 2425 qui
1392 2359 1540 2410 habet
1562 2359 1729 2411 oculos
1758 2367 1961 2427 tanqum
1990 2362 2139 2428 ﬂam-

587 2449 899 2517 mamjgnis.
938 2449 1034 2513 Qui
1058 2460 1182 2503 sunt
1231 2452 1369 2505 oculi
1412 2450 1664 2515 ﬂammei,
1698 2451 1917 2507 inferius
1944 2457 2135 2519 aperit,

582 2539 802 2592 dicens:
837 2538 943 2610 Ego
983 2557 1096 2593 sum.
1146 2551 1373 2594 scrutaris
1418 2557 1559 2595 renes
1611 2552 1655 2595 et
1686 2546 1884 2615 corda:
1923 2554 1969 2597 et
2006 2544 2136 2598 dabo

578 2630 848 2695 unicuique
870 2639 1084 2682 vestrum
1113 2632 1400 2683 secundum
1432 2646 1580 2701 opera
1616 2643 1799 2685 vestra.

650 2714 716 2767 Et
745 2717 890 2786 pedes
931 2720 1041 2787 ejus
1087 2719 1273 2771 similes
1302 2719 1610 2771 aurichalco.
1650 2718 1715 2773 Et
1764 2720 1865 2775 hoc
1916 2722 2135 2789 exponit

581 2806 719 2875 quod
773 2807 927 2874 hujus
984 2808 1234 2865 Ecclesia:
1287 2808 1567 2862 novissima
1623 2810 1729 2864 sint
1776 2825 1936 2883 opera
1982 2811 2132 2880 plura

574 2896 860 2958 prioribus.

653 2986 758 3037 Sed
795 2986 949 3041 habeo
996 2988 1234 3043 adversus
1287 2999 1363 3057 te,
1408 2987 1525 3060 quia
1577 2992 1819 3059 permittis
1868 2992 2127 3046 mulierem

576 3072 820 3141 Jcsabel,
858 3086 956 3131 etc.
994 3077 1046 3131 In
1082 3089 1169 3132 tuo
1209 3080 1417 3148 quidem
1457 3097 1617 3149 opere
1643 3093 1695 3136 et
1724 3082 2129 3137 lidelaudabilis

578 3180 656 3231 es,
686 3168 778 3220 sed
803 3168 853 3220 in
878 3167 976 3223 hoc
998 3170 1528 3241 vituperabilis,~quia
1556 3173 2118 3239 pseudoapostolorum

577 3270 916 3328 synagogam,
944 3275 1063 3329 qua:
1090 3276 1147 3315 se
1175 3260 1527 3315 Christianam
1581 3265 1759 3329 tingit,
1817 3279 1919 3316 non
1973 3264 2126 3330 digna

579 3346 880 3400 invectione
910 3348 1200 3416 redarguis.
1232 3348 1431 3402 Nomen
1471 3350 1706 3415 Jezabel,
1736 3350 1881 3419 quod
1928 3352 2121 3407 ﬂuxum

578 3437 848 3503 sanguinis
895 3448 1068 3502 sonat,
1101 3439 1347 3493 convenit
1392 3440 1673 3494 haereticis.
1708 3442 1771 3494 Et
1822 3442 2122 3508 specialiter

581 3523 739 3576 luisse
768 3525 1045 3592 conjicitur
1066 3528 1253 3580 mulier
1270 3529 1319 3581 in
1340 3529 1641 3596 supradicta
1672 3529 1907 3582 Ecclesia
1925 3530 2122 3585 docens

581 3621 866 3665 memorata
894 3614 1139 3679 facinora,
1167 3631 1281 3684 quae
1322 3616 1486 3685 ﬁgura
1535 3627 1675 3670 esset
1707 3618 1866 3671 totius
1909 3617 2121 3675 chabel

580 3712 672 3764 per
696 3698 909 3765 orbem,
949 3702 1031 3756 cui
1078 3702 1234 3757 etiam
1266 3702 1595 3756 manifestam
1644 3705 1997 3761 comminatur
2044 3708 2123 3762 ul-

578 3788 793 3843 tionem.

649 3878 710 3933 Et
735 3880 968 3931 seducere
994 3895 1154 3932 servos
1186 3896 1339 3942 meos,
1382 3882 1649 3947 fornicari,
1674 3894 1775 3937 etc.
1806 3883 1995 3953 Utique
2023 3889 2119 3940 sub

575 3965 770 4016 Christi
795 3969 1005 4019 nomine
1048 3967 1439 4022 lornicationem
1486 3979 1539 4023 et
1588 3972 1932 4027 idololatriam
1966 3978 2119 4044 spiri-

576 4054 774 4106 tualem
832 4056 1072 4108 docebat.
1131 4056 1258 4109 Nam
1315 4060 1583 4126 quomodo
1634 4073 1813 4130 aperte
1862 4064 2115 4118 idolorum

576 4146 829 4197 culturam
875 4146 1109 4211 doceret,
1154 4161 1269 4215 qua:
1319 4150 1367 4201 in
1421 4147 1650 4205 Ecclesia
1703 4155 2010 4222 prophetam
2058 4169 2115 4210 se

576 4232 801 4284 dicebat.

647 4320 775 4375 Ecce
805 4322 943 4374 mitto
969 4339 1075 4375 eam
1098 4326 1148 4376 in
1179 4330 1379 4380 lectum.
1408 4327 1557 4381 Justo
1590 4332 1677 4384 Dei
1699 4331 1898 4397 judicio
1918 4333 2111 4401 agitur,

580 4422 633 4463 ut
665 4412 714 4462 in
748 4412 883 4464 lecto
930 4428 1099 4479 pinna:
1124 4414 1296 4481 jaceat
1334 4432 1542 4471 arteriae
1569 4458 1583 4483 ,
1633 4435 1748 4489 qua:
1802 4423 2022 4475 miseros
2064 4424 2114 4475 in

578 4500 710 4553 lecto
738 4500 963 4555 libidinis
986 4507 1191 4559 stravit.

644 4589 711 4643 Et
731 4589 863 4656 ﬁlios
883 4595 989 4661 ejus
1002 4592 1052 4644 in
1070 4603 1294 4649 mortem.
1321 4597 1484 4652 Filios
1505 4600 1589 4653 hic
1605 4602 2042 4668 posterioritatem
2061 4612 2115 4657 et

575 4695 732 4746 opera
765 4683 1276 4746 mulierisnomiuat,
1301 4687 1489 4751 quibus
1511 4701 1727 4741 mortem
1757 4706 1859 4744 non
1883 4706 2119 4745 momen-

577 4782 779 4826 t.meam
811 4776 1066 4841 corporis,
1095 4775 1184 4829 sed
1218 4777 1426 4841 animae,
1456 4779 1684 4833 minatur
1705 4789 1975 4834 aeternam.

644 4861 705 4913 Et
734 4863 887 4915 scient
917 4880 1082 4917 omnes
1109 4864 1349 4919 Ecclesia
1379 4871 1496 4935 quia
1519 4884 1607 4936 ego
1634 4886 1747 4921 sum
1783 4882 2009 4925 scrutans
2036 4888 2120 4925 re-

580 4967 665 5003 nes
695 4962 739 5004 et
786 4955 956 5006 corda.
1015 4955 1067 5007 ln
1126 4956 1365 5024 renibus,
1395 4958 1809 5024 delectationes;
1842 4964 1892 5013 in
1935 4965 2112 5030 corde,

573 5040 911 5107 cogitationes
941 5042 1213 5108 signiﬁcat.

643 5128 708 5181 Et
740 5130 869 5183 dabo
892 5130 1158 5199 unicuique
1186 5143 1401 5185 vestrum
1424 5151 1575 5203 opera
1597 5146 1776 5190 vestra.
1798 5138 1966 5205 Opera
1991 5152 2117 5205 ergo

544 5244 547 5247 -
578 5228 771 5283 nostra,
801 5227 854 5271 et
878 5219 1040 5282 dicta,
1073 5229 1292 5285 possunt
1320 5237 1440 5276 esse
1484 5235 1603 5277 nota
1635 5225 1975 5287 hominibus;
2023 5229 2113 5278 scd

577 5322 679 5371 quo
708 5309 892 5363 anima:
919 5308 1047 5360 fiant
1073 5318 1125 5361 et
1153 5323 1258 5377 quo
1282 5323 1374 5376 per
1400 5310 1489 5364 illa
1514 5315 1795 5379 pervenire
1823 5314 2112 5380 cupiamus,

581 5400 727 5451 solus
759 5399 845 5450 ille
894 5400 1034 5451 novit
1063 5398 1150 5466 qui
1199 5401 1448 5465 perSpiCit
1477 5399 1600 5467 quid
1632 5400 1852 5468 quisque
1892 5402 2113 5471 cogitet.

573 5487 694 5554 quid
744 5501 1004 5555 quemque
1049 5488 1293 5544 delectet.
1347 5488 1456 5555 Qua
1511 5498 1688 5543 autem
1737 5495 2113 5559 consequentia

577 5574 968 5627 fornicationem
995 5585 1044 5628 et
1074 5578 1441 5642 idololatriam,
1465 5595 1582 5648 qua:
1605 5581 1825 5633 crimina
1854 5592 1975 5636 sunt
2001 5598 2112 5637 ma-

576 5664 781 5729 nifesta,
825 5666 1045 5734 puniens
1097 5670 1416 5721 occultorum
1470 5671 1661 5724 dicitur
1705 5670 1983 5739 cognitor,
2016 5672 2114 5725 nisi

573 5758 691 5824 quia
725 5759 833 5811 hac
888 5762 937 5812 in
992 5757 1219 5812 minimis
1249 5761 1404 5813 etiam
1473 5772 1689 5829 possunt
1744 5763 1995 5831 appellari
2024 5766 2113 5817 de-

2244 1994 2361 2055 vn).
2394 1989 2507 2043 Non
2536 1994 2677 2045 enim
2713 2008 2812 2061 ego
2844 1996 2993 2049 vobis
3038 2011 3231 2052 novam
3274 2002 3432 2054 mitto
3477 2003 3775 2063 doctrinam.

2241 2077 2333 2130 sed
2364 2092 2518 2145 quam
2556 2082 2850 2147 accepistis,
2882 2092 3091 2138 servate
3120 2085 3171 2138 in
3202 2087 3377 2144 linem.

2314 2166 2413 2231 Qui
2435 2168 2564 2219 enim
2599 2169 2768 2223 vicerit
2798 2171 2950 2240 falsa,
2976 2182 3020 2225 ct
3043 2190 3150 2226 mea
3176 2179 3321 2240 iussa
3351 2181 3658 2245 custodierit,
3679 2196 3773 2237 etc.

2242 2251 2294 2305 In
2327 2252 2540 2307 thristu
2586 2256 2745 2311 habet
2773 2258 3007 2313 Ecclesia
3039 2261 3173 2316 hanc
3204 2276 3512 2331 potestatem
3548 2280 3771 2339 tanquam

2184 2362 2191 2371 κ
2239 2347 2495 2413 corpusin
2514 2350 2704 2414 capite.
2740 2350 2792 2401 in
2817 2365 2943 2417 quc,
2968 2355 3257 2410 secundum
3282 2360 3608 2428 Ajzostulum,
3635 2368 3773 2419 nttblS

2242 2430 2382 2485 Deus
2413 2435 2590 2486 omnia
2616 2437 2832 2489 donavit
2866 2438 3039 2505 (llam.
3071 2444 3208 2512 vni).

2311 2519 2379 2574 Et
2402 2532 2534 2591 reget
2564 2523 2676 2577 ilius
2704 2527 2755 2576 in
2776 2528 2915 2596 virga
2944 2533 3124 2597 ferrea.
3151 2533 3421 2589 inﬂexibili
3439 2538 3633 2605 justitia
3656 2545 3772 2609 regit

2244 2611 2423 2679 mites,
2452 2622 2510 2667 ut
2558 2613 2779 2669 fructum
2816 2620 2931 2686 plus
2970 2622 3231 2689 allerant;
3264 2626 3635 2684 destruit‘vero
3661 2649 3771 2686 con-

2238 2708 2489 2765 tumaces,
2539 2698 2701 2757 ut'vel
2746 2703 2795 2757 iu
2827 2720 3082 2763 aeternum
3112 2724 3349 2779 pereant,
3382 2716 3461 2770 vel
3509 2731 3770 2774 conteran-

2242 2795 2326 2840 tur
2350 2790 2400 2841 in
2413 2789 2489 2843 eis
2503 2793 2816 2858 cupiditates
2840 2805 3085 2867 terrente,
3112 2810 3165 2854 et
3182 2805 3375 2857 veteris
3404 2806 3628 2862 hominis
3646 2811 3765 2863 lutu-

2236 2874 2375 2930 lenta
2406 2881 2635 2947 negotia,
2666 2885 3016 2954 quidquidde
3058 2902 3394 2967 peccatorum
3426 2898 3548 2952 limo
3571 2908 3765 2953 contra-

2233 2976 2374 3020 ctum
2406 2979 2560 3038 atque
2587 2972 2827 3028 inolitum
2857 2988 2959 3030 est.

2238 3104 2250 3114 ,
2302 3057 2369 3109 Et
2395 3058 2524 3112 dabo
2560 3063 2636 3114 illi
2664 3066 2858 3119 stellam
2902 3078 3225 3124 insalutatam.
3256 3071 3496 3129 Christus
3526 3086 3605 3129 est
3631 3078 3761 3131 stella

2239 3148 2511 3214 matutina,
2545 3154 2654 3219 qui,
2690 3166 2845 3209 nocte
2893 3160 3073 3213 seculi
3127 3170 3410 3231 transacta,
3463 3166 3626 3220 lucem
3660 3169 3763 3222 vita:

2238 3239 2433 3292 sanctis
2465 3242 2715 3308 promittit
2743 3252 2797 3297 et
2825 3248 3005 3313 pandit
3033 3258 3302 3306 uernam.

2840 3356 3061 3412 CAPUT
3100 3360 3185 3413 Ill.

2300 3418 2364 3471 Et
2408 3422 2588 3487 angelo
2618 3421 2855 3476 Ecclesia
2895 3426 3078 3480 Sardis
3108 3431 3285 3483 scribe.
3321 3432 3466 3487 llunc
3496 3438 3756 3504 angelum,

2230 3507 2282 3560 id
2334 3516 2416 3561 est
2434 3512 2769 3563 sacerdotem
2817 3514 2990 3567 minus
3030 3517 3275 3572 solertem
3322 3520 3378 3573 in
3417 3524 3565 3577 malis
3612 3528 3757 3578 corri-

2227 3595 2410 3664 geudis
2445 3600 2633 3665 arguit.
2662 3598 2933 3665 Quosdam
2968 3614 3141 3658 tamen
3186 3607 3237 3659 in
3267 3608 3403 3663 albis
3446 3612 3758 3667 ambulantes

2227 3686 2421 3741 habere
2459 3688 2740 3755 collaudat,
2769 3692 2960 3759 quibus
2990 3708 3180 3747 nomen
3217 3696 3409 3751 Sardis
3441 3700 3623 3769 lapidis
3665 3705 3754 3756 uti-

2224 3791 2324 3839 que
2351 3780 2562 3843 pretiosi
2589 3783 2851 3848 congruit.

2294 3865 2414 3917 Scio
2441 3884 2590 3933 apera
2618 3880 2722 3932 tua,
2739 3873 2855 3939 quia
2884 3888 3065 3926 nomen
3086 3874 3236 3928 habes
3255 3870 3392 3945 quod
3412 3881 3559 3946 nicas,
3580 3893 3624 3935 et
3640 3899 3753 3936 tuor-

2224 3962 2335 4005 tuus
2362 3969 2433 4007 es.
2459 3956 2570 4009 Tibi
2594 3960 2801 4023 quidem
2826 3963 2977 4015 vivus
3004 3976 3126 4017 esse
3156 3964 3372 4031 videris,
3404 3969 3493 4022 sed
3520 3972 3561 4023 si
3590 3987 3685 4024 non
3708 3972 3754 4025 in

2225 4058 2501 4107 pravorum
2531 4047 2859 4102 correctione
2883 4052 3210 4117 vigilaveris,
3238 4054 3347 4122 iam
3380 4058 3511 4112 inter
3538 4070 3752 4114 mortuos

2221 4135 2626 4200 cotnputaberis.

2290 4222 2409 4274 Non
2463 4226 2593 4276 enim
2652 4227 2845 4285 invenio
2896 4243 3050 4295 opera
3104 4240 3193 4284 tua
3232 4234 3385 4301 plena
3439 4254 3603 4292 coram
3658 4239 3747 4292 Deo

2218 4326 2344 4364 meo.
2368 4314 2521 4366 Plena
2551 4329 2729 4367 coram
2756 4316 2859 4368 Deo
2882 4334 2984 4371 non
3007 4329 3130 4373 sunt
3155 4336 3314 4389 opera
3338 4328 3570 4391 rectoris,
3597 4327 3637 4380 si
3658 4343 3744 4380 non

2217 4410 2267 4452 et
2288 4412 2509 4456 caeteros
2535 4404 2762 4457 excitare
2799 4410 3145 4480 contenderit,
3188 4417 3428 4481 quamvis
3480 4420 3748 4470 hominibus

2220 4490 2463 4542 innoxius
2489 4504 2606 4545 esse
2635 4493 2890 4547 videatur.

2298 4577 2505 4630 Veniam
2531 4581 2597 4630 ad
2622 4589 2667 4633 te
2696 4591 2931 4649 tanquam
2962 4586 3075 4653 fur.
3103 4588 3246 4643 Sicut
3277 4592 3327 4645 in
3350 4595 3643 4663 evangelica
3670 4609 3745 4660 pa-

2226 4668 2405 4720 rabola
2446 4707 2461 4732 ,
2515 4672 2590 4722 sic
2634 4678 2687 4722 et
2730 4672 2813 4725 hic
2844 4677 3085 4743 exemplo
3116 4678 3245 4732 furis
3273 4683 3527 4745 cavendi,
3557 4683 3743 4749 vigilare

2111 4787 2123 4793 ι
2219 4766 2528 4822 praemonet.

2290 4846 2393 4897 Sed
2434 4846 2581 4899 habes
2619 4864 2781 4913 pauca
2816 4853 3017 4906 nomina
3043 4857 3098 4907 in
3140 4856 3324 4912 Sardis
3362 4862 3451 4928 qui
3470 4877 3563 4913 non
3593 4863 3736 4927 inqui-

2219 4950 2457 4989 naverunt
2480 4940 2766 4992 vestimenta
2791 4959 2906 4997 sua.
2936 4945 3046 5000 Non
3079 4948 3209 5002 dixit
3238 4966 3456 5018 paucos,
3481 4958 3568 5005 sed
3600 4968 3737 5020 pauca

2222 5026 2453 5079 nomina.
2487 5027 2732 5097 l’roprias
2779 5034 2918 5087 enim
2948 5018 3074 5089 oves
3108 5049 3259 5091 vocat
3292 5043 3623 5101 nominatim;
3663 5040 3734 5108 qui

2221 5119 2430 5187 Moysen
2465 5123 2607 5175 novit
2632 5139 2699 5175 ex
2745 5128 2954 5180 nomine
2978 5167 2993 5193 ,
3028 5138 3080 5181 et
3107 5144 3321 5183 suorum
3354 5136 3561 5185 nomina
3585 5135 3740 5185 scritnt

2220 5212 2269 5264 in
2300 5215 2437 5265 caelo
2462 5225 2767 5270 sanctorum

2288 5305 2385 5368 Qui
2421 5305 2591 5357 vicerit
2617 5346 2630 5369 ,
2658 5308 2729 5358 sic
2770 5312 2998 5363 vestietur
3043 5316 3350 5368 i.stintentis
3382 5315 3528 5367 albis.
3572 5314 3739 5368 Omnes

2216 5398 2280 5448 ad
2347 5399 2556 5450 illorum
2628 5411 2876 5463 provocat
2943 5402 3176 5457 habitam
3256 5403 3346 5471 qui
3419 5403 3737 5457 holusericain

2220 5487 2461 5554 baptismi
2494 5489 2798 5545 inviolatam
2829 5477 3192 5547 servaverunt.

2286 5575 2349 5627 Et
2396 5578 2571 5646 angelo
2614 5578 2986 5650 Philadelphia
3028 5584 3263 5635 Ecclesia
3287 5584 3466 5637 scribe.
3499 5584 3735 5639 Philadcl-

2217 5669 2351 5737 phia,
2381 5672 2586 5727 dilectio
2616 5673 2839 5727 fraterna
2885 5678 3278 5743 interpretatur,
3317 5680 3407 5744 qui
3432 5680 3585 5746 janua
3608 5678 3733 5745 regni

2218 5762 2467 5829 aperitur,
2500 5773 2553 5818 et
2580 5780 2609 5817 a
2642 5764 2864 5818 Domino
2890 5765 3033 5834 diligi
3068 5765 3403 5834 promittitur.
