3934 6222
274 428 384 489 ist

1249 451 1675 512 ΕΧΡίιΑΝᾹΤῐΟ
1711 458 2187 522 APOCALYPSIS.
2229 501 2294 513 —-
2334 476 2458 530 LIB.
2502 478 2535 531 i.

3389 498 3488 552 ΝΞ

353 542 484 597 Πιεε
506 546 628 599 dicit
660 559 857 605 sanctus
878 562 923 606 et
946 570 1119 622 verus,
1143 560 1227 627 qui
1256 562 1400 614 habet
1429 565 1615 619 clavem
1642 565 1834 621 David.
1866 576 1912 630 Λ
1944 573 2108 628 tribus
2135 581 2371 637 amabilis
2396 584 2619 650 Domini.
2638 590 2750 645 sive
2773 593 2981 651 fuerunt
3001 598 3050 653 in
3075 604 3293 659 vomitu.
3322 607 3482 663 Erant

266 629 328 681 Id
363 644 443 686 cst
475 638 668 704 regiam
702 650 1029 708 potestatem.
1063 649 1185 715 quia
1213 651 1329 702 sive
1353 667 1418 705 ex
1467 655 1627 708 David
1660 659 1822 723 stirpe

266 731 453 787 natus,
488 727 597 779 sive
626 730 743 796 quia
768 732 1037 799 prophetia
1072 738 1258 804 David,
1282 741 1477 797 Christi
1506 755 1590 799 est
1615 747 1832 816 dispen-

261 815 489 869 satione
516 820 792 879 patefacta.
836 884 841 890 D

349 902 451 967 Qui
476 909 652 973 aperit,
682 918 730 963 et
772 928 915 968 nemo
945 916 1167 981 claudit,
1198 927 1299 982 etc.
1336 920 1489 990 Legis
1530 924 1718 978 divinae
1743 942 1828 982 se-

256 1004 417 1046 creta
465 998 627 1050 solius
654 998 846 1053 Christi
894 1013 1149 1070 potestate
1192 1008 1491 1075 panduntur
1535 1012 1821 1080 fidelibus,

257 1083 587 1141 clauduntur
616 1089 932 1146 infidelibus.
1064 1088 1066 1090 ⁷

342 1172 475 1226 Ecce
526 1177 641 1229 dedi
693 1195 861 1233 coram
912 1191 959 1235 te
1002 1186 1184 1238 ostium
1230 1200 1479 1259 apertum,
1502 1201 1605 1247 etc.
1652 1195 1819 1251 Janua

255 1262 504 1315 scientiae
531 1266 781 1332 cmlestis,
814 1286 967 1337 quam
1001 1274 1245 1331 Ecclesia:
1276 1283 1653 1340 sure'Christus
1683 1303 1817 1358 ape-

253 1353 394 1415 ruit,
428 1353 616 1409 nullius
648 1374 870 1425 unquam
905 1362 950 1414 vi
979 1374 1070 1418 aut
1099 1368 1215 1421 nisu
1249 1374 1603 1437 praecluditur.

337 1443 473 1506 Quia
494 1448 736 1500 modicam
756 1449 906 1503 habes
927 1456 1176 1519 virtutem,
1194 1468 1297 1513 etc.
1314 1464 1536 1518 Causam
1559 1470 1813 1535 ostendit,

248 1536 407 1599 quod
440 1536 556 1590 ideo
586 1538 697 1592 haec
726 1541 860 1595 dona
886 1558 1247 1611 promereatur
1276 1554 1528 1622 Ecclesia,
1562 1561 1682 1626 quia
1710 1576 1812 1616 non

246 1622 306 1674 in
344 1626 457 1678 suis
489 1628 715 1693 viribus,
748 1633 839 1686 sed
871 1636 920 1686 in
954 1639 1092 1706 regis
1137 1639 1330 1695 Christi
1359 1650 1521 1712 gratia
1551 1622 1768 1706 confidit
1798 1694 1812 1715 .

244 1712 481 1783 lausque
528 1730 607 1772 est
656 1727 974 1791 protegentis
1007 1728 1095 1783 Dei
1142 1739 1195 1785 et
1223 1732 1519 1789 devotionis
1564 1739 1811 1797 Ecclesia:

239 1806 403 1870 quod
452 1809 667 1864 modica:
714 1812 829 1867 fidei
874 1820 1137 1882 aperiatur
1187 1824 1377 1877 ostium
1428 1824 1712 1895 vincendi,
1754 1842 1808 1886 et

238 1898 399 1961 quod
430 1901 630 1953 modica
657 1902 823 1955 virtus
850 1904 954 1960 fide
986 1908 1277 1965 roboretur.

321 1986 461 2039 Ecce
507 1990 634 2042 dabo
671 1993 732 2045 de
777 2011 1034 2066 synagoga
1061 1996 1297 2066 Satanae,
1323 2005 1409 2070 qui
1435 2006 1608 2089 dicunt
1633 2024 1685 2061 se
1708 2007 1807 2062 Ju-

234 2074 390 2127 deos
420 2093 544 2141 esse,
568 2090 613 2133 et
641 2098 738 2135 non
767 2094 902 2138 sunt.
937 2087 1045 2141 Hoc
1073 2092 1214 2144 omni
1246 2093 1494 2151 Ecclesiae
1526 2109 1649 2155 tunc
1680 2117 1805 2171 pro-

236 2168 418 2228 misit,
454 2169 571 2235 quia
602 2186 701 2224 non
737 2173 1110 2246 Philadelphia;
1141 2192 1340 2241 tantum
1370 2192 1706 2249 crediderunt
1739 2213 1802 2251 ex

232 2252 525 2324 Synagnga
554 2257 1032 2330 Judaeorum,sicut
1079 2271 1130 2324 in
1179 2276 1394 2332 Actibus
1438 2285 1799 2349 apostolorum

230 2360 567 2403 invenimus.

310 2434 571 2497 Quoniam
597 2444 800 2496 servasti
827 2448 1027 2501 verbum
1056 2453 1311 2517 patientia:
1342 2475 1462 2515 mea:
1484 2503 1498 2524 ,
1528 2476 1629 2519 etc.
1658 2468 1799 2532 Quo-

225 2525 385 2578 niam
415 2532 709 2599 exemplum
742 2551 912 2592 meum
944 2547 1167 2599 servasti
1198 2549 1247 2599 in
1278 2550 1515 2609 adversis
1568 2561 1796 2617 toleran-

222 2613 312 2666 dis
342 2657 359 2679 ,
393 2627 445 2669 et
488 2636 586 2687 cgo
638 2631 687 2677 te
737 2625 962 2684 vicissim
1014 2635 1081 2687 ah
1128 2637 1519 2700 imminentibus
1570 2634 1792 2708 servabo

223 2711 531 2783 pressaris;
561 2728 661 2766 non
700 2717 907 2784 quidem
939 2733 997 2775 ut
1025 2741 1127 2780 non
1160 2735 1373 2787 tenteris
1395 2775 1409 2795 ,
1442 2738 1535 2791 sed
1579 2751 1635 2794 ut
1686 2760 1791 2799 non

218 2799 464 2851 vincaris
493 2802 745 2860 adversis.
768 2809 831 2863 Et
857 2812 972 2867 licet
1002 2817 1229 2874 Ecclesia
1253 2836 1461 2889 semper
1479 2844 1789 2889 exerceatur

212 2886 499 2951 adversis.
532 2903 699 2958 pOtest
727 2905 894 2953 tamen
927 2901 1012 2957 hic
1042 2907 1166 2963 hora
1199 2916 1501 2970 tentationis
1532 2929 1583 2973 et
1614 2922 1783 2977 humi-

214 2978 379 3030 liatio
408 2979 704 3036 .lndzeornm
734 2988 832 3041 sub
859 2999 1093 3059 tempore
1138 3000 1445 3057 Antichristi
1476 3008 1783 3081 signiﬁcari,

213 3077 274 3117 ut
301 3068 444 3120 sicut
475 3070 524 3121 in
558 3076 892 3139 sequentibus
937 3080 989 3133 in
1040 3096 1190 3138 sexto
1237 3092 1428 3157 saepius
1468 3098 1673 3162 ordine,
1704 3102 1780 3157 sic

208 3164 265 3205 ct
302 3156 392 3208 hic
420 3160 469 3209 in
502 3174 650 3214 sexto
679 3167 863 3230 angelo
892 3174 1173 3229 novissima
1205 3186 1499 3247 persecutio
1532 3188 1775 3261 designe«

208 3255 320 3297 tur.
381 3245 436 3298 in
480 3264 579 3315 qua
627 3256 833 3319 quidem
876 3259 1177 3319 .iudzeornm
1207 3245 1346 3325 Vmali
1397 3245 1691 3345 decipiendi
1721 3294 1775 3338 et

205 3334 519 3404 deceptnri,
550 3341 637 3393 alii
683 3356 856 3399 autem
904 3350 1028 3404 Elia:
1062 3358 1232 3424 magni
1265 3365 1528 3429 propheta:
1559 3372 1772 3426 monitis

206 3422 386 3491 legem
416 3430 757 3494 spiritualiter
784 3437 1117 3508 intellecturi,
1148 3458 1201 3499 et
1231 3450 1479 3508 Ecclesia:
1520 3462 1769 3515 membris

202 3515 573 3583 incorporati,
606 3526 893 3579 creduntur
923 3529 1127 3585 hostem
1174 3537 1375 3593 fortiter
1403 3560 1523 3598 esse
1554 3549 1765 3606 victuri.

273 3601 414 3657 Ecce
433 3608 575 3660 venio
598 3612 712 3663 cito.
738 3613 892 3682 Tene,
913 3623 1048 3682 quod
1074 3624 1238 3687 habes,
1265 3640 1367 3682 etc.
1394 3634 1469 3685 Ne
1492 3640 1766 3695 tolerando

1936 664 2075 717 enim
2119 665 2192 720 ibi
2236 678 2288 724 et
2312 674 2498 740 quibus
2526 676 2763 734 diceret:
2791 681 3043 752 Incipiant
3086 702 3134 745 te
3173 710 3394 753 evomere
3425 720 3485 753 ex

1934 771 2020 807 ore
2045 773 2175 811 meo.
2227 761 2295 815 Et
2339 767 2527 832 quibus
2572 769 2696 825 item
2728 790 2742 826 :
2771 774 2879 843 Ego
2922 796 3046 848 quos
3090 800 3224 849 amo,
3250 805 3411 858 arguo
3436 806 3484 845 et

1930 848 2141 917 castigo.
2174 851 2247 906 Ex
2279 854 2465 912 Graeco
2502 871 2677 917 autem
2709 869 2928 934 populus
2951 870 3125 939 justus
3158 876 3473 949 interpreta-

1929 946 2033 991 tur.

2000 1027 2125 1083 Ha'c
2152 1033 2273 1086 dicit
2299 1038 2475 1104 Amen,
2506 1045 2640 1097 testis
2665 1047 2835 1113 ﬁdelis
2867 1062 2916 1105 et
2970 1070 3132 1122 verus,
3165 1070 3271 1117 etc.
3307 1064 3472 1121 Amen

1926 1131 2049 1173 vere
2076 1121 2187 1175 sive
2232 1124 2454 1182 fideliter
2495 1130 2891 1201 interpretatur.
2924 1144 3163 1204 Christus
3204 1167 3349 1221 ergo,
3383 1162 3470 1226 qui

3266 1207 3293 1221 ι,
3338 1207 3349 1217 π

1924 1207 2080 1261 estin
2108 1210 2399 1270 divinitatis
2444 1225 2667 1277 essentia
2713 1228 2928 1294 veritas,
2959 1251 3052 1302 per
3098 1238 3472 1302 incarnationis

1924 1302 2229 1367 mysterium
2274 1306 2581 1377 principium
2612 1329 2867 1374 creatura:
2913 1324 3001 1379 Dei
3052 1327 3239 1385 factum
3269 1350 3325 1389 se
3351 1352 3470 1393 esse

1921 1397 2321 1459 Commemorat,
2373 1406 2427 1450 ut
2456 1415 2548 1465 per
2578 1404 2690 1459 haec
2714 1410 2777 1462 ad
2809 1412 3133 1472 tolerantiam
3164 1426 3465 1490 passionum

1919 1477 2210 1536 conformet
2240 1485 2556 1571 Ecclesiatn;

1988 1564 2109 1621 Scio
2138 1588 2287 1640 opera
2314 1585 2424 1643 tua,
2445 1565 2563 1650 quia
2591 1603 2750 1657 neque
2786 1597 3001 1669 frigidus
3028 1618 3100 1667 es,
3141 1621 3296 1677 neque
3339 1614 3463 1665 cali-

1916 1656 2031 1721 dus,
2056 1672 2156 1714 etc.
2202 1664 2308 1719 Nec
2337 1668 2386 1720 in
2421 1671 2521 1725 fide
2552 1656 2785 1733 fervidus
2812 1698 2891 1751 es,
2925 1705 3021 1743 nec
3054 1694 3103 1745 in
3150 1656 3312 1751 toium
3342 1702 3465 1754 infi-

1915 1745 2065 1799 delis.
2095 1750 2239 1815 Quod
2282 1753 2324 1807 si
2364 1758 2533 1815 adhuc
2564 1763 2787 1822 infidelis
2820 1745 2989 1837 esses.
3022 1745 3311 1839 aiatait;
3338 1745 3460 1856 έρρς

1913 1841 2249 1894 convertendi
2299 1859 2566 1914 maneret;
2620 1870 2756 1910 nunc
2802 1876 2928 1915 vero
2967 1868 3082 1933 quia
3137 1873 3457 1931 voluntatem

2439 1901 2444 1902 ,
2495 1901 2566 1914 μ,
2621 1901 2756 1910 --ν-,ν
2813 1901 2928 1915 .ν.υ
2967 1901 3082 1933 qum
3142 1901 3457 1931 vutuutalleltl

1840 1901 1885 1960 Β
1914 1925 2142 1997 Domini,
2171 1948 2325 2002 quam
2364 1945 2686 2014 cognovisti,
2721 1966 2822 2004 non
2874 1954 3022 2023 facis,
3058 1960 3123 2013 de
3172 1964 3458 2021 visceribus

1912 2016 2158 2077 Ecclesize
2188 2040 2323 2081 meae
2354 2031 2664 2101 projicieris.

1981 2110 2109 2176 Quia
2133 2114 2258 2169 dicis
2277 2123 2410 2186 quod
2434 2126 2569 2180 dives
2590 2146 2720 2196 situt,
2750 2144 2797 2185 et
2823 2136 3170 2209 locupletatus,
3195 2159 3295 2201 etc.
3330 2150 3452 2207 Sola

1909 2197 2007 2251 fide
2032 2214 2327 2273 contentus,
2355 2209 2576 2279 jusdtiae
2604 2220 2696 2272 tibi
2727 2221 2915 2279 frustra
2950 2230 3159 2287 divitias
3207 2254 3451 2308 usurpas.

1904 2290 1996 2343 sed
2027 2292 2071 2346 si
2098 2309 2223 2350 vere
2249 2298 2395 2354 dives
2422 2317 2538 2359 esse
2568 2308 2854 2379 desideras,
2888 2316 3145 2376 fervorem
3176 2330 3449 2385 charitatis

1904 2396 2261 2446 pressurarum
2303 2391 2509 2448 ﬂamma
2544 2400 2851 2466 probatum.
2883 2407 3150 2468 derelictis
3180 2421 3446 2487 omnibus,

1900 2489 2036 2539 eme,
2069 2490 2223 2547 atque
2249 2484 2427 2539 oculos
2459 2492 2646 2544 mentis
2682 2509 2785 2548 non
2817 2500 2975 2553 stibio
3008 2503 3210 2561 fallacis
3232 2511 3445 2575 jactan-

1901 2564 2000 2628 titn,
2034 2570 2124 2623 sed
2155 2571 2341 2627 divina:
2382 2578 2616 2636 scientia:
2661 2600 2893 2658 perunge
2933 2595 3173 2665 collyrio.
3204 2601 3446 2673 Collyrio

1895 2656 2074 2710 oculos
2102 2660 2379 2729 inungere,
2414 2677 2494 2720 est
2522 2677 2858 2732 exsecutione
2888 2681 3006 2736 boni
3039 2688 3214 2753 operis
3246 2690 3441 2749 intelli-

1892 2748 2118 2812 gentiam
2150 2752 2427 2819 Scriptnras
2458 2774 2653 2817 sancta:
2686 2774 2997 2831 promereri.

1962 2835 2071 2907 Ego
2098 2856 2219 2907 quos
2262 2861 2396 2904 amo.
2425 2865 2585 2920 arguo
2630 2865 2675 2905 et
2713 2861 2919 2930 castigo.
2970 2864 3045 2918 Ne
3075 2870 3300 2940 refugias
3330 2880 3436 2943 pati

2838 2924 2857 2930 _
3190 2924 3237 2940 0,
3262 2924 3295 2927 νὴ
3331 2924 3434 2943 τῇ--

1888 2924 2133 2995 adversa,
2165 2946 2281 2985 cum
2343 2937 2442 2992 hoc
2488 2944 2713 3010 speciale
2761 2949 2830 3002 sit
2881 2952 3126 3012 indicium
3182 2967 3346 3019 amari
3406 2984 3434 3019 a

1890 3017 2127 3075 Domino.

1953 3108 2222 3169 1Emulure
2261 3135 2379 3189 ergo
2419 3132 2464 3175 et
2498 3129 2832 3195 paenitentiam
2860 3152 2969 3204 age.
3005 3140 3241 3197 Ostendit
3274 3147 3432 3203 fuisse

1883 3198 1991 3255 illic
2020 3205 2106 3271 qui
2136 3212 2413 3265 :rmulandi
2444 3223 2808 3290 sequendique
2841 3226 3078 3286 fuissent.

1950 3291 2081 3346 Ecce
2118 3306 2197 3353 sto
2235 3303 2301 3351 ad
2344 3305 2525 3358 ostium
2568 3320 2615 3361 ct
2657 3315 2822 3375 pulso,
2850 3327 2951 3373 etc.
2986 3323 3186 3379 Ostium
3218 3331 3425 3394 quidem

1875 3382 2046 3435 cordis
2077 3385 2149 3438 tui
2197 3388 2575 3447 exhortationis
2618 3399 2831 3455 dextera
2880 3408 3027 3472 pulso
3048 3453 3060 3473 ,
3090 3428 3244 3481 quam
3272 3422 3315 3471 si
3350 3422 3420 3473 ii-

1874 3467 2057 3523 benter
2078 3478 2359 3541 receperis,
2382 3496 2463 3534 me
2486 3482 2835 3546 inhabitatore
2853 3503 2907 3546 et
2928 3467 3209 3559 cohterede
3230 3507 3419 3577 dignus

1872 3557 2168 3618 habeberis.

1940 3650 2038 3711 Qui
2065 3655 2260 3721 vicerit,
2298 3662 2427 3715 dabo
2461 3666 2507 3718 ei
2544 3669 2718 3725 sedere
2748 3690 2934 3729 mecum
2973 3679 3023 3733 in
3065 3682 3245 3738 throno
3283 3706 3411 3743 meo.

200 3693 489 3748 l.-55escas.
541 3701 658 3753 Cito
704 3705 843 3758 enim
887 3710 1201 3777 auxiliabor',
1236 3733 1300 3771 ne
1344 3718 1498 3789 forte,
1537 3737 1586 3780 te
1634 3731 1789 3783 defi-.

196 3781 397 3848 ciente,
442 3787 579 3840 alius
625 3791 715 3844 tibi
747 3795 1009 3851 decretam
1039 3803 1260 3872 accipiat
1309 3792 1630 3870 mercedem.
1674 3820 1761 3875 Sic

196 3885 508 3930 sanctorum
540 3895 834 3949 numerum,
861 3892 948 3956 qui
987 3894 1120 3958 apud
1156 3898 1317 3951 Deum
1366 3904 1496 3956 fixus
1521 3918 1623 3971 est,
1653 3911 1754 3964 im-

196 3966 453 4029 possibile
469 3979 548 4023 est
568 3971 884 4028 zizaniorum
900 3985 1245 4038 crescentium
1267 3991 1482 4053 perfidia
1501 3997 1751 4054 breviari.

190 4053 247 4106 Si
278 4057 423 4108 enim
474 4073 668 4115 corona
714 4064 864 4120 alteri
915 4072 1150 4126 tradatur
1199 4079 1410 4147 amissa,
1449 4100 1550 4139 non
1604 4101 1753 4163 vacat

190 4141 338 4163 I----_
382 4146 421 4163 —9
472 4162 479 4163 κ
590 4150 601 4162 ⁹
756 4154 769 4163 “
925 4161 933 4163 “

190 4141 341 4195 locus
374 4146 489 4213 ejus
518 4150 604 4216 qui
632 4154 769 4218 quod
800 4161 1010 4214 tenebat
1036 4166 1235 4219 amisit.

264 4234 368 4300 Qui
416 4239 607 4303 vicerit,
635 4244 821 4306 faciam
850 4247 995 4302 illum
1021 4256 1301 4312 columnam
1346 4264 1397 4315 in
1438 4268 1623 4335 templo
1656 4270 1748 4325 Dei

189 4324 311 4386 mei,
345 4329 452 4379 e'tc.
484 4328 584 4393 Qui
605 4333 819 4388 adversa
849 4352 1061 4408 propter
1084 4361 1168 4401 me
1193 4348 1464 4417 devicerit,
1486 4358 1747 4423 gloriosus

189 4412 241 4465 in
274 4417 478 4481 templo
503 4416 749 4476 Ecclesia:
778 4428 974 4481 nullam
1020 4436 1355 4493 adversitatis
1386 4445 1587 4500 timebit
1613 4452 1741 4505 ultra

180 4504 464 4572 iacturam.
523 4510 611 4565 lite
657 4517 947 4583 columna),
979 4524 1030 4577 id
1082 4538 1197 4591 est,
1230 4536 1399 4586 sancti
1448 4538 1565 4601 viri,
1601 4557 1737 4597 nuttc

184 4598 496 4660 sustinendo
547 4602 829 4659 Ecclesium
877 4614 1137 4676 muniunt.
1170 4629 1289 4690 tunc
1335 4626 1615 4683 eminendo
1645 4635 1736 4687 de-

182 4694 392 4751 corant,
434 4690 569 4742 sicut
617 4693 720 4747 illa:
756 4694 873 4750 dua:
919 4700 970 4753 itt
1020 4703 1218 4761 foribus
1270 4714 1447 4781 templi
1495 4714 1733 4775 Salomo-

1864 3736 2233 3799 Cunfessorem
2285 3756 2592 3823 participem
2642 3762 2770 3816 dicit
2818 3773 3093 3833 potestatis
3131 3786 3182 3828 et
3206 3778 3406 3843 judicii.

1865 3828 1963 3891 Qui
1988 3837 2270 3903 consedere,
2304 3844 2486 3911 inquit,
2514 3842 2602 3901 nos
2632 3852 2747 3920 fecit
2779 3856 2830 3907 in
2862 3861 3138 3917 caelestibus
3174 3867 3225 3919 in
3262 3868 3411 3923 Citri-

1858 3932 1954 3973 610.

1926 4011 2071 4065 Sicut
2106 4027 2151 4070 et
2193 4035 2281 4090 ego
2314 4025 2430 4087 uici,
2458 4038 2504 4079 et
2536 4032 2643 4084 sedi
2674 4050 2785 4087 cum
2822 4037 2978 4095 Patre
3013 4062 3117 4100 meo
3143 4049 3194 4100 in
3226 4052 3406 4107 throno

1853 4107 1978 4171 ejus.
2027 4106 2247 4165 Vinceus
2280 4116 2530 4173 Dominus
2576 4124 2625 4177 in
2677 4128 2865 4181 throno
2894 4149 3013 4187 cum
3048 4138 3202 4194 Patre
3238 4146 3393 4209 sedit,

1851 4194 1967 4258 quia
1998 4208 2114 4263 pest
2158 4205 2416 4267 passionis
2445 4216 2730 4269 certamina
2754 4258 2767 4280 ,
2801 4233 2915 4287 post
2962 4226 3187 4292 palmum
3219 4248 3394 4288 resur-

1850 4289 2117 4355 rectionis,
2146 4294 2337 4349 clarius
2366 4315 2423 4353 se
2454 4305 2695 4360 omnibus
2742 4315 2880 4377 quod
2929 4324 3171 4382 potestati
3224 4323 3394 4380 Patris
3454 4398 3461 4404 1

1846 4386 1985 4429 esset
2030 4385 2243 4448 mqnalis
2288 4389 2553 4447 indicavit.
2603 4396 2731 4450 Nota
2783 4400 2833 4454 in
2879 4406 3098 4475 singulis
3139 4411 3392 4468 Ecclesiia

1846 4469 2012 4529 primo
2060 4471 2345 4532 Dominum
2383 4497 2528 4537 suam
2579 4488 2811 4544 indicare
2868 4498 3174 4563 potentiam,
3200 4502 3433 4565 dehinc,

1771 4572 1820 4629 ι)
1844 4569 2001 4621 opera
2044 4562 2289 4619 Ecclesiae
2318 4571 2398 4623 vel
2428 4574 2683 4630 laudanda
2719 4582 2796 4634 vel
2830 4584 3194 4655 vituperanda,
3226 4593 3392 4649 inter-

1840 4645 1990 4697 mism
2042 4665 2251 4715 semper
2304 4659 2699 4732 admonitione,
2753 4683 3011 4731 retexere.
3072 4679 3385 4748 Postremo,

1838 4740 2128 4794 mercedem
2160 4762 2275 4811 qua:
2304 4760 2356 4803 et
2388 4754 2435 4806 in
2468 4763 2709 4822 prteseuti
2733 4773 2786 4815 et
2818 4765 2867 4818 in
2900 4767 3073 4823 futuro
3096 4782 3267 4838 potest
3308 4778 3381 4827 in-
3420 4816 3425 4820 .

1837 4831 2011 4896 telligi,
2031 4836 2236 4902 utrique
2258 4844 2390 4907 parti
2418 4851 2706 4913 rependere
2725 4854 2974 4911 debitam.
3000 4831 3126 4914 Cum
3153 4878 3279 4920 vero
3304 4869 3387 4918 ad.

1826 4918 1992 4988 jungit
2012 4942 2022 4976 :
2042 4926 2138 4988 Qui
2159 4930 2304 4984 liabet
2325 4942 2700 5007 aures,-andiat,
2722 4960 2877 5001 aures
2900 4954 3077 5013 procul
3100 4954 3256 5010 dubio
3273 4974 3379 5013 cor-

1829 5011 1909 5063 dis
1932 5014 1994 5067 ad
2017 5019 2376 5077 mandatorum
2396 5027 2746 5086 obedientiam
2780 5037 3073 5109 intelligere
3101 5051 3373 5104 convenit.

2420 5120 2639 5174 CAPUT
2679 5124 2763 5177 IV.

1899 5192 2014 5247 Post
2032 5195 2139 5250 lucc
2170 5201 2290 5267 vidi,
2317 5215 2361 5257 et
2388 5224 2497 5260 ecce
2526 5214 2707 5265 ostium
2744 5231 2966 5285 apertum
3008 5229 3059 5278 in
3096 5230 3239 5283 calo.
3268 5234 3367 5287 De-

1824 5285 2029 5350 scriptis
2083 5288 2327 5345 Ecclesiae
2378 5300 2661 5367 operibus,
2708 5324 2821 5375 quae
2859 5320 2928 5365 'et
2976 5318 3143 5381 qualis
3192 5321 3360 5379 futura

1820 5387 1980 5440 esset,
2014 5384 2315 5449 recapitulat
2360 5404 2387 5439 ιι
2428 5390 2619 5447 Christi
2673 5401 2969 5467 nativitate,
3001 5408 3182 5462 eadem
3213 5414 3361 5465 aliter

1818 5468 2070 5527 dicturus.
2101 5474 2289 5529 Totum
2311 5484 2452 5535 enim
2482 5493 2683 5552 tempus
2710 5488 2960 5545 Ecclesia:
2994 5498 3149 5551 variis
3170 5502 3223 5553 in
3258 5504 3356 5553 hots

1816 5557 1948 5613 libro
1996 5560 2170 5628 figuris
2220 5570 2435 5634 repetit..
2474 5572 2617 5635 Ecce.
2664 5578 2851 5647 inquit,
2904 5586 3082 5638 ostium
3127 5600 3351 5655 apertum

1814 5652 1863 5701 in
1905 5651 2051 5707 caelo.
2108 5655 2489 5715 Convenienter
2536 5668 2727 5722 ostium
2779 5676 2996 5729 cmleste
3040 5692 3354 5735 ascensurn.

1811 5741 2015 5809 aSpicit,
2046 5751 2125 5801 cui
2174 5753 2307 5805 celsa
2341 5759 2585 5821 mysteria
2623 5763 2777 5829 pandi
2813 5770 3209 5832 promittuntur.
3263 5778 3355 5830 Ve!

1809 5834 1928 5898 quia
1958 5839 2148 5891 ostium
2182 5839 2419 5898 Christus
2450 5856 2547 5915 est,
2574 5854 2657 5919 qui
2691 5852 2831 5907 illum
2860 5857 3144 5914 crediderit
3173 5879 3353 5918 natum

250 4862 314 4915 Et
335 4867 553 4920 scribam
573 4887 723 4939 super
744 4892 855 4931 eum
869 4896 1048 4937 nomen
1074 4886 1169 4940 Dei
1188 4894 1302 4945 mei.
1328 4896 1455 4961 Quia
1490 4900 1733 4957 videlicet

183 4970 271 5021 per
296 4959 631 5024 adoptionem
664 4966 753 5019 filii
784 4969 875 5024 Dei
902 4974 1144 5030 dicimur.

247 5047 310 5100 Et
338 5064 521 5102 nomen
550 5054 759 5111 civitatis
791 5058 884 5113 Dei
901 5067 1021 5131 mei,
1061 5068 1221 5125 Name
1259 5076 1564 5136 Jerusalem.
1600 5086 1725 5140 Uni.

180 5142 265 5190 tati
289 5140 548 5197 Ecclesia
568 5146 869 5216 sociabitnr,
895 5173 1011 5223 qua:
1030 5166 1193 5229 gratia
1218 5170 1416 5225 cmlesti
1449 5175 1499 5227 iu
1528 5194 1718 5232 norant

180 5228 331 5283 vitam
362 5241 608 5298 generata
636 5244 736 5290 est.

240 5318 303 5371 Et
343 5337 523 5376 nomen
563 5339 727 5377 meum
770 5345 967 5387 novum.
1003 5337 1111 5395 [ioc
1137 5357 1217 5401 est
1247 5366 1436 5408 nomen
1463 5358 1720 5418 Christia-

178 5424 314 5472 num,
344 5432 448 5468 acu
481 5420 620 5485 quod
649 5438 836 5478 novum
867 5429 934 5482 sit
974 5433 1110 5489 istud
1156 5443 1301 5498 Filio
1320 5449 1432 5517 Dei,
1467 5458 1553 5524 qui
1585 5461 1717 5518 hanc

178 5498 343 5524 ..__.__,,
382 5508 446 5524 A._
491 5511 522 5524 .,
566 5518 577 5524 -

178 5498 347 5555 habuit
374 5508 665 5565 claritatem
712 5525 985 5584 antequam
1034 5531 1258 5587 mundus
1286 5498 1451 5603 fierei.

174 5601 284 5640 vtun
313 5592 444 5645 Filio
475 5598 707 5657 hominis
735 5606 819 5673 qtti
848 5605 942 5662 fuit
973 5628 1057 5665 mo

174 5681 306 5732 sedet
340 5684 403 5733 ad
436 5684 707 5745 dexteram
741 5695 853 5752 Dei.

234 5769 295 5819 Et
316 5777 494 5845 aligclo
518 5771 771 5839 Laodicice‘
787 5787 1023 5850 Ecclesitt
1045 5802 1220 5857 scribe.
1248 5806 1489 5871 Laodicia
1514 5820 1705 5879 dicitur

1486 5552 1580 5602 sed
1614 5568 1712 5605 no-

1063 5626 1207 5694 rtuus
1235 5635 1287 5678 et
1320 5642 1631 5702 resurrexit.
1658 5654 1711 5698 et
