3934 6222
579 472 679 528 illi

996 469 1193 523 BEDAS
1236 465 1676 521 VENERABILIS
1709 465 1855 518 ΟΡΡ.
1899 455 2069 515 PARS
2110 458 2126 513 l

2244 458 2413 513 SECT.
2458 459 2567 513 l.—
2609 457 2987 513 EXEGETICA
3033 458 3347 513 CENHINL
3684 461 3772 512 ω

575 599 627 641 ct
659 600 891 653 passum,
921 583 1222 637 conscendit
1249 584 1461 643 (mlum,
1492 582 1539 633 id
1588 591 1690 645 est,
1728 582 1976 633 Ecclesiae
2005 580 2122 631 alti-
2156 580 2199 633 Α
2228 574 2385 626 utalia
2423 577 2569 643 plena
2600 575 2760 626 oculis
2787 582 2899 624 ante
2920 584 2963 626 et
2995 584 3144 624 retro.
3197 572 3426 624 Cunctas
3462 574 3634 625 throni
3669 575 3774 637 Dei,

576 676 828 739 tudinem,
874 684 925 726 et
978 673 1113 725 videt
1162 672 1330 724 futura
1384 671 1668 738 spiritualis
1715 671 1933 722 ellectus
1987 672 2123 720 sicut

576 766 719 817 dicit.

649 854 712 906 Et
733 856 896 907 statim
926 855 1000 921 [ui
1025 854 1075 905 in
1104 852 1320 919 Spiritu.
1356 849 1421 903 Et
1442 867 1538 903 vox
1565 853 1727 921 prima
1753 865 1905 919 quam
1931 850 2121 899 audivi.

578 945 776 998 Similis
806 946 983 1012 utique
1014 944 1172 1012 priori
1202 943 1349 1009 voci,
1378 958 1493 1009 quin
1521 942 1725 993 dixerat
1750 959 1760 991 :
1790 940 1936 1004 Quod
1960 943 2118 1001 vides,

575 1038 732 1090 scribe
754 1037 805 1087 in
836 1037 962 1087 libro
980 1036 1159 1102 (Apoc.
1188 1033 1245 1100 t).

646 1126 712 1179 Et
734 1141 842 1179 ecce
862 1126 1000 1178 sedes
1023 1125 1182 1194 posita
1209 1134 1318 1177 erat
1347 1124 1395 1175 in
1425 1122 1568 1186 caelo,
1593 1132 1639 1175 et
1664 1137 1820 1185 supra
1846 1120 2014 1173 sedem
2044 1135 2122 1171 se-

578 1217 722 1270 dens.
773 1215 1056 1268 Ecclesiam
1101 1214 1152 1265 in
1201 1212 1403 1266 caelesti
1452 1212 1852 1265 conversatione
1900 1211 2124 1277 positam

583 1303 835 1357 Dominus
890 1303 1160 1356 inhabitat.
1205 1301 1491 1368 GregOrins
1540 1316 1668 1368 papa
1723 1300 1908 1353 solium
1954 1300 2039 1351 Dei
2074 1299 2124 1351 itt

577 1392 776 1444 visione
825 1392 1041 1445 Michea:
1087 1389 1346 1457 angelicas
1395 1398 1675 1457 potestates
1717 1390 2123 1455 interpretatur.

578 1480 808 1542 Quarum
857 1479 1119 1531 mentibus
1142 1478 1295 1530 altius
1325 1478 1631 1547 prouidens,
1666 1474 1889 1529 interius
1940 1486 2124 1531 cuncta

579 1570 830 1632 disitonit.

650 1662 713 1714 Et
739 1663 825 1731 qui
844 1664 1059 1725 sedebat,
1093 1662 1270 1713 similis
1301 1670 1407 1713 erat
1432 1660 1655 1727 aspectui
1705 1659 1888 1728 lapidis
1908 1659 2131 1728 jaspidis

580 1763 626 1804 et
655 1752 893 1804 sardinis.
942 1750 1186 1819 Jaspidus
1225 1749 1369 1802 color
1409 1764 1619 1817 aquam,
1653 1749 1826 1802 sardis
1857 1748 2029 1817 ignem
2063 1749 2131 1800 si-

582 1841 810 1911 gniﬁcat.
843 1842 1041 1906 Quibus
1066 1840 1268 1895 duobus
1291 1840 1542 1906 judicium
1571 1838 1813 1891 not'imus
1852 1838 2130 1890 celebrari.

2232 663 2279 715 id
2309 672 2408 728 est,
2441 663 2689 720 Ecclesiae
2721 671 2913 729 partes,
2966 662 3139 712 lumen
3174 660 3441 729 Evangelii
3496 660 3563 713 de
3595 674 3777 729 praete.

2229 757 2447 809 ritorunt
2480 756 2878 821 futurorumque
2904 753 3121 805 scientia
3151 753 3335 818 replet.

2300 841 2364 894 Et
2392 844 2582 893 animal
2609 843 2823 907 primunt
2862 841 3026 892 simile
3054 838 3223 902 leoni,
3254 848 3359 891 etc.
3390 838 3513 892 ilazc
3537 839 3779 892 animalia

2229 931 2532 992 tnultilarie,
2566 933 2995 998 interpretantur.
3049 928 3234 981 Beatus
3261 938 3434 981 autem
3464 929 3777 996 Augustinus

2227 1026 2371 1093 juxta
2400 1023 2637 1075 ordinem
2691 1022 2802 1075 libri
2839 1022 2989 1075 iStius
3034 1020 3341 1074 Matthazum
3394 1022 3446 1075 in
3478 1021 3627 1075 leone
3658 1021 3781 1073 dicit

2230 1115 2469 1181 intelligi,
2520 1113 2605 1181 qui
2636 1113 2792 1181 regiae
2841 1113 3107 1177 dignitatis
3151 1113 3201 1166 in
3232 1111 3444 1167 Christo
3484 1114 3777 1180 prosapiam

2229 1216 2425 1267 narrat,
2457 1206 2541 1271 qui
2574 1214 2627 1258 et
2652 1205 2767 1256 vicit
2810 1204 2910 1257 Leo
2937 1206 2998 1257 de
3027 1206 3157 1257 tribu
3190 1203 3348 1260 Iuda.
3400 1206 3610 1259 Catulus
3639 1207 3776 1261 enim

2230 1298 2387 1350 leonis
2412 1295 2549 1348 Juda
2595 1294 2745 1367 (Cen.
2773 1295 3011 1362 ιιικιε).
3072 1297 3135 1348 Et
3163 1297 3211 1349 in
3242 1312 3346 1364 quo
3386 1307 3441 1350 ut
3470 1311 3564 1350 rex
3603 1312 3628 1348 a
3662 1312 3781 1366 rege

2232 1392 2463 1453 timetur,
2494 1404 2520 1441 a
2558 1388 2722 1456 magis
2748 1388 3016 1442 aduratur.
3071 1385 3166 1442 Ubi
3206 1390 3363 1443 etiam
3395 1403 3490 1441 rex
3523 1403 3635 1441 cum
3667 1405 3779 1441 ser-

2232 1497 2311 1534 VIS
2343 1482 2599 1533 rationem
2636 1480 2801 1547 ponit,
2836 1494 2925 1533 res
2960 1481 3164 1546 nuptias
3194 1478 3302 1531 lilio
3334 1479 3477 1543 facit,
3503 1488 3551 1530 et
3575 1478 3635 1531 ad
3664 1478 3781 1530 ulti-

2233 1588 2375 1624 mum
2411 1586 2500 1624 rex
2536 1580 2775 1639 segregat
2805 1585 2935 1623 oves
2964 1571 3030 1623 ab
3060 1571 3242 1623 haedis.
3300 1570 3492 1624 Lucam
3524 1571 3573 1623 in
3599 1570 3776 1633 vitulo,

2232 1662 2318 1728 qui
2350 1661 2515 1713 hostia
2546 1674 2729 1726 magna
2758 1657 2859 1711 fuit
2888 1659 2941 1712 in
2972 1660 3105 1727 lege.
3150 1660 3273 1728 Fjus
3304 1662 3443 1712 enim
3488 1674 3587 1711 non
3617 1660 3779 1713 solum

2238 1750 2495 1817 principia
2527 1751 2665 1803 circa
2692 1749 2938 1817 templum
2962 1760 3015 1802 et
3036 1750 3292 1802 Sacriﬁcia
3315 1749 3663 1811 diversantur,
3690 1748 3778 1801 sed

2235 1854 2287 1895 et
2320 1847 2385 1895 ita
2434 1841 2801 1895 cencluilitur:
2856 1837 2923 1891 Et
2972 1850 3113 1891 erant
3150 1854 3342 1907 semper
3371 1840 3423 1890 in
3452 1839 3628 1906 templo
3670 1840 3779 1887 lau-

586 1935 729 1989 Sicut
754 1936 905 1997 enim,
939 1932 1123 2000 inquit,
1151 1933 1204 1985 in
1242 1932 1413 1984 diebus
1448 1928 1578 1991 Noe,
1608 1930 1679 1981 ita
1703 1931 1795 1981 erit
1823 1938 1871 1981 et
1894 1933 2132 1981 adventus
2166 1906 2207 1965 Β
2235 1935 2410 1986 dantes
2438 1943 2481 1984 et
2510 1926 2847 1985 benedicentes
2878 1931 3033 1983 Deum
3067 1930 3215 1998 (Luc.
3252 1906 3420 1996 xxiv).
3456 1929 3633 1983 Facies
3664 1944 3780 1982 vero

587 2020 711 2074 Filii
735 2020 947 2074 hominis
979 2019 1189 2091 (Matth.
1226 2021 1397 2086 xXIv).

660 2111 723 2165 Et
750 2114 838 2166 iris
866 2116 918 2166 in
955 2114 1165 2166 circuitu
1187 2105 1342 2179 sedis,
1364 2112 1541 2165 similis
1567 2110 1745 2164 visioni
1773 2110 2133 2180 smaragdinaz.

587 2206 701 2269 Iris,
735 2205 820 2273 qui
850 2204 905 2257 lit
934 2204 1046 2260 sole
1077 2202 1240 2257 nubes
1271 2202 1589 2263 irradiante,
1623 2211 1675 2254 et
1721 2209 1839 2266 post
1882 2200 2133 2252 diluvium

590 2298 755 2367 primo
801 2294 1184 2361 propitiationis
1232 2292 1427 2345 indicio
1476 2292 1644 2343 lactus
1692 2300 1771 2343 est
1799 2330 1813 2353 ,
1847 2292 2134 2342 intercessu
2184 2292 2189 2296 ’

588 2396 886 2439 sanctorum
919 2398 1047 2452 quos
1078 2383 1119 2435 D
1141 2384 1328 2434 intimis
1359 2383 1585 2434 illustrat
1619 2380 1913 2433 Ecclesiam
1948 2380 2137 2432 muniri

587 2477 843 2543 designat.
892 2474 988 2538 Qui
1019 2475 1151 2526 bene
1198 2472 1475 2539 sitiaragdo
1530 2470 1690 2537 lapidi
1743 2470 1917 2522 nimia:
1967 2469 2140 2521 viridi-

589 2564 711 2618 tatis
760 2571 1157 2629 comparantur;
1189 2576 1293 2630 quo
1337 2562 1474 2615 enim
1528 2560 1888 2615 haereditatetn
1924 2562 2137 2613 itnmar-

589 2654 883 2708 cessibilem
916 2652 1015 2705 ﬁde
1047 2650 1341 2718 perfectiori
1392 2660 1696 2716 exsttectant
1720 2692 1733 2713 ,
1766 2666 1828 2703 eo
1877 2653 2138 2717 potentius

587 2746 743 2799 etiam
769 2754 991 2799 caeteros
1016 2742 1214 2796 orando
1237 2752 1532 2810 protegunt.

660 2834 723 2887 Et
760 2833 811 2887 in
835 2832 1046 2886 circuitu
1066 2832 1195 2885 sedis
1235 2831 1410 2884 sedilia
1440 2831 1610 2898 viginti
1644 2840 1882 2895 quatuor,
1909 2840 2009 2880 etc.
2044 2825 2135 2880 Ec-

589 2922 800 2977 clesiam
842 2936 999 2990 quant
1029 2927 1245 2987 prepler
1285 2920 1588 2971 societatem
1634 2917 1753 2970 iidei
1787 2920 1836 2969 in
1871 2932 1972 2968 una
2014 2916 2139 2969 sede

591 3012 813 3077 viderat,
841 3009 1078 3063 eamdem
1112 3023 1202 3074 per
1232 3008 1496 3076 geminum
1549 3016 1922 3059 testamentum
1954 3006 2018 3057 de
2050 3020 2138 3071 pa-

594 3106 836 3176 triarchis
879 3114 931 3159 et
962 3103 1215 3171 apostolis
1252 3112 1577 3169 generatam,
1613 3102 1662 3152 in
1702 3100 1883 3167 viginti
1913 3108 2133 3163 quatuor

594 3194 840 3253 sedilibus
870 3196 1346 3259 cernit,sedentem
1370 3208 1543 3246 autem
1576 3190 2137 3258 prepterjudiciariam

592 3292 709 3357 ejus
737 3290 786 3341 in
814 3287 1021 3339 Christo
1045 3285 1368 3353 dignitatem.
1399 3281 1669 3335 Sedebant
1696 3280 1836 3333 enim
1864 3290 1914 3331 et
1935 3279 2135 3343 judica-

596 3379 724 3431 bunt
754 3376 987 3429 universa
1021 3374 1286 3437 membra,
1320 3372 1409 3425 sed
1451 3372 1500 3423 in
1530 3387 1632 3423 uno
1662 3381 1712 3423 et
1744 3385 1839 3435 per
1866 3384 2023 3419 unum
2056 3384 2141 3419 ca-

599 3478 711 3534 put.
742 3466 870 3519 Nam
893 3465 1156 3533 quomodo
1185 3469 1426 3529 poterunt
1446 3462 1610 3515 sancti
1638 3461 1687 3512 in
1708 3460 1903 3526 judicio
1932 3459 2135 3519 sedere,

596 3566 795 3609 stantes
825 3554 886 3605 ad
917 3553 1183 3606 dexteram
1214 3551 1445 3604 Judicis?
1497 3551 1723 3603 Possunt
1770 3550 1927 3601 etiam
1959 3547 2140 3613 viginti

597 3656 819 3711 quatuor
847 3642 1086 3695 seniores
1118 3641 1169 3692 in
1216 3640 1317 3692 illis
1365 3639 1603 3705 intelligi,
1634 3641 1720 3706 qui
1766 3641 2141 3707 perfectionem

596 3733 777 3800 operis
804 3773 818 3797 ,
849 3746 963 3797 quae
1013 3731 1219 3783 senario
1266 3743 1482 3782 numero
1528 3729 1969 3799 commendatur,
2004 3730 2141 3781 clara

604 3820 871 3887 Evangelii
920 3820 1286 3887 praedicatione
1330 3827 1714 3872 consummant.
1783 3818 1911 3871 Nam
1962 3829 2145 3885 quater

600 3911 711 3961 seni
746 3909 924 3975 viginti
956 3920 1177 3973 quatuor
1205 3906 1417 3959 iaciunt.

666 3998 1074 4053 Circumumictos
1096 3997 1392 4048 vestimentis
1413 3996 1554 4057 albis.
1577 4005 1622 4049 et
1644 3996 1692 4048 in
1715 3996 1957 4063 capitibus
1977 4012 2144 4047 eorum

595 4104 805 4141 coronas
843 4103 1041 4139 aureus.
1086 4087 1139 4139 ιιι
1171 4096 1271 4149 est,
1322 4086 1470 4138 bonis
1500 4087 1744 4152 operibus
1790 4087 2020 4147 indutos,
2053 4102 2144 4153 pes

600 4181 749 4232 renni
799 4179 987 4231 mentis
1017 4177 1267 4231 memoria
1318 4176 1505 4244 gaudia
1559 4190 1783 4242 sitperita
1829 4188 2142 4243 quazrentes.

601 4270 749 4335 Saepe
773 4269 912 4320 enim
943 4269 1129 4334 capitis
1159 4266 1371 4318 nomine
1424 4279 1570 4317 tuens
1598 4268 1729 4318 solet
1758 4265 1999 4333 intelligi.

672 4358 736 4409 Et
758 4359 817 4409 de
847 4358 1021 4408 throno
1054 4356 1321 4419 procedunt
1348 4356 1549 4423 fulgura
1579 4367 1623 4407 et
1652 4372 1790 4405 taces
1830 4367 1874 4407 et
1904 4358 2142 4408 tonitrua.

597 4447 709 4497 Hoc
734 4455 816 4499 est
841 4445 977 4515 quod
1011 4444 1209 4498 Marcus
1238 4448 1311 4496 ait
1339 4464 1347 4493 :
1402 4442 1489 4495 Illi
1520 4455 1682 4495 autem
1731 4449 1965 4513 profecti,
2014 4463 2143 4511 prte-

2237 2024 2464 2075 hominis
2511 2024 2739 2076 Marcum
2787 2024 3066 2091 signiﬁcat,
3112 2023 3220 2089 qtti,
3254 2020 3380 2073 nihil
3427 2022 3491 2073 de
3522 2022 3675 2089 regali
3704 2020 3776 2072 vel

2235 2114 2300 2167 de
2328 2114 2636 2168 sacerdotali
2668 2112 2871 2165 Domini
2903 2112 3134 2180 potentia
3187 2114 3413 2174 locutus,
3460 2121 3651 2162 tantum
3686 2110 3777 2161 ho-

2238 2204 2392 2256 tninis
2418 2203 2610 2256 Christi
2640 2212 2783 2270 gesta
2815 2202 3129 2267 simpliciter
3159 2211 3352 2253 narrat.
3402 2202 3578 2267 Aquila
3607 2210 3777 2251 autem

2236 2295 2464 2348 Joannes
2484 2305 2587 2359 est,
2611 2295 2700 2362 qui
2726 2292 3051 2345 nativitatem
3082 2293 3237 2345 Verbi
3264 2293 3403 2345 velut
3424 2301 3591 2344 ortum
3623 2292 3778 2343 solem

2241 2384 2609 2451 perstricaciter
2638 2390 2891 2449 aspectat.
2951 2383 3209 2434 Animalia
3242 2394 3436 2441 autem,
3471 2396 3599 2432 nunc
3632 2395 3779 2433 cvan-

2238 2474 2473 2541 gelistas,
2505 2488 2643 2525 nunc
2668 2480 2830 2525 totam
2856 2470 3150 2539 signiﬁcant
3176 2470 3651 2537 Ecclesiatn.Cujus
3683 2470 3777 2522 ior-

2241 2566 2406 2618 titudo
2458 2565 2507 2617 in
2542 2568 2710 2627 leone,
2764 2563 3051 2616 victitnatio
3097 2563 3147 2615 in
3200 2563 3384 2626 vitulo,
3438 2564 3693 2615 humilitas
3732 2564 3775 2614 in

2241 2654 2473 2715 homine,
2507 2644 2803 2707 sublimitas
2838 2654 2885 2704 itt
2915 2652 3095 2719 aquila
3128 2653 3334 2705 volante
3362 2662 3688 2705 tntinsltatur.

2312 2742 2525 2810 Singula
2579 2759 2749 2794 eorum
2788 2742 3034 2794 habelant
3081 2744 3193 2794 alas
3241 2758 3410 2794 senas.
3473 2740 3773 2795 Perfectionc

2241 2845 2349 2884 sitae
2399 2832 2651 2885 doctrinae
2700 2830 2989 2884 Ecclesiam
3044 2830 3108 2883 ad
3139 2832 3240 2883 alta
3291 2831 3580 2885 sublevant.
3629 2832 3769 2887 Sena-

2243 2923 2350 2973 rius
2375 2922 2516 2975 enim
2548 2934 2794 2974 numerus
2823 2920 2940 2973 ideo
2986 2919 3249 2988 perlectus
3278 2920 3467 2973 dicitur
3486 2960 3500 2984 ,
3531 2922 3645 2990 quia
3684 2924 3767 2986 pri-

2243 3027 2357 3064 mus
2389 3014 2498 3066 suis
2528 3012 2764 3081 partibus
2797 3011 3062 3077 impletur.
3097 3010 3267 3065 Unum
3305 3012 3518 3079 quippe,
3550 3009 3680 3078 quod
3705 3023 3771 3061 est

2242 3114 2386 3155 sexta
2426 3103 2615 3156 senarii
2662 3116 2802 3169 pars,
2830 3109 2884 3155 et
2913 3101 3035 3163 duo,
3087 3100 3227 3167 quod
3258 3111 3337 3154 est
3370 3102 3541 3164 tertia,
3586 3110 3637 3153 et
3666 3100 3770 3160 tria,

2242 3192 2379 3257 quod
2406 3200 2487 3244 cst
2526 3190 2797 3243 dimidium
2825 3229 2839 3251 .
2869 3188 3109 3242 eumdem
3140 3188 3405 3242 senaritnn
3435 3189 3639 3240 faciunt.
3669 3188 3774 3239 Ali-

2246 3292 2341 3349 ter.
2376 3282 2485 3334 Ala:
2516 3294 2658 3333 senae
2686 3288 2908 3346 quatuor
2936 3278 3266 3341 animalium,
3316 3292 3433 3345 qua:
3464 3286 3583 3329 sunt
3611 3276 3772 3345 viginti

2243 3382 2487 3437 quatuor,
2541 3371 2753 3423 totidem
2810 3368 3005 3422 veteris
3058 3370 3391 3421 instrumenti
3463 3369 3614 3421 libros
3658 3370 3771 3419 insi-

2245 3470 2424 3520 nuant,
2454 3460 2641 3525 quibus
2687 3459 3125 3523 evangelistarutn
3157 3469 3206 3509 et
3256 3458 3463 3509 fulcitur
3492 3458 3773 3518 aucturum,

2245 3559 2298 3601 et
2337 3550 2529 3602 veritas
2554 3551 2941 3616 comprobatur.

2318 3640 2380 3691 Et
2408 3641 2457 3691 in
2486 3641 2694 3691 circuitu
2728 3651 2776 3691 et
2797 3641 2925 3692 intus
2954 3642 3101 3705 plena
3126 3652 3241 3693 sunt
3266 3642 3443 3704 oculis,
3475 3652 3573 3695 etc.
3601 3642 3773 3699 Sanco

2248 3730 2477 3782 Ecclesia
2508 3738 2558 3781 et
2578 3743 2753 3781 coram
2797 3729 2903 3780 Deo
2946 3738 2999 3780 ct
3048 3743 3227 3782 curam
3258 3733 3553 3783 hominibus
3581 3746 3637 3784 se
3664 3734 3774 3798 vigi-

2246 3819 2415 3869 lanter
2460 3819 2699 3870 attendit.
2754 3816 2914 3884 Cujus
2964 3819 3244 3872 interiores
3293 3823 3473 3873 oculos
3517 3833 3774 3888 aspexerat

2247 3908 2539 3970 Psalutista,
2572 3923 2688 3961 cum
2718 3908 2879 3960 dicit:
2917 3908 3091 3961 Omnis
3117 3910 3279 3976 gloria
3317 3911 3428 3979 ejus
3458 3912 3576 3976 ﬁlia:
3621 3928 3773 3978 regem

2245 4006 2305 4052 ab
2329 4001 2461 4052 intus
2507 3998 2681 4068 (Psal.
2711 3998 2871 4067 xuv).
2925 4000 3225 4053 Exteriores
3270 4016 3415 4066 vero,
3460 4016 3574 4053 cum
3624 4012 3775 4053 conn-

2246 4105 2350 4144 nno
2374 4090 2551 4143 subdit
2578 4105 2592 4141 :
2647 4088 2701 4140 In
2734 4089 2951 4143 litnbriis
2982 4092 3155 4143 aureis
3184 4091 3574 4144 circumamicta
3624 4093 3773 4143 varie-

2247 4191 2350 4234 tate
2382 4180 2587 4249 tlbid.).
2624 4180 2808 4232 Aliter.
2839 4179 2961 4232 Sive
2984 4179 3210 4233 litteram
3240 4183 3499 4255 attendas,
3526 4184 3634 4235 sive
3660 4183 3773 4233 alle-

2245 4275 2443 4341 goriam
2466 4287 2691 4340 quaeras,
2722 4272 2888 4325 lucem
2913 4286 3121 4338 semper
3145 4286 3209 4325 ex
3232 4270 3515 4340 Evangelio
3542 4272 3772 4339 reperies.

2242 4370 2361 4423 Alia
2392 4367 2662 4420 translatio
2689 4368 2764 4419 sic
2794 4367 2949 4418 habet
2995 4384 3006 4415 ε
3038 4364 3199 4417 Plena
3229 4368 3387 4418 oculis
3416 4375 3530 4417 ante
3555 4382 3603 4417 se
3626 4374 3670 4415 et
3703 4379 3771 4415 re-

2245 4469 2339 4511 tro.
2374 4458 2503 4521 Quia
2535 4459 2619 4509 lux
2654 4456 2917 4523 Evangelii
2946 4456 2996 4508 in
3026 4457 3299 4523 aenigmata
3325 4457 3454 4525 legis
3480 4457 3702 4519 irradiat,
3730 4467 3773 4507 et

596 4540 881 4588 dicaverunt
913 4538 1108 4601 ubique,
1161 4534 1376 4588 Domino
1426 4546 1738 4604 coaperantc,
1788 4545 1833 4588 et
1860 4553 2134 4589 sermonem
2173 4574 2225 4632 Β
2249 4565 2394 4603 nova;
2420 4549 2599 4616 gratim
2626 4547 2818 4600 mundo
2846 4544 3102 4613 fulgorem
3135 4545 3382 4599 infundit,

596 4626 940 4691 con/it'utante,
971 4626 1277 4693 sequentibus
1307 4627 1463 4695 signis
1492 4625 1678 4694 (Marc.
1712 4634 1847 4693 xvi).

668 4714 731 4766 Ει
760 4725 942 4783 septem
986 4716 1242 4779 lampades
1281 4718 1526 4778 ardentes,
1578 4726 1693 4767 ante
1740 4719 2007 4783 thronum,
2040 4730 2142 4774 etc.

598 4806 765 4859 linum
799 4806 1049 4873 Spiritum
1080 4806 1206 4856 dicit
1252 4806 1630 4871 septiforntent,
1690 4822 1825 4860 unus
1871 4812 2008 4863 ettim
2059 4824 2143 4865 e-t

597 4898 841 4964 Spiritus.
870 4896 1252 4963 Septiiortnitas
1283 4908 1454 4946 autem
1486 4895 1739 4963 perfectio
1766 4907 1846 4951 est
1886 4909 1938 4953 et
1969 4902 2133 4967 pleni-

599 4989 746 5041 tudo.
804 4986 1226 5040 Connnetnorato
1278 5000 1403 5037 vero
1448 4987 1642 5052 Spiritu
1693 5000 1894 5054 sancto,
1954 5007 2145 5046 conve-

600 5076 802 5127 nienter
834 5075 970 5127 unda
998 5075 1244 5141 baptismi
1275 5074 1512 5139 sequitur
1535 5116 1548 5139 ,
1586 5077 1635 5129 in
1667 5093 1764 5145 qua
1796 5079 1934 5132 idem
1966 5081 2136 5149 Spiri-

600 5178 680 5217 tus
712 5165 907 5232 percipi
939 5164 1189 5216 creditur.

672 5254 734 5304 Et
766 5258 817 5306 in
840 5263 1103 5319 conspectu
1133 5252 1285 5312 sedis,
1307 5262 1540 5319 tanquam
1568 5272 1703 5309 mare
1733 5260 1958 5328 vitreum,
1982 5264 2141 5315 simile

600 5344 857 5410 crystallo.
908 5346 1125 5411 Propter
1168 5342 1319 5396 lident
1370 5346 1474 5398 veri
1517 5347 1759 5413 baptismi
1809 5352 2034 5407 refertur
2078 5358 2140 5407 ad

600 5444 686 5484 viti
704 5448 811 5494 uin,
838 5433 885 5482 in
914 5448 1140 5499 quonon
1160 5434 1298 5486 aliud
1330 5435 1534 5488 videtur
1560 5441 1794 5493 exterius
1820 5459 1974 5510 quam
2002 5446 2139 5513 quod

598 5531 763 5583 gustat
794 5520 1029 5572 interius.
1082 5523 1342 5590 Crystallo
1394 5542 1621 5595 quoque,
1670 5531 1806 5597 quod
1836 5531 1901 5585 de
1929 5549 2060 5601 aqua
2092 5534 2141 5585 in

596 5613 807 5674 glaeien;
835 5623 884 5661 et
916 5610 1135 5677 lapidem
1162 5618 1444 5678 pretiosum
1468 5619 1719 5678 eiiicitur.
1748 5620 1991 5688 baptismi
2019 5638 2137 5690 gia-

598 5705 662 5751 liJ
697 5707 994 5763 “auratum.

667 5791 727 5842 Et
758 5794 805 5845 in
836 5800 990 5850 mcdto
1024 5800 1151 5853 sedis
1191 5810 1233 5852 et
1266 5804 1313 5853 in
1340 5815 1547 5857 cncttttu
1589 5807 1737 5869 sedis,
1770 5820 1985 5873 quatuor
2028 5812 2113 5859 ani

2321 4639 2385 4691 Et
2416 4642 2631 4705 requiem
2675 4655 2775 4690 non
2816 4638 3057 4691 habebant
3082 4640 3164 4689 die
3199 4653 3257 4689 ac
3282 4651 3445 4701 nocte,
3471 4647 3571 4690 etc.
3604 4638 3773 4691 Sancta

2253 4730 2493 4781 animalia
2523 4738 2712 4781 cuncto
2734 4738 2969 4793 tempore
2992 4727 3169 4779 δίρρυιί
3197 4741 3352 4777 unam
3384 4726 3771 4779 dominationem

2254 4822 2489 4887 Deitatis,
2521 4820 2952 4886 omnipotentiam
3003 4828 3059 4871 et
3086 4821 3433 4873 aeternitatem
3460 4832 3646 4872 sancta
3674 4820 3773 4871 Tri-

2250 4912 2427 4965 nitatis
2471 4911 2774 4973 allirtnant,
2826 4918 3067 4963 manente
3119 4908 3492 4963 intellectualis
3542 4923 3773 4962 creatura

2250 5011 2496 5069 perpetua
2530 5000 2579 5050 in
2607 4998 2912 5051 cmlestibus
2943 4999 3113 5050 laude.

2320 5091 2652 5143 Procidebunt
2698 5091 2872 5157 viginti
2901 5100 3113 5156 quatuor
3141 5090 3358 5141 seniores
3401 5099 3515 5141 ante
3551 5090 3775 5142 sedentem

2249 5182 2299 5230 in
2329 5184 2527 5240 throno,
2574 5186 2618 5227 et
2659 5175 2955 5228 adorabunt.
3014 5177 3341 5232 Animalibus
3399 5176 3774 5245 pet-sonantibus

2251 5268 2476 5326 laudem,
2525 5265 2576 5317 id
2616 5276 2713 5329 est,
2763 5266 3109 5333 Evangelistis
3154 5269 3557 5333 praedicantibus
3603 5265 3776 5318 Chnsll

2250 5357 2714 5423 diSpensationem,
2765 5357 2935 5408 omnis
2966 5356 3219 5420 Ecclesia,
3274 5373 3392 5422 qua:
3424 5357 3476 5408 in
3507 5368 3778 5422 purpostns

2248 5459 2447 5500 constat
2476 5456 2526 5500 et
2557 5446 2759 5512 populis
2788 5446 2909 5513 (hoc
2937 5449 3074 5500 enim
3103 5448 3401 5517 geminatus
3442 5446 3778 5500 duodenarius

2253 5552 2503 5591 numerus
2541 5537 2843 5607 signiﬁcat),
2876 5540 3055 5591 statim
3079 5540 3275 5592 cadens
3300 5538 3350 5589 ia
3375 5535 3583 5602 faciem,
3612 5536 3777 5591 adorat

2249 5632 2507 5681 viventem
2542 5628 2591 5677 in
2619 5626 2808 5680 saecula
2836 5629 3171 5681 saeculorum.

2322 5720 2385 5770 Et
2418 5718 2668 5769 mittebant
2700 5736 2908 5772 coronas
2928 5737 3044 5773 suas
3088 5729 3206 5772 ante
3226 5719 3477 5773 thronum.
3513 5720 3623 5775 Duo
3653 5719 3778 5769 title~

2250 5810 2373 5861 licet
2423 5808 2743 5875 aSsignantcs
2792 5810 3040 5879 quidquid
3072 5811 3303 5874 virtutis,
3352 5810 3599 5877 quidquid
3632 5808 3776 5859 habe-
