3934 6222
214 335 321 391 liii

1185 334 1615 390 IC-XI'LANATIO
1654 327 2137 409 APOCALYPSIS.
2182 364 2247 373 —
2288 335 2414 389 LIB.
2458 335 2497 388 1.

3338 343 3439 399 Ηϐ

210 455 350 507 bant
391 451 677 523 dignitatis.
730 451 930 521 Quippe
974 449 1062 520 qui
1106 466 1169 504 ex
1200 451 1363 504 nihilo
1392 459 1578 506 cuncta
1626 458 1772 500 crea-
1800 441 1849 498 Δ
1880 442 2030 496 bitat.
2083 443 2325 498 Christus
2351 445 2489 498 enim
2519 445 2607 514 qui
2637 445 2686 498 in
2717 445 3036 504 humanitate
3064 449 3262 519 Agnus,
3318 452 3434 522 ipse

211 546 374 598 verit.

845 634 1065 689 CAPUT
1107 633 1168 686 V.

287 722 360 776 Et
389 724 488 777 vidi
519 725 572 777 in
600 725 807 777 dextera
848 724 1066 777 sedentis
1108 738 1258 790 super
1297 722 1550 786 thronum,
1603 720 1784 773 librum

212 815 467 880 scriptum
497 816 631 867 intus
655 824 703 867 et
734 815 877 882 foris.
910 812 1034 866 “(ec
1065 812 1194 865 visio
1217 813 1461 879 mysteria
1494 810 1643 894 nobis
1664 821 1784 862 san-

214 917 322 956 cta:
358 907 640 973 Scriptura:
688 921 784 972 per
814 905 1230 958 incarnationem
1283 903 1486 958 Domini
1530 900 1783 971 patefacta

214 997 574 1049 demonstrat.
624 995 783 1064 Cujus
811 995 982 1048 unitas
1027 1009 1248 1048 concors
1277 994 1434 1046 Vetus
1471 993 1784 1046 Testamen-

219 1096 336 1137 tum
378 1087 528 1156 quasi
558 1087 788 1141 exterius
811 1126 826 1152 ,
857 1094 911 1139 et
941 1084 1142 1138 Novum
1172 1086 1410 1138 continet
1438 1085 1677 1139 interius.

297 1177 571 1245 Signatum
598 1177 782 1246 sigillis
812 1186 1018 1244 septem.
1079 1176 1131 1229 Id
1175 1187 1274 1238 est,
1311 1176 1392 1229 vel
1423 1175 1566 1228 omni
1613 1175 1786 1228 laten-

217 1265 360 1319 tium
406 1268 779 1336 mysteriorum
829 1267 1149 1334 plenitudine
1199 1275 1416 1332 tectum,
1454 1266 1531 1318 vel
1559 1264 1788 1333 Spiritus

217 1357 553 1424 septiformis
582 1357 930 1424 dispositione
959 1359 1337 1424 conscriptum.

299 1447 368 1500 Et
389 1449 560 1500 audivi
586 1449 817 1516 angelum
841 1452 1018 1516 fortem
1045 1449 1396 1514 prwdicantem
1419 1463 1538 1500 voce
1565 1461 1746 1516 magna
1771 1463 1788 1498 :

222 1538 360 1600 Quis
387 1546 459 1587 est
485 1536 666 1602 dignus
696 1539 893 1602 aperire
921 1537 1100 1589 librum
1123 1538 1146 1589 ?
1197 1537 1627 1590 Prtedicationem
1661 1536 1788 1599 legis

222 1628 480 1679 insinuat.
516 1627 665 1680 Multi
699 1629 838 1681 enim
876 1629 1144 1696 prophetze
1171 1640 1222 1681 et
1249 1627 1372 1694 justi
1399 1630 1669 1696 cupierunt
1702 1626 1788 1679 vi-

219 1713 359 1767 dere
403 1731 519 1780 qua!
547 1718 764 1782 apostoli
798 1719 1032 1771 viderunt
1084 1717 1294 1788 (Matth.
1324 1717 1459 1786 xm).
1507 1718 1570 1771 Et
1596 1717 1661 1772 de
1692 1717 1788 1771 hac

1883 529 1935 584 in
1962 531 2162 586 Deitate
2189 533 2402 588 dextera
2431 534 2600 588 Patris
2629 543 2730 589 est.

1957 622 2019 674 Et
2049 638 2158 674 cum
2196 625 2469 686 aperuisset
2498 625 2699 690 librum,
2747 634 2846 681 etc.
2899 627 3028 682 Cum
3075 631 3315 698 passione
3345 647 3436 687 sua

1888 711 2134 766 Do:ninus
2162 716 2431 782 utriusque
2456 716 2778 771 Testamenti
2824 720 3082 785 praeconia
3124 720 3176 774 in
3209 737 3267 777 se
3294 737 3442 778 corn-

1888 807 2128 874 probaret
2177 807 2402 875 impleri,
2457 809 2709 873 Ecclesia,
2762 812 2956 878 gratias
3006 811 3258 876 referens,
3323 813 3435 882 ipsa

1887 913 2093 965 quoque
2137 913 2194 952 se
2227 899 2552 965 passionihus
2583 900 2756 965 ollert,
2811 911 2863 953 ut
2884 941 2897 964 ,
2925 901 3073 969 juxta
3105 903 3435 970 Apostolum,

1890 990 2101 1056 impleat
2130 1007 2186 1043 ea
2213 1006 2322 1058 quaz
2343 992 2516 1044 desunt
2549 993 2840 1060 passionum
2871 992 3055 1046 Christi
3097 995 3148 1046 in
3175 1011 3322 1048 carne
3347 1012 3440 1049 sua

1890 1079 2108 1147 (Co/oss.
2143 1080 2204 1146 ι).
2252 1080 2480 1134 Citharis
2510 1084 2647 1134 enim
2678 1082 2766 1134 ubi
2806 1082 2944 1151 ligno
2971 1074 3184 1139 chorda:
3215 1086 3439 1139 tendun-

1891 1181 1990 1233 tur,
2025 1187 2242 1238 corpora
2275 1173 2405 1225 mori
2438 1183 2614 1239 parata
2641 1191 2653 1235 ;
2707 1172 2896 1241 phialis
2930 1190 3054 1229 vero
3078 1217 3091 1241 ,
3122 1177 3280 1229 curda
3313 1177 3438 1229 lati-

1891 1261 2070 1312 tudine
2095 1261 2365 1314 charitatis
2395 1263 2565 1330 patula
2595 1263 2957 1331 designantur.

1963 1349 2026 1402 Et
2046 1353 2314 1404 cantabant
2335 1355 2582 1406 canticum
2605 1365 2923 1419 novum,etc.
2949 1354 3290 1410 Sacramenta
3316 1358 3444 1412 Novi

1891 1440 2235 1509 Tcsutmenti,
2283 1457 2397 1510 qua:
2447 1442 2496 1494 in
2557 1441 2768 1496 Christo
2812 1452 2936 1497 sunt
2979 1448 3257 1512 completa,
3307 1448 3448 1502 cele-

1891 1530 2068 1594 brant,
2119 1530 2263 1582 illam
2321 1531 2485 1598 ipsam
2546 1529 2661 1600 ejus
2706 1532 3152 1601 dispensationem
3209 1533 3447 1589 laudibus

1893 1629 2285 1687 prosequentes,
2340 1634 2494 1687 quam
2546 1622 2642 1673 soli
2695 1623 2920 1674 l‘atentur
2965 1622 3178 1677 Christo
3231 1639 3448 1694 compe-

1893 1717 2022 1763 tere.

221 1808 414 1870 salute,
451 1819 501 1860 ut
536 1808 719 1861 Petrus
745 1809 837 1872 ait,
867 1810 1206 1876 exquisierunt
1251 1821 1396 1876 atque
1433 1812 1644 1863 scrutati
1672 1800 1785 1863 sunt

1970 1797 2031 1850 Et
2062 1797 2317 1851 redemisti
2343 1813 2430 1850 nos
2462 1797 2569 1849 Deo
2599 1798 2650 1849 in
2676 1799 2915 1866 sanguine
2940 1809 3044 1866 tuo,
3076 1809 3179 1856 etc.
3219 1802 3314 1856 Hic
3338 1818 3450 1856 am-

223 1898 494 1965 pro;.~llelw
537 1897 589 1964 (1
622 1897 761 1954 Petr.
791 1899 851 1968 ι).
906 1899 1000 1954 Hic
1043 1909 1124 1953 est
1167 1901 1297 1954 liber
1341 1899 1428 1968 qui
1485 1901 1535 1954 in
1580 1899 1712 1953 Isaia
1739 1909 1791 1952 et

221 1989 422 2041 scienti
458 1989 658 2043 litteras
707 1999 758 2044 ct
806 1992 1058 2045 nescienti
1101 1992 1451 2046 irreserabilis
1482 2001 1580 2046 est.
1630 1991 1791 2060 Cujus

223 2091 408 2133 tamen
437 2085 594 2134 etiam
629 2084 734 2137 illic
762 2087 830 2136 ita
865 2085 1178 2151 pratdicatur
1209 2089 1409 2154 aperlio
1435 2106 1446 2139 :
1499 2085 1562 2139 In
1593 2088 1674 2139 die
1701 2087 1791 2139 illa

221 2172 442 2222 audient
464 2174 626 2234 surdi,
657 2171 802 2224 verba
825 2174 938 2225 libri
969 2173 1121 2242 (lsai.
1151 2176 1324 2243 χιιι).
1355 2175 1425 2228 De
1453 2191 1554 2242 quo
1583 2185 1634 2229 et
1663 2175 1791 2228 Eze-

217 2258 368 2312 chiel
403 2279 414 2313 :
451 2259 517 2312 Et
547 2263 668 2322 vidi,
699 2262 885 2326 inquit,
919 2273 964 2316 ct
993 2280 1104 2316 ecce
1135 2280 1314 2316 manus
1339 2264 1491 2316 missa
1518 2265 1584 2316 ad
1614 2280 1708 2327 me,
1741 2263 1789 2315 in

218 2367 326 2414 qua
354 2361 462 2403 erat
515 2352 638 2404 liber
665 2353 938 2416 involutus,
967 2365 1009 2405 et
1040 2356 1280 2423 expandit
1323 2356 1468 2408 illum
1495 2372 1664 2408 coram
1695 2371 1793 2420 me,

218 2442 314 2507 qui
339 2452 446 2493 erat
475 2443 690 2510 scriptus
713 2445 847 2496 intus
879 2455 922 2496 et
950 2445 1072 2512 foris
1106 2443 1313 2512 (Ezech.
1348 2442 1430 2512 tt).
1475 2445 1570 2499 Ubi
1601 2453 1653 2497 et.
1695 2446 1795 2498 hoc

220 2532 368 2598 quod
397 2532 625 2586 Joannes
659 2537 839 2595 tacuit,
875 2535 996 2602 quid
1025 2535 1269 2588 videlicet
1297 2535 1346 2588 iit
1377 2535 1508 2588 libro
1539 2537 1792 2603 scriptum

218 2631 394 2685 esset,
425 2624 684 2690 adjumit,
718 2626 898 2679 dicens
926 2644 937 2678 :
972 2623 1036 2678 Et
1057 2628 1253 2695 scripta:
1275 2627 1324 2678 in
1356 2643 1412 2680 eo
1441 2635 1582 2679 erant
1606 2627 1795 2680 lamen-

220 2714 444 2766 tationes
472 2725 515 2767 et
543 2731 740 2769 carmen
780 2726 826 2770 cl
855 2733 926 2771 va!
963 2717 1170 2787 (lbid.).
1223 2719 1420 2772 Cuncta
1457 2720 1595 2772 enim
1624 2721 1795 2773 series

217 2803 438 2857 Veteris
468 2815 518 2858 et
563 2805 694 2859 Novi
742 2808 1088 2871 Testamenti,
1141 2810 1503 2877 pmnitentiam
1555 2826 1650 2878 pro
1673 2825 1797 2879 pec-

216 2897 361 2948 catis
391 2898 672 2964 agendam,
707 2915 923 2968 regnum
953 2902 1172 2955 cosleste
1211 2904 1572 2970 quaerendum,
1605 2911 1660 2958 et
1697 2904 1793 2957 lle-

220 2996 308 3038 tus
343 2986 629 3041 inl‘ernales
663 3000 954 3055 praemonet
983 3005 1104 3043 esse
1149 2991 1441 3058 fugiendos.

297 3075 368 3128 Et
407 3093 552 3130 nemo
583 3088 775 3144 poterat
813 3079 865 3131 in
895 3083 1037 3146 caelo,
1073 3096 1228 3145 neque
1256 3081 1307 3132 in
1337 3092 1468 3134 terra
1491 3123 1505 3147 ,
1536 3073 1638 3137 etc.
1692 3081 1790 3137 Ne-

224 3181 334 3231 que
365 3169 604 3234 angelus,
638 3181 807 3236 neque
835 3171 969 3222 ullus
995 3170 1255 3238 justorum
1282 3172 1440 3224 etiam
1470 3174 1645 3227 carnis
1675 3172 1788 3225 vin-

220 3257 349 3307 culo
397 3254 688 3321 absolutus,
742 3259 988 3326 mysteria
1034 3257 1222 3321 divinae
1269 3259 1398 3326 legis
1450 3261 1681 3315 revelare
1709 3265 1788 3316 vel

221 3347 551 3413 investigare
582 3356 884 3414 potuerunt,
917 3363 1088 3414 neque
1122 3353 1384 3418 respicere
1414 3350 1579 3415 illiilli,
1611 3351 1659 3403 id
1687 3359 1786 3411 est,

219 3434 574 3498 contemplari
629 3435 966 3500 splendorem
1021 3440 1200 3504 gratia:
1259 3437 1385 3490 Novi
1444 3439 1786 3493 'l‘cstamcnti.

219 3516 376 3570 Sicut
429 3517 517 3570 ﬁlii
561 3518 715 3573 lsrael
767 3519 817 3572 in
872 3521 1058 3575 faciem
1117 3523 1295 3576 latoris
1352 3523 1558 3577 Veteris
1605 3527 1789 3580 Testa-

217 3609 414 3674 menti,
449 3609 649 3662 Novum
682 3612 1028 3678 continentis,
1061 3629 1162 3666 non
1191 3615 1716 3682 poterauta~picere.

297 3699 364 3749 Et
393 3715 482 3767 ego
512 3701 692 3767 ﬂebant
725 3704 956 3754 multum.
991 3703 1336 3758 Communem
1385 3706 1595 3759 huntani
1625 3722 1784 3775 gone-

219 3788 295 3840 ris
331 3789 597 3841 miseriam
627 3807 917 3858 agnoscens
949 3793 1130 3849 doluit.
1165 3864 1168 3866 Π

297 3877 362 3929 Et
391 3895 517 3932 unus
562 3881 624 3931 de
646 3883 921 3934 senioribus
951 3884 1077 3936 dixit
1118 3886 1240 3937 milii
1267 3903 1282 3938 :
1319 3885 1400 3938 Ne
1439 3889 1655 3955 fleveris,
1682 3898 1785 3942 etc.

221 3968 382 4021 Flere
423 3970 748 4036 prohibetur,
793 3973 913 4038 quia
960 3972 1066 4039 jam
1117 3982 1238 4028 tunc
1282 3977 1550 4045 impletum
1581 3988 1694 4033 erat
1736 3980 1786 4034 in

217 4058 423 4110 Chr-isti
459 4060 700 4125 passione
747 4061 883 4128 quod
928 4061 1015 4115 diu
1065 4061 1257 4118 latebat
1310 4066 1635 4136 mysterium,
1668 4083 1785 4122 cum

216 4152 310 4204 illo
337 4151 579 4204 tradente
601 4152 873 4220 Spiritum,
897 4155 1057 4206 velum
1078 4154 1248 4224 templi
1268 4157 1475 4210 scissum
1500 4167 1571 4210 est
1596 4157 1784 4229 (Marc.

219 4240 338 4310 xv).
375 4242 468 4294 Cui
500 4243 721 4296 dicitur:
753 4242 962 4298 Catulus
987 4244 1140 4298 leonis
1168 4245 1326 4310 Jutla,
1354 4251 1420 4298 ad
1451 4249 1789 4314 pra'dam,/ili

214 4336 305 4386 mi.
346 4337 614 4387 osmulisti
659 4334 808 4405 (Cm.
835 4342 989 4404 ms)
1034 4346 1133 4390 etc.
1188 4338 1459 4408 Sequitur,
1512 4349 1564 4392 et
1594 4342 1788 4395 descri-

218 4426 294 4476 bit
328 4427 596 4492 quomoilo
624 4439 674 4478 et
706 4429 790 4479 ubi
823 4427 1003 4481 vicerit
1027 4427 1132 4480 Leo
1158 4430 1221 4481 tle
1254 4431 1388 4481 tribu
1422 4431 1574 4484 Jttda.

291 4515 360 4568 Et
389 4517 489 4567 vidi
517 4517 565 4566 in
595 4517 756 4569 medio
795 4518 1097 4572 tltroni......
1131 4529 1176 4570 et
1217 4522 1412 4588 Agnum
1441 4533 1649 4575 stantem
1675 4535 1782 4576 tau-

216 4624 375 4675 quant
413 4610 650 4659 occisum.
703 4607 842 4660 Idem
879 4607 1130 4661 Dominus
1173 4608 1256 4678 qui
1290 4613 1467 4678 Agnus
1499 4623 1577 4665 est
1637 4613 1786 4665 iuno-

217 4709 405 4751 center
436 4698 728 4762 moriendo,
766 4699 848 4751 leo
875 4715 1081 4768 quoque
1112 4698 1276 4754 lactus
1319 4711 1397 4754 est
1429 4715 1650 4756 mortem
1685 4702 1785 4756 tor-

220 4790 346 4842 titcr
372 4787 681 4841 eriuceudo.
727 4788 1028 4858 Tyclionius
1071 4807 1263 4860 agnum
1298 4793 1590 4847 Ecclesiatn
1634 4794 1782 4858 dicit,

219 4894 341 4947 quae
372 4879 423 4931 in
451 4875 656 4930 Christo
686 4878 889 4944 accepit
913 4895 1122 4931 omnem
1162 4893 1492 4947 potestatem.
1585 4928 1672 4932 ___

295 4967 578 5020 [labentem
601 4982 789 5019 cornua
810 4978 996 5034 septem
1036 4978 1080 5018 et
1103 4971 1276 5021 oculos
1301 4981 1508 5038 septem.
1558 4973 1784 5040 Spiritus

221 5061 271 5112 in
324 5057 538 5110 Christo
584 5055 928 5122 septiformis,
990 5066 1206 5124 propter
1251 5060 1589 5113 eminentiam
1639 5072 1784 5128 pote-

219 5162 406 5202 StallS.
443 5145 710 5211 cornibus,
739 5158 952 5215 propter
977 5149 1404 5204 illuminationem
1433 5155 1616 5220 gratia:
1637 5169 1783 5209 eom-

220 5256 281 5306 pa
291 5251 434 5290 ratur
467 5238 652 5290 oculis.

297 5325 360 5378 Et
386 5329 514 5379 venit
544 5337 588 5378 et
619 5325 808 5394 accepit
856 5326 918 5378 de
942 5327 1146 5380 dextrra
1175 5331 1390 5383 sedentis
1437 5331 1491 5382 in
1521 5332 1696 5384 tlirono
1723 5334 1783 5385 li-

220 5423 382 5473 brum.
419 5420 632 5475 Librum
662 5420 728 5474 de
752 5420 965 5472 dextera
993 5421 1104 5480 Dei.
1129 5423 1580 5490 diSpensationem
1611 5425 1778 5490 ipsam

219 5513 594 5565 lncaruationis
624 5527 652 5564 a
684 5511 835 5565 Patre
864 5521 916 5563 et
944 5528 968 5560 ει
1003 5512 1197 5578 seipso,
1240 5515 1526 5568 secundum
1561 5515 1610 5568 id
1641 5517 1780 5584 quod

221 5604 360 5656 Deus
389 5613 489 5666 est,
521 5603 824 5670 dispositam
857 5602 1125 5669 accepisse
1169 5603 1331 5658 Filius
1378 5606 1606 5659 hominis
1647 5607 1780 5660 dici-

221 5704 320 5758 tur,
348 5688 468 5760 quia
493 5699 709 5758 uterque
738 5707 856 5744 cum
904 5691 1098 5757 Spitiltt
1131 5701 1314 5748 sancto
1367 5694 1418 5745 in
1451 5697 1640 5750 throno
1685 5696 1780 5748 ha-

1897 1889 2033 1956 plins
2058 1890 2358 1943 declaratur
2378 1884 2621 1943 animalia
2646 1899 2697 1944 et
2722 1893 2959 1946 seniores
2989 1894 3275 1949 Ecclesiam
3307 1911 3446 1962 esse,

1894 1997 2007 2049 qua:
2040 1980 2230 2034 ChriSti
2256 1989 2338 2034 est
2363 1981 2617 2050 sanguine
2649 1982 2936 2052 redempta.
2964 1994 3015 2040 et
3044 1996 3357 2057 congregata
3385 1987 3451 2042 de

1893 2073 2156 2137 gentibus.
2189 2072 2430 2125 Ostendit
2459 2073 2615 2126 etiam
2647 2073 2698 2126 in
2729 2089 2833 2142 quo
2861 2077 2996 2130 cmlo
3025 2079 3146 2140 sint,
3178 2079 3402 2134 dicendo
3434 2097 3450 2135 :

1897 2162 1956 2212 Et
1989 2161 2277 2228 regnabuot
2306 2175 2464 2228 super
2497 2169 2710 2215 terram.
2757 2163 2822 2216 Et
2849 2165 2952 2218 vidi
2983 2173 3034 2220 et
3062 2167 3235 2221 audivi
3264 2183 3449 2222 vocem

1894 2250 2198 2317 angelorum
2225 2251 2506 2306 multorum
2531 2253 2582 2307 in
2607 2254 2826 2310 circuitu
2853 2255 3047 2326 throni,
3073 2269 3122 2313 et
3143 2259 3447 2314 animalium

1895 2355 1944 2394 et
1974 2344 2260 2396 seniorum.

1973 2433 2031 2483 Iit
2071 2442 2176 2484 crat
2215 2449 2450 2486 numerus
2488 2452 2656 2488 eorum
2696 2433 3124 2493 mili’ia'ntillium.
3171 2440 3448 2497 lnnumera

1899 2520 2059 2572 millia
2104 2522 2410 2588 populorum
2451 2525 2512 2575 ad
2549 2525 2831 2580 Ecclesium
2870 2529 3243 2584 conﬂuentium
3287 2531 3447 2587 Deum

1897 2609 2127 2662 laudant.

1967 2699 2056 2750 Cui
2087 2701 2204 2751 data
2235 2711 2303 2754 est
2335 2703 2492 2754 oumis
2532 2712 2748 2769 potestas
2787 2705 2837 2756 in
2877 2706 2998 2758 ccelo
3029 2716 3074 2758 et
3111 2708 3160 2759 in
3200 2717 3350 2762 terra.
3396 2710 3452 2764 Si

1897 2789 2034 2840 enim
2066 2789 2151 2841 ﬁlii
2189 2790 2278 2843 Dei
2310 2791 2430 2844 dieti
2467 2801 2588 2844 sunt
2609 2793 2733 2858 justi
2755 2835 2768 2857 ,
2796 2808 2890 2848 cur
2920 2810 3020 2848 non
3055 2809 3103 2849 et
3134 2798 3335 2865 angeli?
3366 2800 3452 2851 Li-

1896 2891 1978 2933 cet
2016 2890 2068 2934 et
2110 2883 2340 2936 cmlcsns
2383 2899 2592 2951 quoque
2638 2885 2818 2938 militia
2863 2887 3210 2956 redemptioni
3253 2901 3449 2944 nostra:

1894 2973 2308 3038 Congratttlando
2351 2974 2514 3040 possit
2559 2974 2656 3026 ista
2698 2976 2996 3030 concinere.
3045 2977 3190 3032 Sicut
3230 2987 3285 3033 et
3328 2995 3451 3033 sau-

1896 3072 2009 3113 t‘ltlS
2051 3077 2178 3128 papa
2224 3061 2512 3124 Gregorius
2553 3066 2817 3130 exposuit,
2862 3067 3185 3135 subjungens
3219 3087 3230 3120 :
3272 3070 3443 3143 (Vt)!

1839 3154 1866 3180 λ
1898 3167 2121 3219 tititthll.‘
2149 3153 2454 3221 angelorum
2487 3163 2564 3206 est
2591 3155 2639 3205 in
2671 3154 2822 3209 laude
2848 3154 3181 3222 Conditoris,
3216 3159 3324 3226 ipsa
3357 3161 3454 3213 ad-

1895 3243 2102 3293 tniratio
2132 3243 2325 3296 intima)
2355 3245 2832 3312 Contetnplatiouis.
2874 3264 2890 3296 ι

1965 3329 2028 3382 Et
2054 3342 2273 3400 quatuor
2298 3333 2542 3386 animalia
2573 3337 2798 3388 dicebant
2827 3337 3002 3402 Anien,
3029 3346 3130 3391 etc.
3162 3337 3373 3406 Populis
3399 3340 3449 3390 in

1895 3422 2126 3475 Ecclesia
2160 3422 2362 3478 Domini
2390 3424 2572 3480 laudes
2601 3428 2992 3496 resonantibus,
3025 3429 3270 3483 doctores
3311 3431 3449 3484 idem

1891 3513 2232 3578 cutilirmant,
2293 3525 2377 3582 et,
2434 3517 2664 3583 exempli
2718 3517 2904 3585 gratia,
2960 3518 3238 3571 Dominum
3292 3521 3450 3572 simul

1890 3603 2128 3655 adi-rant.

2495 3694 2716 3749 CAPUT
2759 3694 2840 3747 Vl.

1961 3781 2025 3836 I'Zt
2076 3784 2176 3836 vidi
2221 3785 2355 3852 quod
2396 3787 2672 3853 aperuisset
2722 3786 2888 3854 Agnus
2938 3803 3093 3838 unum
3138 3787 3201 3839 de
3246 3787 3446 3856 sigillis.

1890 3873 2017 3927 Cum
2051 3876 2196 3944 signa
2227 3879 2396 3942 primo
2426 3877 2724 3943 solvnntur,
2758 3877 2946 3932 deinde
2990 3879 3120 3932 liber
3159 3881 3445 3947 aperiatur,

1890 3977 2026 4019 certa
2061 3969 2265 4021 ratione
2309 3970 2706 4036 prmposteravit
2747 3971 2995 4024 usitatum
3036 3969 3295 4024 ordinem.
3346 3973 3447 4024 Do-

1891 4061 2062 4114 minus
2092 4060 2231 4114 enim
2264 4061 2469 4128 patiens
2497 4071 2549 4114 et
2580 4076 2861 4129 resurgens
2893 4064 3048 4115 linem
3080 4077 3137 4115 se
3163 4077 3281 4117 esse
3319 4063 3448 4132 legis

1889 4152 2116 4204 edocuit.
2153 4151 2457 4206 Ascendens
2486 4164 2660 4205 autem
2703 4153 2751 4205 in
2783 4152 3004 4216 caelum,
3041 4152 3236 4218 Spiritu
3266 4163 3450 4207 sancto

1891 4243 2068 4304 mi~so,
2096 4242 2400 4295 secretioris
2428 4244 2600 4295 arcani
2635 4258 2852 4296 munere
2883 4241 3108 4294 lirmavit
3137 4243 3442 4297 Ecclesium.

1889 4336 2034 4388 Tum:
2076 4351 2202 4403 ergo
2243 4335 2433 4388 librum
2477 4337 2699 4404 aperuit,
2745 4346 2797 4389 et
2837 4350 2975 4388 nunc
3019 4334 3132 4403 ejus
3177 4335 3444 4404 signacula

1817 4456 1862 4511 ι)
1893 4429 2066 4481 Solvit.
2103 4427 2155 4480 In
2190 4428 2358 4495 primo
2387 4429 2539 4494 igitur
2569 4429 2757 4491 sigillo,
2793 4427 2949 4479 decus
2985 4426 3237 4481 Ecclesia:
3269 4431 3446 4497 primi-

1892 4518 2036 4577 tivze;
2092 4516 2142 4569 iu
2186 4515 2526 4584 sequentibus
2575 4515 2759 4582 tribus,
2816 4513 3053 4568 triforme
3093 4525 3275 4568 contra
3324 4530 3442 4569 eam

1890 4609 2083 4662 bellum
2109 4625 2122 4668 ;
2157 4609 2207 4661 in
2237 4607 2450 4677 quinto,
2481 4606 2700 4677 gloriam
2731 4606 2829 4661 sub
2853 4605 2952 4660 hoc
2983 4606 3119 4660 bello
3150 4606 3443 4672 triumpha-

1891 4707 2093 4759 torum;
2127 4700 2176 4751 in
2200 4707 2374 4764 sexto,
2404 4698 2492 4752 illa
2519 4714 2638 4768 quae
2668 4707 2887 4753 ventura
2912 4707 3034 4752 sunt
3067 4706 3300 4764 tempore
3329 4698 3440 4750 Au-

1891 4790 2107 4843 tichtisti
2131 4834 2143 4854 ,
2185 4799 2238 4844 et
2282 4791 2549 4858 paululum
2581 4790 2940 4859 superioribus
2969 4787 3354 4856 recapitulatis;
3390 4789 3441 4843 in

1887 4881 2130 4947 septimo,
2162 4881 2329 4933 cernit
2358 4881 2563 4934 initium
2589 4881 2776 4948 quietis
2806 4888 3036 4930 asteruze.

1957 4968 2022 5022 Et
2053 4971 2223 5023 audivi
2251 4986 2405 5022 unum
2429 4971 2491 5021 de
2513 4979 2725 5035 quatubr
2751 4969 3056 5022 animalibus
3076 4968 3244 5020 dicens
3269 4983 3288 5021 :
3317 4952 3443 5022 Veni

1887 5070 1932 5112 et
1953 5060 2079 5111 vide.
2105 5058 2210 5111 Nos
2237 5073 2444 5127 quoque
2467 5059 2688 5127 gloriam
2721 5058 2971 5113 Ecclesize
2998 5073 3215 5118 cernere
3240 5061 3443 5128 magnis

1887 5151 2150 5218 Evangelii
2183 5151 2393 5204 vocibus
2423 5151 2787 5208 admonemur.

1959 5239 2022 5293 Et
2047 5257 2157 5294 ccce
2180 5257 2336 5310 equus
2364 5243 2538 5306 albus,
2571 5257 2674 5298 etc.
2723 5245 2998 5308 Ecclesiae,
3029 5257 3147 5311 qua:
3177 5259 3336 5312 super
3367 5247 3444 5296 ni-

1885 5345 2001 5384 vem
2029 5332 2191 5399 gratia
2221 5331 2462 5385 dealbata
2491 5343 2589 5397 est,
2623 5334 2874 5388 Dominus
2907 5333 3173 5401 praisidet,
3202 5345 3253 5388 et
3280 5336 3438 5400 spiri-

1886 5427 2037 5474 tuatts
2063 5418 2313 5474 doctrina:
2339 5431 2520 5475 contra
2552 5423 2742 5497 impios
2773 5437 2917 5475 arma
2951 5421 3127 5477 ferens
3147 5463 3160 5487 ,
3195 5423 3361 5498 victor
3389 5425 3439 5476 in

1883 5509 1992 5562 suis
2017 5523 2262 5561 coronam
2296 5510 2538 5578 percipit.
2574 5510 2646 5562 De
2675 5494 2780 5579 quo
2812 5512 3003 5565 dicitur
3029 5530 3039 5563 :
3064 5496 3279 5576 Accepit
3305 5513 3437 5565 dona

1884 5605 1932 5653 in
1986 5601 2265 5652 nominibus
2317 5598 2486 5667 (I’sal.
2535 5608 2714 5656 stnl.
2769 5605 2821 5655 ln
2869 5603 3054 5667 quibus
3103 5601 3258 5653 etiam
3304 5600 3439 5656 cmlo

1887 5694 2186 5759 prrsidens,
2223 5708 2246 5744 a
2278 5692 2435 5747 SlUlIl
2469 5694 2893 5763 persequebatur.
