3934 6222
456 284 551 338 H7

870 285 1069 340 DEDAS
1113 285 1552 345 VENERABILIS
1590 289 1737 344 Ol-‘P.
1778 289 1955 346 PA'RS
1994 290 2010 342 Ι

2132 289 2287 347 ιιίϐΤ.
2328 292 2371 348 l.
2401 294 2890 353 -ἘΧΕῧΕΤΙΟΛ
2933 299 3247 356 ΟΕΝΠΙΝΛ.

3544 300 3665 355 143

519 396 583 449 Et
612 413 726 449 cum
752 401 1029 465 aperuisset
1056 401 1280 469 sigillum
1308 406 1601 469 secundum,
1630 406 1801 458 audiui
1830 420 2002 458 secun-
2032 408 2082 464 Δ
2107 417 2159 460 et
2184 422 2279 475 per
2308 408 2634 479 hyperbaton
2663 425 2807 475 esse,
2842 422 2899 465 ut
2929 427 3030 466 non
3059 414 3158 467 sub
3183 428 3271 468 ara
3306 414 3524 478 viderit,
3558 414 3669 467 sed

448 487 571 538 dum
622 486 850 551 animal,
906 495 1008 542 etc.
1064 489 1399 546 Contrarium
1456 508 1665 563 quoque
1713 495 2001 560 equitatum

450 575 674 627 solerter
723 576 995 632 attendere
1047 578 1283 648 jubetur,
1335 590 1391 636 ut
1440 583 1578 636 sicut
1615 584 1681 637 de
1738 584 2003 652 prosperis

452 661 702 716 Ecclesia:
756 665 1001 733 gaudium
1031 707 1045 730 ,
1105 668 1181 721 sic
1233 668 1301 722 de
1345 671 1581 726 adversis
1634 672 1890 727 cautelam
1936 688 2002 727 ex

452 752 775 820 praescientia
805 766 1001 809 sumat.

519 841 586 894 Et
628 844 775 896 exivit
803 845 933 898 alius
961 861 1118 916 equus
1152 849 1317 918 rufus.
1365 849 1563 906 Contra
1594 853 1859 909 victricem
1889 855 2009 915 vin-,

448 934 760 1003 centemque
790 934 1078 991 Ecclesiant
1110 940 1235 993 exiit
1265 955 1432 1010 equus
1462 944 1626 1005 rufus,
1680 943 1730 998 id
1769 952 1880 1007 est,
1912 961 2003 1011 po.

453 1024 604 1089 pulus
628 1024 858 1088 sinister,
883 1042 947 1081 ex
970 1043 1179 1084 sessore
1204 1046 1300 1085 suo
1323 1032 1530 1086 diabolo
1551 1035 1999 1101 sanguinolentus.

451 1116 709 1181 Quamvis
753 1116 1031 1185 legerimus
1058 1122 1193 1189 apud
1223 1122 1529 1176 Zachariam
1574 1140 1763 1191 equum
1795 1125 2002 1179 Domini

452 1206 663 1271 rufum;
695 1208 787 1262 sed
820 1208 908 1262 ille
933 1224 1030 1264 suo
1055 1210 1307 1280 sanguine
1338 1214 1505 1277 rufus,
1537 1213 1619 1267 hic
1646 1213 1838 1268 alieno.

521 1297 588 1350 Et
616 1301 700 1369 qui
735 1302 933 1355 sedebat
960 1319 1110 1371 super
1137 1320 1287 1365 eum;
1311 1307 1485 1356 datum
1523 1314 1595 1358 est
1624 1307 1669 1358 ei
1704 1319 1755 1358 ut
1792 1315 2003 1359 sumeret

454 1405 623 1449 pacem
651 1391 711 1442 de
741 1402 892 1442 terra.
922 1392 1165 1454 Scilicet,
1200 1408 1367 1446 suam.
1416 1375 1651 1448 Ecclesia
1694 1411 1824 1450 vero
1851 1406 2007 1449 teter-

456 1495 574 1531 nam
604 1494 808 1547 pacem,
839 1496 992 1547 quam
1022 1482 1123 1534 sibi
1151 1481 1388 1535 ChriStus
1420 1485 1648 1549 reliquit,
1679 1486 1899 1553 accepit.

525 1568 590 1621 Et
620 1569 769 1622 datus
797 1580 868 1621 est
910 1571 985 1623 illi
1027 1572 1226 1640 gladius
1256 1589 1487 1642 magnus.
1519 1575 1641 1629 Sive
1673 1575 1723 1627 in
1754 1590 2008 1643 eosquos

459 1660 889 1725 prtcvaricatores
921 1661 1064 1727 fidei,
1113 1664 1225 1718 sive
1267 1681 1400 1732 quos
1445 1677 1703 1736 martyres
1742 1668 1881 1720 facit.
1937 1668 2009 1719 De

2101 497 2202 551 sub
2228 513 2318 552 ara
2347 501 2569 565 occisos,
2618 500 2668 554 id
2710 512 2821 564 est,
2868 503 2965 555 sub
3010 502 3375 557 testificatione
3423 503 3672 557 nominis

2100 586 2327 654 Christi,
2364 589 2501 645 sicut
2535 590 2601 645 de
2639 592 2951 646 Machabaeis
2977 592 3171 647 dictum
3201 604 3303 648 est.
3344 592 3454 649 Sub
3491 604 3668 647 testa-

2102 690 2269 733 mento
2301 681 2392 741 Dei
2419 682 2700 736 ceciderunt
2730 682 2817 751 (11
2849 683 3083 740 Macltab.
3117 684 3238 755 νη).

2172 771 2236 824 Et
2265 774 2544 827 clamabant
2573 790 2688 828 uoce
2717 792 2917 843 magna,
2947 778 3181 830 dicentes.
3210 777 3427 848 Magnus
3454 780 3596 832 anim
3608 795 3678 829 a-

2102 877 2216 915 rum
2263 864 2482 927 clamor,
2534 880 2780 932 magnum
2824 876 2905 919 est
2947 866 3263 920 desiderium
3311 881 3491 920 eorum
3537 884 3676 935 qua:

2104 951 2383 1006 Dominum
2425 956 2599 1008 facere
2642 956 2774 1008 velle
2819 965 3096 1010 noverunt.
3144 956 3249 1011 Nec
3278 958 3417 1011 enim
3461 957 3537 1011 fas
3577 966 3678 1009 est

2102 1058 2192 1097 eas
2238 1046 2456 1098 credere
2501 1054 2688 1099 contra
2739 1046 2830 1103 Dei
2883 1057 3066 1101 nutum
3114 1048 3395 1117 quidquam
3440 1062 3667 1115 cupere,

2102 1133 2221 1189 cu'm
2251 1151 2433 1191 earum
2461 1137 2718 1191 desideria
2745 1152 2810 1192 ex
2836 1138 2951 1207 ejus
2982 1139 3244 1206 pendeant
3273 1140 3558 1191 voluntate.

2177 1224 2464 1293 Usquequo,
2506 1226 2717 1279 Domine
2742 1238 2944 1279 sanctus
2973 1238 3218 1291 etaerus,
3255 1243 3355 1279 non
3376 1228 3583 1296 judicas
3615 1234 3674 1277 et

2104 1314 2349 1377 vindicas,
2376 1314 2516 1367 etc.?
2544 1313 2656 1367 Non
2684 1318 2794 1383 haec
2822 1315 2945 1368 odio
2975 1315 3325 1377 inimicorum,
3352 1330 3445 1382 pro
3467 1316 3672 1383 quibus

2109 1407 2159 1459 in
2189 1408 2286 1459 hoc
2311 1383 2507 1460 seculo
2537 1415 2876 1473 rogaverunt,
2906 1415 3079 1470 orant,
3106 1406 3200 1459 sed
3231 1420 3408 1459 amore
3437 1407 3670 1473 aequita-

2108 1494 2193 1557 tis,
2226 1510 2325 1562 qua
2356 1495 2453 1570 ipsi
2475 1496 2638 1564 judici
2668 1505 2722 1549 ut
2751 1509 2917 1565 prope
2949 1495 3101 1563 positi
3133 1496 3482 1556 concordant.
3512 1496 3669 1549 diem

2106 1583 2284 1647 iudicii
2306 1625 2320 1646 ,
2352 1599 2456 1652 quo
2496 1585 2694 1651 peccati
2737 1599 2955 1653 regnum
2983 1584 3305 1646 destruatur,
3337 1593 3391 1637 et
3418 1599 3674 1637 resurre-

2111 1673 2339 1728 titionem
2385 1666 2760 1727 esstittctorum
2809 1662 3086 1740 corporum
3135 1672 3403 1736 advenire,
3445 1687 3675 1741 precan-

457 1766 559 1818 quo
586 1751 650 1805 ad
678 1750 883 1805 beatum
913 1752 1010 1806 Job
1035 1754 1225 1807 dicitur
1253 1771 1267 1807 :
1306 1755 1403 1822 Qui
1434 1757 1548 1822 fecit
1576 1773 1709 1820 eum,
1737 1756 2005 1825 applicavit
2041 1752 2084 1805 Β
2114 1766 2213 1812 tur.
2239 1759 2365 1812 Nam
2398 1770 2451 1814 et
2479 1776 2574 1813 nos
2606 1762 2656 1815 in
2692 1762 2963 1830 praesenti,
2988 1776 3106 1815 cum
3134 1776 3228 1830 pro
3255 1762 3479 1815 inimicis
3507 1746 3687 1817 orare—

456 1840 685 1905 gladium
711 1841 818 1910 ejus
845 1839 982 1909 (Job.
1019 1840 1126 1913 xc),
1158 1842 1209 1897 id
1239 1853 1340 1907 est,
1367 1845 1449 1896 vel
1476 1860 1541 1899 ne
1570 1853 1771 1898 tantum
1802 1856 2011 1900 sanctos

460 1939 624 1983 tentet
647 1941 896 1999 quantum
929 1932 1119 1999 impius
1148 1933 1309 1997 velit,
1343 1934 1422 1987 vel
1452 1935 1591 2004 quod
1617 1949 1726 1988 sua:
1763 1935 1925 1989 rabiei
1958 1934 2010 1989 in

456 2022 687 2086 seipsum
720 2021 957 2079 vindicta
978 2023 1175 2097 redeat.

530 2109 594 2161 Et
637 2126 749 2163 ecce
786 2126 940 2178 equus
984 2092 1147 2180 niger,
1194 2122 1297 2167 etc.
1345 2113 1517 2183 Equus
1544 2087 1714 2183 niger,
1762 2114 2009 2169 falsorum

462 2209 672 2253 caterva
699 2211 780 2253 est
806 2203 1023 2255 fratrum
1044 2241 1059 2265 ,
1090 2203 1179 2270 qui
1209 2211 1455 2256 stateram
1489 2214 1647 2257 recta:
1674 2204 2040 2270 professionis-

464 2289 676 2354 habent,
721 2293 814 2343 sed
860 2290 1029 2344 socios
1074 2292 1271 2345 laedunt
1314 2308 1405 2360 per
1451 2308 1609 2360 opera
1657 2296 2008 2348 tenebrarum.

469 2378 598 2429 Dum
629 2378 769 2431 enim
802 2378 852 2431 in
893 2380 1068 2433 medio
1112 2381 1417 2435 animalium
1448 2381 1638 2436 dicitur
1664 2383 1739 2437 Ne
1785 2384 2006 2451 laeseris,

460 2468 751 2521 ostenditur
781 2468 885 2523 illic
913 2485 1031 2524 esse
1071 2471 1157 2538 qui
1200 2471 1358 2525 lardit.
1402 2472 1474 2525 De
1517 2472 1617 2527 hoc
1660 2483 2011 2541 praecurrente

463 2576 597 2626 cquo
626 2559 751 2613 dicit
781 2562 1062 2630 Apostolus
1096 2578 1107 2613 :
1146 2560 1291 2615 Foris
1321 2579 1522 2631 pugnis,
1554 2564 1690 2616 intus
1719 2565 1937 2618 timores.

537 2653 748 2728 Bilibris~
769 2656 921 2709 tritici
960 2656 1164 2708 denario
1205 2674 1324 2721 uno,
1354 2672 1456 2710 etc.
1498 2656 1673 2722 Cave,
1716 2659 1913 2726 inquit,
1949 2673 2013 2712 ne

464 2746 707 2812 caemplo
761 2744 988 2814 pessimo
1041 2744 1253 2798 fratrem
1325 2752 1471 2798 tuum
1524 2746 1847 2799 scandalizes
1896 2761 2015 2813 pro-

465 2846 578 2901 pter
605 2849 761 2903 quem
800 2834 1040 2888 Christus
1071 2845 1304 2888 mortuus
1334 2846 1445 2899 est,
1486 2844 1541 2889 et
1576 2836 1710 2889 sacri
1748 2837 2014 2905 sanguinis

464 2925 865 2993 chrismatisquc
898 2935 1066 2991 portat
1095 2925 1331 2994 insignia.
1361 2925 1489 2993 Quia
1518 2926 1630 2979 sive
1662 2926 1873 2993 perfecti
1900 2943 2012 2982 tne-

469 3014 609 3079 ritis,
644 3016 754 3068 sive
781 3016 939 3069 etiam
978 3014 1201 3078 minimi,
1237 3016 1429 3081 quique
1463 3017 1511 3069 in
1546 3016 1775 3069 Ecclesia
1807 3019 1908 3071 fide
1939 3027 2013 3070 la-

2108 1847 2374 1915 juhemur,
2417 1848 2642 1902 dicimus
2674 1861 2848 1902 tamen
2880 1848 3101 1903 Domino
3129 1856 3339 1903 orantes
3372 1867 3385 1900 :
3418 1849 3675 1903 Adoeuiat

2110 1954 2317 2006 regnum
2343 1948 2484 1991 luunt
2513 1937 2724 2009 (Matth.
2752 1940 2848 2009 v1).

2182 2026 2249 2079 Et
2298 2029 2427 2082 date
2467 2036 2581 2082 sunt
2626 2029 2728 2083 illis
2778 2030 2992 2099 singula:
3036 2030 3179 2084 stulte
3224 2030 3371 2084 alba.
3418 2031 3673 2100 Singulas

2090 2117 2269 2185 modo
2299 2119 2465 2170 stolas
2493 2118 2901 2173 habentanima:
2941 2129 3240 2173 sanctorum
3267 2122 3335 2175 de
3377 2135 3467 2174 sua
3513 2121 3671 2174 beata

2123 2206 2518 2262 immortalitate
2546 2207 2857 2277 gaudentes.
2901 2210 3312 2281 Resurgentihus
3350 2222 3519 2265 autem
3546 2228 3673 2267 cor-

2118 2295 2337 2363 poribus
2360 2296 2511 2366 juxta
2558 2296 2745 2353 Isaiam
2764 2338 2781 2364 ,
2811 2300 2863 2353 in
2896 2310 3031 2355 terra
3060 2315 3154 2354 sua
3181 2300 3404 2370 duplicia
3433 2299 3674 2370 posside-

2114 2384 2259 2439 bunt.

2186 2471 2251 2525 Et
2292 2476 2480 2528 dictum
2522 2486 2594 2530 est
2634 2476 2735 2529 illis
2775 2486 2828 2529 ut
2870 2477 3229 2543 requiescerent
3276 2486 3465 2545 tempus
3502 2477 3675 2529 adhuc

2118 2564 2401 2630 modicum,
2436 2577 2539 2621 ctc.
2566 2568 2676 2621 Non
2704 2567 3019 2622 desiderium
3052 2566 3446 2620 resurrectionis
3483 2569 3675 2620 abnui-

2119 2665 2221 2721 tur,
2264 2656 2356 2707 sed
2387 2672 2449 2710 es
2478 2657 2891 2725 colligendorum
2930 2657 3151 2709 fratrum
3181 2668 3461 2724 augmento
3489 2656 3674 2711 dider—

2120 2754 2220 2795 tur.
2250 2742 2379 2798 Nam
2410 2753 2462 2797 et
2489 2747 2598 2813 ipsa
2628 2746 2919 2799 animarum
2950 2746 3127 2799 Iustitia
3159 2758 3328 2813 potest
3355 2746 3507 2799 stolis
3535 2746 3674 2800 albis

2119 2836 2349 2903 figurari,
2381 2850 2499 2889 cum
2529 2837 2753 2892 Domino
2778 2839 3047 2893 revelante
3075 2836 3377 2901 didicerint,
3400 2846 3454 2890 et
3477 2836 3673 2903 impios

2118 2928 2168 2989 in
2209 2924 2310 2983 line
2336 2930 2683 2995 damnandus,
2713 2941 2764 2982 et
2794 2944 2959 2997 usque
2984 2929 3048 2980 ad
3082 2929 3237 2981 tinem
3271 2928 3451 2979 steculi
3480 2926 3676 2980 multos

2120 3033 2215 3071 suo
2258 3034 2481 3071 numero
2528 3034 2619 3085 per
2664 3019 2970 3086 martyrium
3015 3032 3135 3072 esse
3161 3018 3460 3082 sociandos,
3492 3026 3671 3084 atque,

471 3118 587 3155 men
633 3116 829 3157 sancta:
870 3104 1143 3157 Trinitatis
1185 3104 1390 3166 imbuti.
1437 3118 1620 3158 omnes
1665 3106 1849 3158 eodem
1900 3121 2014 3172 νῦν·
2043 3075 2088 3135 c
2121 3112 2323 3164 interna
2352 3110 2610 3162 charitatc
2634 3109 2850 3176 perfusi,
2876 3108 3159 3162 maluerint
3185 3107 3282 3160 hac
3309 3106 3672 3161 consolatione

470 3192 604 3247 fecto
649 3195 817 3259 pretio
855 3194 1124 3263 sanguinis
1154 3194 1400 3247 dominici
1431 3204 1553 3247 sunt
1594 3197 1871 3264 redempti.
1911 3196 2017 3252 Nec

470 3283 728 3336 immerito
755 3283 929 3337 bilibri
959 3293 1010 3337 et
1034 3299 1139 3338 non
1171 3283 1390 3354 simplici
1423 3285 1556 3340 libra
1588 3286 1708 3342 fidei
1738 3289 1817 3341 vel
1844 3289 2017 3355 operis

472 3374 721 3440 perfectio
750 3377 1076 3443 exprimitur,
1110 3393 1225 3446 quae
1253 3386 1468 3448 utraque
1500 3380 1550 3432 in
1590 3379 1766 3434 radice
1793 3380 2016 3449 gemina:

467 3465 707 3519 consistit
732 3465 1018 3521 cltaritatis.

542 3554 605 3607 Et
633 3573 743 3610 ecce
771 3573 923 3625 equus
951 3559 1191 3624 pallidus,
1221 3570 1321 3613 etc.
1366 3560 1605 3615 flleretici
1635 3562 1721 3630 qui
1752 3578 1811 3617 se
1839 3566 2018 3618 catho-

476 3648 601 3700 ficos
632 3649 843 3714 palliaut
864 3690 876 3711 ,
912 3660 1078 3702 morte
1111 3651 1469 3704 inhabitatrice
1496 3652 1661 3718 digiti,
1693 3652 2015 3718 perditorum

476 3747 591 3801 post
619 3750 675 3788 se
704 3737 909 3804 rapiunt
938 3739 1244 3790 exercitum.
1277 3739 1521 3792 Diabolus
1546 3741 1684 3792 enim
1717 3752 1767 3792 et
1794 3740 2017 3792 ministri

473 3826 622 3894 ejus,
658 3827 1043 3895 metonymin
1075 3844 1215 3883 mors
1244 3840 1296 3891 et
1338 3831 1570 3884 infernus
1597 3832 1717 3885 dicti
1757 3841 1909 3897 sunt,
1956 3847 2021 3887 eo

479 3920 615 3985 quod
648 3919 824 3972 multis
853 3934 1003 3972 causa
1036 3922 1216 3974 mortis
1246 3932 1300 3977 et
1327 3922 1649 3977 iufernorum
1677 3925 1803 3977 sint.
1840 3927 2021 3980 Potest

479 4016 532 4059 et
560 4008 866 4075 simpliciter
892 4010 1085 4076 accipi,
1118 4012 1254 4078 quod
1286 4011 1369 4065 hic
1398 4012 1736 4081 spiritualiter
1761 4024 2018 4081 mortuos,

476 4096 543 4149 ibi
574 4112 723 4163 ptena
754 4110 997 4164 sequatur
1027 4110 1241 4154 acterna.

551 4185 616 4239 Et
648 4188 863 4240 data'est
894 4188 966 4239 illi
996 4198 1213 4256 potestas
1241 4207 1392 4256 super
1415 4200 1630 4258 quatuor
1660 4202 1824 4260 partes
1859 4204 2021 4245 terrm.

481 4281 612 4333 Ecce
650 4280 757 4333 Arii
800 4281 1007 4334 vesania
1041 4281 1107 4334 de
1148 4281 1460 4335 Alexandria
1507 4298 1726 4335 nascens
1766 4284 1829 4336 ad
1864 4284 2023 4337 Galli-

2118 3200 2349 3255 contenti
2403 3214 2496 3267 pro
2548 3198 2842 3267 supplendo
2888 3198 3106 3253 fratrum
3160 3212 3378 3252 numero
3423 3197 3677 3250 hactenus

2116 3310 2211 3349 sua
2242 3295 2429 3361 gaudia
2460 3292 2679 3346 differri.
2803 3357 2806 3359 Α

2192 3381 2255 3436 Et
2285 3383 2389 3435 uidi
2418 3398 2532 3435 cum
2560 3382 2838 3448 aperuisset
2863 3381 3080 3450 sigillum
3110 3391 3340 3445 sextum,
3372 3389 3473 3433 etc.
3514 3378 3676 3432 Sexto

2119 3472 2288 3541 sigillo
2318 3471 2581 3540 patefacto
2631 3472 2912 3524 novissima
2960 3470 3256 3537 persecutio
3304 3469 3587 3530 nuntiatur,
3619 3481 3676 3521 et

2122 3564 2259 3616 sicut
2283 3562 2503 3614 Domino
2532 3571 2680 3613 sexta
2708 3560 2835 3613 feria
2860 3560 3135 3624 crucifiso,
3169 3557 3419 3610 mundum
3446 3556 3677 3609 tenebris

2121 3661 2172 3704 et
2201 3664 2389 3716 pavore
2416 3648 2645 3702 concuti.

2191 3738 2259 3792 Et
2288 3738 2361 3793 sol
2404 3740 2568 3807 factus
2609 3747 2678 3791 est
2708 3740 2848 3807 niger
2890 3746 3127 3806 tanquam
3173 3751 3365 3789 saccus.
3406 3734 3675 3802 Tanquam

2122 3828 2319 3883 Christi
2342 3831 2421 3883 vel
2449 3840 2628 3897 operta
2660 3827 2907 3895 potentia,
2941 3828 3020 3880 vel
3053 3826 3288 3879 doctrina
3320 3823 3679 3892 temporatiter

2123 3920 2425 3981 obscurata,
2452 3919 2538 3971 vel
2567 3934 2595 3971 a
2626 3917 2934 3971 defensione
2962 3918 3030 3969 sit
3062 3917 3227 3969 velata
3248 3955 3264 3979 ,
3295 3930 3411 3968 cum
3451 3915 3680 3967 ministri

2123 4009 2437 4064 Antichristi
2466 4008 2516 4059 in
2546 4021 2726 4060 servos
2752 4006 2941 4059 Christi
2972 4007 3195 4074 grassari
3224 4013 3519 4081 sumuntur.

2196 4099 2261 4151 Et
2290 4098 2409 4149 luna
2438 4105 2539 4147 tota
2566 4096 2705 4163 facta
2732 4104 2804 4148 est
2837 4094 2962 4145 sicut
2987 4096 3211 4161 sanguis.
3246 4090 3483 4145 Ecclesia
3522 4090 3681 4143 solito

2124 4187 2347 4255 amplius
2376 4200 2469 4253 pro
2497 4185 2708 4238 Christo
2736 4198 3040 4250 sanguinem
3089 4184 3285 4236 fundet.
3334 4182 3460 4235 Tota
3502 4192 3678 4233 autem

2124 4275 2428 4346 dixit,'quia
2460 4276 2511 4328 in
2542 4286 2651 4330 toto
2678 4276 2805 4329 orbe
2830 4274 2930 4328 erit
2960 4276 3269 4329 novissimus
3300 4286 3454 4330 terra:
3482 4286 3681 4338 motus,

479 4384 597 4421 cutn
648 4386 812 4436 usque
867 4374 1102 4440 pervenit
1146 4387 1396 4427 oceanum
1424 4413 1439 4436 ,
1490 4388 1592 4427 non
1641 4374 1779 4429 fame
1824 4382 2021 4429 tantum
2058 4404 2103 4462 υ
2130 4385 2281 4428 antea
2311 4388 2436 4426 vero
2466 4374 2599 4425 sicut
2628 4371 2877 4439 scriptum
2911 4379 3010 4433 est,
3042 4384 3133 4437 per
3161 4371 3294 4422 loca.

479 4460 621 4513 verbi
653 4459 770 4521 Dei,
803 4462 893 4513 sed
925 4471 977 4513 et
1006 4462 1179 4527 gladio
1204 4464 1465 4530 corporali
1492 4463 1778 4517 bestialiter
1808 4466 1922 4532 pios
1952 4467 2027 4518 itt-

482 4564 727 4619 acquens.
758 4548 868 4601 Alia
896 4548 1069 4601 Editio
1097 4560 1336 4615 quartam
1370 4562 1567 4620 partem
1603 4556 1881 4616 transtulit,
1911 4572 1977 4619 qu
2000 4571 2028 4607 a

490 4658 593 4697 tres
622 4642 738 4711 equi
772 4641 891 4693 mali
920 4640 1127 4692 diabolo
1166 4650 1371 4694 rectore
1400 4642 1639 4707 fidentes,
1670 4655 1847 4696 centra
1876 4660 2029 4711 quar-

486 4744 593 4788 tum
628 4734 873 4788 Ecclesia:
903 4732 1176 4785 calcitrant
1201 4732 1508 4799 equitatum.

515 4874 526 4887 ,
554 4824 620 4876 Et
648 4840 759 4876 cum
786 4824 1061 4890 aperuisset
1090 4824 1315 4889 quintum
1344 4822 1565 4892 sigillum
1588 4834 1729 4885 ,etc.
1773 4823 1901 4887 Quia
1937 4823 2031 4876 Ec-

486 4914 699 4966 clesiam
730 4913 934 4964 dixerat
974 4911 1023 4961 in
1073 4912 1313 4977 praesenti
1364 4911 1720 4981 multipliciter
1760 4910 2030 4975 afflictam,

489 5002 614 5054 dicit
656 5011 707 5054 et
734 4998 953 5070 gloriam
985 5000 1277 5053 animarum
1323 5012 1436 5070 post
1475 5016 1751 5070 corporum
1801 5019 2030 5081 pretium.

488 5092 626 5153 Vidi,
674 5093 855 5158 inquit,
887 5105 976 5145 eas
1020 5090 1117 5143 sub
1164 5090 1347 5149 altare.
1398 5092 1448 5144 id
1497 5101 1597 5156 est,
1649 5092 1699 5144 in
1749 5095 2034 5147 secretario

492 5182 658 5233 laudis
683 5191 910 5233 aeternae.
948 5184 1047 5235 Ara
1078 5180 1218 5233 enim
1248 5185 1403 5232 aurea
1433 5190 1487 5233 et
1515 5182 1734 5235 interius
1767 5187 1950 5247 posita,
1983 5196 2035 5236 et

500 5284 661 5337 prope
689 5269 930 5321 dominici
954 5271 1190 5338 corporis
1218 5283 1417 5329 arcam,
1449 5285 1551 5321 non
1584 5278 1639 5321 ut
1668 5273 1901 5326 exterior
1924 5290 2035 5327 car-

498 5376 615 5413 nem
648 5369 700 5410 et
727 5355 1053 5424 sanguinem,
1093 5358 1182 5411 sed
1224 5360 1330 5409 sola
1372 5356 1525 5409 olfert
1557 5358 1776 5411 Domino
1816 5362 2034 5430 thymia-

503 5460 638 5503 inata
695 5450 880 5501 laudis.
937 5447 1001 5500 Et
1049 5449 1135 5514 qui
1193 5464 1329 5501 nunc
1376 5447 1627 5502 exhibent
1674 5464 1893 5516 corpora
1943 5468 2031 5505 sua

495 5540 716 5594 hostiam
749 5540 1031 5599 viventem,
1068 5548 1208 5602 tunc,
1242 5539 1466 5605 diruptis
1492 5540 1665 5592 carnis
1695 5541 1930 5604 vintulis,
1962 5544 2034 5596 illi

490 5630 786 5685 sacrificant
815 5627 1031 5682 hostiam
1065 5628 1231 5683 laudis
1262 5627 1431 5698 (Paul.
1464 5628 1606 5699 cst).
1640 5628 1818 5683 PUch
1858 5640 2027 5686 autum

2209 4462 2273 4515 Et
2303 4460 2462 4515 stella:
2490 4462 2773 4513 ceciderunt
2798 4476 2945 4526 super
2969 4470 3167 4521 terram,
3193 4468 3294 4510 etc.
3320 4456 3418 4521 Qui
3439 4458 3682 4511 catlestes

2133 4555 2183 4607 in
2234 4553 2469 4604 ILIcclesia
2516 4549 2693 4617 specie
2735 4558 2885 4601 tenus
2930 4548 3147 4613 fulgent,
3189 4554 3344 4597 vento
3383 4546 3683 4598 novissima:

2133 4641 2513 4709 persecutionis
2563 4638 2799 4704 impulsi,
2853 4638 3042 4689 terreni
3091 4635 3251 4688 fuisse
3300 4636 3684 4701 probabuntur.

2132 4732 2363 4795 Quorum
2406 4730 2540 4781 bene
2584 4743 2741 4795 Opera
2783 4728 2997 4796 gressis,
3042 4728 3335 4780 immaturis
3363 4727 3604 4780 videlicet
3636 4742 3689 4780 et

2135 4820 2404 4874 inutilibus
2433 4830 2485 4872 et
2513 4820 2723 4872 caducis
2754 4820 2837 4872 fici
2870 4819 3145 4879 fructibus,
3174 4827 3566 4883 comparantur.

2204 4908 2267 4961 Et
2300 4910 2476 4961 oculum
2513 4910 2708 4961 recessit
2742 4909 2867 4960 sicut
2902 4906 3022 4958 titur
3061 4904 3330 4955 inuolutus.
3369 4905 3515 4956 Sicut
3555 4905 3689 4955 liber

2135 5001 2396 5053 involutus
2437 5000 2681 5067 mysteria
2712 4996 2922 5064 quidem
2951 4996 3115 5060 intus,
3146 4992 3240 5047 sed
3281 4993 3407 5047 furis
3450 5009 3552 5046 non
3592 5010 3683 5057 ap-

2136 5090 2370 5159 parentia
2393 5089 2621 5142 coatinct
2646 5128 2659 5151 ,
2699 5087 2775 5138 sic
2809 5094 2863 5137 et
2905 5094 3028 5137 tunc
3057 5083 3311 5149 Ecclesia,
3343 5083 3453 5136 suis
3483 5092 3686 5137 tantum

2136 5184 2363 5248 Cognita,
2419 5179 2833 5250 persecutionem
2884 5176 3110 5229 discrete
3141 5176 3310 5229 vitans
3354 5175 3586 5237 recedet,
3635 5184 3692 5228 ut

2135 5274 2201 5321 ab
2227 5269 2487 5321 extraneis
2515 5267 2685 5318 abdita
2716 5279 2817 5317 non
2849 5264 3104 5317 videatur.

2206 5356 2272 5409 Et
2303 5357 2462 5409 omnis
2493 5370 2629 5405 mons
2667 5362 2711 5405 et
2752 5354 2929 5407 insula:
2970 5356 3032 5405 de
3078 5354 3199 5405 locis
3238 5353 3343 5405 suis
3382 5363 3513 5405 nats
3546 5368 3693 5408 sum.

2140 5450 2353 5502 Diversa
2388 5461 2479 5511 pro
2508 5444 2758 5511 qualitate
2801 5444 3098 5497 ofticiomm
3140 5443 3221 5496 vel
3255 5443 3440 5496 virium
3486 5459 3697 5500 memo-

2140 5551 2260 5591 rans
2292 5533 2536 5588 Ecclesiae
2564 5532 2819 5595 membra,
2854 5532 3048 5585 nullum
3079 5532 3146 5584 ab
3171 5531 3268 5585 hoc
3301 5533 3509 5587 turbine
3546 5550 3695 5599 pra:-

2139 5628 2263 5683 dit-it
2288 5625 2538 5686 alienum.
2572 5623 2662 5678 sed
2689 5633 2859 5680 motus
2890 5620 3187 5690 dissimilis,
3222 5625 3273 5676 in
3299 5624 3447 5678 bonis
3480 5624 3695 5677 scilicet
