  <div class='ocr_page' id='page_1' title='image "/cluster/home/n/w/nwhite01/storage/ocr_20150623/92-93/uva.x000827076/604.png"; bbox 0 0 3934 6222; ppageno 0'>
   <div class='ocr_carea' id='block_1_1' title="bbox 189 361 1733 422">
    <p class='ocr_par' dir='ltr' id='par_1_1' title="bbox 189 361 1728 422">
     <span class='ocr_line' id='line_1_1' title="bbox 189 361 1728 422; baseline 0.007 -17"><span class='ocrx_word' id='word_1_1' title='bbox 189 361 288 412; x_wconf 66' lang='grc' dir='ltr'>ςιι</span> <span class='ocrx_word' id='word_1_2' title='bbox 1172 367 1442 422; x_wconf 64' lang='grc' dir='ltr'><strong>ΕΧΡΙΛΝ</strong></span> <span class='ocrx_word' id='word_1_3' title='bbox 1467 366 1605 420; x_wconf 75' lang='grc' dir='ltr'><strong>ιΤΙΟ</strong></span> <span class='ocrx_word' id='word_1_4' title='bbox 1648 366 1728 420; x_wconf 83' lang='lat' dir='ltr'><strong>Al‘</strong></span> 
     </span>
    </p>
   </div>
   <div class='ocr_carea' id='block_1_2' title="bbox 1838 361 2474 422">
    <p class='ocr_par' dir='ltr' id='par_1_2' title="bbox 1838 365 2474 422">
     <span class='ocr_line' id='line_1_2' title="bbox 1838 365 2474 422; baseline -0.003 -5"><span class='ocrx_word' id='word_1_5' title='bbox 1838 366 2121 422; x_wconf 72' lang='lat' dir='ltr'><strong>\l.YPSIS.</strong></span> <span class='ocrx_word' id='word_1_6' title='bbox 2165 395 2230 405; x_wconf 91' lang='lat'><strong>-—</strong></span> <span class='ocrx_word' id='word_1_7' title='bbox 2272 365 2393 418; x_wconf 85' lang='lat' dir='ltr'><strong>LIB.</strong></span> <span class='ocrx_word' id='word_1_8' title='bbox 2439 365 2474 416; x_wconf 90' lang='grc' dir='ltr'><strong>Ι.</strong></span> 
     </span>
    </p>
   </div>
   <div class='ocr_carea' id='block_1_3' title="bbox 3298 377 3397 433">
    <p class='ocr_par' dir='ltr' id='par_1_3' title="bbox 3298 377 3397 433">
     <span class='ocr_line' id='line_1_3' title="bbox 3298 377 3397 433; baseline -0.04 0"><span class='ocrx_word' id='word_1_9' title='bbox 3298 379 3318 433; x_wconf 74' lang='grc'>1</span> <span class='ocrx_word' id='word_1_10' title='bbox 3333 377 3397 430; x_wconf 72' lang='lat'><strong>30</strong></span> 
     </span>
    </p>
   </div>
   <div class='ocr_carea' id='block_1_4' title="bbox 180 473 3390 552">
    <p class='ocr_par' dir='ltr' id='par_1_4' title="bbox 180 473 3390 552">
     <span class='ocr_line' id='line_1_4' title="bbox 180 473 3390 552; baseline 0.006 -27"><span class='ocrx_word' id='word_1_11' title='bbox 180 473 439 540; x_wconf 76' lang='lat' dir='ltr'><strong>fugiendo</strong></span> <span class='ocrx_word' id='word_1_12' title='bbox 467 489 795 544; x_wconf 67' lang='lat' dir='ltr'><strong>praecavens,</strong></span> <span class='ocrx_word' id='word_1_13' title='bbox 818 475 869 530; x_wconf 90' lang='lat' dir='ltr'><strong>in</strong></span> <span class='ocrx_word' id='word_1_14' title='bbox 893 477 1044 531; x_wconf 89' lang='lat' dir='ltr'><strong>malis</strong></span> <span class='ocrx_word' id='word_1_15' title='bbox 1076 494 1199 531; x_wconf 81' lang='lat' dir='ltr'><strong>vero</strong></span> <span class='ocrx_word' id='word_1_16' title='bbox 1221 480 1420 532; x_wconf 82' lang='lat' dir='ltr'><strong>cedens</strong></span> <span class='ocrx_word' id='word_1_17' title='bbox 1450 477 1737 544; x_wconf 82' lang='lat' dir='ltr'><strong>sequendo.</strong></span> <span class='ocrx_word' id='word_1_18' title='bbox 1774 479 1815 533; x_wconf 78' lang='grc' dir='ltr'>Α</span> <span class='ocrx_word' id='word_1_19' title='bbox 1855 476 2020 531; x_wconf 80' lang='lat' dir='ltr'><strong>libere</strong></span> <span class='ocrx_word' id='word_1_20' title='bbox 2047 488 2334 532; x_wconf 88' lang='lat' dir='ltr'><strong>notaretur.</strong></span> <span class='ocrx_word' id='word_1_21' title='bbox 2366 478 2493 531; x_wconf 83' lang='lat' dir='ltr'><strong>Nam</strong></span> <span class='ocrx_word' id='word_1_22' title='bbox 2521 488 2574 533; x_wconf 88' lang='lat' dir='ltr'><strong>et</strong></span> <span class='ocrx_word' id='word_1_23' title='bbox 2603 480 2710 547; x_wconf 87' lang='lat' dir='ltr'><strong>ipsa</strong></span> <span class='ocrx_word' id='word_1_24' title='bbox 2739 481 2911 535; x_wconf 86' lang='lat' dir='ltr'><strong>crucis</strong></span> <span class='ocrx_word' id='word_1_25' title='bbox 2937 485 3096 552; x_wconf 81' lang='lat' dir='ltr'><strong>ﬁgura</strong></span> <span class='ocrx_word' id='word_1_26' title='bbox 3124 488 3390 545; x_wconf 82' lang='lat' dir='ltr'><strong>dilatatunt</strong></span> 
     </span>
    </p>
   </div>
   <div class='ocr_carea' id='block_1_5' title="bbox 255 562 1741 639">
    <p class='ocr_par' dir='ltr' id='par_1_5' title="bbox 255 562 1741 639">
     <span class='ocr_line' id='line_1_5' title="bbox 255 562 1741 639; baseline 0.001 -21"><span class='ocrx_word' id='word_1_27' title='bbox 255 562 328 618; x_wconf 78' lang='lat' dir='ltr'><strong>Et</strong></span> <span class='ocrx_word' id='word_1_28' title='bbox 356 582 495 638; x_wconf 83' lang='lat' dir='ltr'><strong>reges</strong></span> <span class='ocrx_word' id='word_1_29' title='bbox 522 578 666 621; x_wconf 69' lang='lat' dir='ltr'><strong>terra</strong></span> <span class='ocrx_word' id='word_1_30' title='bbox 694 575 740 621; x_wconf 85' lang='lat' dir='ltr'><strong>et</strong></span> <span class='ocrx_word' id='word_1_31' title='bbox 769 567 1016 639; x_wconf 80' lang='lat' dir='ltr'><strong>principes</strong></span> <span class='ocrx_word' id='word_1_32' title='bbox 1046 579 1090 621; x_wconf 89' lang='lat' dir='ltr'><strong>et</strong></span> <span class='ocrx_word' id='word_1_33' title='bbox 1117 570 1320 622; x_wconf 88' lang='lat' dir='ltr'><strong>tribuni.</strong></span> <span class='ocrx_word' id='word_1_34' title='bbox 1346 568 1515 636; x_wconf 72' lang='lat' dir='ltr'><strong>[leges</strong></span> <span class='ocrx_word' id='word_1_35' title='bbox 1551 576 1741 636; x_wconf 84' lang='lat' dir='ltr'><strong>poten-</strong></span> 
     </span>
    </p>
   </div>
   <div class='ocr_carea' id='block_1_6' title="bbox 179 659 1744 728">
    <p class='ocr_par' dir='ltr' id='par_1_6' title="bbox 179 659 1744 728">
     <span class='ocr_line' id='line_1_6' title="bbox 179 659 1744 728; baseline 0.002 -19"><span class='ocrx_word' id='word_1_36' title='bbox 179 671 260 714; x_wconf 80' lang='lat' dir='ltr'><strong>tes</strong></span> <span class='ocrx_word' id='word_1_37' title='bbox 295 660 544 712; x_wconf 76' lang='lat' dir='ltr'><strong>homines</strong></span> <span class='ocrx_word' id='word_1_38' title='bbox 568 659 878 727; x_wconf 83' lang='lat' dir='ltr'><strong>accipimus.</strong></span> <span class='ocrx_word' id='word_1_39' title='bbox 912 660 988 714; x_wconf 79' lang='lat' dir='ltr'><strong>Ex</strong></span> <span class='ocrx_word' id='word_1_40' title='bbox 1019 661 1160 715; x_wconf 87' lang='lat' dir='ltr'><strong>omni</strong></span> <span class='ocrx_word' id='word_1_41' title='bbox 1194 661 1332 714; x_wconf 90' lang='lat' dir='ltr'><strong>enim</strong></span> <span class='ocrx_word' id='word_1_42' title='bbox 1353 660 1514 728; x_wconf 88' lang='lat' dir='ltr'><strong>gradu</strong></span> <span class='ocrx_word' id='word_1_43' title='bbox 1536 670 1590 714; x_wconf 90' lang='lat' dir='ltr'><strong>et</strong></span> <span class='ocrx_word' id='word_1_44' title='bbox 1618 674 1744 714; x_wconf 58' lang='lat' dir='ltr'><strong>conv</strong></span> 
     </span>
    </p>
   </div>
   <div class='ocr_carea' id='block_1_7' title="bbox 176 748 1742 820">
    <p class='ocr_par' dir='ltr' id='par_1_7' title="bbox 176 748 1742 820">
     <span class='ocr_line' id='line_1_7' title="bbox 176 748 1742 820; baseline 0.003 -21"><span class='ocrx_word' id='word_1_45' title='bbox 176 749 390 803; x_wconf 87' lang='lat' dir='ltr'><strong>ditione</strong></span> <span class='ocrx_word' id='word_1_46' title='bbox 417 748 521 802; x_wconf 87' lang='lat' dir='ltr'><strong>vult</strong></span> <span class='ocrx_word' id='word_1_47' title='bbox 544 749 782 820; x_wconf 74' lang='lat' dir='ltr'><strong>intelligi.</strong></span> <span class='ocrx_word' id='word_1_48' title='bbox 807 748 1088 816; x_wconf 62' lang='lat' dir='ltr'><strong>Ceterum,</strong></span> <span class='ocrx_word' id='word_1_49' title='bbox 1115 750 1202 820; x_wconf 90' lang='lat' dir='ltr'><strong>qui</strong></span> <span class='ocrx_word' id='word_1_50' title='bbox 1226 759 1348 805; x_wconf 89' lang='lat' dir='ltr'><strong>tunc</strong></span> <span class='ocrx_word' id='word_1_51' title='bbox 1371 765 1524 820; x_wconf 88' lang='lat' dir='ltr'><strong>reges</strong></span> <span class='ocrx_word' id='word_1_52' title='bbox 1553 759 1742 819; x_wconf 78' lang='lat' dir='ltr'><strong>prtetcr</strong></span> 
     </span>
    </p>
   </div>
   <div class='ocr_carea' id='block_1_8' title="bbox 180 839 818 906">
    <p class='ocr_par' dir='ltr' id='par_1_8' title="bbox 180 839 818 906">
     <span class='ocr_line' id='line_1_8' title="bbox 180 839 818 906; baseline 0.009 -20"><span class='ocrx_word' id='word_1_53' title='bbox 180 852 347 890; x_wconf 88' lang='lat' dir='ltr'><strong>unum</strong></span> <span class='ocrx_word' id='word_1_54' title='bbox 380 839 818 906; x_wconf 79' lang='lat' dir='ltr'><strong>persecutorem?</strong></span> 
     </span>
    </p>
   </div>
   <div class='ocr_carea' id='block_1_9' title="bbox 246 925 1740 998">
    <p class='ocr_par' dir='ltr' id='par_1_9' title="bbox 246 925 1740 998">
     <span class='ocr_line' id='line_1_9' title="bbox 246 925 1740 998; baseline 0.008 -22"><span class='ocrx_word' id='word_1_55' title='bbox 246 925 637 980; x_wconf 77' lang='lat' dir='ltr'><strong>.4bsconderuut</strong></span> <span class='ocrx_word' id='word_1_56' title='bbox 671 943 724 979; x_wconf 90' lang='lat' dir='ltr'><strong>se</strong></span> <span class='ocrx_word' id='word_1_57' title='bbox 747 927 802 978; x_wconf 85' lang='lat' dir='ltr'><strong>in</strong></span> <span class='ocrx_word' id='word_1_58' title='bbox 843 928 1093 994; x_wconf 73' lang='lat' dir='ltr'><strong>speluncis</strong></span> <span class='ocrx_word' id='word_1_59' title='bbox 1120 937 1167 982; x_wconf 87' lang='lat' dir='ltr'><strong>et</strong></span> <span class='ocrx_word' id='word_1_60' title='bbox 1209 929 1262 980; x_wconf 89' lang='lat' dir='ltr'><strong>in</strong></span> <span class='ocrx_word' id='word_1_61' title='bbox 1285 929 1437 998; x_wconf 87' lang='lat' dir='ltr'><strong>petris</strong></span> <span class='ocrx_word' id='word_1_62' title='bbox 1476 929 1740 988; x_wconf 58' lang='lat' dir='ltr'><strong>montium,</strong></span> 
     </span>
    </p>
   </div>
   <div class='ocr_carea' id='block_1_10' title="bbox 172 1013 1740 1085">
    <p class='ocr_par' dir='ltr' id='par_1_10' title="bbox 172 1013 1740 1085">
     <span class='ocr_line' id='line_1_10' title="bbox 172 1013 1740 1085; baseline 0.001 -19"><span class='ocrx_word' id='word_1_63' title='bbox 172 1024 281 1066; x_wconf 62' lang='grc' dir='ltr'>«διε.</span> <span class='ocrx_word' id='word_1_64' title='bbox 323 1014 456 1070; x_wconf 85' lang='lat' dir='ltr'><strong>Cum</strong></span> <span class='ocrx_word' id='word_1_65' title='bbox 500 1013 814 1070; x_wconf 88' lang='lat' dir='ltr'><strong>inﬁrmiores</strong></span> <span class='ocrx_word' id='word_1_66' title='bbox 855 1016 1049 1085; x_wconf 84' lang='lat' dir='ltr'><strong>quique</strong></span> <span class='ocrx_word' id='word_1_67' title='bbox 1095 1025 1220 1070; x_wconf 90' lang='lat' dir='ltr'><strong>tunc</strong></span> <span class='ocrx_word' id='word_1_68' title='bbox 1270 1016 1642 1085; x_wconf 67' lang='lat' dir='ltr'><strong>praecelsorum</strong></span> <span class='ocrx_word' id='word_1_69' title='bbox 1688 1015 1740 1068; x_wconf 91' lang='lat' dir='ltr'><strong>in</strong></span> 
     </span>
    </p>
   </div>
   <div class='ocr_carea' id='block_1_11' title="bbox 174 1099 1740 1174">
    <p class='ocr_par' dir='ltr' id='par_1_11' title="bbox 174 1099 1740 1174">
     <span class='ocr_line' id='line_1_11' title="bbox 174 1099 1740 1174; baseline 0.004 -22"><span class='ocrx_word' id='word_1_70' title='bbox 174 1099 425 1158; x_wconf 84' lang='lat' dir='ltr'><strong>Ecclesia</strong></span> <span class='ocrx_word' id='word_1_71' title='bbox 459 1105 695 1159; x_wconf 90' lang='lat' dir='ltr'><strong>roborari</strong></span> <span class='ocrx_word' id='word_1_72' title='bbox 719 1106 1000 1172; x_wconf 80' lang='lat' dir='ltr'><strong>exemplis,</strong></span> <span class='ocrx_word' id='word_1_73' title='bbox 1032 1106 1267 1161; x_wconf 83' lang='lat' dir='ltr'><strong>consiliis</strong></span> <span class='ocrx_word' id='word_1_74' title='bbox 1297 1106 1506 1169; x_wconf 90' lang='lat' dir='ltr'><strong>muniri,</strong></span> <span class='ocrx_word' id='word_1_75' title='bbox 1533 1106 1740 1174; x_wconf 76' lang='lat' dir='ltr'><strong>protegi</strong></span> 
     </span>
    </p>
   </div>
   <div class='ocr_carea' id='block_1_12' title="bbox 179 1193 1738 1263">
    <p class='ocr_par' dir='ltr' id='par_1_12' title="bbox 179 1193 1738 1263">
     <span class='ocr_line' id='line_1_12' title="bbox 179 1193 1738 1263; baseline 0 -15"><span class='ocrx_word' id='word_1_76' title='bbox 179 1193 402 1248; x_wconf 86' lang='lat' dir='ltr'><strong>monitis</strong></span> <span class='ocrx_word' id='word_1_77' title='bbox 423 1203 474 1247; x_wconf 92' lang='lat' dir='ltr'><strong>et</strong></span> <span class='ocrx_word' id='word_1_78' title='bbox 500 1195 742 1263; x_wconf 85' lang='lat' dir='ltr'><strong>precibus</strong></span> <span class='ocrx_word' id='word_1_79' title='bbox 772 1203 1018 1262; x_wconf 64' lang='lat' dir='ltr'><strong>quaerunt</strong></span> <span class='ocrx_word' id='word_1_80' title='bbox 1046 1195 1348 1248; x_wconf 84' lang='lat' dir='ltr'><strong>obutnbrari</strong></span> <span class='ocrx_word' id='word_1_81' title='bbox 1367 1232 1382 1258; x_wconf 94' lang='lat'><strong>,</strong></span> <span class='ocrx_word' id='word_1_82' title='bbox 1413 1193 1565 1262; x_wconf 88' lang='lat' dir='ltr'><strong>quasi</strong></span> <span class='ocrx_word' id='word_1_83' title='bbox 1597 1194 1738 1261; x_wconf 86' lang='lat' dir='ltr'><strong>ipsos</strong></span> 
     </span>
    </p>
   </div>
   <div class='ocr_carea' id='block_1_13' title="bbox 175 1285 1738 1355">
    <p class='ocr_par' dir='ltr' id='par_1_13' title="bbox 175 1285 1738 1355">
     <span class='ocr_line' id='line_1_13' title="bbox 175 1285 1738 1355; baseline 0.001 -17"><span class='ocrx_word' id='word_1_84' title='bbox 175 1300 348 1353; x_wconf 81' lang='lat' dir='ltr'><strong>super</strong></span> <span class='ocrx_word' id='word_1_85' title='bbox 375 1299 433 1341; x_wconf 87' lang='lat' dir='ltr'><strong>se</strong></span> <span class='ocrx_word' id='word_1_86' title='bbox 461 1295 667 1342; x_wconf 81' lang='lat' dir='ltr'><strong>montes</strong></span> <span class='ocrx_word' id='word_1_87' title='bbox 714 1299 808 1355; x_wconf 77' lang='lat' dir='ltr'><strong>per</strong></span> <span class='ocrx_word' id='word_1_88' title='bbox 854 1285 1098 1341; x_wconf 81' lang='lat' dir='ltr'><strong>aﬁ&#39;ectum</strong></span> <span class='ocrx_word' id='word_1_89' title='bbox 1139 1286 1520 1354; x_wconf 86' lang='lat' dir='ltr'><strong>compassionis</strong></span> <span class='ocrx_word' id='word_1_90' title='bbox 1550 1285 1738 1339; x_wconf 91' lang='lat' dir='ltr'><strong>cadere</strong></span> 
     </span>
    </p>
   </div>
   <div class='ocr_carea' id='block_1_14' title="bbox 177 1375 1740 1445">
    <p class='ocr_par' dir='ltr' id='par_1_14' title="bbox 177 1375 1740 1445">
     <span class='ocr_line' id='line_1_14' title="bbox 177 1375 1740 1445; baseline 0 -17"><span class='ocrx_word' id='word_1_91' title='bbox 177 1377 560 1444; x_wconf 79' lang='lat' dir='ltr'><strong>deprecantur.</strong></span> <span class='ocrx_word' id='word_1_92' title='bbox 593 1375 788 1430; x_wconf 76' lang='lat' dir='ltr'><strong>Montes</strong></span> <span class='ocrx_word' id='word_1_93' title='bbox 827 1376 958 1429; x_wconf 85' lang='lat' dir='ltr'><strong>enim</strong></span> <span class='ocrx_word' id='word_1_94' title='bbox 986 1376 1167 1429; x_wconf 66' lang='lat' dir='ltr'><strong>excelsi</strong></span> <span class='ocrx_word' id='word_1_95' title='bbox 1207 1377 1396 1440; x_wconf 80' lang='lat' dir='ltr'><strong>cervis,</strong></span> <span class='ocrx_word' id='word_1_96' title='bbox 1425 1384 1564 1445; x_wconf 84' lang='lat' dir='ltr'><strong>petra</strong></span> <span class='ocrx_word' id='word_1_97' title='bbox 1603 1380 1740 1444; x_wconf 80' lang='lat' dir='ltr'><strong>refu-</strong></span> 
     </span>
    </p>
   </div>
   <div class='ocr_carea' id='block_1_15' title="bbox 174 1465 996 1536">
    <p class='ocr_par' dir='ltr' id='par_1_15' title="bbox 174 1465 996 1536">
     <span class='ocr_line' id='line_1_15' title="bbox 174 1465 996 1536; baseline 0.005 -22"><span class='ocrx_word' id='word_1_98' title='bbox 174 1466 320 1534; x_wconf 80' lang='lat' dir='ltr'><strong>gium</strong></span> <span class='ocrx_word' id='word_1_99' title='bbox 347 1465 610 1518; x_wconf 84' lang='lat' dir='ltr'><strong>lterinaciis</strong></span> <span class='ocrx_word' id='word_1_100' title='bbox 635 1465 803 1536; x_wconf 88' lang='lat' dir='ltr'><strong>(Psal.</strong></span> <span class='ocrx_word' id='word_1_101' title='bbox 826 1466 996 1533; x_wconf 73' lang='lat' dir='ltr'><strong>catlt).</strong></span> 
     </span>
    </p>
   </div>
   <div class='ocr_carea' id='block_1_16' title="bbox 251 1555 1740 1625">
    <p class='ocr_par' dir='ltr' id='par_1_16' title="bbox 251 1555 1740 1625">
     <span class='ocr_line' id='line_1_16' title="bbox 251 1555 1740 1625; baseline 0.003 -19"><span class='ocrx_word' id='word_1_102' title='bbox 251 1555 323 1607; x_wconf 74' lang='lat' dir='ltr'><strong>Et</strong></span> <span class='ocrx_word' id='word_1_103' title='bbox 343 1556 626 1610; x_wconf 86' lang='lat' dir='ltr'><strong>abscondite</strong></span> <span class='ocrx_word' id='word_1_104' title='bbox 652 1572 741 1610; x_wconf 89' lang='lat' dir='ltr'><strong>nos</strong></span> <span class='ocrx_word' id='word_1_105' title='bbox 779 1573 809 1608; x_wconf 90' lang='lat' dir='ltr'><strong>a</strong></span> <span class='ocrx_word' id='word_1_106' title='bbox 838 1556 967 1625; x_wconf 79' lang='lat' dir='ltr'><strong>[acie</strong></span> <span class='ocrx_word' id='word_1_107' title='bbox 989 1557 1206 1610; x_wconf 79' lang='lat' dir='ltr'><strong>sedentis</strong></span> <span class='ocrx_word' id='word_1_108' title='bbox 1233 1573 1385 1624; x_wconf 84' lang='lat' dir='ltr'><strong>super</strong></span> <span class='ocrx_word' id='word_1_109' title='bbox 1419 1557 1652 1610; x_wconf 82' lang='lat' dir='ltr'><strong>thronum</strong></span> <span class='ocrx_word' id='word_1_110' title='bbox 1693 1566 1740 1611; x_wconf 87' lang='lat' dir='ltr'><strong>et</strong></span> 
     </span>
    </p>
   </div>
   <div class='ocr_carea' id='block_1_17' title="bbox 133 1644 1739 1715">
    <p class='ocr_par' dir='ltr' id='par_1_17' title="bbox 133 1644 1739 1715">
     <span class='ocr_line' id='line_1_17' title="bbox 133 1644 1739 1715; baseline 0.005 -17"><span class='ocrx_word' id='word_1_111' title='bbox 133 1674 151 1687; x_wconf 87' lang='lat'><strong>-</strong></span> <span class='ocrx_word' id='word_1_112' title='bbox 175 1646 242 1698; x_wconf 84' lang='lat' dir='ltr'><strong>ab</strong></span> <span class='ocrx_word' id='word_1_113' title='bbox 269 1647 354 1698; x_wconf 84' lang='lat' dir='ltr'><strong>ira</strong></span> <span class='ocrx_word' id='word_1_114' title='bbox 382 1646 532 1714; x_wconf 79' lang='lat' dir='ltr'><strong>Agni.</strong></span> <span class='ocrx_word' id='word_1_115' title='bbox 560 1644 622 1701; x_wconf 85' lang='lat' dir='ltr'><strong>Ul</strong></span> <span class='ocrx_word' id='word_1_116' title='bbox 650 1659 746 1701; x_wconf 89' lang='lat' dir='ltr'><strong>nos</strong></span> <span class='ocrx_word' id='word_1_117' title='bbox 764 1646 970 1701; x_wconf 88' lang='lat' dir='ltr'><strong>scilicet</strong></span> <span class='ocrx_word' id='word_1_118' title='bbox 999 1662 1102 1701; x_wconf 91' lang='lat' dir='ltr'><strong>non</strong></span> <span class='ocrx_word' id='word_1_119' title='bbox 1128 1648 1401 1715; x_wconf 81' lang='lat' dir='ltr'><strong>reprobus,</strong></span> <span class='ocrx_word' id='word_1_120' title='bbox 1432 1649 1525 1704; x_wconf 86' lang='lat' dir='ltr'><strong>sed</strong></span> <span class='ocrx_word' id='word_1_121' title='bbox 1556 1650 1606 1703; x_wconf 91' lang='lat' dir='ltr'><strong>in</strong></span> <span class='ocrx_word' id='word_1_122' title='bbox 1635 1649 1739 1706; x_wconf 87' lang='lat' dir='ltr'><strong>ﬁde</strong></span> 
     </span>
    </p>
   </div>
   <div class='ocr_carea' id='block_1_18' title="bbox 173 1734 1739 1804">
    <p class='ocr_par' dir='ltr' id='par_1_18' title="bbox 173 1734 1739 1804">
     <span class='ocr_line' id='line_1_18' title="bbox 173 1734 1739 1804; baseline 0.004 -16"><span class='ocrx_word' id='word_1_123' title='bbox 173 1734 426 1797; x_wconf 85' lang='lat' dir='ltr'><strong>stabiles,</strong></span> <span class='ocrx_word' id='word_1_124' title='bbox 451 1745 705 1790; x_wconf 87' lang='lat' dir='ltr'><strong>venturus</strong></span> <span class='ocrx_word' id='word_1_125' title='bbox 737 1736 995 1800; x_wconf 81' lang='lat' dir='ltr'><strong>inveniat,</strong></span> <span class='ocrx_word' id='word_1_126' title='bbox 1032 1737 1260 1804; x_wconf 81' lang='lat' dir='ltr'><strong>peccatis</strong></span> <span class='ocrx_word' id='word_1_127' title='bbox 1285 1737 1482 1792; x_wconf 87' lang='lat' dir='ltr'><strong>nostris</strong></span> <span class='ocrx_word' id='word_1_128' title='bbox 1525 1747 1739 1794; x_wconf 87' lang='lat' dir='ltr'><strong>sancto-</strong></span> 
     </span>
    </p>
   </div>
   <div class='ocr_carea' id='block_1_19' title="bbox 175 1823 1494 1882">
    <p class='ocr_par' dir='ltr' id='par_1_19' title="bbox 175 1823 1494 1882">
     <span class='ocr_line' id='line_1_19' title="bbox 175 1823 1494 1882; baseline 0.005 -7"><span class='ocrx_word' id='word_1_129' title='bbox 175 1838 297 1876; x_wconf 86' lang='lat' dir='ltr'><strong>rum</strong></span> <span class='ocrx_word' id='word_1_130' title='bbox 330 1825 621 1879; x_wconf 85' lang='lat' dir='ltr'><strong>intercessu</strong></span> <span class='ocrx_word' id='word_1_131' title='bbox 644 1832 698 1878; x_wconf 90' lang='lat' dir='ltr'><strong>et</strong></span> <span class='ocrx_word' id='word_1_132' title='bbox 726 1823 818 1879; x_wconf 88' lang='lat' dir='ltr'><strong>Dei</strong></span> <span class='ocrx_word' id='word_1_133' title='bbox 850 1825 1192 1880; x_wconf 86' lang='lat' dir='ltr'><strong>miseratione</strong></span> <span class='ocrx_word' id='word_1_134' title='bbox 1215 1827 1494 1882; x_wconf 89' lang='lat' dir='ltr'><strong>contectis.</strong></span> 
     </span>
    </p>
   </div>
   <div class='ocr_carea' id='block_1_20' title="bbox 245 1913 1736 1988">
    <p class='ocr_par' dir='ltr' id='par_1_20' title="bbox 245 1913 1736 1988">
     <span class='ocr_line' id='line_1_20' title="bbox 245 1913 1736 1988; baseline 0.005 -22"><span class='ocrx_word' id='word_1_135' title='bbox 245 1913 316 1967; x_wconf 83' lang='lat' dir='ltr'><strong>Et</strong></span> <span class='ocrx_word' id='word_1_136' title='bbox 344 1914 457 1984; x_wconf 86' lang='lat' dir='ltr'><strong>quis</strong></span> <span class='ocrx_word' id='word_1_137' title='bbox 485 1915 667 1983; x_wconf 86' lang='lat' dir='ltr'><strong>poterit</strong></span> <span class='ocrx_word' id='word_1_138' title='bbox 697 1914 869 1968; x_wconf 85' lang='lat' dir='ltr'><strong>stare.’</strong></span> <span class='ocrx_word' id='word_1_139' title='bbox 890 1915 984 1970; x_wconf 87' lang='lat' dir='ltr'><strong>Ille</strong></span> <span class='ocrx_word' id='word_1_140' title='bbox 1016 1919 1194 1983; x_wconf 87' lang='lat' dir='ltr'><strong>utique</strong></span> <span class='ocrx_word' id='word_1_141' title='bbox 1221 1917 1310 1984; x_wconf 89' lang='lat' dir='ltr'><strong>qui</strong></span> <span class='ocrx_word' id='word_1_142' title='bbox 1334 1932 1473 1973; x_wconf 90' lang='lat' dir='ltr'><strong>nunc</strong></span> <span class='ocrx_word' id='word_1_143' title='bbox 1504 1917 1736 1988; x_wconf 89' lang='lat' dir='ltr'><strong>vigilare,</strong></span> 
     </span>
    </p>
   </div>
   <div class='ocr_carea' id='block_1_21' title="bbox 172 2003 1738 2076">
    <p class='ocr_par' dir='ltr' id='par_1_21' title="bbox 172 2003 1738 2076">
     <span class='ocr_line' id='line_1_21' title="bbox 172 2003 1738 2076; baseline 0.001 -20"><span class='ocrx_word' id='word_1_144' title='bbox 172 2003 226 2056; x_wconf 91' lang='lat' dir='ltr'><strong>in</strong></span> <span class='ocrx_word' id='word_1_145' title='bbox 259 2003 370 2057; x_wconf 84' lang='lat' dir='ltr'><strong>ﬁJe</strong></span> <span class='ocrx_word' id='word_1_146' title='bbox 395 2011 563 2066; x_wconf 84' lang='lat' dir='ltr'><strong>stare,</strong></span> <span class='ocrx_word' id='word_1_147' title='bbox 588 2004 812 2058; x_wconf 82' lang='lat' dir='ltr'><strong>viriliter</strong></span> <span class='ocrx_word' id='word_1_148' title='bbox 839 2019 997 2073; x_wconf 85' lang='lat' dir='ltr'><strong>agere</strong></span> <span class='ocrx_word' id='word_1_149' title='bbox 1016 2046 1029 2068; x_wconf 92' lang='lat'><strong>,</strong></span> <span class='ocrx_word' id='word_1_150' title='bbox 1073 2007 1455 2076; x_wconf 84' lang='lat' dir='ltr'><strong>procuraverit.</strong></span> <span class='ocrx_word' id='word_1_151' title='bbox 1499 2007 1648 2073; x_wconf 86' lang='lat' dir='ltr'><strong>Quod</strong></span> <span class='ocrx_word' id='word_1_152' title='bbox 1695 2007 1738 2062; x_wconf 94' lang='lat' dir='ltr'><strong>si</strong></span> 
     </span>
    </p>
   </div>
   <div class='ocr_carea' id='block_1_22' title="bbox 171 2095 1737 2166">
    <p class='ocr_par' dir='ltr' id='par_1_22' title="bbox 171 2095 1737 2166">
     <span class='ocr_line' id='line_1_22' title="bbox 171 2095 1737 2166; baseline 0.002 -21"><span class='ocrx_word' id='word_1_153' title='bbox 171 2096 321 2147; x_wconf 84' lang='lat' dir='ltr'><strong>bttnc</strong></span> <span class='ocrx_word' id='word_1_154' title='bbox 356 2105 512 2147; x_wconf 72' lang='lat' dir='ltr'><strong>terra:</strong></span> <span class='ocrx_word' id='word_1_155' title='bbox 541 2105 741 2148; x_wconf 86' lang='lat' dir='ltr'><strong>motum</strong></span> <span class='ocrx_word' id='word_1_156' title='bbox 767 2095 916 2164; x_wconf 77' lang='lat' dir='ltr'><strong>juxta</strong></span> <span class='ocrx_word' id='word_1_157' title='bbox 946 2096 1178 2152; x_wconf 84' lang='lat' dir='ltr'><strong>litteram</strong></span> <span class='ocrx_word' id='word_1_158' title='bbox 1199 2096 1264 2151; x_wconf 90' lang='lat' dir='ltr'><strong>ad</strong></span> <span class='ocrx_word' id='word_1_159' title='bbox 1290 2097 1462 2166; x_wconf 86' lang='lat' dir='ltr'><strong>ipsum</strong></span> <span class='ocrx_word' id='word_1_160' title='bbox 1489 2096 1630 2151; x_wconf 89' lang='lat' dir='ltr'><strong>diem</strong></span> <span class='ocrx_word' id='word_1_161' title='bbox 1653 2098 1737 2165; x_wconf 88' lang='lat' dir='ltr'><strong>ju-</strong></span> 
     </span>
    </p>
   </div>
   <div class='ocr_carea' id='block_1_23' title="bbox 169 2185 1740 2258">
    <p class='ocr_par' dir='ltr' id='par_1_23' title="bbox 169 2185 1740 2258">
     <span class='ocr_line' id='line_1_23' title="bbox 169 2185 1740 2258; baseline 0.001 -18"><span class='ocrx_word' id='word_1_162' title='bbox 169 2185 296 2240; x_wconf 90' lang='lat' dir='ltr'><strong>dicii</strong></span> <span class='ocrx_word' id='word_1_163' title='bbox 331 2188 555 2253; x_wconf 84' lang='lat' dir='ltr'><strong>releras,</strong></span> <span class='ocrx_word' id='word_1_164' title='bbox 588 2203 691 2242; x_wconf 90' lang='lat' dir='ltr'><strong>non</strong></span> <span class='ocrx_word' id='word_1_165' title='bbox 722 2197 801 2244; x_wconf 85' lang='lat' dir='ltr'><strong>est</strong></span> <span class='ocrx_word' id='word_1_166' title='bbox 827 2189 1017 2243; x_wconf 89' lang='lat' dir='ltr'><strong>mirum</strong></span> <span class='ocrx_word' id='word_1_167' title='bbox 1040 2189 1085 2243; x_wconf 89' lang='lat' dir='ltr'><strong>si</strong></span> <span class='ocrx_word' id='word_1_168' title='bbox 1112 2203 1263 2258; x_wconf 87' lang='lat' dir='ltr'><strong>reges</strong></span> <span class='ocrx_word' id='word_1_169' title='bbox 1294 2187 1487 2244; x_wconf 88' lang='lat' dir='ltr'><strong>terreni</strong></span> <span class='ocrx_word' id='word_1_170' title='bbox 1510 2198 1565 2242; x_wconf 89' lang='lat' dir='ltr'><strong>et</strong></span> <span class='ocrx_word' id='word_1_171' title='bbox 1595 2189 1740 2256; x_wconf 88' lang='lat' dir='ltr'><strong>prin-</strong></span> 
     </span>
    </p>
   </div>
   <div class='ocr_carea' id='block_1_24' title="bbox 170 2276 1731 2347">
    <p class='ocr_par' dir='ltr' id='par_1_24' title="bbox 170 2276 1731 2347">
     <span class='ocr_line' id='line_1_24' title="bbox 170 2276 1731 2347; baseline 0.001 -18"><span class='ocrx_word' id='word_1_172' title='bbox 170 2276 348 2345; x_wconf 87' lang='lat' dir='ltr'><strong>cipes,</strong></span> <span class='ocrx_word' id='word_1_173' title='bbox 381 2286 682 2332; x_wconf 85' lang='lat' dir='ltr'><strong>sanctorum</strong></span> <span class='ocrx_word' id='word_1_174' title='bbox 713 2286 836 2332; x_wconf 89' lang='lat' dir='ltr'><strong>tunc</strong></span> <span class='ocrx_word' id='word_1_175' title='bbox 863 2281 1115 2332; x_wconf 87' lang='lat' dir='ltr'><strong>montium</strong></span> <span class='ocrx_word' id='word_1_176' title='bbox 1148 2278 1320 2347; x_wconf 82' lang='lat' dir='ltr'><strong>pavidi</strong></span> <span class='ocrx_word' id='word_1_177' title='bbox 1350 2277 1546 2346; x_wconf 79' lang='lat' dir='ltr'><strong>refugis</strong></span> <span class='ocrx_word' id='word_1_178' title='bbox 1584 2293 1731 2346; x_wconf 73' lang='lat' dir='ltr'><strong>quaa-</strong></span> 
     </span>
    </p>
   </div>
   <div class='ocr_carea' id='block_1_25' title="bbox 171 2369 1738 2439">
    <p class='ocr_par' dir='ltr' id='par_1_25' title="bbox 171 2369 1738 2439">
     <span class='ocr_line' id='line_1_25' title="bbox 171 2369 1738 2439; baseline 0 -17"><span class='ocrx_word' id='word_1_179' title='bbox 171 2377 329 2433; x_wconf 89' lang='lat' dir='ltr'><strong>rant,</strong></span> <span class='ocrx_word' id='word_1_180' title='bbox 365 2370 502 2424; x_wconf 86' lang='lat' dir='ltr'><strong>sicut</strong></span> <span class='ocrx_word' id='word_1_181' title='bbox 532 2370 583 2423; x_wconf 92' lang='lat' dir='ltr'><strong>in</strong></span> <span class='ocrx_word' id='word_1_182' title='bbox 615 2370 776 2425; x_wconf 83' lang='lat' dir='ltr'><strong>divite</strong></span> <span class='ocrx_word' id='word_1_183' title='bbox 825 2379 1112 2439; x_wconf 90' lang='lat' dir='ltr'><strong>purpurato</strong></span> <span class='ocrx_word' id='word_1_184' title='bbox 1164 2379 1218 2424; x_wconf 90' lang='lat' dir='ltr'><strong>et</strong></span> <span class='ocrx_word' id='word_1_185' title='bbox 1264 2383 1493 2439; x_wconf 86' lang='lat' dir='ltr'><strong>paupere</strong></span> <span class='ocrx_word' id='word_1_186' title='bbox 1540 2369 1738 2422; x_wconf 83' lang='lat' dir='ltr'><strong>Lazaro</strong></span> 
     </span>
    </p>
   </div>
   <div class='ocr_carea' id='block_1_26' title="bbox 165 2458 792 2530">
    <p class='ocr_par' dir='ltr' id='par_1_26' title="bbox 165 2458 792 2530">
     <span class='ocr_line' id='line_1_26' title="bbox 165 2458 792 2530; baseline 0.002 -18"><span class='ocrx_word' id='word_1_187' title='bbox 165 2458 280 2528; x_wconf 90' lang='lat' dir='ltr'><strong>jam</strong></span> <span class='ocrx_word' id='word_1_188' title='bbox 316 2459 517 2514; x_wconf 89' lang='lat' dir='ltr'><strong>factum</strong></span> <span class='ocrx_word' id='word_1_189' title='bbox 549 2461 792 2530; x_wconf 85' lang='lat' dir='ltr'><strong>legimus.</strong></span> 
     </span>
    </p>
   </div>
   <div class='ocr_carea' id='block_1_27' title="bbox 775 2548 1206 2626">
    <p class='ocr_par' dir='ltr' id='par_1_27' title="bbox 775 2548 1206 2626">
     <span class='ocr_line' id='line_1_27' title="bbox 775 2548 1206 2626; baseline -0.002 -23"><span class='ocrx_word' id='word_1_190' title='bbox 775 2548 994 2604; x_wconf 83' lang='lat' dir='ltr'><strong>CAPUT</strong></span> <span class='ocrx_word' id='word_1_191' title='bbox 1033 2549 1139 2604; x_wconf 89' lang='lat' dir='ltr'><strong>vn.</strong></span> <span class='ocrx_word' id='word_1_192' title='bbox 1193 2611 1206 2626; x_wconf 48' lang='grc'><strong>,</strong></span> 
     </span>
    </p>
   </div>
   <div class='ocr_carea' id='block_1_28' title="bbox 244 2638 1738 2712">
    <p class='ocr_par' dir='ltr' id='par_1_28' title="bbox 244 2638 1738 2712">
     <span class='ocr_line' id='line_1_28' title="bbox 244 2638 1738 2712; baseline 0.002 -23"><span class='ocrx_word' id='word_1_193' title='bbox 244 2638 376 2690; x_wconf 87' lang='lat' dir='ltr'><strong>Post</strong></span> <span class='ocrx_word' id='word_1_194' title='bbox 405 2640 510 2692; x_wconf 69' lang='lat' dir='ltr'><strong>haec</strong></span> <span class='ocrx_word' id='word_1_195' title='bbox 537 2641 636 2692; x_wconf 91' lang='lat' dir='ltr'><strong>vidi</strong></span> <span class='ocrx_word' id='word_1_196' title='bbox 663 2650 878 2707; x_wconf 83' lang='lat' dir='ltr'><strong>quatuor</strong></span> <span class='ocrx_word' id='word_1_197' title='bbox 900 2641 1104 2712; x_wconf 78' lang='lat' dir='ltr'><strong>angelos</strong></span> <span class='ocrx_word' id='word_1_198' title='bbox 1147 2652 1283 2694; x_wconf 88' lang='lat' dir='ltr'><strong>stare</strong></span> <span class='ocrx_word' id='word_1_199' title='bbox 1325 2655 1478 2710; x_wconf 84' lang='lat' dir='ltr'><strong>super</strong></span> <span class='ocrx_word' id='word_1_200' title='bbox 1521 2649 1738 2707; x_wconf 84' lang='lat' dir='ltr'><strong>quatuor</strong></span> 
     </span>
    </p>
   </div>
   <div class='ocr_carea' id='block_1_29' title="bbox 168 2729 1738 2798">
    <p class='ocr_par' dir='ltr' id='par_1_29' title="bbox 168 2729 1738 2798">
     <span class='ocr_line' id='line_1_29' title="bbox 168 2729 1738 2798; baseline 0.001 -18"><span class='ocrx_word' id='word_1_201' title='bbox 168 2729 394 2795; x_wconf 86' lang='lat' dir='ltr'><strong>angulos</strong></span> <span class='ocrx_word' id='word_1_202' title='bbox 421 2737 582 2780; x_wconf 68' lang='lat' dir='ltr'><strong>terra.</strong></span> <span class='ocrx_word' id='word_1_203' title='bbox 618 2729 670 2780; x_wconf 89' lang='lat' dir='ltr'><strong>Id</strong></span> <span class='ocrx_word' id='word_1_204' title='bbox 702 2739 801 2794; x_wconf 90' lang='lat' dir='ltr'><strong>est,</strong></span> <span class='ocrx_word' id='word_1_205' title='bbox 834 2739 1061 2794; x_wconf 89' lang='lat' dir='ltr'><strong>quatuor</strong></span> <span class='ocrx_word' id='word_1_206' title='bbox 1092 2744 1249 2797; x_wconf 82' lang='lat' dir='ltr'><strong>regna</strong></span> <span class='ocrx_word' id='word_1_207' title='bbox 1281 2729 1608 2798; x_wconf 87' lang='lat' dir='ltr'><strong>principalia,</strong></span> <span class='ocrx_word' id='word_1_208' title='bbox 1642 2731 1738 2782; x_wconf 84' lang='lat' dir='ltr'><strong>As-</strong></span> 
     </span>
    </p>
   </div>
   <div class='ocr_carea' id='block_1_30' title="bbox 168 2819 1738 2889">
    <p class='ocr_par' dir='ltr' id='par_1_30' title="bbox 168 2819 1738 2889">
     <span class='ocr_line' id='line_1_30' title="bbox 168 2819 1738 2889; baseline 0.003 -19"><span class='ocrx_word' id='word_1_209' title='bbox 168 2821 441 2887; x_wconf 82' lang='lat' dir='ltr'><strong>syriorum</strong></span> <span class='ocrx_word' id='word_1_210' title='bbox 497 2819 699 2873; x_wconf 84' lang='lat' dir='ltr'><strong>scilicet</strong></span> <span class='ocrx_word' id='word_1_211' title='bbox 747 2828 799 2873; x_wconf 92' lang='lat' dir='ltr'><strong>et</strong></span> <span class='ocrx_word' id='word_1_212' title='bbox 849 2819 1166 2884; x_wconf 83' lang='lat' dir='ltr'><strong>Persarum,</strong></span> <span class='ocrx_word' id='word_1_213' title='bbox 1217 2821 1738 2889; x_wconf 80' lang='lat' dir='ltr'><strong>Gr:ecornmque,ct</strong></span> 
     </span>
    </p>
   </div>
   <div class='ocr_carea' id='block_1_31' title="bbox 173 2907 1736 2978">
    <p class='ocr_par' dir='ltr' id='par_1_31' title="bbox 173 2907 1736 2978">
     <span class='ocr_line' id='line_1_31' title="bbox 173 2907 1736 2978; baseline 0.002 -18"><span class='ocrx_word' id='word_1_214' title='bbox 173 2907 562 2961; x_wconf 77' lang='lat' dir='ltr'><strong>Romanorum.</strong></span> <span class='ocrx_word' id='word_1_215' title='bbox 593 2909 740 2962; x_wconf 86' lang='lat' dir='ltr'><strong>Sicut</strong></span> <span class='ocrx_word' id='word_1_216' title='bbox 765 2909 906 2963; x_wconf 88' lang='lat' dir='ltr'><strong>enim</strong></span> <span class='ocrx_word' id='word_1_217' title='bbox 941 2909 991 2962; x_wconf 93' lang='lat' dir='ltr'><strong>in</strong></span> <span class='ocrx_word' id='word_1_218' title='bbox 1019 2910 1377 2976; x_wconf 82' lang='lat' dir='ltr'><strong>superioribus</strong></span> <span class='ocrx_word' id='word_1_219' title='bbox 1403 2910 1588 2978; x_wconf 73' lang='lat' dir='ltr'><strong>sigillis</strong></span> <span class='ocrx_word' id='word_1_220' title='bbox 1611 2919 1736 2977; x_wconf 83' lang='lat' dir='ltr'><strong>post</strong></span> 
     </span>
    </p>
   </div>
   <div class='ocr_carea' id='block_1_32' title="bbox 173 2995 1735 3065">
    <p class='ocr_par' dir='ltr' id='par_1_32' title="bbox 173 2995 1735 3065">
     <span class='ocr_line' id='line_1_32' title="bbox 173 2995 1735 3065; baseline 0.003 -17"><span class='ocrx_word' id='word_1_221' title='bbox 173 2998 533 3050; x_wconf 70' lang='lat' dir='ltr'><strong>multiformes</strong></span> <span class='ocrx_word' id='word_1_222' title='bbox 592 2995 842 3052; x_wconf 74' lang='lat' dir='ltr'><strong>Ecclesite</strong></span> <span class='ocrx_word' id='word_1_223' title='bbox 907 2998 1228 3061; x_wconf 77' lang='lat' dir='ltr'><strong>conﬂictus,</strong></span> <span class='ocrx_word' id='word_1_224' title='bbox 1303 2998 1735 3065; x_wconf 85' lang='lat' dir='ltr'><strong>triumphantium</strong></span> 
     </span>
    </p>
   </div>
   <div class='ocr_carea' id='block_1_33' title="bbox 173 3084 1735 3155">
    <p class='ocr_par' dir='ltr' id='par_1_33' title="bbox 173 3084 1735 3155">
     <span class='ocr_line' id='line_1_33' title="bbox 173 3084 1735 3155; baseline 0.003 -20"><span class='ocrx_word' id='word_1_225' title='bbox 173 3084 372 3150; x_wconf 89' lang='lat' dir='ltr'><strong>gaudia</strong></span> <span class='ocrx_word' id='word_1_226' title='bbox 405 3084 532 3137; x_wconf 79' lang='lat' dir='ltr'><strong>vidit</strong></span> <span class='ocrx_word' id='word_1_227' title='bbox 569 3086 898 3151; x_wconf 89' lang='lat' dir='ltr'><strong>animarum;</strong></span> <span class='ocrx_word' id='word_1_228' title='bbox 931 3088 1005 3142; x_wconf 89' lang='lat' dir='ltr'><strong>sic</strong></span> <span class='ocrx_word' id='word_1_229' title='bbox 1025 3088 1183 3141; x_wconf 85' lang='lat' dir='ltr'><strong>etiam</strong></span> <span class='ocrx_word' id='word_1_230' title='bbox 1216 3101 1353 3140; x_wconf 87' lang='lat' dir='ltr'><strong>nunc</strong></span> <span class='ocrx_word' id='word_1_231' title='bbox 1380 3102 1598 3155; x_wconf 78' lang='lat' dir='ltr'><strong>regnum</strong></span> <span class='ocrx_word' id='word_1_232' title='bbox 1629 3088 1735 3141; x_wconf 84' lang='lat' dir='ltr'><strong>An-</strong></span> 
     </span>
    </p>
   </div>
   <div class='ocr_carea' id='block_1_34' title="bbox 175 3174 1733 3244">
    <p class='ocr_par' dir='ltr' id='par_1_34' title="bbox 175 3174 1733 3244">
     <span class='ocr_line' id='line_1_34' title="bbox 175 3174 1733 3244; baseline 0.001 -17"><span class='ocrx_word' id='word_1_233' title='bbox 175 3174 408 3228; x_wconf 86' lang='lat' dir='ltr'><strong>tichristi</strong></span> <span class='ocrx_word' id='word_1_234' title='bbox 438 3189 556 3243; x_wconf 76' lang='lat' dir='ltr'><strong>qnze</strong></span> <span class='ocrx_word' id='word_1_235' title='bbox 587 3175 804 3228; x_wconf 87' lang='lat' dir='ltr'><strong>victoria</strong></span> <span class='ocrx_word' id='word_1_236' title='bbox 837 3186 1090 3244; x_wconf 88' lang='lat' dir='ltr'><strong>sequatur</strong></span> <span class='ocrx_word' id='word_1_237' title='bbox 1113 3177 1522 3244; x_wconf 65' lang='lat' dir='ltr'><strong>praecedentium</strong></span> <span class='ocrx_word' id='word_1_238' title='bbox 1553 3177 1733 3229; x_wconf 89' lang='lat' dir='ltr'><strong>mundi</strong></span> 
     </span>
    </p>
   </div>
   <div class='ocr_carea' id='block_1_35' title="bbox 172 3266 1727 3336">
    <p class='ocr_par' dir='ltr' id='par_1_35' title="bbox 172 3266 1727 3336">
     <span class='ocr_line' id='line_1_35' title="bbox 172 3266 1727 3336; baseline -0.004 -15"><span class='ocrx_word' id='word_1_239' title='bbox 172 3281 483 3336; x_wconf 87' lang='lat' dir='ltr'><strong>regnorum,</strong></span> <span class='ocrx_word' id='word_1_240' title='bbox 509 3281 623 3335; x_wconf 72' lang='lat' dir='ltr'><strong>quat</strong></span> <span class='ocrx_word' id='word_1_241' title='bbox 643 3266 838 3322; x_wconf 83' lang='lat' dir='ltr'><strong>Christi</strong></span> <span class='ocrx_word' id='word_1_242' title='bbox 870 3267 1120 3320; x_wconf 74' lang='lat' dir='ltr'><strong>Ecclesiae</strong></span> <span class='ocrx_word' id='word_1_243' title='bbox 1145 3266 1250 3334; x_wconf 92' lang='lat' dir='ltr'><strong>juri</strong></span> <span class='ocrx_word' id='word_1_244' title='bbox 1282 3267 1388 3336; x_wconf 84' lang='lat' dir='ltr'><strong>jam</strong></span> <span class='ocrx_word' id='word_1_245' title='bbox 1422 3273 1727 3330; x_wconf 84' lang='lat' dir='ltr'><strong>cesserunt,</strong></span> 
     </span>
    </p>
   </div>
   <div class='ocr_carea' id='block_1_36' title="bbox 174 3355 1732 3426">
    <p class='ocr_par' dir='ltr' id='par_1_36' title="bbox 174 3355 1732 3426">
     <span class='ocr_line' id='line_1_36' title="bbox 174 3355 1732 3426; baseline -0.003 -16"><span class='ocrx_word' id='word_1_246' title='bbox 174 3358 500 3426; x_wconf 86' lang='lat' dir='ltr'><strong>probaturus</strong></span> <span class='ocrx_word' id='word_1_247' title='bbox 523 3365 606 3410; x_wconf 78' lang='lat' dir='ltr'><strong>est</strong></span> <span class='ocrx_word' id='word_1_248' title='bbox 626 3357 902 3423; x_wconf 77' lang='lat' dir='ltr'><strong>exemplis.</strong></span> <span class='ocrx_word' id='word_1_249' title='bbox 925 3355 1166 3411; x_wconf 82' lang='lat' dir='ltr'><strong>Grandes</strong></span> <span class='ocrx_word' id='word_1_250' title='bbox 1189 3355 1329 3410; x_wconf 90' lang='lat' dir='ltr'><strong>enim</strong></span> <span class='ocrx_word' id='word_1_251' title='bbox 1352 3369 1550 3420; x_wconf 73' lang='lat' dir='ltr'><strong>causzc,</strong></span> <span class='ocrx_word' id='word_1_252' title='bbox 1579 3369 1732 3424; x_wconf 82' lang='lat' dir='ltr'><strong>gran-</strong></span> 
     </span>
    </p>
   </div>
   <div class='ocr_carea' id='block_1_37' title="bbox 172 3449 1532 3515">
    <p class='ocr_par' dir='ltr' id='par_1_37' title="bbox 172 3449 1532 3515">
     <span class='ocr_line' id='line_1_37' title="bbox 172 3449 1532 3515; baseline -0.001 -15"><span class='ocrx_word' id='word_1_253' title='bbox 172 3449 416 3501; x_wconf 89' lang='lat' dir='ltr'><strong>dioribus</strong></span> <span class='ocrx_word' id='word_1_254' title='bbox 439 3462 654 3500; x_wconf 88' lang='lat' dir='ltr'><strong>necesse</strong></span> <span class='ocrx_word' id='word_1_255' title='bbox 683 3457 764 3500; x_wconf 88' lang='lat' dir='ltr'><strong>est</strong></span> <span class='ocrx_word' id='word_1_256' title='bbox 789 3449 1168 3501; x_wconf 89' lang='lat' dir='ltr'><strong>conlirmentur</strong></span> <span class='ocrx_word' id='word_1_257' title='bbox 1189 3449 1532 3515; x_wconf 89' lang='lat' dir='ltr'><strong>argumentis.</strong></span> 
     </span>
    </p>
   </div>
   <div class='ocr_carea' id='block_1_38' title="bbox 244 3538 1734 3608">
    <p class='ocr_par' dir='ltr' id='par_1_38' title="bbox 244 3538 1734 3608">
     <span class='ocr_line' id='line_1_38' title="bbox 244 3538 1734 3608; baseline -0.001 -16"><span class='ocrx_word' id='word_1_258' title='bbox 244 3539 489 3594; x_wconf 84' lang='lat' dir='ltr'><strong>Tenentes</strong></span> <span class='ocrx_word' id='word_1_259' title='bbox 520 3549 739 3608; x_wconf 82' lang='lat' dir='ltr'><strong>quatuor</strong></span> <span class='ocrx_word' id='word_1_260' title='bbox 779 3549 946 3592; x_wconf 86' lang='lat' dir='ltr'><strong>ventos</strong></span> <span class='ocrx_word' id='word_1_261' title='bbox 998 3550 1141 3591; x_wconf 72' lang='lat' dir='ltr'><strong>terra:</strong></span> <span class='ocrx_word' id='word_1_262' title='bbox 1165 3578 1177 3600; x_wconf 91' lang='lat'><strong>,</strong></span> <span class='ocrx_word' id='word_1_263' title='bbox 1217 3547 1318 3591; x_wconf 92' lang='lat' dir='ltr'><strong>etc.</strong></span> <span class='ocrx_word' id='word_1_264' title='bbox 1347 3538 1455 3592; x_wconf 89' lang='lat' dir='ltr'><strong>Suo</strong></span> <span class='ocrx_word' id='word_1_265' title='bbox 1481 3538 1734 3606; x_wconf 84' lang='lat' dir='ltr'><strong>qundam-</strong></span> 
     </span>
    </p>
   </div>
   <div class='ocr_carea' id='block_1_39' title="bbox 173 3627 1731 3696">
    <p class='ocr_par' dir='ltr' id='par_1_39' title="bbox 173 3627 1731 3696">
     <span class='ocr_line' id='line_1_39' title="bbox 173 3627 1731 3696; baseline 0 -16"><span class='ocrx_word' id='word_1_266' title='bbox 173 3629 335 3680; x_wconf 83' lang='lat' dir='ltr'><strong>mndn</strong></span> <span class='ocrx_word' id='word_1_267' title='bbox 373 3637 648 3695; x_wconf 74' lang='lat' dir='ltr'><strong>potentatu</strong></span> <span class='ocrx_word' id='word_1_268' title='bbox 671 3629 842 3682; x_wconf 89' lang='lat' dir='ltr'><strong>omnia</strong></span> <span class='ocrx_word' id='word_1_269' title='bbox 870 3628 1234 3696; x_wconf 67' lang='lat' dir='ltr'><strong>prmfocantes.</strong></span> <span class='ocrx_word' id='word_1_270' title='bbox 1261 3628 1455 3680; x_wconf 90' lang='lat' dir='ltr'><strong>nullum</strong></span> <span class='ocrx_word' id='word_1_271' title='bbox 1477 3643 1568 3694; x_wconf 86' lang='lat' dir='ltr'><strong>pro</strong></span> <span class='ocrx_word' id='word_1_272' title='bbox 1587 3627 1731 3680; x_wconf 84' lang='lat' dir='ltr'><strong>libitu</strong></span> 
     </span>
    </p>
   </div>
   <div class='ocr_carea' id='block_1_40' title="bbox 173 3717 1733 3785">
    <p class='ocr_par' dir='ltr' id='par_1_40' title="bbox 173 3717 1733 3785">
     <span class='ocr_line' id='line_1_40' title="bbox 173 3717 1733 3785; baseline 0.001 -17"><span class='ocrx_word' id='word_1_273' title='bbox 173 3719 251 3769; x_wconf 77' lang='lat' dir='ltr'><strong>sui</strong></span> <span class='ocrx_word' id='word_1_274' title='bbox 279 3717 420 3783; x_wconf 86' lang='lat' dir='ltr'><strong>juris</strong></span> <span class='ocrx_word' id='word_1_275' title='bbox 452 3717 713 3784; x_wconf 83' lang='lat' dir='ltr'><strong>respirare</strong></span> <span class='ocrx_word' id='word_1_276' title='bbox 741 3718 1002 3770; x_wconf 82' lang='lat' dir='ltr'><strong>sinebant.</strong></span> <span class='ocrx_word' id='word_1_277' title='bbox 1039 3718 1093 3770; x_wconf 92' lang='lat' dir='ltr'><strong>In</strong></span> <span class='ocrx_word' id='word_1_278' title='bbox 1125 3718 1278 3771; x_wconf 89' lang='lat' dir='ltr'><strong>terris</strong></span> <span class='ocrx_word' id='word_1_279' title='bbox 1309 3717 1591 3772; x_wconf 86' lang='lat' dir='ltr'><strong>diversitas</strong></span> <span class='ocrx_word' id='word_1_280' title='bbox 1614 3733 1733 3785; x_wconf 76' lang='lat' dir='ltr'><strong>pro-</strong></span> 
     </span>
    </p>
   </div>
   <div class='ocr_carea' id='block_1_41' title="bbox 183 3807 1731 3871">
    <p class='ocr_par' dir='ltr' id='par_1_41' title="bbox 183 3807 1731 3871">
     <span class='ocr_line' id='line_1_41' title="bbox 183 3807 1731 3871; baseline 0.006 -18"><span class='ocrx_word' id='word_1_281' title='bbox 183 3808 480 3859; x_wconf 70' lang='lat' dir='ltr'><strong>t-inciarnm</strong></span> <span class='ocrx_word' id='word_1_282' title='bbox 499 3849 513 3871; x_wconf 89' lang='lat'><strong>,</strong></span> <span class='ocrx_word' id='word_1_283' title='bbox 543 3808 593 3860; x_wconf 91' lang='lat' dir='ltr'><strong>in</strong></span> <span class='ocrx_word' id='word_1_284' title='bbox 621 3809 752 3860; x_wconf 89' lang='lat' dir='ltr'><strong>mari</strong></span> <span class='ocrx_word' id='word_1_285' title='bbox 784 3808 1072 3860; x_wconf 88' lang='lat' dir='ltr'><strong>insularum</strong></span> <span class='ocrx_word' id='word_1_286' title='bbox 1095 3847 1109 3870; x_wconf 92' lang='lat'><strong>,</strong></span> <span class='ocrx_word' id='word_1_287' title='bbox 1137 3807 1188 3859; x_wconf 93' lang='lat' dir='ltr'><strong>in</strong></span> <span class='ocrx_word' id='word_1_288' title='bbox 1220 3808 1496 3860; x_wconf 84' lang='lat' dir='ltr'><strong>arboribus</strong></span> <span class='ocrx_word' id='word_1_289' title='bbox 1524 3809 1731 3862; x_wconf 72' lang='lat' dir='ltr'><strong>diversa</strong></span> 
     </span>
    </p>
   </div>
   <div class='ocr_carea' id='block_1_42' title="bbox 175 3895 1727 3965">
    <p class='ocr_par' dir='ltr' id='par_1_42' title="bbox 175 3895 1727 3965">
     <span class='ocr_line' id='line_1_42' title="bbox 175 3895 1727 3965; baseline 0.001 -19"><span class='ocrx_word' id='word_1_290' title='bbox 175 3896 451 3949; x_wconf 81' lang='lat' dir='ltr'><strong>hominum</strong></span> <span class='ocrx_word' id='word_1_291' title='bbox 481 3895 704 3965; x_wconf 86' lang='lat' dir='ltr'><strong>qualitas</strong></span> <span class='ocrx_word' id='word_1_292' title='bbox 751 3902 805 3948; x_wconf 89' lang='lat' dir='ltr'><strong>et</strong></span> <span class='ocrx_word' id='word_1_293' title='bbox 849 3895 1117 3958; x_wconf 82' lang='lat' dir='ltr'><strong>canditio,</strong></span> <span class='ocrx_word' id='word_1_294' title='bbox 1164 3895 1487 3964; x_wconf 80' lang='lat' dir='ltr'><strong>designatur.</strong></span> <span class='ocrx_word' id='word_1_295' title='bbox 1544 3896 1727 3950; x_wconf 80' lang='lat' dir='ltr'><strong>Aliter.</strong></span> 
     </span>
    </p>
   </div>
   <div class='ocr_carea' id='block_1_43' title="bbox 175 3983 1728 4053">
    <p class='ocr_par' dir='ltr' id='par_1_43' title="bbox 175 3983 1728 4053">
     <span class='ocr_line' id='line_1_43' title="bbox 175 3983 1728 4053; baseline 0.002 -18"><span class='ocrx_word' id='word_1_296' title='bbox 175 3983 274 4048; x_wconf 85' lang='lat' dir='ltr'><strong>Qui</strong></span> <span class='ocrx_word' id='word_1_297' title='bbox 307 3993 432 4037; x_wconf 87' lang='lat' dir='ltr'><strong>sunt</strong></span> <span class='ocrx_word' id='word_1_298' title='bbox 475 3985 643 4052; x_wconf 87' lang='lat' dir='ltr'><strong>angeli</strong></span> <span class='ocrx_word' id='word_1_299' title='bbox 684 3994 927 4053; x_wconf 80' lang='lat' dir='ltr'><strong>quatuor,</strong></span> <span class='ocrx_word' id='word_1_300' title='bbox 953 3986 1108 4039; x_wconf 91' lang='lat' dir='ltr'><strong>iidem</strong></span> <span class='ocrx_word' id='word_1_301' title='bbox 1151 3996 1376 4053; x_wconf 90' lang='lat' dir='ltr'><strong>quatuor</strong></span> <span class='ocrx_word' id='word_1_302' title='bbox 1403 3985 1728 4052; x_wconf 73' lang='lat' dir='ltr'><strong>intelligendi</strong></span> 
     </span>
    </p>
   </div>
   <div class='ocr_carea' id='block_1_44' title="bbox 174 4075 1730 4145">
    <p class='ocr_par' dir='ltr' id='par_1_44' title="bbox 174 4075 1730 4145">
     <span class='ocr_line' id='line_1_44' title="bbox 174 4075 1730 4145; baseline 0.001 -19"><span class='ocrx_word' id='word_1_303' title='bbox 174 4085 298 4126; x_wconf 89' lang='lat' dir='ltr'><strong>sunt</strong></span> <span class='ocrx_word' id='word_1_304' title='bbox 326 4076 490 4138; x_wconf 74' lang='lat' dir='ltr'><strong>venti,</strong></span> <span class='ocrx_word' id='word_1_305' title='bbox 531 4076 675 4142; x_wconf 81' lang='lat' dir='ltr'><strong>juxta</strong></span> <span class='ocrx_word' id='word_1_306' title='bbox 701 4077 930 4132; x_wconf 87' lang='lat' dir='ltr'><strong>Danielis</strong></span> <span class='ocrx_word' id='word_1_307' title='bbox 961 4075 1288 4145; x_wconf 87' lang='lat' dir='ltr'><strong>prophetiam</strong></span> <span class='ocrx_word' id='word_1_308' title='bbox 1315 4075 1574 4130; x_wconf 87' lang='lat' dir='ltr'><strong>dicentis:</strong></span> <span class='ocrx_word' id='word_1_309' title='bbox 1604 4075 1730 4128; x_wconf 73' lang='lat' dir='ltr'><strong>Ecce</strong></span> 
     </span>
    </p>
   </div>
   <div class='ocr_carea' id='block_1_45' title="bbox 173 4165 1727 4235">
    <p class='ocr_par' dir='ltr' id='par_1_45' title="bbox 173 4165 1727 4235">
     <span class='ocr_line' id='line_1_45' title="bbox 173 4165 1727 4235; baseline 0.002 -21"><span class='ocrx_word' id='word_1_310' title='bbox 173 4175 392 4226; x_wconf 79' lang='lat' dir='ltr'><strong>quatuor</strong></span> <span class='ocrx_word' id='word_1_311' title='bbox 413 4166 542 4216; x_wconf 71' lang='lat' dir='ltr'><strong>t&#39;enli</strong></span> <span class='ocrx_word' id='word_1_312' title='bbox 561 4166 668 4216; x_wconf 67' lang='lat' dir='ltr'><strong>calli</strong></span> <span class='ocrx_word' id='word_1_313' title='bbox 689 4165 974 4235; x_wconf 85' lang='lat' dir='ltr'><strong>pugnabant</strong></span> <span class='ocrx_word' id='word_1_314' title='bbox 995 4167 1047 4217; x_wconf 89' lang='lat' dir='ltr'><strong>in</strong></span> <span class='ocrx_word' id='word_1_315' title='bbox 1068 4165 1197 4218; x_wconf 88' lang='lat' dir='ltr'><strong>mari</strong></span> <span class='ocrx_word' id='word_1_316' title='bbox 1219 4181 1420 4234; x_wconf 87' lang='lat' dir='ltr'><strong>magno,</strong></span> <span class='ocrx_word' id='word_1_317' title='bbox 1446 4173 1492 4216; x_wconf 91' lang='lat' dir='ltr'><strong>el</strong></span> <span class='ocrx_word' id='word_1_318' title='bbox 1515 4175 1727 4232; x_wconf 85' lang='lat' dir='ltr'><strong>quatuor</strong></span> 
     </span>
    </p>
   </div>
   <div class='ocr_carea' id='block_1_46' title="bbox 175 4252 1266 4324">
    <p class='ocr_par' dir='ltr' id='par_1_46' title="bbox 175 4252 1266 4324">
     <span class='ocr_line' id='line_1_46' title="bbox 175 4252 1266 4324; baseline 0.006 -22"><span class='ocrx_word' id='word_1_319' title='bbox 175 4252 345 4304; x_wconf 70' lang='lat' dir='ltr'><strong>bestia</strong></span> <span class='ocrx_word' id='word_1_320' title='bbox 372 4253 698 4305; x_wconf 73' lang='lat' dir='ltr'><strong>ascendebant</strong></span> <span class='ocrx_word' id='word_1_321' title='bbox 723 4255 784 4305; x_wconf 83' lang='lat' dir='ltr'><strong>de</strong></span> <span class='ocrx_word' id='word_1_322' title='bbox 811 4255 937 4307; x_wconf 87' lang='lat' dir='ltr'><strong>mari</strong></span> <span class='ocrx_word' id='word_1_323' title='bbox 962 4255 1123 4324; x_wconf 85' lang='lat' dir='ltr'><strong>(Dan.</strong></span> <span class='ocrx_word' id='word_1_324' title='bbox 1151 4254 1266 4324; x_wconf 82' lang='lat' dir='ltr'><strong>vn).</strong></span> 
     </span>
    </p>
   </div>
   <div class='ocr_carea' id='block_1_47' title="bbox 247 4335 1722 4410">
    <p class='ocr_par' dir='ltr' id='par_1_47' title="bbox 247 4335 1722 4410">
     <span class='ocr_line' id='line_1_47' title="bbox 247 4335 1722 4410; baseline 0.005 -21"><span class='ocrx_word' id='word_1_325' title='bbox 247 4335 319 4390; x_wconf 85' lang='lat' dir='ltr'><strong>Et</strong></span> <span class='ocrx_word' id='word_1_326' title='bbox 340 4340 441 4391; x_wconf 82' lang='lat' dir='ltr'><strong>vidi</strong></span> <span class='ocrx_word' id='word_1_327' title='bbox 465 4341 675 4392; x_wconf 81' lang='lat' dir='ltr'><strong>alterum</strong></span> <span class='ocrx_word' id='word_1_328' title='bbox 704 4343 936 4410; x_wconf 80' lang='lat' dir='ltr'><strong>angelum</strong></span> <span class='ocrx_word' id='word_1_329' title='bbox 965 4346 1307 4397; x_wconf 82' lang='lat' dir='ltr'><strong>ascendentem</strong></span> <span class='ocrx_word' id='word_1_330' title='bbox 1328 4344 1387 4396; x_wconf 88' lang='lat' dir='ltr'><strong>ab</strong></span> <span class='ocrx_word' id='word_1_331' title='bbox 1422 4354 1534 4396; x_wconf 90' lang='lat' dir='ltr'><strong>ortu</strong></span> <span class='ocrx_word' id='word_1_332' title='bbox 1563 4345 1684 4396; x_wconf 83' lang='lat' dir='ltr'><strong>solis</strong></span> <span class='ocrx_word' id='word_1_333' title='bbox 1709 4382 1722 4406; x_wconf 94' lang='lat'><strong>,</strong></span> 
     </span>
    </p>
   </div>
   <div class='ocr_carea' id='block_1_48' title="bbox 1848 567 3389 641">
    <p class='ocr_par' dir='ltr' id='par_1_48' title="bbox 1848 567 3389 641">
     <span class='ocr_line' id='line_1_48' title="bbox 1848 567 3389 641; baseline 0.011 -22"><span class='ocrx_word' id='word_1_334' title='bbox 1848 567 2038 635; x_wconf 90' lang='lat' dir='ltr'><strong>ubique</strong></span> <span class='ocrx_word' id='word_1_335' title='bbox 2068 568 2273 622; x_wconf 88' lang='lat' dir='ltr'><strong>Domini</strong></span> <span class='ocrx_word' id='word_1_336' title='bbox 2301 569 2560 638; x_wconf 87' lang='lat' dir='ltr'><strong>signiﬁcat</strong></span> <span class='ocrx_word' id='word_1_337' title='bbox 2593 586 2831 641; x_wconf 78' lang='lat' dir='ltr'><strong>regnum,</strong></span> <span class='ocrx_word' id='word_1_338' title='bbox 2854 574 2990 630; x_wconf 89' lang='lat' dir='ltr'><strong>sicut</strong></span> <span class='ocrx_word' id='word_1_339' title='bbox 3022 589 3167 634; x_wconf 90' lang='lat' dir='ltr'><strong>vetus</strong></span> <span class='ocrx_word' id='word_1_340' title='bbox 3198 581 3389 636; x_wconf 81' lang='lat' dir='ltr'><strong>dictum</strong></span> 
     </span>
    </p>
   </div>
   <div class='ocr_carea' id='block_1_49' title="bbox 1844 657 2190 725">
    <p class='ocr_par' dir='ltr' id='par_1_49' title="bbox 1844 657 2190 725">
     <span class='ocr_line' id='line_1_49' title="bbox 1844 657 2190 725; baseline -0.006 -15"><span class='ocrx_word' id='word_1_341' title='bbox 1844 657 2154 725; x_wconf 88' lang='lat' dir='ltr'><strong>comprobat</strong></span> <span class='ocrx_word' id='word_1_342' title='bbox 2181 676 2190 708; x_wconf 90' lang='lat'><strong>:</strong></span> 
     </span>
    </p>
   </div>
   <div class='ocr_carea' id='block_1_50' title="bbox 1997 764 3214 836">
    <p class='ocr_par' dir='ltr' id='par_1_50' title="bbox 1997 764 3214 836">
     <span class='ocr_line' id='line_1_50' title="bbox 1997 764 3214 836; baseline 0.01 -24"><span class='ocrx_word' id='word_1_343' title='bbox 1997 764 2204 836; x_wconf 80' lang='lat' dir='ltr'><strong>ll_espice</strong></span> <span class='ocrx_word' id='word_1_344' title='bbox 2228 766 2467 836; x_wconf 61' lang='lat' dir='ltr'><strong>distinctis</strong></span> <span class='ocrx_word' id='word_1_345' title='bbox 2488 768 2767 828; x_wconf 86' lang='lat' dir='ltr'><strong>quadratum</strong></span> <span class='ocrx_word' id='word_1_346' title='bbox 2789 772 3006 836; x_wconf 77' lang='lat' dir='ltr'><strong>partibus</strong></span> <span class='ocrx_word' id='word_1_347' title='bbox 3025 774 3214 836; x_wconf 76' lang='lat' dir='ltr'><strong>urbem,</strong></span> 
     </span>
    </p>
   </div>
   <div class='ocr_carea' id='block_1_51' title="bbox 2028 825 3054 894">
    <p class='ocr_par' dir='ltr' id='par_1_51' title="bbox 2028 825 3054 894">
     <span class='ocr_line' id='line_1_51' title="bbox 2028 825 3054 894; baseline 0.007 -20"><span class='ocrx_word' id='word_1_348' title='bbox 2028 825 2086 874; x_wconf 90' lang='lat' dir='ltr'><strong>Ut</strong></span> <span class='ocrx_word' id='word_1_349' title='bbox 2111 837 2312 886; x_wconf 83' lang='lat' dir='ltr'><strong>regnum</strong></span> <span class='ocrx_word' id='word_1_350' title='bbox 2340 826 2450 875; x_wconf 88' lang='lat' dir='ltr'><strong>ﬁdei</strong></span> <span class='ocrx_word' id='word_1_351' title='bbox 2475 825 2644 878; x_wconf 81' lang='lat' dir='ltr'><strong>cuncta</strong></span> <span class='ocrx_word' id='word_1_352' title='bbox 2668 825 2840 880; x_wconf 79' lang='lat' dir='ltr'><strong>tenere</strong></span> <span class='ocrx_word' id='word_1_353' title='bbox 2865 835 3054 894; x_wconf 85' lang='lat' dir='ltr'><strong>probes.</strong></span> 
     </span>
    </p>
   </div>
   <div class='ocr_carea' id='block_1_52' title="bbox 1911 922 3396 997">
    <p class='ocr_par' dir='ltr' id='par_1_52' title="bbox 1911 922 3396 997">
     <span class='ocr_line' id='line_1_52' title="bbox 1911 922 3396 997; baseline 0.009 -21"><span class='ocrx_word' id='word_1_354' title='bbox 1911 922 2094 990; x_wconf 73' lang='lat' dir='ltr'><strong>Neque</strong></span> <span class='ocrx_word' id='word_1_355' title='bbox 2117 926 2256 978; x_wconf 89' lang='lat' dir='ltr'><strong>enim</strong></span> <span class='ocrx_word' id='word_1_356' title='bbox 2289 926 2477 979; x_wconf 87' lang='lat' dir='ltr'><strong>frustra</strong></span> <span class='ocrx_word' id='word_1_357' title='bbox 2504 927 2555 978; x_wconf 89' lang='lat' dir='ltr'><strong>in</strong></span> <span class='ocrx_word' id='word_1_358' title='bbox 2587 926 2760 982; x_wconf 77' lang='lat' dir='ltr'><strong>fronte</strong></span> <span class='ocrx_word' id='word_1_359' title='bbox 2785 931 3042 997; x_wconf 89' lang='lat' dir='ltr'><strong>pontiﬁcis</strong></span> <span class='ocrx_word' id='word_1_360' title='bbox 3066 947 3255 987; x_wconf 89' lang='lat' dir='ltr'><strong>nomen</strong></span> <span class='ocrx_word' id='word_1_361' title='bbox 3296 937 3396 989; x_wconf 85' lang='lat' dir='ltr'><strong>Do-</strong></span> 
     </span>
    </p>
   </div>
   <div class='ocr_carea' id='block_1_53' title="bbox 1843 1011 3397 1090">
    <p class='ocr_par' dir='ltr' id='par_1_53' title="bbox 1843 1011 3397 1090">
     <span class='ocr_line' id='line_1_53' title="bbox 1843 1011 3397 1090; baseline 0.008 -26"><span class='ocrx_word' id='word_1_362' title='bbox 1843 1011 1967 1065; x_wconf 90' lang='lat' dir='ltr'><strong>mini</strong></span> <span class='ocrx_word' id='word_1_363' title='bbox 1999 1020 2467 1081; x_wconf 85' lang='lat' dir='ltr'><strong>tetragrammaton</strong></span> <span class='ocrx_word' id='word_1_364' title='bbox 2506 1017 2852 1083; x_wconf 81' lang='lat' dir='ltr'><strong>scribebatur,</strong></span> <span class='ocrx_word' id='word_1_365' title='bbox 2886 1020 2986 1073; x_wconf 76' lang='lat' dir='ltr'><strong>nisi</strong></span> <span class='ocrx_word' id='word_1_366' title='bbox 3023 1023 3142 1090; x_wconf 87' lang='lat' dir='ltr'><strong>quia</strong></span> <span class='ocrx_word' id='word_1_367' title='bbox 3177 1023 3274 1077; x_wconf 93' lang='lat' dir='ltr'><strong>hoc</strong></span> <span class='ocrx_word' id='word_1_368' title='bbox 3317 1035 3397 1077; x_wconf 83' lang='lat' dir='ltr'><strong>cst</strong></span> 
     </span>
    </p>
   </div>
   <div class='ocr_carea' id='block_1_54' title="bbox 1839 1102 3396 1182">
    <p class='ocr_par' dir='ltr' id='par_1_54' title="bbox 1839 1102 3396 1182">
     <span class='ocr_line' id='line_1_54' title="bbox 1839 1102 3396 1182; baseline 0.01 -27"><span class='ocrx_word' id='word_1_369' title='bbox 1839 1102 2044 1170; x_wconf 87' lang='lat' dir='ltr'><strong>signum</strong></span> <span class='ocrx_word' id='word_1_370' title='bbox 2072 1104 2122 1156; x_wconf 91' lang='lat' dir='ltr'><strong>in</strong></span> <span class='ocrx_word' id='word_1_371' title='bbox 2151 1105 2325 1160; x_wconf 86' lang='lat' dir='ltr'><strong>fronte</strong></span> <span class='ocrx_word' id='word_1_372' title='bbox 2356 1107 2610 1173; x_wconf 89' lang='lat' dir='ltr'><strong>ﬁdelium,</strong></span> <span class='ocrx_word' id='word_1_373' title='bbox 2637 1109 2700 1163; x_wconf 92' lang='lat' dir='ltr'><strong>de</strong></span> <span class='ocrx_word' id='word_1_374' title='bbox 2723 1125 2830 1177; x_wconf 89' lang='lat' dir='ltr'><strong>quo</strong></span> <span class='ocrx_word' id='word_1_375' title='bbox 2854 1112 2904 1164; x_wconf 93' lang='lat' dir='ltr'><strong>in</strong></span> <span class='ocrx_word' id='word_1_376' title='bbox 2929 1112 3140 1168; x_wconf 89' lang='lat' dir='ltr'><strong>Psalmo</strong></span> <span class='ocrx_word' id='word_1_377' title='bbox 3169 1130 3262 1182; x_wconf 88' lang='lat' dir='ltr'><strong>pro</strong></span> <span class='ocrx_word' id='word_1_378' title='bbox 3285 1126 3396 1169; x_wconf 85' lang='lat' dir='ltr'><strong>tor-</strong></span> 
     </span>
    </p>
   </div>
   <div class='ocr_carea' id='block_1_55' title="bbox 1840 1193 3392 1269">
    <p class='ocr_par' dir='ltr' id='par_1_55' title="bbox 1840 1193 3392 1269">
     <span class='ocr_line' id='line_1_55' title="bbox 1840 1193 3392 1269; baseline 0.008 -25"><span class='ocrx_word' id='word_1_379' title='bbox 1840 1193 2098 1246; x_wconf 87' lang='lat' dir='ltr'><strong>cularihus</strong></span> <span class='ocrx_word' id='word_1_380' title='bbox 2120 1195 2327 1248; x_wconf 89' lang='lat' dir='ltr'><strong>canitur</strong></span> <span class='ocrx_word' id='word_1_381' title='bbox 2353 1214 2364 1248; x_wconf 74' lang='grc' dir='ltr'><strong>ε</strong></span> <span class='ocrx_word' id='word_1_382' title='bbox 2393 1194 2604 1249; x_wconf 85' lang='lat' dir='ltr'><strong>Domine</strong></span> <span class='ocrx_word' id='word_1_383' title='bbox 2629 1195 2876 1252; x_wconf 86' lang='lat' dir='ltr'><strong>Dominus</strong></span> <span class='ocrx_word' id='word_1_384' title='bbox 2899 1210 3083 1264; x_wconf 85' lang='lat' dir='ltr'><strong>noster,</strong></span> <span class='ocrx_word' id='word_1_385' title='bbox 3116 1219 3267 1269; x_wconf 88' lang='lat' dir='ltr'><strong>quant</strong></span> <span class='ocrx_word' id='word_1_386' title='bbox 3297 1207 3392 1257; x_wconf 85' lang='lat' dir='ltr'><strong>ad-</strong></span> 
     </span>
    </p>
   </div>
   <div class='ocr_carea' id='block_1_56' title="bbox 1840 1281 3391 1361">
    <p class='ocr_par' dir='ltr' id='par_1_56' title="bbox 1840 1281 3391 1361">
     <span class='ocr_line' id='line_1_56' title="bbox 1840 1281 3391 1361; baseline 0.01 -30"><span class='ocrx_word' id='word_1_387' title='bbox 1840 1281 2066 1335; x_wconf 76' lang='lat' dir='ltr'><strong>mirabile</strong></span> <span class='ocrx_word' id='word_1_388' title='bbox 2088 1293 2156 1335; x_wconf 80' lang='lat' dir='ltr'><strong>est</strong></span> <span class='ocrx_word' id='word_1_389' title='bbox 2188 1299 2365 1336; x_wconf 88' lang='lat' dir='ltr'><strong>nomen</strong></span> <span class='ocrx_word' id='word_1_390' title='bbox 2397 1294 2536 1337; x_wconf 89' lang='lat' dir='ltr'><strong>tuum</strong></span> <span class='ocrx_word' id='word_1_391' title='bbox 2559 1287 2610 1338; x_wconf 89' lang='lat' dir='ltr'><strong>in</strong></span> <span class='ocrx_word' id='word_1_392' title='bbox 2636 1289 2863 1341; x_wconf 85' lang='lat' dir='ltr'><strong>mtiversa</strong></span> <span class='ocrx_word' id='word_1_393' title='bbox 2892 1297 3022 1341; x_wconf 87' lang='lat' dir='ltr'><strong>terra</strong></span> <span class='ocrx_word' id='word_1_394' title='bbox 3052 1288 3219 1357; x_wconf 87' lang='lat' dir='ltr'><strong>(Psal.</strong></span> <span class='ocrx_word' id='word_1_395' title='bbox 3251 1293 3391 1361; x_wconf 76' lang='lat' dir='ltr'><strong>vrtt),</strong></span> 
     </span>
    </p>
   </div>
   <div class='ocr_carea' id='block_1_57' title="bbox 1840 1375 3394 1441">
    <p class='ocr_par' dir='ltr' id='par_1_57' title="bbox 1840 1375 3394 1441">
     <span class='ocr_line' id='line_1_57' title="bbox 1840 1375 3394 1441; baseline 0.008 -17"><span class='ocrx_word' id='word_1_396' title='bbox 1840 1381 1892 1424; x_wconf 89' lang='lat' dir='ltr'><strong>et</strong></span> <span class='ocrx_word' id='word_1_397' title='bbox 1936 1385 2122 1426; x_wconf 69' lang='lat' dir='ltr'><strong>caetera</strong></span> <span class='ocrx_word' id='word_1_398' title='bbox 2147 1415 2160 1438; x_wconf 92' lang='lat'><strong>,</strong></span> <span class='ocrx_word' id='word_1_399' title='bbox 2208 1375 2502 1441; x_wconf 82' lang='lat' dir='ltr'><strong>usquedum</strong></span> <span class='ocrx_word' id='word_1_400' title='bbox 2533 1379 2644 1431; x_wconf 87' lang='lat' dir='ltr'><strong>ait:</strong></span> <span class='ocrx_word' id='word_1_401' title='bbox 2679 1377 2743 1431; x_wconf 90' lang='lat' dir='ltr'><strong>Ut</strong></span> <span class='ocrx_word' id='word_1_402' title='bbox 2774 1377 3003 1432; x_wconf 84' lang='lat' dir='ltr'><strong>destruas</strong></span> <span class='ocrx_word' id='word_1_403' title='bbox 3051 1381 3312 1436; x_wconf 86' lang='lat' dir='ltr'><strong>inimicum</strong></span> <span class='ocrx_word' id='word_1_404' title='bbox 3349 1395 3394 1436; x_wconf 87' lang='lat' dir='ltr'><strong>et</strong></span> 
     </span>
    </p>
   </div>
   <div class='ocr_carea' id='block_1_58' title="bbox 1839 1463 2396 1533">
    <p class='ocr_par' dir='ltr' id='par_1_58' title="bbox 1839 1463 2396 1533">
     <span class='ocr_line' id='line_1_58' title="bbox 1839 1463 2396 1533; baseline 0.005 -19"><span class='ocrx_word' id='word_1_405' title='bbox 1839 1463 2147 1531; x_wconf 76' lang='lat' dir='ltr'><strong>defensorem</strong></span> <span class='ocrx_word' id='word_1_406' title='bbox 2182 1463 2396 1533; x_wconf 84' lang='lat' dir='ltr'><strong>(lbid.).</strong></span> 
     </span>
    </p>
   </div>
   <div class='ocr_carea' id='block_1_59' title="bbox 1911 1551 3390 1623">
    <p class='ocr_par' dir='ltr' id='par_1_59' title="bbox 1911 1551 3390 1623">
     <span class='ocr_line' id='line_1_59' title="bbox 1911 1551 3390 1623; baseline 0.009 -20"><span class='ocrx_word' id='word_1_407' title='bbox 1911 1551 1975 1603; x_wconf 78' lang='lat' dir='ltr'><strong>Et</strong></span> <span class='ocrx_word' id='word_1_408' title='bbox 2005 1553 2178 1604; x_wconf 84' lang='lat' dir='ltr'><strong>audivi</strong></span> <span class='ocrx_word' id='word_1_409' title='bbox 2218 1569 2483 1604; x_wconf 83' lang='lat' dir='ltr'><strong>numerant</strong></span> <span class='ocrx_word' id='word_1_410' title='bbox 2524 1555 2864 1623; x_wconf 80' lang='lat' dir='ltr'><strong>signatorum,</strong></span> <span class='ocrx_word' id='word_1_411' title='bbox 2897 1567 3004 1614; x_wconf 82' lang='lat' dir='ltr'><strong>etC.</strong></span> <span class='ocrx_word' id='word_1_412' title='bbox 3033 1560 3141 1615; x_wconf 89' lang='lat' dir='ltr'><strong>lloc</strong></span> <span class='ocrx_word' id='word_1_413' title='bbox 3180 1576 3390 1616; x_wconf 86' lang='lat' dir='ltr'><strong>numero</strong></span> 
     </span>
    </p>
   </div>
   <div class='ocr_carea' id='block_1_60' title="bbox 1839 1637 3390 1710">
    <p class='ocr_par' dir='ltr' id='par_1_60' title="bbox 1839 1637 3390 1710">
     <span class='ocr_line' id='line_1_60' title="bbox 1839 1637 3390 1710; baseline 0.007 -19"><span class='ocrx_word' id='word_1_414' title='bbox 1839 1637 2005 1705; x_wconf 88' lang='lat' dir='ltr'><strong>ﬁnito,</strong></span> <span class='ocrx_word' id='word_1_415' title='bbox 2026 1641 2430 1695; x_wconf 88' lang='lat' dir='ltr'><strong>innumerabilis</strong></span> <span class='ocrx_word' id='word_1_416' title='bbox 2451 1643 2776 1710; x_wconf 87' lang='lat' dir='ltr'><strong>signiﬁcatur</strong></span> <span class='ocrx_word' id='word_1_417' title='bbox 2797 1645 2958 1698; x_wconf 88' lang='lat' dir='ltr'><strong>totius</strong></span> <span class='ocrx_word' id='word_1_418' title='bbox 2982 1647 3233 1704; x_wconf 69' lang='lat' dir='ltr'><strong>Ecclesia:</strong></span> <span class='ocrx_word' id='word_1_419' title='bbox 3259 1652 3390 1704; x_wconf 85' lang='lat' dir='ltr'><strong>mul-</strong></span> 
     </span>
    </p>
   </div>
   <div class='ocr_carea' id='block_1_61' title="bbox 1841 1729 3390 1804">
    <p class='ocr_par' dir='ltr' id='par_1_61' title="bbox 1841 1729 3390 1804">
     <span class='ocr_line' id='line_1_61' title="bbox 1841 1729 3390 1804; baseline 0.006 -23"><span class='ocrx_word' id='word_1_420' title='bbox 1841 1729 2031 1796; x_wconf 88' lang='lat' dir='ltr'><strong>titudo,</strong></span> <span class='ocrx_word' id='word_1_421' title='bbox 2062 1745 2177 1797; x_wconf 68' lang='lat' dir='ltr'><strong>qua:</strong></span> <span class='ocrx_word' id='word_1_422' title='bbox 2207 1732 2273 1785; x_wconf 91' lang='lat' dir='ltr'><strong>de</strong></span> <span class='ocrx_word' id='word_1_423' title='bbox 2301 1733 2614 1798; x_wconf 87' lang='lat' dir='ltr'><strong>patriarchis</strong></span> <span class='ocrx_word' id='word_1_424' title='bbox 2636 1773 2651 1797; x_wconf 88' lang='lat'><strong>,</strong></span> <span class='ocrx_word' id='word_1_425' title='bbox 2682 1734 2762 1788; x_wconf 88' lang='lat' dir='ltr'><strong>vel</strong></span> <span class='ocrx_word' id='word_1_426' title='bbox 2795 1738 3038 1803; x_wconf 90' lang='lat' dir='ltr'><strong>prosapia</strong></span> <span class='ocrx_word' id='word_1_427' title='bbox 3071 1739 3276 1804; x_wconf 91' lang='lat' dir='ltr'><strong>carnis,</strong></span> <span class='ocrx_word' id='word_1_428' title='bbox 3312 1743 3390 1792; x_wconf 80' lang='grc' dir='ltr'><strong>ν‹-Ι</strong></span> 
     </span>
    </p>
   </div>
   <div class='ocr_carea' id='block_1_62' title="bbox 1766 1803 3390 1898">
    <p class='ocr_par' dir='ltr' id='par_1_62' title="bbox 1766 1803 3390 1898">
     <span class='ocr_line' id='line_1_62' title="bbox 1766 1803 3390 1898; baseline 0.009 -27"><span class='ocrx_word' id='word_1_429' title='bbox 1766 1803 1813 1864; x_wconf 78' lang='grc' dir='ltr'><strong><em>Β</em></strong></span> <span class='ocrx_word' id='word_1_430' title='bbox 1841 1821 1984 1886; x_wconf 88' lang='lat' dir='ltr'><strong>ﬁdei,</strong></span> <span class='ocrx_word' id='word_1_431' title='bbox 2018 1832 2100 1876; x_wconf 89' lang='lat' dir='ltr'><strong>est</strong></span> <span class='ocrx_word' id='word_1_432' title='bbox 2141 1823 2436 1877; x_wconf 86' lang='lat' dir='ltr'><strong>imitatione</strong></span> <span class='ocrx_word' id='word_1_433' title='bbox 2466 1827 2761 1894; x_wconf 87' lang='lat' dir='ltr'><strong>progenita.</strong></span> <span class='ocrx_word' id='word_1_434' title='bbox 2788 1828 2848 1882; x_wconf 87' lang='lat' dir='ltr'><strong>Si</strong></span> <span class='ocrx_word' id='word_1_435' title='bbox 2873 1829 3238 1898; x_wconf 83' lang='lat' dir='ltr'><strong>cnim,.inquit</strong></span> <span class='ocrx_word' id='word_1_436' title='bbox 3264 1873 3276 1895; x_wconf 94' lang='lat'><strong>,</strong></span> <span class='ocrx_word' id='word_1_437' title='bbox 3308 1849 3390 1886; x_wconf 91' lang='lat' dir='ltr'><strong>vos</strong></span> 
     </span>
    </p>
   </div>
   <div class='ocr_carea' id='block_1_63' title="bbox 1838 1909 3390 1989">
    <p class='ocr_par' dir='ltr' id='par_1_63' title="bbox 1838 1909 3390 1989">
     <span class='ocr_line' id='line_1_63' title="bbox 1838 1909 3390 1989; baseline 0.005 -25"><span class='ocrx_word' id='word_1_438' title='bbox 1838 1909 2044 1976; x_wconf 84' lang='lat' dir='ltr'><strong>Christi,</strong></span> <span class='ocrx_word' id='word_1_439' title='bbox 2071 1929 2191 1982; x_wconf 87' lang='lat' dir='ltr'><strong>ergo</strong></span> <span class='ocrx_word' id='word_1_440' title='bbox 2220 1914 2434 1967; x_wconf 78' lang='lat' dir='ltr'><strong>Abralue</strong></span> <span class='ocrx_word' id='word_1_441' title='bbox 2459 1931 2625 1968; x_wconf 70' lang='lat' dir='ltr'><strong>semen</strong></span> <span class='ocrx_word' id='word_1_442' title='bbox 2655 1916 2774 1968; x_wconf 83' lang='lat' dir='ltr'><strong>estis</strong></span> <span class='ocrx_word' id='word_1_443' title='bbox 2804 1915 2998 1986; x_wconf 71' lang='lat' dir='ltr'><strong>(Colat.</strong></span> <span class='ocrx_word' id='word_1_444' title='bbox 3024 1919 3127 1987; x_wconf 90' lang='grc' dir='ltr'>ιιι).</span> <span class='ocrx_word' id='word_1_445' title='bbox 3155 1920 3231 1973; x_wconf 79' lang='lat' dir='ltr'><strong>Ad</strong></span> <span class='ocrx_word' id='word_1_446' title='bbox 3261 1936 3390 1989; x_wconf 82' lang='lat' dir='ltr'><strong>ang-</strong></span> 
     </span>
    </p>
   </div>
   <div class='ocr_carea' id='block_1_64' title="bbox 1839 2003 3388 2076">
    <p class='ocr_par' dir='ltr' id='par_1_64' title="bbox 1839 2003 3388 2076">
     <span class='ocr_line' id='line_1_64' title="bbox 1839 2003 3388 2076; baseline 0.005 -22"><span class='ocrx_word' id='word_1_447' title='bbox 1839 2010 2069 2055; x_wconf 89' lang='lat' dir='ltr'><strong>mentum</strong></span> <span class='ocrx_word' id='word_1_448' title='bbox 2113 2013 2286 2058; x_wconf 87' lang='lat' dir='ltr'><strong>autent</strong></span> <span class='ocrx_word' id='word_1_449' title='bbox 2331 2003 2670 2069; x_wconf 80' lang='lat' dir='ltr'><strong>perfectionis</strong></span> <span class='ocrx_word' id='word_1_450' title='bbox 2699 2007 2928 2073; x_wconf 84' lang='lat' dir='ltr'><strong>pertinet</strong></span> <span class='ocrx_word' id='word_1_451' title='bbox 2965 2015 3018 2061; x_wconf 92' lang='lat' dir='ltr'><strong>et</strong></span> <span class='ocrx_word' id='word_1_452' title='bbox 3046 2007 3160 2076; x_wconf 84' lang='lat' dir='ltr'><strong>ipsa</strong></span> <span class='ocrx_word' id='word_1_453' title='bbox 3187 2009 3388 2062; x_wconf 88' lang='lat' dir='ltr'><strong>duode-</strong></span> 
     </span>
    </p>
   </div>
   <div class='ocr_carea' id='block_1_65' title="bbox 1837 2090 3395 2162">
    <p class='ocr_par' dir='ltr' id='par_1_65' title="bbox 1837 2090 3395 2162">
     <span class='ocr_line' id='line_1_65' title="bbox 1837 2090 3395 2162; baseline 0.004 -19"><span class='ocrx_word' id='word_1_454' title='bbox 1837 2090 1940 2143; x_wconf 91' lang='lat' dir='ltr'><strong>cim</strong></span> <span class='ocrx_word' id='word_1_455' title='bbox 1969 2091 2252 2146; x_wconf 89' lang='lat' dir='ltr'><strong>duodecies</strong></span> <span class='ocrx_word' id='word_1_456' title='bbox 2280 2092 2626 2162; x_wconf 87' lang='lat' dir='ltr'><strong>multiplicari</strong></span> <span class='ocrx_word' id='word_1_457' title='bbox 2646 2132 2661 2156; x_wconf 88' lang='lat'><strong>,</strong></span> <span class='ocrx_word' id='word_1_458' title='bbox 2695 2103 2744 2148; x_wconf 92' lang='grc' dir='ltr'><strong>ει</strong></span> <span class='ocrx_word' id='word_1_459' title='bbox 2772 2094 2836 2146; x_wconf 88' lang='lat' dir='ltr'><strong>ad</strong></span> <span class='ocrx_word' id='word_1_460' title='bbox 2864 2109 3122 2148; x_wconf 88' lang='lat' dir='ltr'><strong>summam</strong></span> <span class='ocrx_word' id='word_1_461' title='bbox 3155 2098 3395 2151; x_wconf 86' lang='lat' dir='ltr'><strong>millena-</strong></span> 
     </span>
    </p>
   </div>
   <div class='ocr_carea' id='block_1_66' title="bbox 1838 2181 3389 2254">
    <p class='ocr_par' dir='ltr' id='par_1_66' title="bbox 1838 2181 3389 2254">
     <span class='ocr_line' id='line_1_66' title="bbox 1838 2181 3389 2254; baseline 0.005 -22"><span class='ocrx_word' id='word_1_462' title='bbox 1838 2181 1972 2233; x_wconf 91' lang='lat' dir='ltr'><strong>rium</strong></span> <span class='ocrx_word' id='word_1_463' title='bbox 1996 2181 2212 2250; x_wconf 88' lang='lat' dir='ltr'><strong>perﬁci,</strong></span> <span class='ocrx_word' id='word_1_464' title='bbox 2244 2182 2330 2250; x_wconf 90' lang='lat' dir='ltr'><strong>qui</strong></span> <span class='ocrx_word' id='word_1_465' title='bbox 2381 2190 2464 2236; x_wconf 88' lang='lat' dir='ltr'><strong>est</strong></span> <span class='ocrx_word' id='word_1_466' title='bbox 2512 2183 2760 2237; x_wconf 88' lang='lat' dir='ltr'><strong>denarius</strong></span> <span class='ocrx_word' id='word_1_467' title='bbox 2809 2197 3060 2239; x_wconf 88' lang='lat' dir='ltr'><strong>numerus</strong></span> <span class='ocrx_word' id='word_1_468' title='bbox 3103 2186 3389 2254; x_wconf 86' lang='lat' dir='ltr'><strong>quadratus</strong></span> 
     </span>
    </p>
   </div>
   <div class='ocr_carea' id='block_1_67' title="bbox 1837 2269 3388 2346">
    <p class='ocr_par' dir='ltr' id='par_1_67' title="bbox 1837 2269 3388 2346">
     <span class='ocr_line' id='line_1_67' title="bbox 1837 2269 3388 2346; baseline 0.006 -23"><span class='ocrx_word' id='word_1_469' title='bbox 1837 2269 2057 2337; x_wconf 87' lang='lat' dir='ltr'><strong>solidus,</strong></span> <span class='ocrx_word' id='word_1_470' title='bbox 2080 2270 2378 2341; x_wconf 88' lang='lat' dir='ltr'><strong>signiﬁcans</strong></span> <span class='ocrx_word' id='word_1_471' title='bbox 2397 2273 2650 2328; x_wconf 70' lang='lat' dir='ltr'><strong>Ecclesiae</strong></span> <span class='ocrx_word' id='word_1_472' title='bbox 2667 2273 2908 2329; x_wconf 85' lang='lat' dir='ltr'><strong>stabilem</strong></span> <span class='ocrx_word' id='word_1_473' title='bbox 2934 2276 3114 2329; x_wconf 75' lang='lat' dir='ltr'><strong>vitam.</strong></span> <span class='ocrx_word' id='word_1_474' title='bbox 3138 2276 3388 2346; x_wconf 81' lang='lat' dir='ltr'><strong>Propter-</strong></span> 
     </span>
    </p>
   </div>
   <div class='ocr_carea' id='block_1_68' title="bbox 1837 2359 3384 2435">
    <p class='ocr_par' dir='ltr' id='par_1_68' title="bbox 1837 2359 3384 2435">
     <span class='ocr_line' id='line_1_68' title="bbox 1837 2359 3384 2435; baseline 0.005 -22"><span class='ocrx_word' id='word_1_475' title='bbox 1837 2372 1898 2413; x_wconf 84' lang='lat' dir='ltr'><strong>ea</strong></span> <span class='ocrx_word' id='word_1_476' title='bbox 1943 2359 2133 2427; x_wconf 92' lang='lat' dir='ltr'><strong>quippe</strong></span> <span class='ocrx_word' id='word_1_477' title='bbox 2161 2359 2484 2415; x_wconf 90' lang='lat' dir='ltr'><strong>duodenario</strong></span> <span class='ocrx_word' id='word_1_478' title='bbox 2535 2377 2753 2417; x_wconf 90' lang='lat' dir='ltr'><strong>numero</strong></span> <span class='ocrx_word' id='word_1_479' title='bbox 2784 2378 2927 2432; x_wconf 57' lang='lat' dir='ltr'><strong>sepe</strong></span> <span class='ocrx_word' id='word_1_480' title='bbox 2963 2363 3232 2434; x_wconf 88' lang='lat' dir='ltr'><strong>ﬁguratur,</strong></span> <span class='ocrx_word' id='word_1_481' title='bbox 3265 2369 3384 2435; x_wconf 88' lang='lat' dir='ltr'><strong>quia</strong></span> 
     </span>
    </p>
   </div>
   <div class='ocr_carea' id='block_1_69' title="bbox 1841 2450 3383 2517">
    <p class='ocr_par' dir='ltr' id='par_1_69' title="bbox 1841 2450 3383 2517">
     <span class='ocr_line' id='line_1_69' title="bbox 1841 2450 3383 2517; baseline 0.006 -15"><span class='ocrx_word' id='word_1_482' title='bbox 1841 2462 1934 2516; x_wconf 89' lang='lat' dir='ltr'><strong>per</strong></span> <span class='ocrx_word' id='word_1_483' title='bbox 1959 2450 2139 2502; x_wconf 88' lang='lat' dir='ltr'><strong>orbem</strong></span> <span class='ocrx_word' id='word_1_484' title='bbox 2170 2450 2478 2517; x_wconf 88' lang='lat' dir='ltr'><strong>quadratum</strong></span> <span class='ocrx_word' id='word_1_485' title='bbox 2511 2453 2559 2504; x_wconf 92' lang='lat' dir='ltr'><strong>in</strong></span> <span class='ocrx_word' id='word_1_486' title='bbox 2593 2452 2693 2505; x_wconf 88' lang='lat' dir='ltr'><strong>ﬁde</strong></span> <span class='ocrx_word' id='word_1_487' title='bbox 2721 2455 2964 2508; x_wconf 80' lang='lat' dir='ltr'><strong>consistit</strong></span> <span class='ocrx_word' id='word_1_488' title='bbox 2992 2467 3188 2509; x_wconf 71' lang='lat' dir='ltr'><strong>sanctte</strong></span> <span class='ocrx_word' id='word_1_489' title='bbox 3211 2457 3383 2511; x_wconf 79' lang='lat' dir='ltr'><strong>Trini-</strong></span> 
     </span>
    </p>
   </div>
   <div class='ocr_carea' id='block_1_70' title="bbox 1840 2537 3390 2616">
    <p class='ocr_par' dir='ltr' id='par_1_70' title="bbox 1840 2537 3390 2616">
     <span class='ocr_line' id='line_1_70' title="bbox 1840 2537 3390 2616; baseline 0.009 -27"><span class='ocrx_word' id='word_1_490' title='bbox 1840 2537 1979 2590; x_wconf 86' lang='lat' dir='ltr'><strong>tatis.</strong></span> <span class='ocrx_word' id='word_1_491' title='bbox 2010 2537 2112 2591; x_wconf 85' lang='lat' dir='ltr'><strong>Ter</strong></span> <span class='ocrx_word' id='word_1_492' title='bbox 2141 2539 2279 2591; x_wconf 89' lang='lat' dir='ltr'><strong>enim</strong></span> <span class='ocrx_word' id='word_1_493' title='bbox 2305 2541 2544 2607; x_wconf 84' lang='lat' dir='ltr'><strong>quaterni</strong></span> <span class='ocrx_word' id='word_1_494' title='bbox 2574 2541 2735 2595; x_wconf 83' lang='lat' dir='ltr'><strong>decus</strong></span> <span class='ocrx_word' id='word_1_495' title='bbox 2755 2543 3054 2611; x_wconf 80' lang='lat' dir='ltr'><strong>dipondios.</strong></span> <span class='ocrx_word' id='word_1_496' title='bbox 3081 2545 3311 2616; x_wconf 87' lang='lat' dir='ltr'><strong>Denique</strong></span> <span class='ocrx_word' id='word_1_497' title='bbox 3338 2559 3390 2603; x_wconf 93' lang='lat' dir='ltr'><strong>et</strong></span> 
     </span>
    </p>
   </div>
   <div class='ocr_carea' id='block_1_71' title="bbox 1838 2627 3385 2699">
    <p class='ocr_par' dir='ltr' id='par_1_71' title="bbox 1838 2627 3385 2699">
     <span class='ocr_line' id='line_1_71' title="bbox 1838 2627 3385 2699; baseline 0.008 -20"><span class='ocrx_word' id='word_1_498' title='bbox 1838 2627 2057 2694; x_wconf 88' lang='lat' dir='ltr'><strong>apostoli</strong></span> <span class='ocrx_word' id='word_1_499' title='bbox 2088 2629 2324 2682; x_wconf 87' lang='lat' dir='ltr'><strong>eamdem</strong></span> <span class='ocrx_word' id='word_1_500' title='bbox 2357 2630 2550 2683; x_wconf 91' lang='lat' dir='ltr'><strong>mundo</strong></span> <span class='ocrx_word' id='word_1_501' title='bbox 2575 2630 2730 2685; x_wconf 87' lang='lat' dir='ltr'><strong>ﬁdem</strong></span> <span class='ocrx_word' id='word_1_502' title='bbox 2760 2632 3090 2699; x_wconf 62' lang='lat' dir='ltr'><strong>prasdicaturi</strong></span> <span class='ocrx_word' id='word_1_503' title='bbox 3112 2635 3385 2691; x_wconf 85' lang='lat' dir='ltr'><strong>duodecim</strong></span> 
     </span>
    </p>
   </div>
   <div class='ocr_carea' id='block_1_72' title="bbox 1840 2717 3381 2794">
    <p class='ocr_par' dir='ltr' id='par_1_72' title="bbox 1840 2717 3381 2794">
     <span class='ocr_line' id='line_1_72' title="bbox 1840 2717 3381 2794; baseline 0.008 -26"><span class='ocrx_word' id='word_1_504' title='bbox 1840 2726 1963 2769; x_wconf 90' lang='lat' dir='ltr'><strong>sunt</strong></span> <span class='ocrx_word' id='word_1_505' title='bbox 1989 2717 2174 2781; x_wconf 92' lang='lat' dir='ltr'><strong>electi,</strong></span> <span class='ocrx_word' id='word_1_506' title='bbox 2204 2733 2424 2772; x_wconf 86' lang='lat' dir='ltr'><strong>numero</strong></span> <span class='ocrx_word' id='word_1_507' title='bbox 2468 2720 2669 2775; x_wconf 88' lang='lat' dir='ltr'><strong>scilicet</strong></span> <span class='ocrx_word' id='word_1_508' title='bbox 2717 2724 3030 2792; x_wconf 84' lang='lat' dir='ltr'><strong>mysterium</strong></span> <span class='ocrx_word' id='word_1_509' title='bbox 3075 2725 3251 2794; x_wconf 82' lang='lat' dir='ltr'><strong>operis</strong></span> <span class='ocrx_word' id='word_1_510' title='bbox 3303 2729 3381 2781; x_wconf 86' lang='lat' dir='ltr'><strong>sui</strong></span> 
     </span>
    </p>
   </div>
   <div class='ocr_carea' id='block_1_73' title="bbox 1841 2806 2148 2877">
    <p class='ocr_par' dir='ltr' id='par_1_73' title="bbox 1841 2806 2148 2877">
     <span class='ocr_line' id='line_1_73' title="bbox 1841 2806 2148 2877; baseline 0.01 -17"><span class='ocrx_word' id='word_1_511' title='bbox 1841 2806 2148 2877; x_wconf 84' lang='lat' dir='ltr'><strong>ﬁgurantes.</strong></span> 
     </span>
    </p>
   </div>
   <div class='ocr_carea' id='block_1_74' title="bbox 1911 2897 3390 2975">
    <p class='ocr_par' dir='ltr' id='par_1_74' title="bbox 1911 2897 3390 2975">
     <span class='ocr_line' id='line_1_74' title="bbox 1911 2897 3390 2975; baseline 0.009 -27"><span class='ocrx_word' id='word_1_512' title='bbox 1911 2897 1992 2952; x_wconf 80' lang='lat' dir='ltr'><strong>Ea:</strong></span> <span class='ocrx_word' id='word_1_513' title='bbox 2022 2901 2152 2952; x_wconf 73' lang='lat' dir='ltr'><strong>tribu</strong></span> <span class='ocrx_word' id='word_1_514' title='bbox 2177 2900 2315 2953; x_wconf 74' lang='lat' dir='ltr'><strong>Jutla</strong></span> <span class='ocrx_word' id='word_1_515' title='bbox 2343 2904 2608 2958; x_wconf 78' lang='lat' dir='ltr'><strong>duodecim</strong></span> <span class='ocrx_word' id='word_1_516' title='bbox 2641 2905 2798 2958; x_wconf 86' lang='lat' dir='ltr'><strong>millia</strong></span> <span class='ocrx_word' id='word_1_517' title='bbox 2827 2907 3032 2975; x_wconf 86' lang='lat' dir='ltr'><strong>signati,</strong></span> <span class='ocrx_word' id='word_1_518' title='bbox 3061 2918 3162 2961; x_wconf 87' lang='lat' dir='ltr'><strong>etc.</strong></span> <span class='ocrx_word' id='word_1_519' title='bbox 3187 2908 3390 2963; x_wconf 82' lang='lat' dir='ltr'><strong>Conve-</strong></span> 
     </span>
    </p>
   </div>
   <div class='ocr_carea' id='block_1_75' title="bbox 1839 2989 3390 3062">
    <p class='ocr_par' dir='ltr' id='par_1_75' title="bbox 1839 2989 3390 3062">
     <span class='ocr_line' id='line_1_75' title="bbox 1839 2989 3390 3062; baseline 0.008 -22"><span class='ocrx_word' id='word_1_520' title='bbox 1839 2989 2043 3043; x_wconf 87' lang='lat' dir='ltr'><strong>nienter</strong></span> <span class='ocrx_word' id='word_1_521' title='bbox 2070 3001 2119 3043; x_wconf 91' lang='lat' dir='ltr'><strong>et</strong></span> <span class='ocrx_word' id='word_1_522' title='bbox 2150 3005 2177 3043; x_wconf 89' lang='lat' dir='ltr'><strong>a</strong></span> <span class='ocrx_word' id='word_1_523' title='bbox 2208 2991 2339 3045; x_wconf 81' lang='lat' dir='ltr'><strong>luda</strong></span> <span class='ocrx_word' id='word_1_524' title='bbox 2387 2993 2630 3058; x_wconf 81' lang='lat' dir='ltr'><strong>inchoat,</strong></span> <span class='ocrx_word' id='word_1_525' title='bbox 2681 3009 2745 3048; x_wconf 80' lang='lat' dir='ltr'><strong>ex</strong></span> <span class='ocrx_word' id='word_1_526' title='bbox 2793 3010 2894 3062; x_wconf 91' lang='lat' dir='ltr'><strong>qua</strong></span> <span class='ocrx_word' id='word_1_527' title='bbox 2938 2999 3075 3052; x_wconf 91' lang='lat' dir='ltr'><strong>tribu</strong></span> <span class='ocrx_word' id='word_1_528' title='bbox 3125 3008 3271 3052; x_wconf 87' lang='lat' dir='ltr'><strong>ortus</strong></span> <span class='ocrx_word' id='word_1_529' title='bbox 3312 3012 3390 3052; x_wconf 79' lang='lat' dir='ltr'><strong>est</strong></span> 
     </span>
    </p>
   </div>
   <div class='ocr_carea' id='block_1_76' title="bbox 1841 3080 3388 3156">
    <p class='ocr_par' dir='ltr' id='par_1_76' title="bbox 1841 3080 3388 3156">
     <span class='ocr_line' id='line_1_76' title="bbox 1841 3080 3388 3156; baseline 0.005 -22"><span class='ocrx_word' id='word_1_530' title='bbox 1841 3080 2094 3136; x_wconf 89' lang='lat' dir='ltr'><strong>Dominus</strong></span> <span class='ocrx_word' id='word_1_531' title='bbox 2121 3091 2330 3148; x_wconf 89' lang='lat' dir='ltr'><strong>noster;</strong></span> <span class='ocrx_word' id='word_1_532' title='bbox 2362 3093 2414 3138; x_wconf 90' lang='lat' dir='ltr'><strong>et</strong></span> <span class='ocrx_word' id='word_1_533' title='bbox 2441 3084 2551 3138; x_wconf 90' lang='lat' dir='ltr'><strong>Dan</strong></span> <span class='ocrx_word' id='word_1_534' title='bbox 2585 3086 2948 3152; x_wconf 64' lang='lat' dir='ltr'><strong>praetermisit,</strong></span> <span class='ocrx_word' id='word_1_535' title='bbox 2976 3103 3039 3142; x_wconf 79' lang='lat' dir='ltr'><strong>ex</strong></span> <span class='ocrx_word' id='word_1_536' title='bbox 3072 3104 3174 3156; x_wconf 89' lang='lat' dir='ltr'><strong>quo</strong></span> <span class='ocrx_word' id='word_1_537' title='bbox 3195 3091 3388 3144; x_wconf 81' lang='lat' dir='ltr'><strong>dicitur</strong></span> 
     </span>
    </p>
   </div>
   <div class='ocr_carea' id='block_1_77' title="bbox 1839 3174 3383 3246">
    <p class='ocr_par' dir='ltr' id='par_1_77' title="bbox 1839 3174 3383 3246">
     <span class='ocr_line' id='line_1_77' title="bbox 1839 3174 3383 3246; baseline 0.005 -20"><span class='ocrx_word' id='word_1_538' title='bbox 1839 3174 2189 3229; x_wconf 79' lang='lat' dir='ltr'><strong>Anticliristus</strong></span> <span class='ocrx_word' id='word_1_539' title='bbox 2237 3193 2358 3231; x_wconf 86' lang='lat' dir='ltr'><strong>esse</strong></span> <span class='ocrx_word' id='word_1_540' title='bbox 2409 3178 2740 3243; x_wconf 85' lang='lat' dir='ltr'><strong>nasciturus,</strong></span> <span class='ocrx_word' id='word_1_541' title='bbox 2788 3178 2923 3232; x_wconf 87' lang='lat' dir='ltr'><strong>sicut</strong></span> <span class='ocrx_word' id='word_1_542' title='bbox 2971 3181 3222 3246; x_wconf 82' lang='lat' dir='ltr'><strong>scriptum</strong></span> <span class='ocrx_word' id='word_1_543' title='bbox 3266 3195 3383 3234; x_wconf 85' lang='lat' dir='ltr'><strong>cst:</strong></span> 
     </span>
    </p>
   </div>
   <div class='ocr_carea' id='block_1_78' title="bbox 1839 3261 3386 3334">
    <p class='ocr_par' dir='ltr' id='par_1_78' title="bbox 1839 3261 3386 3334">
     <span class='ocr_line' id='line_1_78' title="bbox 1839 3261 3386 3334; baseline 0.008 -22"><span class='ocrx_word' id='word_1_544' title='bbox 1839 3261 1958 3314; x_wconf 80' lang='lat' dir='ltr'><strong>Fiat</strong></span> <span class='ocrx_word' id='word_1_545' title='bbox 1987 3263 2100 3315; x_wconf 88' lang='lat' dir='ltr'><strong>Dan</strong></span> <span class='ocrx_word' id='word_1_546' title='bbox 2129 3266 2334 3317; x_wconf 82' lang='lat' dir='ltr'><strong>coluber</strong></span> <span class='ocrx_word' id='word_1_547' title='bbox 2363 3267 2414 3317; x_wconf 87' lang='lat' dir='ltr'><strong>in</strong></span> <span class='ocrx_word' id='word_1_548' title='bbox 2445 3267 2546 3330; x_wconf 82' lang='lat' dir='ltr'><strong>via,</strong></span> <span class='ocrx_word' id='word_1_549' title='bbox 2578 3276 2793 3320; x_wconf 85' lang='lat' dir='ltr'><strong>cerastes</strong></span> <span class='ocrx_word' id='word_1_550' title='bbox 2823 3268 2874 3320; x_wconf 89' lang='lat' dir='ltr'><strong>in</strong></span> <span class='ocrx_word' id='word_1_551' title='bbox 2911 3270 3088 3321; x_wconf 85' lang='lat' dir='ltr'><strong>semita</strong></span> <span class='ocrx_word' id='word_1_552' title='bbox 3107 3309 3122 3334; x_wconf 94' lang='lat'><strong>,</strong></span> <span class='ocrx_word' id='word_1_553' title='bbox 3156 3272 3386 3324; x_wconf 88' lang='lat' dir='ltr'><strong>mordens</strong></span> 
     </span>
    </p>
   </div>
   <div class='ocr_carea' id='block_1_79' title="bbox 1837 3353 3383 3425">
    <p class='ocr_par' dir='ltr' id='par_1_79' title="bbox 1837 3353 3383 3425">
     <span class='ocr_line' id='line_1_79' title="bbox 1837 3353 3383 3425; baseline 0.005 -22"><span class='ocrx_word' id='word_1_554' title='bbox 1837 3353 2047 3421; x_wconf 84' lang='lat' dir='ltr'><strong>ungulas</strong></span> <span class='ocrx_word' id='word_1_555' title='bbox 2071 3355 2204 3422; x_wconf 80' lang='lat' dir='ltr'><strong>equi,</strong></span> <span class='ocrx_word' id='word_1_556' title='bbox 2232 3364 2284 3407; x_wconf 91' lang='lat' dir='ltr'><strong>ut</strong></span> <span class='ocrx_word' id='word_1_557' title='bbox 2308 3356 2457 3409; x_wconf 79' lang='lat' dir='ltr'><strong>cadat</strong></span> <span class='ocrx_word' id='word_1_558' title='bbox 2482 3371 2717 3408; x_wconf 78' lang='lat' dir='ltr'><strong>ascensor</strong></span> <span class='ocrx_word' id='word_1_559' title='bbox 2736 3356 2846 3424; x_wconf 80' lang='lat' dir='ltr'><strong>ejus</strong></span> <span class='ocrx_word' id='word_1_560' title='bbox 2869 3354 3019 3424; x_wconf 82' lang='lat' dir='ltr'><strong>(Gen.</strong></span> <span class='ocrx_word' id='word_1_561' title='bbox 3052 3369 3226 3425; x_wconf 69' lang='grc' dir='ltr'><strong>ηις).</strong></span> <span class='ocrx_word' id='word_1_562' title='bbox 3253 3360 3383 3424; x_wconf 82' lang='lat' dir='ltr'><strong>Quia</strong></span> 
     </span>
    </p>
   </div>
   <div class='ocr_carea' id='block_1_80' title="bbox 1837 3443 3385 3512">
    <p class='ocr_par' dir='ltr' id='par_1_80' title="bbox 1837 3443 3385 3512">
     <span class='ocr_line' id='line_1_80' title="bbox 1837 3443 3385 3512; baseline 0.004 -20"><span class='ocrx_word' id='word_1_563' title='bbox 1837 3456 1939 3495; x_wconf 89' lang='lat' dir='ltr'><strong>non</strong></span> <span class='ocrx_word' id='word_1_564' title='bbox 1969 3444 2210 3496; x_wconf 90' lang='lat' dir='ltr'><strong>ordinem</strong></span> <span class='ocrx_word' id='word_1_565' title='bbox 2243 3455 2464 3496; x_wconf 67' lang='lat' dir='ltr'><strong>terrenae</strong></span> <span class='ocrx_word' id='word_1_566' title='bbox 2494 3443 2866 3512; x_wconf 81' lang='lat' dir='ltr'><strong>generationis,</strong></span> <span class='ocrx_word' id='word_1_567' title='bbox 2896 3443 2990 3497; x_wconf 90' lang='lat' dir='ltr'><strong>sed</strong></span> <span class='ocrx_word' id='word_1_568' title='bbox 3033 3443 3180 3512; x_wconf 83' lang='lat' dir='ltr'><strong>juxta</strong></span> <span class='ocrx_word' id='word_1_569' title='bbox 3228 3447 3385 3499; x_wconf 85' lang='lat' dir='ltr'><strong>inter-</strong></span> 
     </span>
    </p>
   </div>
   <div class='ocr_carea' id='block_1_81' title="bbox 1836 3531 3386 3597">
    <p class='ocr_par' dir='ltr' id='par_1_81' title="bbox 1836 3531 3386 3597">
     <span class='ocr_line' id='line_1_81' title="bbox 1836 3531 3386 3597; baseline 0.003 -15"><span class='ocrx_word' id='word_1_570' title='bbox 1836 3533 2181 3597; x_wconf 81' lang='lat' dir='ltr'><strong>pretationem</strong></span> <span class='ocrx_word' id='word_1_571' title='bbox 2250 3533 2517 3584; x_wconf 89' lang='lat' dir='ltr'><strong>nominum</strong></span> <span class='ocrx_word' id='word_1_572' title='bbox 2576 3532 2791 3584; x_wconf 85' lang='lat' dir='ltr'><strong>virtutes</strong></span> <span class='ocrx_word' id='word_1_573' title='bbox 2850 3531 3108 3587; x_wconf 66' lang='lat' dir='ltr'><strong>Ecclesias</strong></span> <span class='ocrx_word' id='word_1_574' title='bbox 3158 3536 3386 3588; x_wconf 72' lang='lat' dir='ltr'><strong>decrevit</strong></span> 
     </span>
    </p>
   </div>
   <div class='ocr_carea' id='block_1_82' title="bbox 1833 3620 3384 3690">
    <p class='ocr_par' dir='ltr' id='par_1_82' title="bbox 1833 3620 3384 3690">
     <span class='ocr_line' id='line_1_82' title="bbox 1833 3620 3384 3690; baseline 0.002 -17"><span class='ocrx_word' id='word_1_575' title='bbox 1833 3635 2116 3686; x_wconf 78' lang='lat' dir='ltr'><strong>exponere,</strong></span> <span class='ocrx_word' id='word_1_576' title='bbox 2149 3635 2263 3686; x_wconf 73' lang='lat' dir='ltr'><strong>qua:</strong></span> <span class='ocrx_word' id='word_1_577' title='bbox 2304 3634 2331 3672; x_wconf 90' lang='lat' dir='ltr'><strong>a</strong></span> <span class='ocrx_word' id='word_1_578' title='bbox 2363 3620 2696 3674; x_wconf 84' lang='lat' dir='ltr'><strong>confessione</strong></span> <span class='ocrx_word' id='word_1_579' title='bbox 2737 3628 2789 3674; x_wconf 86' lang='lat' dir='ltr'><strong>et</strong></span> <span class='ocrx_word' id='word_1_580' title='bbox 2827 3620 2984 3676; x_wconf 88' lang='lat' dir='ltr'><strong>laude</strong></span> <span class='ocrx_word' id='word_1_581' title='bbox 3012 3624 3287 3690; x_wconf 72' lang='lat' dir='ltr'><strong>praesenti,</strong></span> <span class='ocrx_word' id='word_1_582' title='bbox 3319 3626 3384 3676; x_wconf 90' lang='lat' dir='ltr'><strong>ad</strong></span> 
     </span>
    </p>
   </div>
   <div class='ocr_carea' id='block_1_83' title="bbox 1834 3710 3385 3767">
    <p class='ocr_par' dir='ltr' id='par_1_83' title="bbox 1834 3710 3385 3767">
     <span class='ocr_line' id='line_1_83' title="bbox 1834 3710 3385 3767; baseline 0.001 -5"><span class='ocrx_word' id='word_1_583' title='bbox 1834 3710 2102 3762; x_wconf 57' lang='lat' dir='ltr'><strong>dexteram</strong></span> <span class='ocrx_word' id='word_1_584' title='bbox 2151 3711 2269 3762; x_wconf 77' lang='lat' dir='ltr'><strong>vita:</strong></span> <span class='ocrx_word' id='word_1_585' title='bbox 2319 3710 2529 3764; x_wconf 87' lang='lat' dir='ltr'><strong>festinet</strong></span> <span class='ocrx_word' id='word_1_586' title='bbox 2572 3720 2804 3764; x_wconf 76' lang='lat' dir='ltr'><strong>teternat.</strong></span> <span class='ocrx_word' id='word_1_587' title='bbox 2855 3710 2962 3766; x_wconf 91' lang='lat' dir='ltr'><strong>lloc</strong></span> <span class='ocrx_word' id='word_1_588' title='bbox 3005 3712 3143 3765; x_wconf 90' lang='lat' dir='ltr'><strong>enim</strong></span> <span class='ocrx_word' id='word_1_589' title='bbox 3193 3726 3385 3767; x_wconf 89' lang='lat' dir='ltr'><strong>nomen</strong></span> 
     </span>
    </p>
   </div>
   <div class='ocr_carea' id='block_1_84' title="bbox 1833 3780 3380 3870">
    <p class='ocr_par' dir='ltr' id='par_1_84' title="bbox 1833 3780 3380 3870">
     <span class='ocr_line' id='line_1_84' title="bbox 1833 3780 3380 3870; baseline 0.001 -19"><span class='ocrx_word' id='word_1_590' title='bbox 1833 3797 1998 3862; x_wconf 67' lang='lat' dir='ltr'><strong>ludat,</strong></span> <span class='ocrx_word' id='word_1_591' title='bbox 2031 3800 2119 3867; x_wconf 90' lang='lat' dir='ltr'><strong>qui</strong></span> <span class='ocrx_word' id='word_1_592' title='bbox 2143 3800 2366 3867; x_wconf 83' lang='lat' dir='ltr'><strong>primus,</strong></span> <span class='ocrx_word' id='word_1_593' title='bbox 2389 3809 2441 3852; x_wconf 90' lang='lat' dir='ltr'><strong>et</strong></span> <span class='ocrx_word' id='word_1_594' title='bbox 2471 3780 2760 3868; x_wconf 61' lang='lat' dir='ltr'><strong>Beniamin,</strong></span> <span class='ocrx_word' id='word_1_595' title='bbox 2789 3801 2878 3870; x_wconf 91' lang='lat' dir='ltr'><strong>qui</strong></span> <span class='ocrx_word' id='word_1_596' title='bbox 2905 3800 3117 3856; x_wconf 91' lang='lat' dir='ltr'><strong>ultimus</strong></span> <span class='ocrx_word' id='word_1_597' title='bbox 3149 3802 3380 3870; x_wconf 87' lang='lat' dir='ltr'><strong>ponitur,</strong></span> 
     </span>
    </p>
   </div>
   <div class='ocr_carea' id='block_1_85' title="bbox 1832 3887 3385 3958">
    <p class='ocr_par' dir='ltr' id='par_1_85' title="bbox 1832 3887 3385 3958">
     <span class='ocr_line' id='line_1_85' title="bbox 1832 3887 3385 3958; baseline 0.002 -16"><span class='ocrx_word' id='word_1_598' title='bbox 1832 3897 2006 3942; x_wconf 89' lang='lat' dir='ltr'><strong>sonat.</strong></span> <span class='ocrx_word' id='word_1_599' title='bbox 2036 3888 2250 3943; x_wconf 86' lang='lat' dir='ltr'><strong>Primus</strong></span> <span class='ocrx_word' id='word_1_600' title='bbox 2269 3903 2407 3957; x_wconf 84' lang='lat' dir='ltr'><strong>ergo</strong></span> <span class='ocrx_word' id='word_1_601' title='bbox 2431 3887 2626 3954; x_wconf 74' lang='lat' dir='ltr'><strong>ludas,</strong></span> <span class='ocrx_word' id='word_1_602' title='bbox 2660 3891 2748 3958; x_wconf 91' lang='lat' dir='ltr'><strong>qui</strong></span> <span class='ocrx_word' id='word_1_603' title='bbox 2777 3891 3038 3946; x_wconf 89' lang='lat' dir='ltr'><strong>confessio</strong></span> <span class='ocrx_word' id='word_1_604' title='bbox 3066 3892 3176 3947; x_wconf 84' lang='lat' dir='ltr'><strong>sive</strong></span> <span class='ocrx_word' id='word_1_605' title='bbox 3207 3893 3385 3946; x_wconf 81' lang='lat' dir='ltr'><strong>laudn-</strong></span> 
     </span>
    </p>
   </div>
   <div class='ocr_carea' id='block_1_86' title="bbox 1834 3977 3382 4048">
    <p class='ocr_par' dir='ltr' id='par_1_86' title="bbox 1834 3977 3382 4048">
     <span class='ocr_line' id='line_1_86' title="bbox 1834 3977 3382 4048; baseline 0.005 -20"><span class='ocrx_word' id='word_1_606' title='bbox 1834 3978 1905 4029; x_wconf 91' lang='lat' dir='ltr'><strong>tio</strong></span> <span class='ocrx_word' id='word_1_607' title='bbox 1943 3977 2337 4046; x_wconf 88' lang='lat' dir='ltr'><strong>interpretatur,</strong></span> <span class='ocrx_word' id='word_1_608' title='bbox 2373 3981 2601 4047; x_wconf 89' lang='lat' dir='ltr'><strong>ponitur,</strong></span> <span class='ocrx_word' id='word_1_609' title='bbox 2631 3981 2751 4048; x_wconf 93' lang='lat' dir='ltr'><strong>quia</strong></span> <span class='ocrx_word' id='word_1_610' title='bbox 2781 3991 2902 4034; x_wconf 89' lang='lat' dir='ltr'><strong>ante</strong></span> <span class='ocrx_word' id='word_1_611' title='bbox 2931 3980 3080 4033; x_wconf 89' lang='lat' dir='ltr'><strong>initla</strong></span> <span class='ocrx_word' id='word_1_612' title='bbox 3103 3983 3382 4035; x_wconf 78' lang='lat' dir='ltr'><strong>confessio-</strong></span> 
     </span>
    </p>
   </div>
   <div class='ocr_carea' id='block_1_87' title="bbox 1835 4067 3380 4139">
    <p class='ocr_par' dir='ltr' id='par_1_87' title="bbox 1835 4067 3380 4139">
     <span class='ocr_line' id='line_1_87' title="bbox 1835 4067 3380 4139; baseline 0.002 -20"><span class='ocrx_word' id='word_1_613' title='bbox 1835 4069 1916 4120; x_wconf 73' lang='lat' dir='ltr'><strong>nis</strong></span> <span class='ocrx_word' id='word_1_614' title='bbox 1943 4068 2150 4121; x_wconf 91' lang='lat' dir='ltr'><strong>culmen</strong></span> <span class='ocrx_word' id='word_1_615' title='bbox 2181 4069 2435 4122; x_wconf 90' lang='lat' dir='ltr'><strong>bonorum</strong></span> <span class='ocrx_word' id='word_1_616' title='bbox 2464 4081 2682 4137; x_wconf 89' lang='lat' dir='ltr'><strong>operum</strong></span> <span class='ocrx_word' id='word_1_617' title='bbox 2714 4067 2886 4126; x_wconf 87' lang='lat' dir='ltr'><strong>nullus</strong></span> <span class='ocrx_word' id='word_1_618' title='bbox 2914 4070 3278 4139; x_wconf 87' lang='lat' dir='ltr'><strong>apprehendit.</strong></span> <span class='ocrx_word' id='word_1_619' title='bbox 3317 4070 3380 4123; x_wconf 84' lang='lat' dir='ltr'><strong>Et</strong></span> 
     </span>
    </p>
   </div>
   <div class='ocr_carea' id='block_1_88' title="bbox 1834 4157 3377 4226">
    <p class='ocr_par' dir='ltr' id='par_1_88' title="bbox 1834 4157 3377 4226">
     <span class='ocr_line' id='line_1_88' title="bbox 1834 4157 3377 4226; baseline 0.003 -16"><span class='ocrx_word' id='word_1_620' title='bbox 1834 4158 1932 4212; x_wconf 88' lang='lat' dir='ltr'><strong>nisi</strong></span> <span class='ocrx_word' id='word_1_621' title='bbox 1965 4174 2059 4226; x_wconf 91' lang='lat' dir='ltr'><strong>per</strong></span> <span class='ocrx_word' id='word_1_622' title='bbox 2105 4157 2490 4212; x_wconf 77' lang='lat' dir='ltr'><strong>confessionem</strong></span> <span class='ocrx_word' id='word_1_623' title='bbox 2542 4158 2904 4215; x_wconf 90' lang='lat' dir='ltr'><strong>renuntiemus</strong></span> <span class='ocrx_word' id='word_1_624' title='bbox 2950 4161 3155 4214; x_wconf 89' lang='lat' dir='ltr'><strong>actibus</strong></span> <span class='ocrx_word' id='word_1_625' title='bbox 3197 4162 3377 4223; x_wconf 86' lang='lat' dir='ltr'><strong>malis,</strong></span> 
     </span>
    </p>
   </div>
   <div class='ocr_carea' id='block_1_89' title="bbox 1833 4251 3377 4321">
    <p class='ocr_par' dir='ltr' id='par_1_89' title="bbox 1833 4251 3377 4321">
     <span class='ocr_line' id='line_1_89' title="bbox 1833 4251 3377 4321; baseline 0 -17"><span class='ocrx_word' id='word_1_626' title='bbox 1833 4265 1935 4304; x_wconf 90' lang='lat' dir='ltr'><strong>non</strong></span> <span class='ocrx_word' id='word_1_627' title='bbox 1965 4251 2308 4306; x_wconf 86' lang='lat' dir='ltr'><strong>informantur</strong></span> <span class='ocrx_word' id='word_1_628' title='bbox 2339 4252 2516 4306; x_wconf 92' lang='lat' dir='ltr'><strong>rectis.</strong></span> <span class='ocrx_word' id='word_1_629' title='bbox 2549 4251 2826 4307; x_wconf 89' lang='lat' dir='ltr'><strong>Secundus</strong></span> <span class='ocrx_word' id='word_1_630' title='bbox 2855 4251 3039 4306; x_wconf 81' lang='lat' dir='ltr'><strong>Ruben</strong></span> <span class='ocrx_word' id='word_1_631' title='bbox 3063 4295 3077 4318; x_wconf 89' lang='lat'><strong>,</strong></span> <span class='ocrx_word' id='word_1_632' title='bbox 3109 4254 3196 4321; x_wconf 93' lang='lat' dir='ltr'><strong>qui</strong></span> <span class='ocrx_word' id='word_1_633' title='bbox 3224 4256 3377 4307; x_wconf 64' lang='lat' dir='ltr'><strong>inter.</strong></span> 
     </span>
    </p>
   </div>
   <div class='ocr_carea' id='block_1_90' title="bbox 1833 4342 3350 4412">
    <p class='ocr_par' dir='ltr' id='par_1_90' title="bbox 1833 4342 3350 4412">
     <span class='ocr_line' id='line_1_90' title="bbox 1833 4342 3350 4412; baseline -0.001 -13"><span class='ocrx_word' id='word_1_634' title='bbox 1833 4352 2066 4411; x_wconf 85' lang='lat' dir='ltr'><strong>pretatur</strong></span> <span class='ocrx_word' id='word_1_635' title='bbox 2095 4344 2264 4397; x_wconf 83' lang='lat' dir='ltr'><strong>videns</strong></span> <span class='ocrx_word' id='word_1_636' title='bbox 2288 4342 2476 4410; x_wconf 76' lang='lat' dir='ltr'><strong>ﬁlium.</strong></span> <span class='ocrx_word' id='word_1_637' title='bbox 2506 4342 2557 4396; x_wconf 91' lang='lat' dir='ltr'><strong>In</strong></span> <span class='ocrx_word' id='word_1_638' title='bbox 2582 4343 2701 4396; x_wconf 91' lang='lat' dir='ltr'><strong>ﬁliis</strong></span> <span class='ocrx_word' id='word_1_639' title='bbox 2727 4356 2884 4410; x_wconf 86' lang='lat' dir='ltr'><strong>opera</strong></span> <span class='ocrx_word' id='word_1_640' title='bbox 2914 4342 3203 4412; x_wconf 82' lang='lat' dir='ltr'><strong>designari,</strong></span> <span class='ocrx_word' id='word_1_641' title='bbox 3237 4346 3350 4397; x_wconf 83' lang='lat' dir='ltr'><strong>Psal</strong></span> 
     </span>
    </p>
   </div>
   <div class='ocr_carea' id='block_1_91' title="bbox 178 4429 3377 4514">
    <p class='ocr_par' dir='ltr' id='par_1_91' title="bbox 178 4429 3377 4514">
     <span class='ocr_line' id='line_1_91' title="bbox 178 4429 3377 4514; baseline 0 -32"><span class='ocrx_word' id='word_1_642' title='bbox 178 4440 285 4485; x_wconf 86' lang='lat' dir='ltr'><strong>etc.</strong></span> <span class='ocrx_word' id='word_1_643' title='bbox 310 4429 563 4482; x_wconf 88' lang='lat' dir='ltr'><strong>Dominus</strong></span> <span class='ocrx_word' id='word_1_644' title='bbox 592 4429 642 4483; x_wconf 90' lang='lat' dir='ltr'><strong>in</strong></span> <span class='ocrx_word' id='word_1_645' title='bbox 667 4444 826 4484; x_wconf 90' lang='lat' dir='ltr'><strong>carne</strong></span> <span class='ocrx_word' id='word_1_646' title='bbox 854 4442 1027 4496; x_wconf 90' lang='lat' dir='ltr'><strong>natus,</strong></span> <span class='ocrx_word' id='word_1_647' title='bbox 1070 4434 1155 4502; x_wconf 93' lang='lat' dir='ltr'><strong>qui</strong></span> <span class='ocrx_word' id='word_1_648' title='bbox 1190 4434 1361 4500; x_wconf 80' lang='lat' dir='ltr'><strong>magni</strong></span> <span class='ocrx_word' id='word_1_649' title='bbox 1391 4432 1596 4485; x_wconf 90' lang='lat' dir='ltr'><strong>consilii</strong></span> <span class='ocrx_word' id='word_1_650' title='bbox 1628 4447 1721 4485; x_wconf 90' lang='lat' dir='ltr'><strong>an-</strong></span> <span class='ocrx_word' id='word_1_651' title='bbox 1759 4459 1801 4514; x_wconf 72' lang='grc' dir='ltr'>υ</span> <span class='ocrx_word' id='word_1_652' title='bbox 1833 4438 1982 4488; x_wconf 89' lang='lat' dir='ltr'><strong>mista</strong></span> <span class='ocrx_word' id='word_1_653' title='bbox 2012 4443 2250 4495; x_wconf 88' lang='lat' dir='ltr'><strong>testatur,</strong></span> <span class='ocrx_word' id='word_1_654' title='bbox 2279 4434 2366 4498; x_wconf 89' lang='lat' dir='ltr'><strong>qui</strong></span> <span class='ocrx_word' id='word_1_655' title='bbox 2390 4433 2439 4484; x_wconf 92' lang='lat' dir='ltr'><strong>in</strong></span> <span class='ocrx_word' id='word_1_656' title='bbox 2470 4431 2607 4484; x_wconf 91' lang='lat' dir='ltr'><strong>beati</strong></span> <span class='ocrx_word' id='word_1_657' title='bbox 2636 4431 2730 4483; x_wconf 89' lang='lat' dir='ltr'><strong>viri</strong></span> <span class='ocrx_word' id='word_1_658' title='bbox 2758 4430 3214 4485; x_wconf 87' lang='lat' dir='ltr'><strong>benedictionibus</strong></span> <span class='ocrx_word' id='word_1_659' title='bbox 3244 4434 3377 4486; x_wconf 75' lang='lat' dir='ltr'><strong>inter</strong></span> 
     </span>
    </p>
   </div>
   <div class='ocr_carea' id='block_1_92' title="bbox 177 4519 1725 4587">
    <p class='ocr_par' dir='ltr' id='par_1_92' title="bbox 177 4519 1725 4587">
     <span class='ocr_line' id='line_1_92' title="bbox 177 4519 1725 4587; baseline -0.001 -15"><span class='ocrx_word' id='word_1_660' title='bbox 177 4519 326 4587; x_wconf 84' lang='lat' dir='ltr'><strong>gelus</strong></span> <span class='ocrx_word' id='word_1_661' title='bbox 362 4527 462 4583; x_wconf 88' lang='lat' dir='ltr'><strong>est,</strong></span> <span class='ocrx_word' id='word_1_662' title='bbox 487 4528 715 4587; x_wconf 78' lang='lat' dir='ltr'><strong>paternre</strong></span> <span class='ocrx_word' id='word_1_663' title='bbox 743 4519 944 4576; x_wconf 90' lang='lat' dir='ltr'><strong>scilicet</strong></span> <span class='ocrx_word' id='word_1_664' title='bbox 974 4522 1256 4576; x_wconf 89' lang='lat' dir='ltr'><strong>voluntatis</strong></span> <span class='ocrx_word' id='word_1_665' title='bbox 1281 4522 1514 4584; x_wconf 86' lang='lat' dir='ltr'><strong>nuntius,</strong></span> <span class='ocrx_word' id='word_1_666' title='bbox 1545 4523 1725 4573; x_wconf 82' lang='lat' dir='ltr'><strong>visita-</strong></span> 
     </span>
    </p>
   </div>
   <div class='ocr_carea' id='block_1_93' title="bbox 179 4609 1730 4680">
    <p class='ocr_par' dir='ltr' id='par_1_93' title="bbox 179 4609 1730 4680">
     <span class='ocr_line' id='line_1_93' title="bbox 179 4609 1730 4680; baseline 0.004 -22"><span class='ocrx_word' id='word_1_667' title='bbox 179 4609 246 4659; x_wconf 73' lang='lat' dir='ltr'><strong>rit</strong></span> <span class='ocrx_word' id='word_1_668' title='bbox 269 4625 361 4662; x_wconf 85' lang='lat' dir='ltr'><strong>nos</strong></span> <span class='ocrx_word' id='word_1_669' title='bbox 384 4609 562 4662; x_wconf 84' lang='lat' dir='ltr'><strong>Oriens</strong></span> <span class='ocrx_word' id='word_1_670' title='bbox 583 4625 645 4662; x_wconf 77' lang='lat' dir='ltr'><strong>ea:</strong></span> <span class='ocrx_word' id='word_1_671' title='bbox 672 4611 776 4662; x_wconf 86' lang='lat' dir='ltr'><strong>alto</strong></span> <span class='ocrx_word' id='word_1_672' title='bbox 807 4610 955 4680; x_wconf 78' lang='lat' dir='ltr'><strong>(Luc.</strong></span> <span class='ocrx_word' id='word_1_673' title='bbox 999 4613 1060 4679; x_wconf 83' lang='grc' dir='ltr'>ι),</span> <span class='ocrx_word' id='word_1_674' title='bbox 1106 4612 1353 4667; x_wconf 82' lang='lat' dir='ltr'><strong>vexillum</strong></span> <span class='ocrx_word' id='word_1_675' title='bbox 1390 4612 1587 4676; x_wconf 88' lang='lat' dir='ltr'><strong>crucis,</strong></span> <span class='ocrx_word' id='word_1_676' title='bbox 1627 4625 1730 4679; x_wconf 93' lang='lat' dir='ltr'><strong>quo</strong></span> 
     </span>
    </p>
   </div>
   <div class='ocr_carea' id='block_1_94' title="bbox 179 4697 1182 4768">
    <p class='ocr_par' dir='ltr' id='par_1_94' title="bbox 179 4697 1182 4768">
     <span class='ocr_line' id='line_1_94' title="bbox 179 4697 1182 4768; baseline 0.006 -17"><span class='ocrx_word' id='word_1_677' title='bbox 179 4713 396 4751; x_wconf 86' lang='lat' dir='ltr'><strong>suorum</strong></span> <span class='ocrx_word' id='word_1_678' title='bbox 427 4697 629 4752; x_wconf 78' lang='lat' dir='ltr'><strong>frontes</strong></span> <span class='ocrx_word' id='word_1_679' title='bbox 657 4701 904 4768; x_wconf 85' lang='lat' dir='ltr'><strong>signaret,</strong></span> <span class='ocrx_word' id='word_1_680' title='bbox 933 4701 1182 4757; x_wconf 82' lang='lat' dir='ltr'><strong>aﬁerens.</strong></span> 
     </span>
    </p>
   </div>
   <div class='ocr_carea' id='block_1_95' title="bbox 249 4787 1729 4866">
    <p class='ocr_par' dir='ltr' id='par_1_95' title="bbox 249 4787 1729 4866">
     <span class='ocr_line' id='line_1_95' title="bbox 249 4787 1729 4866; baseline 0.005 -27"><span class='ocrx_word' id='word_1_681' title='bbox 249 4787 316 4840; x_wconf 81' lang='lat' dir='ltr'><strong>Et</strong></span> <span class='ocrx_word' id='word_1_682' title='bbox 347 4792 579 4843; x_wconf 81' lang='lat' dir='ltr'><strong>clamavit</strong></span> <span class='ocrx_word' id='word_1_683' title='bbox 605 4806 718 4844; x_wconf 88' lang='lat' dir='ltr'><strong>voce</strong></span> <span class='ocrx_word' id='word_1_684' title='bbox 741 4808 920 4861; x_wconf 89' lang='lat' dir='ltr'><strong>magna</strong></span> <span class='ocrx_word' id='word_1_685' title='bbox 945 4804 1156 4861; x_wconf 87' lang='lat' dir='ltr'><strong>quatuor</strong></span> <span class='ocrx_word' id='word_1_686' title='bbox 1184 4797 1394 4866; x_wconf 83' lang='lat' dir='ltr'><strong>angelis.</strong></span> <span class='ocrx_word' id='word_1_687' title='bbox 1422 4795 1603 4862; x_wconf 77' lang='lat' dir='ltr'><strong>Magna</strong></span> <span class='ocrx_word' id='word_1_688' title='bbox 1630 4794 1729 4854; x_wconf 84' lang='lat' dir='ltr'><strong>Do—</strong></span> 
     </span>
    </p>
   </div>
   <div class='ocr_carea' id='block_1_96' title="bbox 181 4879 1726 4949">
    <p class='ocr_par' dir='ltr' id='par_1_96' title="bbox 181 4879 1726 4949">
     <span class='ocr_line' id='line_1_96' title="bbox 181 4879 1726 4949; baseline 0 -18"><span class='ocrx_word' id='word_1_689' title='bbox 181 4879 307 4931; x_wconf 91' lang='lat' dir='ltr'><strong>mini</strong></span> <span class='ocrx_word' id='word_1_690' title='bbox 361 4895 460 4932; x_wconf 82' lang='lat' dir='ltr'><strong>vox</strong></span> <span class='ocrx_word' id='word_1_691' title='bbox 506 4891 625 4947; x_wconf 87' lang='lat' dir='ltr'><strong>est,</strong></span> <span class='ocrx_word' id='word_1_692' title='bbox 681 4882 983 4949; x_wconf 72' lang='lat' dir='ltr'><strong>praedicatio</strong></span> <span class='ocrx_word' id='word_1_693' title='bbox 1035 4885 1276 4936; x_wconf 88' lang='lat' dir='ltr'><strong>sublimis</strong></span> <span class='ocrx_word' id='word_1_694' title='bbox 1316 4903 1326 4936; x_wconf 88' lang='lat'><strong>:</strong></span> <span class='ocrx_word' id='word_1_695' title='bbox 1375 4883 1726 4937; x_wconf 72' lang='lat' dir='ltr'><strong>Paenitentiam</strong></span> 
     </span>
    </p>
   </div>
   <div class='ocr_carea' id='block_1_97' title="bbox 184 4971 1440 5040">
    <p class='ocr_par' dir='ltr' id='par_1_97' title="bbox 184 4971 1440 5040">
     <span class='ocr_line' id='line_1_97' title="bbox 184 4971 1440 5040; baseline 0.005 -22"><span class='ocrx_word' id='word_1_696' title='bbox 184 4971 334 5036; x_wconf 81' lang='lat' dir='ltr'><strong>agite,</strong></span> <span class='ocrx_word' id='word_1_697' title='bbox 360 4971 774 5039; x_wconf 73' lang='lat' dir='ltr'><strong>apprapinquavil</strong></span> <span class='ocrx_word' id='word_1_698' title='bbox 800 4971 928 5024; x_wconf 88' lang='lat' dir='ltr'><strong>enim</strong></span> <span class='ocrx_word' id='word_1_699' title='bbox 954 4986 1160 5040; x_wconf 81' lang='lat' dir='ltr'><strong>regnum</strong></span> <span class='ocrx_word' id='word_1_700' title='bbox 1187 4973 1440 5024; x_wconf 71' lang='lat' dir='ltr'><strong>caelorum.</strong></span> 
     </span>
    </p>
   </div>
   <div class='ocr_carea' id='block_1_98' title="bbox 256 5056 1724 5127">
    <p class='ocr_par' dir='ltr' id='par_1_98' title="bbox 256 5056 1724 5127">
     <span class='ocr_line' id='line_1_98' title="bbox 256 5056 1724 5127; baseline 0.003 -18"><span class='ocrx_word' id='word_1_701' title='bbox 256 5056 431 5110; x_wconf 80' lang='lat' dir='ltr'><strong>Nolite</strong></span> <span class='ocrx_word' id='word_1_702' title='bbox 470 5073 645 5112; x_wconf 80' lang='lat' dir='ltr'><strong>nocere</strong></span> <span class='ocrx_word' id='word_1_703' title='bbox 685 5069 828 5112; x_wconf 77' lang='lat' dir='ltr'><strong>teme</strong></span> <span class='ocrx_word' id='word_1_704' title='bbox 867 5068 912 5112; x_wconf 86' lang='lat' dir='ltr'><strong>et</strong></span> <span class='ocrx_word' id='word_1_705' title='bbox 957 5061 1115 5124; x_wconf 84' lang='lat' dir='ltr'><strong>mari,</strong></span> <span class='ocrx_word' id='word_1_706' title='bbox 1148 5076 1303 5127; x_wconf 86' lang='lat' dir='ltr'><strong>neque</strong></span> <span class='ocrx_word' id='word_1_707' title='bbox 1343 5058 1622 5115; x_wconf 82' lang='lat' dir='ltr'><strong>arboribus.</strong></span> <span class='ocrx_word' id='word_1_708' title='bbox 1649 5062 1724 5115; x_wconf 82' lang='lat' dir='ltr'><strong>Ex</strong></span> 
     </span>
    </p>
   </div>
   <div class='ocr_carea' id='block_1_99' title="bbox 186 5149 1726 5216">
    <p class='ocr_par' dir='ltr' id='par_1_99' title="bbox 186 5149 1726 5216">
     <span class='ocr_line' id='line_1_99' title="bbox 186 5149 1726 5216; baseline 0.004 -18"><span class='ocrx_word' id='word_1_709' title='bbox 186 5161 292 5213; x_wconf 87' lang='lat' dir='ltr'><strong>quo</strong></span> <span class='ocrx_word' id='word_1_710' title='bbox 318 5149 569 5201; x_wconf 88' lang='lat' dir='ltr'><strong>Dominus</strong></span> <span class='ocrx_word' id='word_1_711' title='bbox 599 5162 778 5215; x_wconf 71' lang='lat' dir='ltr'><strong>pasms</strong></span> <span class='ocrx_word' id='word_1_712' title='bbox 802 5158 904 5216; x_wconf 87' lang='lat' dir='ltr'><strong>est,</strong></span> <span class='ocrx_word' id='word_1_713' title='bbox 934 5165 1037 5203; x_wconf 90' lang='lat' dir='ltr'><strong>non</strong></span> <span class='ocrx_word' id='word_1_714' title='bbox 1068 5153 1233 5204; x_wconf 90' lang='lat' dir='ltr'><strong>hostis</strong></span> <span class='ocrx_word' id='word_1_715' title='bbox 1271 5151 1439 5204; x_wconf 88' lang='lat' dir='ltr'><strong>solum</strong></span> <span class='ocrx_word' id='word_1_716' title='bbox 1481 5154 1726 5205; x_wconf 66' lang='lat' dir='ltr'><strong>adversa.</strong></span> 
     </span>
    </p>
   </div>
   <div class='ocr_carea' id='block_1_100' title="bbox 189 5237 1728 5308">
    <p class='ocr_par' dir='ltr' id='par_1_100' title="bbox 189 5237 1728 5308">
     <span class='ocr_line' id='line_1_100' title="bbox 189 5237 1728 5308; baseline 0.005 -20"><span class='ocrx_word' id='word_1_717' title='bbox 189 5240 272 5300; x_wconf 86' lang='lat' dir='ltr'><strong>rii,</strong></span> <span class='ocrx_word' id='word_1_718' title='bbox 302 5239 397 5292; x_wconf 89' lang='lat' dir='ltr'><strong>sed</strong></span> <span class='ocrx_word' id='word_1_719' title='bbox 421 5246 476 5292; x_wconf 91' lang='lat' dir='ltr'><strong>et</strong></span> <span class='ocrx_word' id='word_1_720' title='bbox 505 5237 751 5292; x_wconf 91' lang='lat' dir='ltr'><strong>mundani</strong></span> <span class='ocrx_word' id='word_1_721' title='bbox 782 5241 1103 5306; x_wconf 89' lang='lat' dir='ltr'><strong>principatus</strong></span> <span class='ocrx_word' id='word_1_722' title='bbox 1134 5241 1414 5294; x_wconf 90' lang='lat' dir='ltr'><strong>contritum</strong></span> <span class='ocrx_word' id='word_1_723' title='bbox 1451 5251 1530 5294; x_wconf 90' lang='lat' dir='ltr'><strong>est</strong></span> <span class='ocrx_word' id='word_1_724' title='bbox 1565 5242 1728 5308; x_wconf 82' lang='lat' dir='ltr'><strong>impe-</strong></span> 
     </span>
    </p>
   </div>
   <div class='ocr_carea' id='block_1_101' title="bbox 185 5325 1726 5398">
    <p class='ocr_par' dir='ltr' id='par_1_101' title="bbox 185 5325 1726 5398">
     <span class='ocr_line' id='line_1_101' title="bbox 185 5325 1726 5398; baseline 0.005 -23"><span class='ocrx_word' id='word_1_725' title='bbox 185 5325 336 5392; x_wconf 86' lang='lat' dir='ltr'><strong>rium,</strong></span> <span class='ocrx_word' id='word_1_726' title='bbox 371 5329 506 5381; x_wconf 88' lang='lat' dir='ltr'><strong>sicut</strong></span> <span class='ocrx_word' id='word_1_727' title='bbox 533 5336 586 5380; x_wconf 92' lang='lat' dir='ltr'><strong>et</strong></span> <span class='ocrx_word' id='word_1_728' title='bbox 613 5326 778 5381; x_wconf 89' lang='lat' dir='ltr'><strong>oculis</strong></span> <span class='ocrx_word' id='word_1_729' title='bbox 797 5329 1060 5381; x_wconf 85' lang='lat' dir='ltr'><strong>cemimus</strong></span> <span class='ocrx_word' id='word_1_730' title='bbox 1082 5368 1099 5393; x_wconf 92' lang='lat'><strong>,</strong></span> <span class='ocrx_word' id='word_1_731' title='bbox 1143 5338 1196 5383; x_wconf 86' lang='lat' dir='ltr'><strong>et</strong></span> <span class='ocrx_word' id='word_1_732' title='bbox 1226 5331 1275 5382; x_wconf 90' lang='lat' dir='ltr'><strong>in</strong></span> <span class='ocrx_word' id='word_1_733' title='bbox 1314 5337 1480 5382; x_wconf 85' lang='lat' dir='ltr'><strong>statua</strong></span> <span class='ocrx_word' id='word_1_734' title='bbox 1510 5369 1523 5393; x_wconf 97' lang='lat'><strong>,</strong></span> <span class='ocrx_word' id='word_1_735' title='bbox 1571 5345 1726 5398; x_wconf 91' lang='lat' dir='ltr'><strong>quam</strong></span> 
     </span>
    </p>
   </div>
   <div class='ocr_carea' id='block_1_102' title="bbox 184 5417 1212 5487">
    <p class='ocr_par' dir='ltr' id='par_1_102' title="bbox 184 5417 1212 5487">
     <span class='ocr_line' id='line_1_102' title="bbox 184 5417 1212 5487; baseline 0.002 -16"><span class='ocrx_word' id='word_1_736' title='bbox 184 5417 310 5483; x_wconf 86' lang='lat' dir='ltr'><strong>lapis</strong></span> <span class='ocrx_word' id='word_1_737' title='bbox 338 5423 410 5473; x_wconf 89' lang='lat' dir='ltr'><strong>de</strong></span> <span class='ocrx_word' id='word_1_738' title='bbox 432 5428 612 5474; x_wconf 85' lang='lat' dir='ltr'><strong>monte</strong></span> <span class='ocrx_word' id='word_1_739' title='bbox 641 5419 941 5474; x_wconf 89' lang='lat' dir='ltr'><strong>comminuit</strong></span> <span class='ocrx_word' id='word_1_740' title='bbox 972 5421 1212 5487; x_wconf 87' lang='lat' dir='ltr'><strong>legimus.</strong></span> 
     </span>
    </p>
   </div>
   <div class='ocr_carea' id='block_1_103' title="bbox 251 5506 1724 5580">
    <p class='ocr_par' dir='ltr' id='par_1_103' title="bbox 251 5506 1724 5580">
     <span class='ocr_line' id='line_1_103' title="bbox 251 5506 1724 5580; baseline 0.005 -22"><span class='ocrx_word' id='word_1_741' title='bbox 251 5506 592 5576; x_wconf 80' lang='lat' dir='ltr'><strong>Quoadusque</strong></span> <span class='ocrx_word' id='word_1_742' title='bbox 615 5511 864 5580; x_wconf 82' lang='lat' dir='ltr'><strong>signemus</strong></span> <span class='ocrx_word' id='word_1_743' title='bbox 894 5525 1059 5563; x_wconf 84' lang='lat' dir='ltr'><strong>servos</strong></span> <span class='ocrx_word' id='word_1_744' title='bbox 1089 5508 1181 5562; x_wconf 85' lang='lat' dir='ltr'><strong>Dei</strong></span> <span class='ocrx_word' id='word_1_745' title='bbox 1212 5513 1370 5564; x_wconf 87' lang='lat' dir='ltr'><strong>nostri</strong></span> <span class='ocrx_word' id='word_1_746' title='bbox 1395 5513 1444 5564; x_wconf 86' lang='lat' dir='ltr'><strong>in</strong></span> <span class='ocrx_word' id='word_1_747' title='bbox 1474 5514 1724 5580; x_wconf 76' lang='lat' dir='ltr'><strong>frontibus</strong></span> 
     </span>
    </p>
   </div>
   <div class='ocr_carea' id='block_1_104' title="bbox 185 5596 1726 5668">
    <p class='ocr_par' dir='ltr' id='par_1_104' title="bbox 185 5596 1726 5668">
     <span class='ocr_line' id='line_1_104' title="bbox 185 5596 1726 5668; baseline 0.003 -20"><span class='ocrx_word' id='word_1_748' title='bbox 185 5599 391 5650; x_wconf 79' lang='lat' dir='ltr'><strong>eorum?</strong></span> <span class='ocrx_word' id='word_1_749' title='bbox 417 5596 497 5651; x_wconf 78' lang='lat' dir='ltr'><strong>Ad</strong></span> <span class='ocrx_word' id='word_1_750' title='bbox 529 5597 628 5651; x_wconf 87' lang='lat' dir='ltr'><strong>hoc</strong></span> <span class='ocrx_word' id='word_1_751' title='bbox 655 5601 791 5652; x_wconf 90' lang='lat' dir='ltr'><strong>enim</strong></span> <span class='ocrx_word' id='word_1_752' title='bbox 819 5598 1050 5668; x_wconf 88' lang='lat' dir='ltr'><strong>gentium</strong></span> <span class='ocrx_word' id='word_1_753' title='bbox 1073 5598 1392 5651; x_wconf 86' lang='lat' dir='ltr'><strong>confractum</strong></span> <span class='ocrx_word' id='word_1_754' title='bbox 1439 5610 1522 5652; x_wconf 87' lang='lat' dir='ltr'><strong>est</strong></span> <span class='ocrx_word' id='word_1_755' title='bbox 1563 5604 1726 5667; x_wconf 90' lang='lat' dir='ltr'><strong>impe-</strong></span> 
     </span>
    </p>
   </div>
   <div class='ocr_carea' id='block_1_105' title="bbox 187 5685 1723 5754">
    <p class='ocr_par' dir='ltr' id='par_1_105' title="bbox 187 5685 1723 5754">
     <span class='ocr_line' id='line_1_105' title="bbox 187 5685 1723 5754; baseline -0.001 -12"><span class='ocrx_word' id='word_1_756' title='bbox 187 5690 334 5753; x_wconf 86' lang='lat' dir='ltr'><strong>rium,</strong></span> <span class='ocrx_word' id='word_1_757' title='bbox 370 5696 428 5741; x_wconf 91' lang='lat' dir='ltr'><strong>ut</strong></span> <span class='ocrx_word' id='word_1_758' title='bbox 452 5685 604 5754; x_wconf 85' lang='lat' dir='ltr'><strong>signo</strong></span> <span class='ocrx_word' id='word_1_759' title='bbox 627 5686 762 5751; x_wconf 80' lang='lat' dir='ltr'><strong>ﬁdei,</strong></span> <span class='ocrx_word' id='word_1_760' title='bbox 789 5689 872 5743; x_wconf 90' lang='lat' dir='ltr'><strong>cui</strong></span> <span class='ocrx_word' id='word_1_761' title='bbox 898 5686 1210 5750; x_wconf 79' lang='lat' dir='ltr'><strong>restiterant,</strong></span> <span class='ocrx_word' id='word_1_762' title='bbox 1240 5687 1396 5742; x_wconf 79' lang='lat' dir='ltr'><strong>facies</strong></span> <span class='ocrx_word' id='word_1_763' title='bbox 1422 5698 1723 5744; x_wconf 88' lang='lat' dir='ltr'><strong>sanctorum</strong></span> 
     </span>
    </p>
   </div>
   <div class='ocr_carea' id='block_1_106' title="bbox 1827 4519 3364 4588">
    <p class='ocr_par' dir='ltr' id='par_1_106' title="bbox 1827 4519 3364 4588">
     <span class='ocr_line' id='line_1_106' title="bbox 1827 4519 3364 4588; baseline -0.003 -11"><span class='ocrx_word' id='word_1_764' title='bbox 1827 4534 2016 4577; x_wconf 75' lang='lat' dir='ltr'><strong>cauera</strong></span> <span class='ocrx_word' id='word_1_765' title='bbox 2044 4522 2169 4576; x_wconf 89' lang='lat' dir='ltr'><strong>dicit</strong></span> <span class='ocrx_word' id='word_1_766' title='bbox 2195 4541 2206 4573; x_wconf 89' lang='lat'><strong>:</strong></span> <span class='ocrx_word' id='word_1_767' title='bbox 2243 4519 2366 4575; x_wconf 86' lang='lat' dir='ltr'><strong>Filii</strong></span> <span class='ocrx_word' id='word_1_768' title='bbox 2396 4521 2490 4586; x_wconf 87' lang='lat' dir='ltr'><strong>tui,</strong></span> <span class='ocrx_word' id='word_1_769' title='bbox 2527 4519 2657 4572; x_wconf 86' lang='lat' dir='ltr'><strong>sicut</strong></span> <span class='ocrx_word' id='word_1_770' title='bbox 2687 4519 2894 4572; x_wconf 72' lang='lat' dir='ltr'><strong>novella:</strong></span> <span class='ocrx_word' id='word_1_771' title='bbox 2923 4520 3167 4572; x_wconf 84' lang='lat' dir='ltr'><strong>olivarum</strong></span> <span class='ocrx_word' id='word_1_772' title='bbox 3199 4519 3364 4588; x_wconf 85' lang='lat' dir='ltr'><strong>(Psal.</strong></span> 
     </span>
    </p>
   </div>
   <div class='ocr_carea' id='block_1_107' title="bbox 1827 4607 3377 4679">
    <p class='ocr_par' dir='ltr' id='par_1_107' title="bbox 1827 4607 3377 4679">
     <span class='ocr_line' id='line_1_107' title="bbox 1827 4607 3377 4679; baseline -0.005 -14"><span class='ocrx_word' id='word_1_773' title='bbox 1827 4611 2047 4679; x_wconf 83' lang='lat' dir='ltr'><strong>cxxvn).</strong></span> <span class='ocrx_word' id='word_1_774' title='bbox 2088 4612 2150 4666; x_wconf 81' lang='lat' dir='ltr'><strong>Et</strong></span> <span class='ocrx_word' id='word_1_775' title='bbox 2197 4609 2371 4664; x_wconf 80' lang='lat' dir='ltr'><strong>infra:</strong></span> <span class='ocrx_word' id='word_1_776' title='bbox 2409 4608 2474 4662; x_wconf 88' lang='lat' dir='ltr'><strong>Ut</strong></span> <span class='ocrx_word' id='word_1_777' title='bbox 2523 4608 2690 4662; x_wconf 86' lang='lat' dir='ltr'><strong>videas</strong></span> <span class='ocrx_word' id='word_1_778' title='bbox 2719 4608 2856 4676; x_wconf 81' lang='lat' dir='ltr'><strong>ﬁlios</strong></span> <span class='ocrx_word' id='word_1_779' title='bbox 2903 4607 3126 4676; x_wconf 80' lang='lat' dir='ltr'><strong>ﬁliorum</strong></span> <span class='ocrx_word' id='word_1_780' title='bbox 3179 4616 3377 4658; x_wconf 75' lang='lat' dir='ltr'><strong>tuorum</strong></span> 
     </span>
    </p>
   </div>
   <div class='ocr_carea' id='block_1_108' title="bbox 1830 4697 3376 4770">
    <p class='ocr_par' dir='ltr' id='par_1_108' title="bbox 1830 4697 3376 4770">
     <span class='ocr_line' id='line_1_108' title="bbox 1830 4697 3376 4770; baseline -0.003 -17"><span class='ocrx_word' id='word_1_781' title='bbox 1830 4700 2033 4770; x_wconf 88' lang='lat' dir='ltr'><strong>(lbid.).</strong></span> <span class='ocrx_word' id='word_1_782' title='bbox 2070 4702 2180 4754; x_wconf 83' lang='lat' dir='ltr'><strong>Non</strong></span> <span class='ocrx_word' id='word_1_783' title='bbox 2211 4701 2352 4753; x_wconf 90' lang='lat' dir='ltr'><strong>enim</strong></span> <span class='ocrx_word' id='word_1_784' title='bbox 2382 4701 2468 4768; x_wconf 87' lang='lat' dir='ltr'><strong>qui</strong></span> <span class='ocrx_word' id='word_1_785' title='bbox 2502 4699 2649 4752; x_wconf 87' lang='lat' dir='ltr'><strong>timet</strong></span> <span class='ocrx_word' id='word_1_786' title='bbox 2676 4697 2978 4760; x_wconf 88' lang='lat' dir='ltr'><strong>Dominum,</strong></span> <span class='ocrx_word' id='word_1_787' title='bbox 3007 4697 3106 4750; x_wconf 92' lang='lat' dir='ltr'><strong>nisi</strong></span> <span class='ocrx_word' id='word_1_788' title='bbox 3137 4697 3376 4764; x_wconf 89' lang='lat' dir='ltr'><strong>genuerit</strong></span> 
     </span>
    </p>
   </div>
   <div class='ocr_carea' id='block_1_109' title="bbox 1831 4786 3372 4856">
    <p class='ocr_par' dir='ltr' id='par_1_109' title="bbox 1831 4786 3372 4856">
     <span class='ocr_line' id='line_1_109' title="bbox 1831 4786 3372 4856; baseline -0.003 -15"><span class='ocrx_word' id='word_1_789' title='bbox 1831 4789 1983 4852; x_wconf 91' lang='lat' dir='ltr'><strong>ﬁlios,</strong></span> <span class='ocrx_word' id='word_1_790' title='bbox 2008 4799 2326 4856; x_wconf 74' lang='lat' dir='ltr'><strong>nepotesque</strong></span> <span class='ocrx_word' id='word_1_791' title='bbox 2356 4787 2668 4854; x_wconf 87' lang='lat' dir='ltr'><strong>susceperit,</strong></span> <span class='ocrx_word' id='word_1_792' title='bbox 2693 4786 2874 4839; x_wconf 88' lang='lat' dir='ltr'><strong>beatus</strong></span> <span class='ocrx_word' id='word_1_793' title='bbox 2903 4796 3023 4837; x_wconf 89' lang='lat' dir='ltr'><strong>esse</strong></span> <span class='ocrx_word' id='word_1_794' title='bbox 3054 4798 3156 4836; x_wconf 90' lang='lat' dir='ltr'><strong>non</strong></span> <span class='ocrx_word' id='word_1_795' title='bbox 3179 4792 3372 4851; x_wconf 89' lang='lat' dir='ltr'><strong>potest,</strong></span> 
     </span>
    </p>
   </div>
   <div class='ocr_carea' id='block_1_110' title="bbox 1829 4871 3370 4945">
    <p class='ocr_par' dir='ltr' id='par_1_110' title="bbox 1829 4871 3370 4945">
     <span class='ocr_line' id='line_1_110' title="bbox 1829 4871 3370 4945; baseline -0.005 -14"><span class='ocrx_word' id='word_1_796' title='bbox 1829 4892 1946 4931; x_wconf 90' lang='lat' dir='ltr'><strong>cum</strong></span> <span class='ocrx_word' id='word_1_797' title='bbox 1975 4877 2201 4945; x_wconf 86' lang='lat' dir='ltr'><strong>virgines</strong></span> <span class='ocrx_word' id='word_1_798' title='bbox 2233 4875 2410 4928; x_wconf 86' lang='lat' dir='ltr'><strong>ﬁdeles</strong></span> <span class='ocrx_word' id='word_1_799' title='bbox 2441 4875 2608 4940; x_wconf 87' lang='lat' dir='ltr'><strong>potior</strong></span> <span class='ocrx_word' id='word_1_800' title='bbox 2640 4886 2841 4925; x_wconf 88' lang='lat' dir='ltr'><strong>merces</strong></span> <span class='ocrx_word' id='word_1_801' title='bbox 2869 4878 3156 4938; x_wconf 73' lang='lat' dir='ltr'><strong>exspectet,</strong></span> <span class='ocrx_word' id='word_1_802' title='bbox 3187 4871 3277 4924; x_wconf 84' lang='lat' dir='ltr'><strong>sed</strong></span> <span class='ocrx_word' id='word_1_803' title='bbox 3317 4872 3370 4925; x_wconf 88' lang='lat' dir='ltr'><strong>in</strong></span> 
     </span>
    </p>
   </div>
   <div class='ocr_carea' id='block_1_111' title="bbox 1830 4960 3370 5033">
    <p class='ocr_par' dir='ltr' id='par_1_111' title="bbox 1830 4960 3370 5033">
     <span class='ocr_line' id='line_1_111' title="bbox 1830 4960 3370 5033; baseline -0.002 -13"><span class='ocrx_word' id='word_1_804' title='bbox 1830 4969 1948 5022; x_wconf 91' lang='lat' dir='ltr'><strong>ﬁliis</strong></span> <span class='ocrx_word' id='word_1_805' title='bbox 1973 4982 2155 5033; x_wconf 83' lang='lat' dir='ltr'><strong>Opera,</strong></span> <span class='ocrx_word' id='word_1_806' title='bbox 2179 4967 2228 5017; x_wconf 92' lang='lat' dir='ltr'><strong>in</strong></span> <span class='ocrx_word' id='word_1_807' title='bbox 2258 4965 2379 5016; x_wconf 89' lang='lat' dir='ltr'><strong>ﬁliis</strong></span> <span class='ocrx_word' id='word_1_808' title='bbox 2407 4977 2529 5016; x_wconf 83' lang='lat' dir='ltr'><strong>vero</strong></span> <span class='ocrx_word' id='word_1_809' title='bbox 2561 4963 2787 5015; x_wconf 87' lang='lat' dir='ltr'><strong>ﬁliorum</strong></span> <span class='ocrx_word' id='word_1_810' title='bbox 2819 4960 3023 5016; x_wconf 89' lang='lat' dir='ltr'><strong>fructus</strong></span> <span class='ocrx_word' id='word_1_811' title='bbox 3049 4976 3288 5030; x_wconf 84' lang='lat' dir='ltr'><strong>cperum,</strong></span> <span class='ocrx_word' id='word_1_812' title='bbox 3323 4964 3370 5017; x_wconf 85' lang='lat' dir='ltr'><strong>id</strong></span> 
     </span>
    </p>
   </div>
   <div class='ocr_carea' id='block_1_112' title="bbox 1827 5053 3373 5123">
    <p class='ocr_par' dir='ltr' id='par_1_112' title="bbox 1827 5053 3373 5123">
     <span class='ocr_line' id='line_1_112' title="bbox 1827 5053 3373 5123; baseline -0.003 -10"><span class='ocrx_word' id='word_1_813' title='bbox 1827 5068 1907 5114; x_wconf 86' lang='lat' dir='ltr'><strong>est</strong></span> <span class='ocrx_word' id='word_1_814' title='bbox 1930 5101 1942 5121; x_wconf 90' lang='lat'><strong>,</strong></span> <span class='ocrx_word' id='word_1_815' title='bbox 1975 5057 2268 5111; x_wconf 83' lang='lat' dir='ltr'><strong>mercedem</strong></span> <span class='ocrx_word' id='word_1_816' title='bbox 2299 5055 2531 5122; x_wconf 86' lang='lat' dir='ltr'><strong>designat</strong></span> <span class='ocrx_word' id='word_1_817' title='bbox 2563 5065 2837 5108; x_wconf 79' lang='lat' dir='ltr'><strong>a-ternam.</strong></span> <span class='ocrx_word' id='word_1_818' title='bbox 2867 5053 2991 5106; x_wconf 84' lang='lat' dir='ltr'><strong>Post</strong></span> <span class='ocrx_word' id='word_1_819' title='bbox 3030 5053 3215 5106; x_wconf 80' lang='lat' dir='ltr'><strong>ludam</strong></span> <span class='ocrx_word' id='word_1_820' title='bbox 3247 5071 3373 5123; x_wconf 85' lang='lat' dir='ltr'><strong>ergo</strong></span> 
     </span>
    </p>
   </div>
   <div class='ocr_carea' id='block_1_113' title="bbox 1828 5139 3367 5211">
    <p class='ocr_par' dir='ltr' id='par_1_113' title="bbox 1828 5139 3367 5211">
     <span class='ocr_line' id='line_1_113' title="bbox 1828 5139 3367 5211; baseline -0.004 -9"><span class='ocrx_word' id='word_1_821' title='bbox 1828 5149 2008 5202; x_wconf 82' lang='lat' dir='ltr'><strong>Ruben</strong></span> <span class='ocrx_word' id='word_1_822' title='bbox 2029 5187 2044 5211; x_wconf 95' lang='lat'><strong>,</strong></span> <span class='ocrx_word' id='word_1_823' title='bbox 2073 5147 2120 5198; x_wconf 91' lang='lat' dir='ltr'><strong>id</strong></span> <span class='ocrx_word' id='word_1_824' title='bbox 2160 5155 2237 5198; x_wconf 83' lang='lat' dir='ltr'><strong>est</strong></span> <span class='ocrx_word' id='word_1_825' title='bbox 2263 5185 2275 5205; x_wconf 90' lang='lat'><strong>,</strong></span> <span class='ocrx_word' id='word_1_826' title='bbox 2316 5152 2430 5211; x_wconf 85' lang='lat' dir='ltr'><strong>post</strong></span> <span class='ocrx_word' id='word_1_827' title='bbox 2459 5145 2671 5196; x_wconf 83' lang='lat' dir='ltr'><strong>exordia</strong></span> <span class='ocrx_word' id='word_1_828' title='bbox 2713 5142 2903 5194; x_wconf 76' lang='lat' dir='ltr'><strong>divina:</strong></span> <span class='ocrx_word' id='word_1_829' title='bbox 2937 5139 3284 5195; x_wconf 82' lang='lat' dir='ltr'><strong>confessionis</strong></span> <span class='ocrx_word' id='word_1_830' title='bbox 3314 5155 3367 5196; x_wconf 91' lang='grc' dir='ltr'><strong>ει</strong></span> 
     </span>
    </p>
   </div>
   <div class='ocr_carea' id='block_1_114' title="bbox 1830 5217 3370 5304">
    <p class='ocr_par' dir='ltr' id='par_1_114' title="bbox 1830 5217 3370 5304">
     <span class='ocr_line' id='line_1_114' title="bbox 1830 5217 3370 5304; baseline -0.013 -12"><span class='ocrx_word' id='word_1_831' title='bbox 1830 5238 2018 5300; x_wconf 85' lang='lat' dir='ltr'><strong>laudis,</strong></span> <span class='ocrx_word' id='word_1_832' title='bbox 2047 5237 2294 5304; x_wconf 80' lang='lat' dir='ltr'><strong>perfectio</strong></span> <span class='ocrx_word' id='word_1_833' title='bbox 2320 5217 2555 5302; x_wconf 86' lang='lat' dir='ltr'><strong>sequitur</strong></span> <span class='ocrx_word' id='word_1_834' title='bbox 2582 5231 2816 5284; x_wconf 81' lang='lat' dir='ltr'><strong>actionis.</strong></span> <span class='ocrx_word' id='word_1_835' title='bbox 2843 5229 2947 5283; x_wconf 84' lang='lat' dir='ltr'><strong>Sed</strong></span> <span class='ocrx_word' id='word_1_836' title='bbox 2976 5231 3094 5296; x_wconf 85' lang='lat' dir='ltr'><strong>quia</strong></span> <span class='ocrx_word' id='word_1_837' title='bbox 3123 5247 3211 5298; x_wconf 81' lang='lat' dir='ltr'><strong>per</strong></span> <span class='ocrx_word' id='word_1_838' title='bbox 3243 5236 3370 5284; x_wconf 59' lang='lat' dir='ltr'><strong>mur-</strong></span> 
     </span>
    </p>
   </div>
   <div class='ocr_carea' id='block_1_115' title="bbox 1827 5320 3367 5392">
    <p class='ocr_par' dir='ltr' id='par_1_115' title="bbox 1827 5320 3367 5392">
     <span class='ocr_line' id='line_1_115' title="bbox 1827 5320 3367 5392; baseline -0.008 -9"><span class='ocrx_word' id='word_1_839' title='bbox 1827 5340 1900 5383; x_wconf 87' lang='lat' dir='ltr'><strong>las</strong></span> <span class='ocrx_word' id='word_1_840' title='bbox 1919 5327 2259 5380; x_wconf 82' lang='lat' dir='ltr'><strong>tribulationes</strong></span> <span class='ocrx_word' id='word_1_841' title='bbox 2283 5333 2472 5392; x_wconf 71' lang='lat' dir='ltr'><strong>Oportet</strong></span> <span class='ocrx_word' id='word_1_842' title='bbox 2501 5338 2589 5374; x_wconf 88' lang='lat' dir='ltr'><strong>nos</strong></span> <span class='ocrx_word' id='word_1_843' title='bbox 2611 5326 2795 5372; x_wconf 86' lang='lat' dir='ltr'><strong>intrare</strong></span> <span class='ocrx_word' id='word_1_844' title='bbox 2817 5320 2869 5373; x_wconf 83' lang='lat' dir='ltr'><strong>in</strong></span> <span class='ocrx_word' id='word_1_845' title='bbox 2895 5335 3101 5388; x_wconf 80' lang='lat' dir='ltr'><strong>regnum</strong></span> <span class='ocrx_word' id='word_1_846' title='bbox 3126 5321 3214 5372; x_wconf 88' lang='lat' dir='ltr'><strong>Dei</strong></span> <span class='ocrx_word' id='word_1_847' title='bbox 3231 5321 3367 5388; x_wconf 74' lang='lat' dir='ltr'><strong>(Act.</strong></span> 
     </span>
    </p>
   </div>
   <div class='ocr_carea' id='block_1_116' title="bbox 1830 5407 3367 5484">
    <p class='ocr_par' dir='ltr' id='par_1_116' title="bbox 1830 5407 3367 5484">
     <span class='ocr_line' id='line_1_116' title="bbox 1830 5407 3367 5484; baseline -0.006 -16"><span class='ocrx_word' id='word_1_848' title='bbox 1830 5421 1932 5476; x_wconf 77' lang='lat' dir='ltr'><strong>xiv)</strong></span> <span class='ocrx_word' id='word_1_849' title='bbox 1955 5455 1970 5480; x_wconf 88' lang='lat'><strong>,</strong></span> <span class='ocrx_word' id='word_1_850' title='bbox 2003 5427 2116 5484; x_wconf 89' lang='lat' dir='ltr'><strong>post</strong></span> <span class='ocrx_word' id='word_1_851' title='bbox 2148 5415 2326 5466; x_wconf 73' lang='lat' dir='ltr'><strong>linhen</strong></span> <span class='ocrx_word' id='word_1_852' title='bbox 2359 5413 2594 5478; x_wconf 87' lang='lat' dir='ltr'><strong>sequitur</strong></span> <span class='ocrx_word' id='word_1_853' title='bbox 2626 5407 2734 5462; x_wconf 83' lang='lat' dir='ltr'><strong>Gad</strong></span> <span class='ocrx_word' id='word_1_854' title='bbox 2763 5450 2776 5471; x_wconf 90' lang='lat'><strong>,</strong></span> <span class='ocrx_word' id='word_1_855' title='bbox 2807 5409 2890 5474; x_wconf 87' lang='lat' dir='ltr'><strong>qui</strong></span> <span class='ocrx_word' id='word_1_856' title='bbox 2925 5409 3131 5460; x_wconf 86' lang='lat' dir='ltr'><strong>tentatio</strong></span> <span class='ocrx_word' id='word_1_857' title='bbox 3169 5409 3248 5458; x_wconf 80' lang='lat' dir='ltr'><strong>vel</strong></span> <span class='ocrx_word' id='word_1_858' title='bbox 3281 5424 3367 5459; x_wconf 89' lang='lat' dir='ltr'><strong>ac-</strong></span> 
     </span>
    </p>
   </div>
   <div class='ocr_carea' id='block_1_117' title="bbox 1827 5498 3366 5570">
    <p class='ocr_par' dir='ltr' id='par_1_117' title="bbox 1827 5498 3366 5570">
     <span class='ocr_line' id='line_1_117' title="bbox 1827 5498 3366 5570; baseline -0.005 -12"><span class='ocrx_word' id='word_1_859' title='bbox 1827 5509 2014 5558; x_wconf 87' lang='lat' dir='ltr'><strong>cinctus</strong></span> <span class='ocrx_word' id='word_1_860' title='bbox 2047 5505 2439 5570; x_wconf 88' lang='lat' dir='ltr'><strong>interpretatur.</strong></span> <span class='ocrx_word' id='word_1_861' title='bbox 2475 5498 2598 5552; x_wconf 88' lang='lat' dir='ltr'><strong>Post</strong></span> <span class='ocrx_word' id='word_1_862' title='bbox 2638 5498 3020 5552; x_wconf 85' lang='lat' dir='ltr'><strong>inchoationem</strong></span> <span class='ocrx_word' id='word_1_863' title='bbox 3067 5500 3206 5548; x_wconf 84' lang='lat' dir='ltr'><strong>enim</strong></span> <span class='ocrx_word' id='word_1_864' title='bbox 3248 5499 3366 5551; x_wconf 89' lang='lat' dir='ltr'><strong>boni</strong></span> 
     </span>
    </p>
   </div>
   <div class='ocr_carea' id='block_1_118' title="bbox 1826 5588 3368 5663">
    <p class='ocr_par' dir='ltr' id='par_1_118' title="bbox 1826 5588 3368 5663">
     <span class='ocr_line' id='line_1_118' title="bbox 1826 5588 3368 5663; baseline -0.005 -14"><span class='ocrx_word' id='word_1_865' title='bbox 1826 5599 2016 5663; x_wconf 79' lang='lat' dir='ltr'><strong>operis,</strong></span> <span class='ocrx_word' id='word_1_866' title='bbox 2043 5594 2326 5659; x_wconf 87' lang='lat' dir='ltr'><strong>majoribus</strong></span> <span class='ocrx_word' id='word_1_867' title='bbox 2350 5604 2565 5643; x_wconf 86' lang='lat' dir='ltr'><strong>necesse</strong></span> <span class='ocrx_word' id='word_1_868' title='bbox 2593 5597 2675 5642; x_wconf 88' lang='lat' dir='ltr'><strong>est</strong></span> <span class='ocrx_word' id='word_1_869' title='bbox 2702 5588 2961 5641; x_wconf 89' lang='lat' dir='ltr'><strong>hominem</strong></span> <span class='ocrx_word' id='word_1_870' title='bbox 2994 5588 3368 5641; x_wconf 68' lang='lat' dir='ltr'><strong>tentationilius</strong></span> 
     </span>
    </p>
   </div>
   <div class='ocr_carea' id='block_1_119' title="bbox 1829 5675 3366 5751">
    <p class='ocr_par' dir='ltr' id='par_1_119' title="bbox 1829 5675 3366 5751">
     <span class='ocr_line' id='line_1_119' title="bbox 1829 5675 3366 5751; baseline -0.003 -15"><span class='ocrx_word' id='word_1_871' title='bbox 1829 5685 2056 5751; x_wconf 79' lang='lat' dir='ltr'><strong>probari,</strong></span> <span class='ocrx_word' id='word_1_872' title='bbox 2094 5692 2249 5749; x_wconf 84' lang='lat' dir='ltr'><strong>atque</strong></span> <span class='ocrx_word' id='word_1_873' title='bbox 2291 5680 2354 5733; x_wconf 89' lang='lat' dir='ltr'><strong>ad</strong></span> <span class='ocrx_word' id='word_1_874' title='bbox 2405 5679 2532 5733; x_wconf 82' lang='lat' dir='ltr'><strong>bella</strong></span> <span class='ocrx_word' id='word_1_875' title='bbox 2579 5678 2813 5746; x_wconf 75' lang='lat' dir='ltr'><strong>graviora</strong></span> <span class='ocrx_word' id='word_1_876' title='bbox 2851 5675 3115 5746; x_wconf 66' lang='lat' dir='ltr'><strong>suecingi,</strong></span> <span class='ocrx_word' id='word_1_877' title='bbox 3159 5689 3210 5731; x_wconf 91' lang='lat' dir='ltr'><strong>ut</strong></span> <span class='ocrx_word' id='word_1_878' title='bbox 3251 5680 3366 5733; x_wconf 72' lang='lat' dir='ltr'><strong>ﬁdei</strong></span> 
     </span>
    </p>
   </div>
  </div>
