3934 6222
538 463 624 517 131

954 460 1153 515 Πελιῐὶ
1195 457 1640 512 ΥΕΝΕΠᾹΒΙῌΞ
1678 456 1825 511 OPP.
1866 453 2040 510 PARS
2081 448 2149 508 ll.
2188 451 2377 507 SECT.
2410 454 2452 508 1.
2477 483 2538 496 -
2569 452 2952 509 EXEGETICA
2994 453 3314 509 GENUINA.

3637 456 3724 509 l5!

527 577 667 631 illius
690 574 936 627 fortitudo
956 572 1348 639 comprobatur.
1376 571 1589 624 Dicente
1608 570 1888 623 Salomone
1912 586 1924 620 :
1949 566 2075 630 Fili,
2114 566 2158 621 Λ
2187 564 2317 618 ordo
2345 574 2397 618 et
2426 566 2789 632 interpretatio
2813 568 3082 619 nominum
3112 566 3197 619 his
3226 564 3571 635 signiﬁcative
3598 581 3719 632 posu-

527 664 767 716 accedens
810 663 876 713 ad
924 664 1197 714 servitutem
1232 661 1352 724 Dei,
1402 671 1477 713 sta
1505 662 1557 713 in
1580 661 1780 730 justitia
1811 668 1855 710 et
1884 659 2081 721 timore,

527 761 573 804 et
619 768 848 821 prtrpara
888 752 1106 803 animam
1154 762 1287 801 tuam
1320 751 1385 800 ad
1419 751 1739 802 tentatiouem
1780 747 1967 809 (Ecclt'.
1999 749 2083 813 tt).

530 841 757 907 Itemque
782 840 1090 892 l’salmista:
1123 838 1444 891 Prwcinristi
1476 853 1569 900 me,
1594 835 1783 902 inquit,
1814 836 1993 887 virtute
2019 834 2087 885 ad

530 932 709 983 bellum
734 929 901 999 (Psal.
936 928 1085 997 xvn).
1124 928 1187 979 Et
1221 929 1469 993 quoniam
1500 925 1858 978 beatilicamus
1882 938 1977 977 eos
1998 922 2083 989 qni

527 1022 885 1073 sustinuerunt
927 1018 1325 1080 sulferentiam,
1377 1016 1497 1069 ideo
1546 1024 1664 1082 post
1694 1014 1805 1068 Gad
1849 1013 2000 1079 Aser,
2034 1012 2084 1064 id

527 1122 639 1175 est,
678 1111 860 1164 Beatus
904 1110 1149 1177 ponitur.
1194 1123 1426 1174 congruo
1472 1108 1602 1160 satis
1642 1106 1845 1159 ordine.
1896 1105 2084 1159 Beatus

528 1204 665 1256 enim
695 1203 778 1266 qui
806 1200 983 1267 stt/fert
1009 1200 1327 1251 Mutationem
1347 1238 1359 1257 ,
1394 1200 1477 1262 qui
1506 1213 1618 1249 cum
1648 1196 1883 1265 probatus
1912 1195 2080 1263 fuerit,

529 1294 735 1361 accipiet
766 1309 998 1346 coronam
1021 1292 1130 1343 vita:
1160 1289 1295 1359 (Jac.
1323 1292 1382 1359 ι).
1410 1290 1539 1355 Quia
1570 1303 1695 1341 vero
1739 1288 1892 1355 hujus
1922 1286 2086 1339 beati-

531 1385 724 1437 tudinis
754 1384 850 1435 fida
882 1382 1234 1449 promissione
1265 1380 1437 1435 securi
1465 1394 1567 1433 non
1598 1385 1967 1445 angustautur,
1994 1374 2083 1427 sed

530 1490 621 1538 spe
649 1474 937 1539 gaudentes
967 1473 1017 1525 in
1043 1471 1380 1524 tribulatione
1404 1469 1681 1537 patientes,
1707 1482 1825 1520 cum
1854 1465 2086 1518 Psalmo-

528 1564 725 1633 grapho
770 1564 1050 1616 decantant
1085 1582 1095 1613 :
1137 1562 1201 1614 In
1250 1562 1570 1613 tribulatione
1616 1558 1843 1610 dilatasti
1890 1568 2004 1615 me:
2035 1564 2085 1608 et

530 1659 651 1709 item
684 1674 695 1708 :
721 1654 879 1726 Viam
904 1654 1251 1705 mandatorum
1280 1662 1479 1704 tuorum
1503 1651 1727 1713 cucurri,
1759 1649 1877 1699 dum
1906 1649 2087 1699 dilata-

529 1762 607 1799 res
634 1762 720 1800 cor
748 1762 908 1799 mcum
933 1744 1101 1814 (Psal.
1132 1743 1346 1809 cxvm);
1379 1750 1433 1795 et
1464 1756 1581 1793 cum
1620 1748 1788 1792 matre
1819 1738 1953 1790 beati
1991 1735 2087 1790 Sa-

537 1838 719 1891 muelis
748 1837 1070 1891 exsultantes
1099 1836 1243 1888 aiunt
1270 1852 1279 1885 :
1310 1832 1585 1885 Dilatatum
1615 1841 1685 1883 est
1720 1846 1773 1881 os
1809 1845 1970 1881 meum
1995 1844 2085 1880 su-

2187 663 2268 706 tos
2292 654 2486 706 indicat
2509 654 2559 706 in
2586 656 2971 723 futurojudicio
2992 656 3055 707 ad
3084 656 3353 711 dexteram
3377 656 3570 709 Cbristi
3598 671 3721 725 regis

2184 745 2367 797 aeterni
2401 744 2601 797 futuros
2636 744 2921 814 intelligas,
2952 745 3333 812 Benjamin,,nt
3364 748 3611 811 praedixi,
3642 762 3723 813 po-

2183 840 2382 885 stremo
2412 831 2529 884 loco
2553 832 2887 897 supponitur,
2919 832 2967 884 id
3010 841 3125 895 est,
3157 832 3297 898 ﬁlius
3334 834 3552 885 dextera:
3576 851 3593 896 ;
3621 844 3723 886 tan-

2185 937 2339 984 quam
2368 922 2479 989 ipse
2506 922 2575 974 sit
2615 922 2732 975 linis
2762 923 2999 984 ordinis,
3041 938 3160 977 cum
3202 925 3490 977 novissima
3520 925 3720 980 inimica

2186 1022 2355 1064 morte
2402 1014 2668 1065 destructa
2714 1013 2768 1081 (l
2800 1014 2919 1067 Cor.
2966 1015 3092 1081 xv),
3154 1016 3376 1069 felicitas
3420 1018 3723 1072 haereditatis

2185 1110 2397 1155 :rternte
2422 1102 2702 1155 donabitur
2725 1104 2907 1156 electis
2930 1144 2946 1168 ,
2978 1106 3090 1159 sive
3121 1107 3477 1175 unusquisque
3506 1108 3722 1161 ﬁdelium

2164 1190 2325 1244 “ﬁlius
2356 1190 2552 1244 dextra:
2579 1192 2695 1258 jure
2724 1193 2948 1256 dicatur,
2969 1208 3060 1246 seu
3082 1197 3255 1247 omnis
3284 1197 3526 1249 Ecclesia:
3548 1209 3720 1259 cactus,

2186 1280 2250 1331 de
2279 1296 2379 1348 qua
2410 1280 2615 1333 canitur
2639 1298 2652 1333 :
2683 1281 2854 1333 Astitit
2877 1282 3049 1351 regina
3075 1300 3106 1335 a
3131 1284 3321 1337 dextris
3350 1286 3445 1336 tuis
3476 1288 3527 1337 iu
3562 1289 3724 1341 vestitu

2188 1369 2451 1436 deaurato,
2477 1369 2786 1422 circumdata
2810 1371 3049 1424 varietate
3074 1370 3242 1440 (Psal.
3278 1374 3444 1439 XLIV).
3467 1375 3537 1426 Ex
3562 1377 3723 1444 singu-

2188 1458 2252 1512 lis
2279 1475 2406 1528 ergo
2440 1461 2678 1515 tribubus
2715 1462 2995 1518 duodecim
3027 1472 3149 1517 sunt
3179 1465 3341 1517 millia
3375 1467 3586 1532 signati,
3615 1469 3722 1533 quia

2190 1553 2240 1604 in
2267 1553 2667 1621 quibuscunque
2699 1554 2889 1619 singuli
2925 1554 3161 1608 fidelium
3195 1556 3478 1608 virtutibus
3508 1556 3725 1622 profece-

2187 1640 2311 1702 rint,
2341 1642 2671 1709 antiquorum
2702 1656 2922 1697 necesse
2952 1651 3035 1696 est
3060 1652 3262 1711 patrum
3294 1660 3499 1710 semper
3526 1645 3621 1699 lide
3644 1661 3721 1698 ro-

2189 1729 2460 1795 borentur,
2492 1740 2650 1797 atque
2698 1730 3049 1785 informentur
3073 1736 3370 1800 'excmplis.
3415 1736 3724 1790 Duodenario

2192 1819 2331 1872 enim
2362 1835 2581 1873 numero
2612 1829 2828 1889 propter
2847 1826 3203 1891 apostolorum
3225 1827 3301 1879 vel
3334 1830 3721 1893 patriarcharum

541 1946 627 1997 per
672 1929 899 1980 inimicos
944 1943 1078 1979 meos
1100 1966 1114 1987 ,
1140 1927 1273 1992 quia
1315 1926 1483 1975 la'tata
1521 1939 1628 1974 sum
1665 1922 1717 1973 in
1756 1919 1963 1971 salutari
2004 1927 2088 1969 tuo
2116 1893 2164 1951 Β
2192 1923 2473 1973 summam,
2504 1924 2643 1977 smpe
2672 1911 2968 1977 doctorum,
2996 1925 3140 1978 sirpe
3174 1916 3335 1967 totius
3369 1917 3605 1970 Ecclesi:e
3632 1920 3723 1970 fur.

536 2016 588 2079 (1
618 2016 742 2086 Reg.
775 2015 853 2081 tt).
885 2015 1163 2079 PrOpterea
1196 2012 1527 2079 Nephthalim
1560 2009 1815 2069 succedit,
1844 2008 1979 2074 quod
2009 2015 2092 2058 est

538 2107 779 2158 latitudo.
806 2106 907 2157 Sed
940 2115 991 2156 et
1025 2106 1191 2171 ipsum
1221 2103 1485 2155 Manasses
1513 2100 1770 2167 sequitur,
1803 2097 1891 2165 qui
1930 2098 2088 2148 inter-

536 2203 769 2261 pretatur
793 2195 993 2256 oblitus,
1028 2194 1108 2246 vel
1138 2192 1422 2246 necessitas.
1454 2189 1613 2257 Cujus
1642 2189 1868 2241 nominis
1894 2195 2088 2255 myste-

532 2288 612 2339 rio
644 2300 916 2339 monemur
958 2293 1011 2337 ut
1048 2282 1394 2338 tentationum
1428 2278 1766 2348 prtesentium
1808 2275 2088 2343 angoribus

534 2375 727 2437 edocti,
759 2388 817 2427 ea
848 2386 975 2426 vero
999 2387 1115 2439 qua:
1145 2380 1288 2424 retro
1318 2378 1438 2421 sunt
1467 2366 1843 2421 obliviscentes
1865 2408 1877 2423 .
1921 2364 1997 2416 sic
2038 2363 2088 2415 in

534 2479 593 2515 ea
614 2478 726 2530 qure
749 2470 868 2512 ante
888 2469 1036 2524 sunt,
1054 2459 1343 2512 secundum
1370 2456 1701 2525 Apostolum,
1724 2452 2085 2515 extendamnr,

537 2564 592 2606 ut
616 2551 790 2604 carnis
818 2564 998 2603 curam
1030 2565 1131 2602 non
1160 2550 1208 2601 in
1234 2546 1510 2601 desideriis
1530 2585 1546 2611 ,
1578 2544 1669 2599 sed
1711 2544 1819 2597 sola
1852 2542 2090 2596 neceSsi-

536 2654 640 2698 tate
668 2647 905 2695 humana:
936 2641 1247 2694 conditionis
1296 2638 1499 2692 astricti
1547 2639 1800 2691 facFamus
1832 2634 2088 2705 (Philipp.

535 2736 635 2804 tu).
671 2735 741 2790 De
768 2750 864 2800 qua
903 2734 1177 2788 Psalmista
1201 2772 1214 2794 ,
1262 2732 1474 2783 meliora
1507 2732 1782 2794 suspirans
1804 2769 1819 2787 ,
1863 2727 2045 2779 orabat
2074 2743 2087 2777 :

538 2826 612 2878 De
640 2824 1007 2878 necessitatibus
1030 2826 1148 2877 meis
1174 2824 1309 2887 eripe
1334 2837 1409 2873 me
1436 2820 1601 2890 (Psal.
1631 2818 1791 2887 xxtv).
1821 2818 1948 2870 Huic
1969 2832 2091 2886 sup-

538 2917 747 2982 ponitur
776 2916 1016 2977 Simeon,
1043 2914 1090 2966 id
1121 2924 1222 2979 est,
1256 2913 1446 2965 audivit
1475 2910 1725 2962 tristitiam
1744 2948 1759 2971 ,
1789 2910 1867 2959 vel
1912 2922 2091 2959 nomen

536 3009 826 3071 habitaculi,
855 3016 909 3060 ut
938 3006 1091 3073 hujus
1122 3006 1279 3058 etiam
1305 3003 1551 3071 qualitate
1591 2997 1831 3052 vocabuli
1871 2996 2089 3048 eviden-

539 3101 642 3151 tius
672 3098 980 3161 inculcaret,
1012 3106 1064 3147 et
1093 3094 1215 3162 quid
1248 3092 1331 3144 hic
1378 3089 1672 3143 habendum
1698 3131 1711 3154 ,
1763 3096 1817 3142 et
1856 3087 1977 3155 quid
2025 3086 2094 3137 sit

2191 2015 2350 2060 mam,
2380 2001 2640 2067 designari
2681 2004 3035 2057 certissimum
3067 2015 3165 2059 est.
3200 2008 3326 2061 Sive
3355 2011 3494 2061 enim
3536 2011 3720 2064 confe¢

2188 2091 2335 2141 sione
2379 2092 2570 2159 quique
2620 2102 2865 2161 tanquam
2919 2095 2970 2147 in
3022 2095 3156 2149 Juda
3203 2097 3523 2160 laudabiles.
3552 2102 3653 2153 sive
3681 2104 3721 2153 in

2191 2184 2373 2236 Ruben
2406 2201 2623 2252 operum
2658 2187 2804 2253 prole
2837 2187 3099 2255 praeclari,
3139 2192 3256 2242 sive
3289 2190 3339 2242 in
3362 2190 3471 2245 Gad
3504 2193 3723 2244 tentatio-

2190 2288 2313 2325 num
2363 2275 2619 2327 exercitio
2673 2276 2864 2340 fortes,
2933 2280 3044 2331 sive
3111 2278 3162 2332 in
3219 2281 3353 2332 Aser
3406 2281 3721 2333 certaminum

2192 2364 2411 2417 victoria
2448 2364 2647 2429 felices,
2677 2368 2788 2420 sive
2820 2368 2869 2420 in
2900 2368 3234 2436 Nephtltalim
3266 2369 3421 2438 largis
3452 2371 3721 2424 misericor-

2191 2454 2291 2505 dize
2320 2454 2568 2521 operibus
2611 2456 2813 2509 dilatati
2841 2498 2856 2520 ,
2888 2458 2999 2512 sive
3029 2460 3079 2511 in
3114 2458 3355 2514 Manasse
3401 2460 3721 2528 posteriorum

2194 2544 2365 2605 obliti,
2396 2544 2508 2597 sive
2532 2545 2583 2597 in
2606 2545 2824 2599 Simeon
2850 2547 2999 2613 quasi
3033 2549 3212 2601 tristes
3243 2549 3412 2602 adhuc
3439 2552 3486 2602 in
3511 2553 3723 2604 convalle

2191 2634 2565 2701 lacrymarum,
2597 2649 2811 2701 semper
2841 2646 3015 2689 autem
3041 2638 3331 2705 gaudentes
3362 2641 3564 2693 nomine
3597 2642 3723 2692 habi-

2193 2724 2351 2776 taculi
2400 2724 2451 2775 in
2503 2724 2774 2778 cmlestem
2820 2726 3146 2793 suspirantes
3176 2726 3493 2791 Jerusalem,
3538 2728 3641 2782 sive
3677 2730 3717 2781 in

2193 2814 2340 2874 Levi,
2373 2814 2460 2881 qui
2494 2814 2543 2867 in
2576 2815 3013 2883 promissionibus
3040 2816 3163 2869 vitae
3192 2821 3460 2883 prmsent‘s
3480 2828 3529 2871 et
3560 2819 3722 2871 futura:

2192 2908 2577 2974 congaudeant,
2601 2908 2792 2961 additis
2814 2909 2968 2963 bonis
2999 2908 3374 2976 temporalibus
3394 2918 3584 2962 aeterno
3605 2910 3726 2961 buno

2194 2998 2414 3061 fundati,
2445 3000 2560 3054 sive
2582 3000 2631 3052 in
2659 2999 2902 3053 lssachar
2927 3001 3117 3053 futurae
3145 3000 3405 3054 mercedis
3430 2998 3723 3062 contempla-

2195 3090 2336 3145 tione
2365 3091 2578 3156 firmati,
2615 3092 2731 3144 sive
2763 3092 2812 3143 in
2851 3091 3111 3153 Zabulou,
3144 3092 3230 3158 qui
3266 3104 3360 3157 pro
3387 3089 3589 3143 Christo
3619 3104 3724 3141 suas

540 3191 817 3245 salubriter
845 3189 1272 3257 exspectandum.
1305 3186 1409 3238 Illis
1438 3185 1578 3238 enim
1616 3183 1895 3237 habitactili
1933 3184 2094 3235 cmle—
2119 3223 2163 3279 Ο
2197 3181 2405 3232 animas
2436 3189 2658 3245 ponant,
2693 3180 2804 3232 sive
2836 3179 2885 3231 in
2914 3179 3127 3246 .loseph.
3154 3180 3241 3247 qui
3273 3190 3325 3233 et
3349 3188 3612 3247 augmento
3634 3180 3725 3249 spi-

540 3282 633 3333 st's
664 3280 907 3349 gaudium
938 3278 1169 3342 dabitur,
1210 3290 1432 3346 quorum
1466 3274 1548 3325 hic
1586 3274 1790 3324 animus
1826 3273 2088 3324 fructuosa

543 3372 844 3438 paenitentia
894 3370 1251 3423 contristatur.
1284 3366 1483 3433 Quibus
1515 3372 1567 3417 et
1604 3362 1834 3417 dicitur:
1865 3361 2093 3415 Tristitia

544 3470 701 3512 vestra
730 3468 943 3512 vertetur
971 3460 1023 3511 in
1056 3457 1297 3527 gaudium
1340 3454 1515 3523 (Joan.
1559 3455 1683 3524 xVI).
1716 3454 1938 3506 Proinde
1967 3451 2093 3504 Levi

543 3550 893 3611 subnectitur,
928 3548 975 3600 id
1004 3557 1105 3609 est,
1139 3548 1366 3598 additus.
1402 3547 1452 3596 lu
1486 3560 1589 3610 quo
1618 3542 1959 3609 intelligimus
1985 3542 2095 3592 sive

545 3656 637 3694 cos
665 3640 751 3709 qui
786 3638 1161 3704 temporalibus
1203 3648 1394 3689 :cterna
1425 3643 1742 3697 mercantur,
1772 3634 1906 3685 sicut
1942 3631 2094 3685 Salo-

546 3745 666 3784 mon
717 3729 880 3782 dicit:
918 3728 1213 3795 Redemptio
1259 3728 1443 3779 anima:
1489 3726 1582 3778 viri
1636 3726 1857 3794 prapria:
1909 3724 2097 3776 divitia

547 3821 813 3889 (Prorerb.
842 3820 973 3889 xttt),
1002 3836 1093 3873 seu
1118 3822 1236 3871 illos
1262 3820 1367 3888 qui,
1394 3819 1480 3871 Dei
1506 3816 1773 3884 sequendo
1796 3814 2095 3873 consilium,

547 3909 837 3975 percipiunt
859 3908 908 3959 in
942 3906 1039 3960 hoc
1070 3905 1263 3958 saecqu
1294 3903 1607 3971 centuplicia
1653 3916 1771 3952 cum
1804 3898 2096 3950 tribulatio-

549 4000 721 4059 nibus,
748 3998 800 4049 in
826 3996 996 4049 futuro
1022 4006 1197 4047 autem
1232 3993 1426 4045 sarculo
1447 3995 1602 4041 vitam
1628 4001 1876 4041 aeternam
1908 3986 2095 4057 (Marc.

552 4088 626 4155 x).
671 4087 759 4139 llis
802 4095 855 4138 et
901 4084 1037 4153 quod
1090 4083 1341 4149 scriptum
1385 4088 1466 4134 est
1500 4079 1781 4132 convenit:
1817 4077 1912 4141 Qui
1958 4077 2101 4127 addit

550 4176 830 4237 scientiam,
861 4173 1000 4225 addit
1031 4172 1254 4224 dolorem
1286 4169 1474 4236 (Eccle.
1511 4168 1571 4235 t).
1603 4167 1731 4220 Nam
1755 4175 1807 4220 et
1828 4168 1979 4218 beato
2004 4166 2100 4217 Job

552 4265 615 4317 ad
646 4265 743 4316 hoc
770 4263 1159 4315 tribulationum
1188 4259 1446 4313 acerbitas
1471 4258 1778 4321 addebatur,
1804 4267 1859 4308 nt
1882 4256 2102 4322 probato

554 4353 886 4423 pratmiorum
934 4366 1137 4403 merces
1186 4350 1408 4417 amplior
1450 4348 1784 4401 redderetur.
1818 4345 1969 4399 Unde
2000 4361 2101 4395 non

556 4447 819 4500 immerito
851 4446 1086 4499 lssachar
1114 4444 1161 4496 ei
1193 4442 1374 4495 ordine
1418 4448 1561 4493 recto
1607 4438 1877 4500 succedit,
1909 4436 1996 4505 qui
2026 4436 2105 4487 inm

2199 3269 2403 3321 ritualis
2436 3268 2751 3322 substantia:
2792 3270 3071 3335 studeant,
3099 3279 3151 3323 et
3177 3283 3335 3338 super
3366 3270 3453 3323 Dei
3492 3280 3722 3340 pracepta

2198 3358 2393 3427 aliquid
2424 3358 2651 3426 amplius
2679 3359 2759 3412 vel
2791 3358 2842 3412 in
2888 3359 3188 3426 virginitate
3218 3361 3302 3415 vel
3352 3375 3412 3414 ex
3453 3361 3725 3414 facultatum

2197 3461 2410 3500 suarum
2443 3446 2668 3500 oﬁ‘erant
2697 3449 3021 3515 quantitate,
3067 3447 3179 3501 sive
3231 3448 3284 3501 in
3335 3428 3610 3517 Benjamin,
3649 3449 3724 3517 qui

2200 3535 2463 3589 felicitatis
2489 3546 2704 3591 :eternte
2754 3537 3025 3591 dexteram
3077 3538 3358 3593 indefessis
3389 3541 3519 3593 votis
3562 3555 3725 3608 exspe-

2199 3636 2343 3681 ctent
2363 3669 2377 3693 ,
2414 3627 2465 3680 in
2497 3642 2591 3681 sua
2618 3642 2876 3697 quemque
2909 3628 3243 3696 professione
3274 3632 3507 3697 congruit
3546 3640 3723 3698 patrum

2200 3718 2612 3785 praecedentium
2648 3720 2823 3786 regula
2875 3718 3024 3786 quasi
3056 3719 3384 3772 duodenario
3414 3734 3618 3772 numero
3659 3720 3723 3771 si-

2199 3807 2370 3873 gnari,
2401 3818 2558 3871 atque
2590 3822 2649 3857 ex
2685 3808 3009 3874 singularum
3042 3808 3247 3860 meritis
3277 3823 3603 3876 personarum
3629 3823 3726 3873 per-

2204 3898 2545 3949 fectissimam
2581 3898 2835 3950 Ecclesia:
2864 3899 3305 3963 pulchritudinem
3328 3942 3343 3964 ,
3376 3900 3517 3969 quasi
3541 3909 3725 3953 centum

2202 3987 2541 4055 quadraginta
2568 3998 2789 4055 quatuor
2819 3990 3038 4041 millium
3072 4005 3330 4042 summam
3360 3990 3554 4056 colligi.

2278 4075 2401 4127 Post
2450 4078 2553 4128 Iure
2593 4078 2696 4129 ridi
2728 4079 2921 4129 turbam
2960 4094 3225 4146 magnam,
3258 4096 3404 4148 quam
3446 4082 3730 4131 dinumerare

2207 4181 2349 4216 uento
2384 4176 2595 4231 poterat.
2641 4167 2813 4218 Finita
2853 4169 3317 4234 recapitulatione,
3352 4184 3502 4235 quam
3531 4166 3727 4233 exempli

2211 4270 2365 4307 causa
2398 4256 2805 4323 interposuerat,
2838 4259 3129 4325 regreditur
3150 4260 3214 4311 ad
3245 4259 3505 4322 ordinem,
3532 4260 3725 4327 gloria'n

2208 4347 2500 4412 pratdicans
2532 4361 2712 4399 eorum
2746 4349 2828 4415 qui
2859 4350 3145 4416 nequitiam
3179 4351 3365 4403 victuri
3399 4362 3515 4403 sunt
3560 4350 3729 4401 ultima:

2209 4440 2604 4505 persecutionis.
2636 4436 2700 4491 Et
2724 4439 2862 4505 quod
2893 4441 3133 4508 sequitur
3160 4460 3169 4493 :

558 4545 872 4603 terprctatur
900 4552 1103 4587 merces.
1136 4533 1263 4597 Quia
1288 4574 1301 4594 ,
1325 4532 1467 4585 sicut
1493 4530 1647 4582 docet
1676 4528 1978 4596 Apostolus,
2006 4540 2105 4576 non
2145 4544 2183 4597 ῃ
2284 4528 2364 4582 Ea:
2386 4532 2613 4582 omnibus
2642 4531 2885 4597 gentibus,
2921 4543 2968 4587 et
2996 4534 3240 4600 tribubus,
3266 4544 3314 4586 et
3348 4534 3567 4603 ρορηιίε,
3590 4544 3629 4585 ει
3650 4534 3729 4585 η..

554 4638 666 4678 sunt
689 4626 947 4695 condigna?
969 4626 1217 4691 passiones
1240 4623 1393 4684 [mitts
1416 4621 1649 4687 temporis
1672 4621 1737 4695 ad
1758 4621 1980 4687 futuram
2005 4617 2107 4687 gloo

554 4720 681 4769 riam
702 4731 811 4784 qua!
832 4692 1126 4766 ret-elabitur
1148 4715 1196 4765 in
1226 4712 1365 4764 nobis
1398 4713 1569 4779 (Rom.
1604 4692 1739 4775 Vill);
1769 4709 2109 4763 Fructuosius

556 4806 745 4873 quippe
774 4812 1050 4873 pugnatur,
1080 4801 1163 4855 tibi
1195 4812 1405 4853 merces
1422 4811 1564 4853 certa
1595 4806 1857 4864 Speratur.
1883 4798 1989 4851 lloc
2017 4811 2110 4849 au-

558 4905 659 4947 tem
690 4896 738 4947 in
768 4894 1062 4947 habitacula
1102 4890 1421 4945 fortitudinis
1454 4889 1591 4941 Deus
1633 4896 1885 4954 Operatur
1912 4897 1965 4940 et
1996 4901 2111 4955 per-

560 4986 687 5048 licit,
720 4988 853 5052 quod
884 4984 1077 5037 dicitur
1100 4983 1357 5047 Zahulon,
1384 4978 1593 5047 quando
1616 4980 1781 5030 virtus
1806 4979 1855 5029 in
1889 4977 2109 5029 infirmi-

560 5082 664 5124 tate
696 5070 1071 5139 perficitur“!
1106 5073 1219 5123 Cor.
1255 5074 1347 5137 xtt)
1370 5112 1383 5132 ,
1416 5080 1476 5123 ut
1504 5081 1692 5137 corpus
1728 5065 1865 5135 quod
1916 5064 1981 5115 ab
2009 5064 2110 5115 ini-

562 5160 709 5214 micis
732 5168 938 5228 putatur
961 5161 1243 5223 inﬁrmum,
1263 5172 1313 5214 et
1338 5175 1429 5227 per
1452 5160 1601 5225 cujus
1624 5156 1895 5209 materiam
1922 5153 2111 5205 animae

563 5266 769 5318 quoque
800 5250 993 5305 inferre
1022 5252 1259 5302 nituntur
1290 5250 1583 5312 interitum,
1619 5248 1727 5301 Deo
1759 5246 2108 5307 confortante,

562 5344 859 5411 experiatur
907 5345 1197 5408 invictum,
1246 5350 1529 5409 augmento
1576 5339 1894 5393 succedente
1952 5334 2109 5388 felici.

562 5420 709 5500 Quod
744 5434 1049 5485 vocabulum
1080 5433 1275 5501 Joseph
1309 5431 1524 5490 iudicat,
1558 5428 1847 5497 gratiarum
1869 5426 2117 5479 videlicet

564 5528 798 5581 addenda
840 5526 975 5579 dena
1013 5527 1313 5596 designans.
1348 5524 1471 5577 Sive
1501 5523 1566 5575 de
1597 5521 1910 5574 talentorum
1958 5519 2113 5587 dupla

564 5624 910 5677 redhibitione
940 5636 1125 5674 usuras
1165 5620 1428 5674 commodi
1480 5618 1768 5687 spiritualis
1821 5617 2111 5687 intelligas,

565 5714 673 5765 sive
705 5714 754 5765 in
790 5716 867 5768 his
894 5728 1009 5781 quae
1041 5711 1215 5764 votiva
1245 5709 1476 5761 fidelium
1502 5710 1753 5779 religione
1774 5707 2113 5776 Redemptori

568 5803 672 5856 lteo
706 5802 993 5855 redduntur
1025 5801 1269 5869 accipias.
1302 5800 1471 5866 Atque
1503 5808 1553 5853 ut
1585 5798 1679 5853 hos
1702 5812 1884 5857 omnes
1906 5813 2036 5871 quos
2059 5806 2112 5851 et

2210 4620 2350 4689 guis.
2384 4631 2513 4683 etc.,
2562 4630 2732 4687 potest
2765 4631 2817 4673 et
2847 4624 2923 4675 sic
2969 4624 3203 4689 intelligi,
3241 4625 3404 4692 quod,
3441 4624 3731 4677 enumeratis

2212 4710 2450 4764 tribubus
2479 4710 2661 4777 Israel,
2692 4712 2883 4778 quibus
2914 4713 3259 4780 Evangelium
3302 4714 3470 4781 primo
3507 4714 3728 4779 praedica-

2213 4812 2317 4852 tum
2361 4808 2470 4863 est,
2517 4801 2866 4855 salvationem
2913 4816 3118 4871 quoque
3168 4803 3302 4857 velit
3348 4817 3731 4858 commemorare

2213 4892 2469 4961 gentium.
3129 4944 3141 4953 ,

2285 4982 2466 5035 Amicti
2491 4984 2630 5035 stolis
2670 4984 2820 5049 albis,
2872 4994 2919 5038 ct
2965 4986 3147 5057 palma:
3189 4988 3240 5039 in
3280 4988 3506 5039 manibus
3556 5001 3725 5037 eorum.

2216 5070 2377 5125 Stolis
2423 5070 2762 5139 baptismum,
2818 5076 3003 5142 palmis
3046 5076 3369 5143 triumphum
3414 5078 3594 5137 crucis,
3624 5075 3733 5127 iusi-

2215 5169 2360 5224 nuat,
2388 5172 2440 5214 et
2468 5164 2603 5231 quod
2632 5167 2881 5217 saeculum
2910 5166 2959 5217 in
2988 5166 3197 5218 Christo
3226 5168 3462 5220 vicerint.
3490 5167 3621 5219 Licet
3647 5164 3734 5215 cla-

2215 5251 2420 5304 ritatem
2449 5266 2675 5319 quoque,
2717 5268 2834 5320 quae
2880 5269 2973 5320 per
3017 5255 3269 5322 Spiritum
3320 5262 3555 5311 sanctum
3583 5254 3735 5319 datur,

2216 5342 2363 5395 stolae
2392 5344 2708 5411 signiﬁcent.

2286 5433 2352 5487 Et
2381 5428 2669 5488 clamabant
2694 5452 2808 5487 rore
2836 5453 3039 5507 magna,
3070 5438 3286 5493 dicentes
3317 5455 3337 5493 :
3368 5439 3517 5493 Salus
3548 5436 3644 5490 Deo
3668 5452 3737 5489 ne

2214 5533 2339 5586 stro,
2371 5526 2454 5591 qui
2484 5528 2616 5578 sedet
2645 5542 2794 5591 super
2823 5527 3077 5593 thronum,
3110 5538 3156 5581 et
3187 5530 3352 5597 Agna.
3388 5528 3562 5594 Magna
3607 5540 3735 5583 voce.

2220 5613 2319 5666 hoc
2348 5624 2447 5677 est,
2481 5615 2662 5683 grandi
2694 5616 2973 5673 devotione
3003 5629 3055 5672 et
3086 5619 3399 5673 indesinenti
3430 5619 3590 5681 laude,
3631 5632 3737 5685 pro-

2220 5704 2429 5758 fitentur
2459 5706 2511 5759 in
2542 5706 2752 5769 throno,
2788 5709 2837 5762 id
2872 5718 2971 5771 est,
3019 5709 3070 5762 in
3125 5708 3391 5773 Ecclesia,
3444 5712 3637 5765 Patrem
3664 5706 3737 5759 Fi-

2219 5799 2449 5868 liumque
2486 5814 2729 5871 regnare,
2784 5801 2981 5873 Spiritu
3025 5810 3206 5854 sancto
3254 5803 3589 5866 nihilominus
3631 5812 3735 5855 cou-
