3934 6222
233 383 346 435 153

1203 388 1422 442 ΕΧΡιΛ
1435 392 1634 444 ΝΑἸῚΟ
1677 395 1709 442 Α
1723 392 1782 441 1)(

1898 392 2140 445 LYi‘SlS.
2183 421 2248 430 —-
2290 388 2414 442 LIB.
2467 390 2523 442 ll.
3349 392 3439 447 l5!

230 508 518 563 regnanto.
550 499 636 552 Sic
660 498 796 551 enim
828 499 1019 551 dictum
1052 507 1166 550 est:
1200 499 1414 553 Sedenti
1461 516 1618 566 super
1645 505 1784 552 thro-
1817 509 1863 562 Λ
1890 505 2022 554 riunt
2069 512 2111 554 et
2140 504 2313 555 sitiunt
2335 504 2607 572 justitiam,
2657 503 2897 569 quoniam
2945 502 3045 570 ipsi
3080 505 3445 559 saturabtmtur

230 603 394 654 num,
425 596 478 640 et
507 588 653 655 Agno
685 589 866 656 (Apoc.
897 589 970 656 v),
997 574 1144 640 sicut
1178 589 1225 639 in
1257 589 1537 655 Evangelia
1564 590 1785 642 dici2nr:

232 678 308 730 Et
338 688 640 750 cegnoscant
671 687 718 732 te
742 696 908 731 verum
935 690 978 730 et
1010 697 1160 731 unum
1186 681 1364 745 Deum,
1397 692 1441 732 et
1479 698 1624 750 quem
1652 683 1791 733 misi-

225 773 304 822 sti
331 770 511 824 Jesum
541 771 791 824 Christum
825 771 998 837 (Joan.
1034 775 1180 842 xvu).
1212 774 1564 828 Subauditur:
1619 775 1786 828 Unum

227 871 294 914 et
321 877 506 916 verum
541 863 700 915 Deum
731 875 1065 931 cognoscant.

311 948 386 1002 Et
411 967 582 1006 omnes
609 955 772 1019 angeli
798 954 995 1005 stabant
1024 955 1077 1005 in
1121 955 1333 1007 circuitu
1364 955 1528 1008 throni
1556 968 1602 1008 et
1626 961 1791 1011 senio-

225 1052 354 1090 rum
386 1051 431 1092 et
453 1042 766 1096 animalium.
819 1043 870 1095 ln
903 1046 1149 1098 omnibus
1188 1048 1386 1114 angelis
1427 1050 1589 1102 turbae
1617 1051 1791 1103 multae

225 1140 501 1193 personas
529 1131 769 1195 exposuit
810 1131 1086 1185 Dominum
1139 1136 1444 1189 adorantes.
1480 1137 1681 1199 Omnes,
1715 1140 1791 1190 in-

221 1217 374 1280 quit,
406 1218 496 1283 qui
515 1220 571 1270 in,
592 1219 801 1273 circuitu
829 1222 938 1291 ejus
961 1232 1098 1287 sunt,
1143 1223 1350 1288 oﬂ'erent
1380 1242 1584 1279 munera
1616 1228 1787 1295 (Psal.

225 1306 428 1374 Lxxv).
505 1379 515 1382 ξ

307 1395 382 1448 Et
411 1399 692 1450 ceciderunt
739 1399 789 1451 in
837 1415 1104 1468 conspectu
1153 1403 1320 1455 throni
1365 1406 1416 1457 in
1466 1407 1618 1468 facies
1649 1425 1785 1473 suos,

220 1491 341 1535 etc.
376 1483 560 1552 Neque
588 1487 824 1552 turbam,
874 1505 1044 1557 neque
1107 1489 1382 1556 animalia,
1431 1495 1510 1546 vel
1555 1496 1790 1548 seniores

221 1574 337 1626 hoc
373 1574 496 1627 loco
523 1589 904 1630 commemorat
934 1579 1203 1644 adorasse,
1245 1583 1334 1636 sed
1382 1583 1527 1636 solos
1556 1588 1788 1651 angelos.

217 1659 334 1726 Ipsi
393 1665 534 1716 enim
582 1674 703 1718 sunt
750 1667 923 1733 turba,
980 1667 1077 1735 ipsi
1127 1671 1370 1722 animalia
1422 1681 1476 1724 et
1531 1674 1785 1727 seniores.

216 1752 494 1818 Quamvis
518 1763 570 1807 et
598 1755 664 1808 de
693 1755 819 1816 ipsis
845 1757 1092 1824 angelicis
1119 1759 1389 1825 spiritibus
1413 1760 1630 1828 intelligi
1664 1778 1789 1824 pos-

1892 591 2108 660 (Matth.
2140 591 2214 659 v).

1965 679 2137 744 Neque
2182 680 2323 731 cadet
2369 695 2515 747 super
2554 677 2673 729 illos
2711 680 2822 742 sol,
2879 695 3037 749 neque
3083 679 3220 732 ullus
3269 690 3440 734 a'stus.

1892 770 2252 834 Transivimus,
2285 770 2468 835 inquit,
2518 786 2605 837 per
2645 771 2809 838 ignem
2836 779 2881 821 et
2910 787 3111 836 aquam,
3154 780 3198 822 et
3229 771 3434 822 induxi-

1891 865 1954 914 sti
1979 879 2067 911 nos
2097 863 2147 912 in
2176 862 2490 927 fclt'iqeriutn
2517 860 2686 926 (l’sal.
2723 859 2871 929 LXV).

1965 933 2214 1012 Quoniam
2244 953 2431 1019 Agnus,
2464 951 2546 1017 qui
2565 951 2618 1001 in
2645 951 2810 1001 medio
2834 951 2999 1002 throni
3019 947 3109 1010 est,
3141 960 3274 1019 reget
3303 948 3449 1001 illos.

1891 1041 2094 1106 Agnnm
2143 1040 2193 1092 in
2251 1038 2423 1090 medio
2475 1038 2601 1090 dicit
2648 1052 2768 1091 esse
2820 1038 3021 1102 thr0oi,
3075 1039 3162 1105 qui
3200 1037 3446 1105 superius

1893 1138 2092 1200 Agnum
2116 1150 2142 1184 τι
2173 1132 2386 1185 sedente
2418 1133 2467 1183 in
2501 1132 2689 1182 throno
2715 1131 2901 1182 librum
2928 1131 3130 1183 dixerat
3155 1132 3444 1193 accepisse,

1891 1231 2083 1281 docens
2116 1223 2400 1276 Ecclesium
2430 1237 2587 1272 tnmm
2612 1235 2728 1272 esse
2763 1219 2898 1272 Patri
2931 1231 2978 1296 et
3009 1219 3139 1270 Filio
3172 1218 3443 1278 thronum,

1870 1319 1943 1374 ciu
2001 1329 2097 1382 qua
2157 1328 2248 1381 per
2295 1311 2448 1363 iidem
2502 1309 2754 1362 inhabitat
2807 1321 2983 1370 unus,
3036 1311 3142 1359 tota
3187 1305 3440 1364 Trinitas,

1894 1409 2046 1462 Deus.

1965 1497 2027 1548 lit
2056 1496 2260 1549 deducet
2289 1509 2371 1546 eos
2399 1492 2465 1543 ad
2493 1492 2605 1544 vitm
2634 1492 2792 1559 fontes
2821 1503 3084 1556 aquarum.
3117 1484 3193 1553 Ad
3225 1499 3442 1539 consor-

1893 1593 2017 1643 tium
2067 1589 2245 1654 utique
2291 1592 2612 1666 sanctorum,
2670 1581 2755 1649 qui
2809 1581 2978 1632 fontes
3020 1587 3142 1631 sunt
3188 1577 3442 1630 doctrinae

1891 1681 2139 1733 etelestis.
2191 1679 2366 1731 Potest
2395 1683 2447 1728 et
2472 1676 2580 1740 ipsa
2614 1673 2701 1724 Dei
2737 1673 2867 1724 visio
2898 1669 3200 1736 signiﬁcari,
3254 1668 3304 1721 in
3333 1683 3438 1732 quo

1895 1781 2013 1822 sunt
2039 1767 2267 1820 thesauri
2298 1764 2572 1833 sapientia:
2599 1771 2650 1814 et
2682 1759 2914 1813 scientia:
2942 1757 3254 1810 absconditi.
3285 1756 3437 1809 Juxta

215 1841 316 1905 sit,
350 1842 421 1897 de
436 1845 621 1908 quibus
651 1845 700 1898 in
719 1849 952 1914 gentium
984 1848 1153 1900 salute
1182 1850 1632 1916 e-ngaudentibus
1657 1851 1759 1905 dici
1823 1837 1865 1894 Β
1895 1860 2029 1929 quod
2061 1857 2220 1912 David
2241 1858 2312 1909 ait
2339 1874 2351 1908 :
2386 1855 2526 1909 Sicut
2553 1869 2723 1906 cervus
2745 1851 2992 1905 desiderat
3021 1849 3085 1900 ad
3116 1851 3274 1915 fontes
3289 1861 3440 1912 aqua-

216 1940 363 1985 tttr:
423 1933 707 1998 Latamini,
757 1945 947 2004 gentes,
997 1940 1149 1992 simul
1195 1957 1306 1992 cunt
1340 1944 1523 2010 popqu
1571 1947 1700 2014 ejus,
1748 1955 1793 1998 et

213 2021 450 2076 adorent
480 2041 589 2076 eum
619 2041 783 2078 omnes
811 2028 976 2096 angeli
1001 2028 1091 2081 Dei
1113 2029 1289 2096 (Rom.
1324 2031 1432 2099 xv).

297 2114 601 2167 Benedictio
628 2126 672 2168 et
702 2119 905 2170 claritas
929 2130 975 2173 et
1003 2122 1272 2187 sapientia,
1304 2132 1404 2176 etc.
1431 2121 1787 2189 Septenariam

218 2203 477 2256 Ecclesia
511 2206 756 2259 virtutum
801 2208 1007 2262 laudem
1060 2211 1212 2265 ollert
1246 2213 1488 2279 Domino,
1529 2232 1684 2282 quam
1733 2232 1791 2271 se

213 2291 272 2343 in
307 2293 539 2360 singulis
570 2297 819 2350 membris
846 2298 914 2350 ab
943 2314 1006 2352 eo
1036 2303 1331 2366 percepisse
1360 2303 1569 2357 fatetur.

294 2379 372 2432 Et
416 2398 549 2434 unus
595 2384 655 2436 de
681 2387 958 2438 senioribus
995 2388 1121 2440 dixit
1168 2392 1329 2444 mihi:
1383 2392 1448 2443 Hi
1488 2395 1573 2461 qui
1621 2396 1788 2447 amicti

211 2481 348 2522 sunt
377 2473 526 2524 stolis
552 2472 702 2538 albis,
725 2475 808 2544 qui
836 2485 953 2529 sunt
976 2479 1000 2530 ?
1026 2486 1127 2532 etc.
1162 2481 1239 2533 Ad
1264 2482 1362 2536 hoc
1395 2483 1701 2554 interrogat,
1733 2495 1788 2539 ut

209 2558 440 2613 doceat.

292 2650 368 2702 Et
387 2654 520 2706 dixit
544 2656 696 2708 mihi:
722 2655 796 2709 Hi
814 2668 928 2710 sunt
954 2661 1042 2728 qui
1063 2671 1300 2715 venerunt
1327 2680 1389 2716 ea:
1415 2680 1596 2733 magna
1627 2667 1785 2719 tribu-

208 2741 442 2797 latione.
478 2744 574 2798 Per
603 2746 792 2800 multas
825 2740 1182 2804 tribulationes
1212 2761 1426 2819 oportet
1453 2770 1547 2808 nos
1572 2755 1786 2810 introire

209 2832 267 2884 in
301 2848 532 2900 regnum
574 2835 667 2890 Dei
707 2838 844 2907 (Act.
886 2841 1018 2905 XIV).
1071 2841 1197 2904 Quis
1238 2854 1408 2897 autem
1457 2846 1658 2898 nesciat
1690 2848 1785 2900 tri-

207 2923 556 2980 bulationem
585 2927 896 2983 Antichristi
941 2931 1146 2986 caeteris
1197 2933 1420 2988 futuram
1451 2951 1572 2990 esse
1610 2937 1784 3005 majo-

207 3028 334 3067 rem
361 3015 387 3067 ?

291 3105 366 3157 Et
395 3107 623 3158 laverunt
653 3110 808 3161 stolas
834 3127 954 3186 suos
1001 3112 1052 3165 in
1094 3113 1337 3181 sanguine
1382 3114 1529 3186 Agni.
1576 3115 1687 3169 Non
1718 3116 1782 3170 de

207 3196 352 3248 solis
379 3197 702 3265 martyribus
726 3183 870 3252 dicit.
899 3199 972 3252 llli
1003 3203 1140 3254 enim
1173 3183 1665 3274 sanguine—proprio
1709 3207 1781 3257 la—

210 3298 448 3341 vantur.
501 3289 790 3344 Ecclesiam
824 3305 997 3346 autem
1050 3304 1211 3346 lotam
1247 3300 1456 3364 sanguis
1503 3297 1626 3350 Jesu
1672 3297 1784 3349 Filii

208 3377 311 3431 Dei
348 3379 575 3430 mundat
602 3380 669 3432 ab
697 3381 835 3434 omni
869 3384 1059 3436 delicto
1087 3382 1174 3449 (ΙΙ
1205 3383 1321 3438 Cor.
1355 3388 1471 3454 vn),
1515 3387 1629 3440 ideo
1661 3396 1786 3438 sunt

208 3479 347 3521 ante
381 3468 627 3522 thronum
679 3472 788 3524 Dei.
843 3473 920 3526 Illi
948 3476 1089 3528 enim
1122 3475 1262 3544 digni
1310 3478 1567 3531 habentur
1596 3479 1700 3532 illic
1732 3479 1782 3530 in

211 3557 311 3610 Dei
349 3559 647 3612 consistere
673 3561 992 3624 ministerio,
1024 3566 1111 3632 qui
1135 3566 1216 3618 hic
1243 3567 1380 3619 inter
1405 3567 1625 3621 adversa
1657 3569 1786 3621 lide-

215 3646 298 3700 los
338 3647 576 3700 nominis
599 3649 712 3717 ejus
741 3652 1076 3707 confessores
1105 3657 1358 3710 existunt.

286 3733 364 3787 Et
393 3737 613 3788 serviunt
655 3740 700 3792 ei
729 3741 809 3792 die
855 3757 916 3793 ac
962 3752 1102 3796 nocte
1139 3747 1188 3796 in
1238 3748 1422 3813 templo
1466 3749 1592 3813 eius.
1644 3750 1784 3803 More

212 3833 418 3878 nostro
450 3825 692 3893 loquens,
726 3833 1073 3885 a'ternitalem
1101 3833 1378 3900 signiﬁcat.

288 3915 362 3967 Et
395 3916 482 3982 qui
501 3917 633 3968 sedet
659 3919 709 3969 in
731 3916 910 3971 throno
933 3920 1175 3974 habitabit
1198 3940 1348 3989 super
1374 3923 1511 3978 illos.
1541 3925 1780 3977 Thronus

214 4004 340 4060 Dei.
377 4007 546 4058 saneti
577 4016 718 4070 sunt,
749 4023 904 4074 super
933 4026 1061 4078 quos
1105 4020 1158 4065 et
1201 4013 1252 4065 in
1279 4015 1465 4082 quibus
1509 4014 1558 4065 in
1587 4015 1778 4066 smcula

216 4095 436 4147 habitat
470 4095 626 4151 Deus.

290 4181 422 4234 Non
455 4185 672 4238 esurient
716 4203 872 4256 neque
918 4189 1083 4242 sitient
1112 4190 1347 4260 amplius.
1400 4191 1505 4243 lloc
1532 4201 1612 4244 est
1641 4192 1776 4259 quod

215 4273 484 4326 Dominus
543 4276 656 4341 ipse
685 4277 956 4341 promisit:
1009 4278 1116 4347 Ego
1142 4295 1270 4342 sum,
1322 4280 1579 4348 inquiens,
1630 4284 1774 4348 ponis

211 4363 330 4412 rita:
355 4378 376 4412 :
407 4364 494 4426 qui
521 4366 647 4416 venit
675 4366 742 4416 ad
767 4383 860 4427 me,
895 4383 993 4420 non
1024 4371 1222 4429 esuriet.
1250 4380 1296 4422 ct
1315 4372 1398 4438 qui
1427 4373 1582 4424 credit
1603 4376 1652 4423 in
1677 4389 1773 4438 me,

1893 1967 2023 2010 rum,
2056 1949 2124 2000 ita
2151 1947 2396 1999 desiderat
2437 1943 2604 1995 anima
2634 1957 2744 1993 mea
2769 1940 2833 1992 ad
2862 1949 2906 1991 te
2938 1938 3068 1990 Deus
3098 1934 3267 2006 (Psal.
3302 1933 3437 2001 xu).

1963 2039 2029 2091 Et
2053 2039 2296 2107 absterget
2319 2035 2451 2086 Deus
2475 2049 2668 2085 omnem
2685 2031 2961 2100 lacrgmam
2987 2027 3048 2081 ab
3071 2027 3228 2080 oculis
3245 2041 3437 2080 eorum.

1893 2128 2268 2184 lmmortalium
2308 2125 2493 2189 adepta
2527 2123 2848 2191 plenitudine
2890 2119 3224 2186 gaudiorum,
3271 2117 3441 2169 omnis

1893 2234 2087 2272 maeror
2137 2217 2341 2284 penitus
2389 2211 2636 2264 oblivioni
2683 2209 3037 2262 mandabitur.
3103 2205 3247 2259 Beati
3293 2205 3432 2257 enim

1837 2355 1840 2359 .
1891 2314 1974 2379 qui
1995 2309 2184 2377 lugent,
2211 2307 2448 2376 quoniant
2476 2304 2572 2373 ipsi
2601 2300 3008 2354 consolabuntur.
3061 2297 3234 2350 Potest
3263 2306 3436 2348 autent

1891 2399 2020 2454 visio
2049 2399 2200 2466 hujus
2231 2396 2396 2449 turba:
2435 2394 2639 2448 smlata:
2682 2391 2749 2443 de
2801 2388 3043 2457 prmsenti
3091 2387 3251 2441 etiam
3303 2396 3435 2436 temo

1891 2504 2017 2558 pore
2054 2486 2295 2554 intelligi,
2345 2484 2429 2536 ubi
2471 2498 2564 2546 spe
2592 2481 2718 2535 salvi
2771 2478 3137 2544 factisutuus,
3195 2483 3248 2526 et
3293 2473 3430 2540 quod

1891 2594 1993 2632 non
2041 2577 2276 2630 videmus
2322 2581 2628 2643 sperantes,
2684 2583 2774 2636 per
2805 2567 3105 2635 patientiam
3157 2572 3432 2631 exspecta-

1890 2683 2024 2722 IDUS.

2457 2749 2676 2803 CAPUT
2729 2747 2856 2800 V'lll.

1959 2849 2021 2902 Et
2048 2863 2156 2898 cunt
2188 2845 2458 2911 aperuisset
2481 2842 2699 2912 sigillum
2729 2840 3016 2909 septimum,
3045 2844 3153 2892 etc.
3201 2833 3324 2888 Post
3357 2833 3434 2886 in-

1889 2939 2099 2994 teritum
2129 2935 2430 2990 Antichristi
2463 2932 2668 3000 requies
2699 2931 3018 2998 aliqttantula
3071 2928 3236 2981 futura
3265 2926 3433 2978 credi-

1888 3040 1971 3081 tur
2001 3030 2049 3080 in
2084 3027 2337 3085 Ecclesia,
2368 3026 2432 3076 de
2459 3040 2556 3092 qua
2595 3023 2773 3074 Daniel
2807 3025 2873 3073 ita
2919 3019 3195 3085 prazrlixit:
3248 3016 3435 3069 Beutus

1887 3119 1971 3186 qui
1995 3125 2239 3182 exspectat
2269 3122 2311 3165 et
2341 3112 2556 3181 pervenit
2585 3109 2651 3161 ad
2682 3109 2784 3160 dies
2808 3108 2943 3159 mille
2969 3115 3210 3157 trecentos
3231 3107 3435 3172 triginta

1889 3210 2105 3276 quinque
2136 3205 2297 3274 (Dan.
2331 3201 2445 3267 an).
2477 3201 2620 3268 Quod
2652 3201 2833 3253 beatus
2858 3197 3208 3266 Hieronymus
3240 3196 3312 3246 sic
3343 3210 3433 3244 ex-

1888 3298 2070 3365 ponit:
2111 3315 2128 3346 ι
2165 3297 2373 3354 Beatus,
2409 3293 2597 3360 inquit,
2630 3289 2736 3357 qui,
2786 3288 3061 3342 interfecto
3093 3284 3432 3350 Antichri~to,

1887 3401 2040 3459 supra
2067 3385 2208 3438 mille
2235 3382 2486 3436 ducentos
2512 3381 2791 3449 nonaginta
2820 3378 2956 3441 dies,
3007 3377 3056 3430 id
3078 3384 3180 3443 est,
3213 3385 3318 3426 tres
3346 3389 3433 3426 se-

1888 3477 1988 3531 mis
2015 3492 2202 3540 annos,
2254 3475 2366 3528 dies
2404 3471 2742 3542 quadraginta
2793 3471 3023 3537 quinque
3079 3466 3431 3530 prtcstolatttr,

1885 3568 2073 3635 quibus
2102 3574 2180 3618 est
2213 3565 2458 3616 Dominus
2487 3573 2643 3629 atque
2679 3560 2919 3615 Salvator
2947 3559 2996 3608 in
3033 3570 3123 3606 sua
3159 3553 3433 3621 majestate

1886 3666 2153 3706 νυηιιιτης.
2187 3670 2205 3703 ι
2241 3653 2409 3717 Quare
2441 3659 2612 3703 autem
2657 3657 2775 3716 post
2820 3646 3238 3700 interfectionem
3282 3642 3434 3697 Anti-

1885 3743 1967 3794 eln
1984 3743 2065 3794 isti
2091 3741 2538 3809 quadragesimum
2563 3738 2798 3808 quintum
2822 3735 3027 3789 dierum
3050 3733 3313 3786 silentium
3342 3731 3430 3794 sit,

1885 3834 2072 3884 divina:
2102 3831 2336 3883 scientiae
2360 3841 2462 3883 est.
2509 3828 2616 3882 Nisi
2648 3830 2780 3881 forte
2810 3826 3046 3879 dicamus
3073 3841 3088 3880 :
3141 3823 3321 3875 dilatio
3351 3837 3436 3874 re-

1883 3924 1969 3989 gni
2010 3930 2333 3985 sanctorum,
2369 3920 2631 3986 patientiae
2663 3920 2902 3987 probatio
2927 3929 3026 3970 est.
3061 3917 3190 3970 Nota
3222 3916 3356 3982 quod
3384 3916 3433 3966 in

1884 4020 2030 4061 sexto
2079 4009 2251 4076 sigillo
2300 4009 2553 4058 maximas
2587 4006 2834 4058 Ecclusite
2892 4018 3181 4070 pressuras,
3219 4005 3294 4054 .in
3344 4017 3430 4053 se-

1884 4099 2048 4165 ptimo
2099 4099 2349 4164 requiem,
2392 4096 2577 4158 cernit,
2630 4097 2745 4160 quia
2798 4093 3070 4154 Dominus,
3124 4099 3273 4141 sexta
3303 4087 3428 4139 feria

1884 4189 2182 4251 cruciﬁxus,
2217 4189 2263 4239 in
2297 4187 2526 4238 Sabbato
2554 4184 2769 4252 quievit,
2801 4191 3006 4250 tempus
3032 4179 3432 4233 resurrectionis

1883 4291 2212 4347 exspectans.
2272 4279 2544 4343 llucusque
2595 4276 2658 4328 de
2709 4274 2975 4340 apertione
3015 4270 3133 4324 libri
3182 4271 3345 4322 clausi
3377 4279 3430 4324 et

1883 4389 1974 4427 sex
2011 4373 2323 4442 sigillorum.
2375 4370 2520 4422 Nunc
2555 4381 2676 4422 vero
2729 4365 3034 4434 recapitulat
3080 4363 3146 4416 ab
3196 4362 3422 4433 origine,

212 4466 315 4502 non
368 4451 506 4503 sitiet
550 4468 770 4520 unyuunt
818 4456 995 4520 (Joau.
1040 4459 1133 4526 vt).
1185 4457 1324 4510 Beati
1354 4460 1482 4510 enim
1529 4459 1612 4527 qui
1655 4476 1773 4512 esu-
1811 4497 1856 4555 υ
1883 4465 2062 4516 eadem
2095 4464 2244 4516 aliter
2273 4462 2524 4514 dicturus.

1370 4746 1664 4820 LIBER
1716 4745 2260 4824 SECUNDUS.

286 4973 354 5024 Et
385 4973 488 5023 ridi
508 4982 689 5041 septem
721 4973 925 5043 angelos
951 4983 1136 5027 stantes
1157 4976 1207 5026 iu
1235 4990 1496 5046 conspectu
1523 4980 1636 5043 Dei,
1669 4992 1773 5036 etc.

215 5063 472 5117 Ecclesia
503 5070 802 5131 septenario
829 5081 968 5128 smne
999 5082 1215 5119 numero
1247 5072 1612 5123 commendata
1645 5089 1777 5139 prce-

213 5153 500 5208 dicationis
529 5143 706 5212 cilicio
742 5155 1085 5221 mancipatur,
1117 5157 1262 5222 cujus
1288 5159 1453 5223 prima
1485 5163 1603 5214 tuba
1631 5177 1777 5215 com-

216 5262 434 5299 munem
470 5244 748 5314 impiorum
782 5245 833 5297 in
864 5246 983 5315 igne
1028 5254 1083 5300 et
1128 5249 1381 5316 grandine
1429 5251 1666 5320 designat
1697 5255 1776 5308 in-

215 5339 470 5401 teritum;
505 5337 734 5389 secunda
762 5336 1063 5403 propulsum
1110 5337 1174 5390 de
1205 5338 1442 5393 Ecclesia
1471 5341 1765 5412 diabolum,

216 5440 361 5478 mare
392 5423 582 5477 saeculi
613 5426 877 5480 ardentius
909 5426 1274 5481 incendentem
1307 5445 1321 5492 ;
1374 5433 1525 5483 tertia
1557 5432 1767 5487 lucreti-

213 5531 302 5566 cos
331 5515 576 5568 Ecclesia
607 5516 925 5584 decidentes,
979 5526 1178 5571 sancta:
1225 5520 1509 5587 Scriptura:
1557 5522 1772 5578 ﬂumina

215 5613 628 5667 corrumpentes
657 5621 670 5669 ;
715 5614 898 5674 quarta
929 5607 1181 5661 falsorum
1215 5608 1430 5661 fratrum
1462 5611 1514 5663 in
1543 5611 1771 5666 siderum

212 5693 596 5756 obscuratione
621 5698 919 5767 delectum;
971 5699 1152 5772 quinta
1200 5699 1452 5771 majorem
1487 5703 1771 5757 haeretico-

1885 5000 1997 5035 rum
2054 4985 2433 5038 infestationem
2489 4992 2694 5053 tempus
2737 4984 3041 5040 Antichristi
3099 5003 3424 5055 prtecurren-

1886 5076 2008 5128 tium
2039 5095 2052 5142 ;
2083 5089 2224 5129 sexta
2253 5086 2492 5144 apertum
2546 5078 2845 5131 Antii-hriin
2878 5086 2930 5134 et
2977 5094 3189 5132 suorum
3227 5089 3408 5132 contra

1885 5166 2166 5219 Ecclesium
2199 5166 2412 5229 bellum,
2440 5177 2491 5219 et
2513 5169 2940 5236 recapitulalione
2969 5171 3032 5220 ah
3058 5170 3276 5221 adventu
3314 5169 3414 5221 Do-.

1881 5255 2026 5318 mini,
2056 5253 2383 5306 intersertam
2410 5252 2643 5321 ejusdem
2669 5256 2948 5310 adversarii
2971 5257 3411 5322 destructionem;

1878 5347 2119 5411 septima,
2150 5343 2286 5398 diem
2317 5344 2520 5412 judcii,
2571 5362 2674 5413 quo
2713 5349 3002 5401 mercedem
3025 5346 3278 5404 Dominus
3308 5351 3414 5404 Silis

1879 5433 2196 5494 redditurus.
2237 5441 2289 5487 et
2325 5435 2764 5488 exterminaturus
2810 5446 2889 5489 est
2918 5450 3013 5492 eos
3039 5439 3126 5506 qui
3158 5453 3406 5505 corrupe-

1876 5533 1994 5576 runt
2022 5533 2234 5578 terram.

1947 5612 2010 5665 Et
2039 5615 2171 5667 alius
2192 5617 2393 5685 angelus
2415 5615 2563 5668 venit.
2592 5614 2705 5675 Non
2736 5615 2885 5681 dixit,
2921 5615 3103 5671 Postea
3135 5618 3296 5682 venit,
3326 5619 3420 5670 sed

1874 5703 2081 5771 angelos
2112 5705 2260 5757 tubas
2310 5705 2572 5773 accepisse
2624 5721 2941 5775 proponens,
2998 5706 3129 5758 redit
3159 5721 3423 5772 exjmnere
3466 5705 3477 5715 '
