3934 6222
500 291 601 345 133

919 290 1115 343 BEDJS
1160 288 1594 342 VENERABILIS
1630 286 1777 341 OPP.
1820 284 1990 340 PARS
2031 285 2066 337 ll

2176 286 2320 341 I'IC'I'.
2366 288 2402 344 I.
2432 318 2510 343 ,--
2550 288 2929 343 EXEGETICA
2972 289 3290 348 CENUINA.

3596 291 3697 350 ΗΒ

499 408 728 473 qualiter
768 405 1086 472 acceperint.
1148 404 1404 470 Quoniam
1451 404 1548 457 etsi
1594 413 1717 457 ante
1760 403 2041 456 adventum
2076 404 2118 460 A
2151 401 2330 470 (Apoc.
2377 403 2437 471 t).
2463 403 2634 458 Tertia
2684 420 2807 458 vero
2856 420 2976 473 pars
3019 406 3276 461 malorum
3326 406 3428 460 hoc
3475 416 3692 475 utroque

503 495 705 549 Domini
737 495 1054 562 prrcdicabat
1082 494 1337 561 Ecclesia,
1378 497 1469 550 sed
1511 511 1611 549 non
1645 496 1851 564 ubique,
1881 495 2048 548 donec

500 589 611 653 ejus
640 597 778 639 esset
810 586 1117 639 conﬁrmata
1145 586 1367 650 Spiritu.
1722 579 1726 584 ’

568 676 634 728 Et
660 677 793 729 stetit
815 684 934 728 ante
959 678 1121 728 altare
1143 676 1330 727 habens
1369 677 1678 728 thuribulum
1708 692 1940 730 aureum.
1999 676 2048 729 Ιιι

503 773 781 829 conspectu
811 764 1010 815 Scilicet
1034 764 1272 827 apparuit
1301 763 1569 825 Ecclesiae,
1602 763 1768 821 factus
1797 763 1908 829 ipse
1932 763 2052 815 tltu-

504 853 750 918 ribnlum,
781 869 843 906 ex
873 868 976 921 quo
1009 853 1146 906 Deus
1175 856 1390 906 odorem
1431 854 1703 906 suavitatis
1738 856 1957 920 accepit,
2000 863 2053 906 et

505 945 756 1011 propitius
785 944 949 997 factus
975 958 1050 998 εει
1085 944 1301 998 mundo.
1347 945 1458 997 Alio
1502 945 1672 997 Editio
1703 943 1858 997 habet
1885 944 2054 1008 Super

415 1072 423 1081 .
506 1051 664 1098 aram,
718 1035 855 1102 quod
905 1049 1064 1102 super
1111 1035 1275 1087 altare
1320 1035 1493 1086 crucis
1540 1035 1854 1086 tltttribnlum
1901 1048 2051 1084 suum

505 1140 741 1189 aureum,
772 1125 820 1177 id
852 1133 952 1187 est,
1001 1139 1193 1186 corpus
1223 1139 1373 1175 suum
1426 1123 1818 1174 immaculatum
1847 1133 1898 1175 et
1929 1123 2052 1190 Spi-

506 1216 602 1269 ritu
633 1224 814 1267 sancto
843 1222 1179 1277 conceptum,
1229 1213 1477 1265 obtulerit
1509 1213 1644 1265 Patri
1673 1229 1767 1276 pro
1799 1213 1968 1265 nobis.

575 1304 641 1358 Et
671 1306 790 1357 data
813 1312 928 1356 sunt
950 1306 1026 1356 illi
1055 1307 1252 1357 incensa
1278 1304 1457 1368 ntulta,
1492 1305 1594 1357 etc.
1635 1304 1706 1356 De
1732 1301 2054 1359 orationibus

517 1404 817 1447 sanctorum
847 1395 1033 1446 obtulit
1084 1395 1319 1446 incensa.
1372 1395 1469 1461 Ipsi
1502 1397 1639 1447 enim
1672 1395 1931 1463 delegavit
1958 1395 2057 1448 Ec-

507 1483 664 1537 clesia
696 1497 875 1549 preces
904 1499 1026 1536 suas
1052 1483 1263 1537 dicens:
1300 1483 1563 1552 Dirigalur
1589 1486 1747 1537 oratio
1791 1501 1900 1536 mea
1930 1485 2057 1537 sicut

507 1576 760 1628 incensum
796 1574 847 1626 in
891 1583 1156 1644 conspectu
1188 1585 1270 1627 tuo
1295 1574 1462 1645 (Psal.
1492 1576 1635 1644 οη).
1687 1576 1965 1642 Accepisse
1993 1575 2058 1628 de

508 1665 832 1718 orationibus
859 1673 1163 1719 sanctorum
1192 1666 1330 1718 idem
1353 1667 1542 1719 dicitur
1561 1677 1613 1718 et
1641 1666 1912 1726 obtulisse,
1937 1665 2055 1731 quia

2149 503 2314 547 caret.
2345 494 2507 549 Terra
2538 497 2675 550 enim
2721 497 2876 561 bona,
2929 496 3152 551 fructum
3197 500 3470 568 proferens
3509 501 3559 554 in
3609 515 3699 567 pa-

2154 586 2331 639 tientia
2365 585 2534 654 (Luc.
2567 602 2654 640 vut
2679 589 2717 653 ),
2747 588 3165 641 benedictionem
3197 591 3388 657 accipit
3417 605 3446 643 a
3477 590 3699 644 Domino

2150 668 2316 739 (Psal.
2349 671 2522 740 sitm).
2550 671 2682 725 Mala
2709 685 2884 726 autem
2912 673 3092 738 spinas
3119 682 3171 726 et
3203 675 3424 726 tribulos
3448 686 3688 743 generat,

2148 766 2298 828 cujus
2320 764 2700 818 consummatio
2722 763 2774 817 in
2795 764 3239 820 combustionem.
3271 767 3357 820 Sic
3375 775 3429 820 et
3452 769 3690 821 arborem

2152 851 2468 904 fructiferatn
2518 853 2741 919 agricola
2800 854 2955 908 Pater
2990 857 3219 921 excolit,
3277 858 3512 910 sterilem
3571 875 3695 912 vero

2151 941 2422 1005 escidens,
2455 941 2562 1009 igni
2591 942 2838 1009 pabulum
2871 944 3304 1016 przebet(;l!atth._
3330 946 3445 1013 vn).

2222 1029 2290 1084 Et
2331 1047 2474 1084 omne
2513 1033 2676 1089 fenum
2708 1033 2865 1086 viride
2901 1039 3206 1087 combustum
3244 1047 3336 1089 est.
3363 1035 3540 1091 Omnis
3573 1054 3692 1091 caro

2155 1123 2318 1190 fenum
2343 1124 2360 1188 (
2382 1121 2508 1175 lsai.
2540 1126 2646 1189 se).
2680 1139 2795 1192 quae
2826 1139 2962 1178 nunc
3005 1120 3157 1179 luxus
3186 1127 3406 1181 mollitie
3431 1131 3687 1198 saginata,

2155 1211 2267 1264 sole
2303 1211 2485 1278 judicii
2535 1211 2792 1276 fervente,
2825 1212 3006 1266 ﬂorent
3037 1214 3244 1268 decoris
3285 1218 3498 1280 amittit,
3539 1229 3607 1283 et,
3643 1232 3695 1273 ιιι

2158 1301 2406 1353 Durnium
2452 1301 2546 1363 ait,
2588 1302 2734 1354 hodie
2770 1303 2824 1354 in
2863 1319 2988 1371 agro
3028 1312 3132 1369 est,
3160 1313 3208 1358 et
3231 1321 3341 1359 cras
3361 1306 3415 1358 in
3450 1307 3694 1360 clibantmt

2156 1390 2373 1442 mittitur
2403 1389 2612 1459 (Matth.
2642 1391 2734 1459 rt).
2765 1393 3067 1462 Tycbonius
3092 1394 3157 1447 de
3188 1397 3342 1449 tertia
3367 1407 3512 1465 parte
3538 1399 3609 1452 sic
3647 1400 3695 1451 itt

2160 1479 2257 1531 hoc
2285 1479 2399 1532 loco
2431 1481 2616 1548 inquit.
2643 1481 2869 1535 Tertiam
2895 1484 3073 1538 hostes
3104 1486 3386 1539 intestinos
3417 1488 3556 1541 dicit.
3586 1489 3696 1543 Ca:-

2159 1576 2326 1621 tet-um
2371 1569 2619 1638 quidquid
2675 1574 2883 1637 pra-ter
2913 1573 3196 1626 Ecclesium
3239 1583 3341 1637 est,
3389 1577 3538 1629 tertia
3579 1593 3697 1645 pars

2162 1657 2297 1708 dicta
2328 1665 2408 1710 est
2434 1697 2450 1721 ,
2494 1669 2546 1711 et
2593 1659 2827 1711 Ecclesia
2861 1661 3012 1714 tertia
3034 1702 3049 1728 ,
3079 1677 3194 1730 qua:
3233 1675 3414 1718 contra
3442 1669 3694 1735 geminum

511 1773 603 1825 per
649 1756 815 1820 ipsum
846 1757 1077 1808 omnium
1111 1766 1327 1823 possant
1371 1770 1556 1823 preces
1595 1754 1660 1812 ad
1695 1755 1853 1805 Deum
1885 1755 2055 1805 suavi-
2089 1731 2131 1788 Β
2166 1745 2357 1797 malum
2391 1757 2604 1811 pugnet.

515 1856 596 1898 ter
626 1845 922 1910 pervenire.

588 1936 649 1988 Et
677 1937 898 1990 ascendit
927 1939 1098 2004 fumus
1121 1936 1436 1987 incensorum
1458 1933 1522 1986 de
1542 1931 1844 1986 oration'bus
1865 1941 2066 1986 sancto-

516 2044 648 2092 rum,
681 2038 780 2082 etc.
805 2012 1022 2080 Clu-isto
1047 2026 1266 2079 Domino
1304 2041 1362 2078 se
1384 2026 1608 2077 hostiam
1636 2024 1906 2078 suavitatis
1937 2023 2066 2078 olle-

515 2131 663 2174 rente
684 2119 1019 2187 compunctio
1066 2118 1239 2169 eordis
1289 2124 1588 2168 sant-turum
1615 2114 1949 2178 acceptabilis
1992 2114 2067 2165 [a-

516 2219 597 2263 cta
625 2219 724 2273 est,
773 2223 891 2274 quin
923 2208 989 2257 ab
1045 2208 1164 2272 igne
1213 2219 1435 2257 nascens
1482 2205 1687 2266 intitnu,
1737 2205 1870 2255 sicut
1897 2200 2068 2253 fumus

515 2303 648 2353 solet
677 2299 911 2351 excitare
938 2299 1218 2365 lacrytnas.

590 2390 653 2440 Et
683 2391 872 2451 accepit
898 2389 1105 2454 angelus
1152 2385 1483 2446 thuribttlum,
1515 2393 1618 2435 etc.
1668 2379 2069 2435 Bene’tbttribu-

516 2481 619 2531 lmn
653 2480 769 2544 igne
800 2478 1069 2544 impletum
1104 2476 1323 2527 inducit.
1382 2475 1498 2526 Non
1532 2476 1662 2525 enim
1691 2473 1756 2524 ad
1784 2488 2068 2523 mensuram

518 2574 602 2623 dat
632 2569 762 2621 Deus
796 2569 1041 2635 Spiritum
1073 2565 1244 2634 (Joan.
1282 2569 1383 2632 ιιι).
1414 2566 1560 2630 Quod
1596 2562 1807 2631 proprie
1833 2563 1898 2615 de
1920 2561 2069 2614 Chri-

520 2660 583 2711 sti
620 2658 935 2709 ltunzauitate
987 2657 1226 2707 novimus
1265 2655 1622 2717 adimpletum,
1673 2653 1721 2702 in
1752 2667 1851 2717 quo
1883 2651 2071 2702 habitat

519 2753 677 2801 omnis
712 2749 965 2814 plenitudo
999 2746 1284 2797 Divinitatis
1316 2745 1640 2811 corporaliter
1673 2741 1887 2804 (Culoss.
1920 2742 1999 2805 tt).

593 2839 656 2891 Et
682 2840 811 2890 misit
855 2840 902 2888 in
937 2848 1138 2890 terram.
1187 2838 1273 2889 Sic
1299 2846 1348 2888 et
1381 2834 1632 2887 Dominus
1663 2834 1712 2885 in
1751 2832 2068 2901 Evangelio:

530 2931 721 3000 Ignem,
755 2930 936 2995 ittquit,
969 2931 1076 2980 veni
1107 2932 1298 2980 mittere
1322 2931 1368 2980 in
1394 2939 1572 2980 terram
1601 2926 1748 2998 (Luc.
1785 2928 1902 2996 χιι).

594 3020 658 3071 Et
688 3023 819 3086 facta
849 3030 959 3070 sunt
984 3021 1223 3081 tonitrua,
1250 3028 1296 3069 et
1315 3034 1476 3080 voces,
1502 3028 1545 3070 et
1567 3019 1795 3084 fulgura,
1828 3028 1871 3069 et
1901 3027 2068 3069 terrte-
2095 3054 2141 3114 ε

529 3122 711 3161 motus.
760 3110 1012 3161 Touitruo
1058 3109 1480 3159 comminati’mis
1532 3123 1794 3173 superine,
1835 3119 1887 3159 et
1945 3122 2069 3159 voce

525 3199 926 3259 exhortationis,
958 3207 1011 3249 et
1035 3196 1232 3263 fulgure
1261 3197 1627 3249 miraculorum
1661 3206 1853 3249 terram
1888 3197 2068 3260 movit,

529 3289 840 3355 quibusdam
892 3289 1305 3356 insequentibus,
1353 3288 1658 3354 quibusdam
1699 3303 1822 3340 vero
1851 3303 2072 3354 sequen-

533 3381 690 3441 tibus,
725 3380 805 3432 bis
831 3381 1156 3432 dicentibus:
1194 3378 1359 3431 Bonus
1387 3389 1482 3442 est,
1537 3380 1636 3432 illis
1684 3389 1896 3432 autem:
1932 3378 2068 3443 Non,

530 3472 616 3521 sed
644 3471 832 3520 seducit
865 3470 1034 3520 turbas
1057 3469 1231 3533 (Joan.
1264 3469 1378 3535 νιι).

607 3557 671 3608 Et
698 3568 879 3624 septem
903 3560 1087 3625 angeli,
1120 3559 1204 3625 qui
1225 3558 1468 3610 habebant
1506 3567 1690 3622 septem
1720 3558 1882 3620 tubas,
1925 3575 2076 3627 para-

534 3655 708 3697 verunt
734 3661 786 3695 se
811 3655 861 3694 ut
893 3646 1007 3694 tuba
1056 3658 1304 3698 canerent.
1342 3646 1594 3706 Ecclesia,
1645 3645 1935 3711 septiformi
1966 3649 2073 3712 Spi-

538 3738 635 3789 ritu
688 3734 1004 3786 iullamtnata
1035 3771 1048 3795 ,
1102 3749 1158 3786 se
1209 3735 1272 3784 ad
1331 3732 1716 3798 prmdicandum
1773 3733 2078 3787 liducialiter

543 3824 896 3892 praeparavit,
937 3825 1155 3892 gloriatn
1201 3825 1379 3877 surculi
1424 3827 1558 3878 tubis
1598 3827 1901 3881 cmleStibns
1930 3829 2077 3896 quasi

532 3932 708 3968 lllllt'OS
733 3915 944 3969 Jcricho
973 3914 1258 3981 dejectura.
1288 3915 1413 3967 Nam
1446 3924 1500 3969 et
1530 3917 1612 3968 illa
1645 3927 1843 3985 septem
1875 3917 2075 3970 diermn

544 4003 859 4065 circumitio,
897 4013 1061 4055 tutum
1097 4004 1343 4056 Ecclesite
1371 4015 1573 4069 tempus
1601 4005 1846 4056 insinuat.

603 4089 668 4142 Et
712 4092 904 4156 primus
951 4090 1157 4155 angelus
1203 4093 1317 4142 tuba
1357 4093 1549 4144 cecinit.
1585 4091 1741 4142 Recte
1781 4091 2079 4156 praedicatio

540 4180 802 4246 plagarum
851 4180 1013 4242 tubas,
1045 4194 1158 4245 qua:
1187 4179 1390 4245 signum
1433 4180 1550 4231 belli
1582 4189 1678 4240 est,
1724 4190 2078 4246 comparatur.

537 4267 724 4318 Ea‘alta
751 4271 902 4329 enim,
929 4267 1116 4336 inquit,
1150 4268 1279 4320 sicut
1311 4268 1426 4319 tuba
1455 4284 1618 4318 vocem
1642 4277 1778 4317 tuum
1807 4279 1852 4319 et
1880 4285 2080 4321 annun-

2239 1832 2302 1884 Et
2335 1842 2570 1901 tanquam
2608 1851 2747 1888 mons
2769 1853 2984 1907 magnus
3005 1839 3109 1909 igni
3132 1841 3336 1903 ardens,
3363 1843 3537 1896 missus
3558 1846 3694 1898 estin

2166 1940 2302 1977 mare
2321 1968 2334 1991 ,
2367 1934 2468 1982 etc.
2498 1927 2780 1983 Crescente
2819 1929 3070 1997 religione
3099 1931 3395 1986 Christiana
3417 1976 3432 1999 ,
3469 1935 3695 1988 diabolus

2166 2015 2409 2082 superbia
2459 2017 2718 2084 tumidus,
2767 2028 2821 2070 et
2865 2019 2984 2086 igne
3030 2020 3110 2073 sui
3156 2021 3347 2077 luroris
3396 2022 3600 2088 ardens,
3646 2025 3692 2078 itt

2159 2101 2312 2161 mare
2338 2108 2514 2161 saeculi
2561 2108 2754 2163 missus
2781 2120 2879 2173 est,
2910 2111 3118 2166 dicente
3150 2114 3370 2168 Domino
3413 2133 3427 2169 :
3459 2117 3517 2171 Si
3545 2120 3690 2169 monti

2167 2195 2282 2247 huic
2303 2195 2568 2249 dixeritis:
2599 2196 2810 2259 Tollere,
2838 2211 2882 2252 et
2895 2203 3038 2269 jacta
3065 2212 3112 2255 te
3139 2204 3189 2254 in
3216 2220 3377 2269 mare,
3405 2206 3484 2271 fiet
3505 2204 3690 2275 (Herc.

2167 2285 2280 2353 si).
2308 2285 2420 2340 Non
2446 2287 2580 2353 quod
2609 2300 2732 2347 ante
2763 2290 2833 2344 ibi
2865 2307 2966 2344 non
2999 2293 3152 2346 fuerit
3179 2333 3193 2356 ,
3225 2295 3318 2348 sed
3351 2290 3486 2363 quod
3511 2297 3570 2349 de
3599 2297 3688 2351 Ec-

2170 2377 2329 2430 clesia
2361 2379 2661 2446 proiectus,
2696 2382 2920 2447 amplius
2963 2382 3014 2434 ιιι
3043 2397 3168 2436 suos
3207 2384 3438 2438 insanire
3460 2387 3689 2454 caeperit,

2172 2469 2306 2519 lastu
2351 2469 2642 2534 prudentia:
2678 2471 2905 2522 carnalis
2937 2482 3158 2524 tnurtem
3188 2472 3294 2526 illis
3325 2471 3562 2543 indigens
3596 2475 3696 2542 spi-

2179 2556 2438 2609 ritualem.
2470 2556 2667 2624 Sapere
2697 2559 2834 2611 enim
2875 2560 3163 2613 secundum
3195 2575 3430 2628 carnem,
3465 2578 3600 2616 mors
3623 2574 3697 2616 est

2173 2644 2344 2714 (Rom.
2397 2646 2538 2712 vnt).
2587 2645 2698 2699 Non
2747 2659 2921 2700 autem
2962 2649 3230 2716 apostolos
3260 2665 3384 2704 caro
3412 2661 3463 2704 et
3502 2653 3696 2718 sanguis

2172 2734 2368 2799 docuit,
2401 2734 2492 2787 sed
2537 2734 2692 2789 Pater
2717 2736 2804 2801 qui
2835 2745 2918 2789 est
2965 2738 3015 2790 in
3058 2740 3205 2792 ctelis
3245 2738 3466 2807 (Matth.
3499 2739 3618 2804 sin).
3647 2738 3694 2790 Ιιι

2173 2825 2258 2878 illo
2288 2826 2428 2878 enim
2477 2827 2611 2878 mari
2660 2842 2844 2880 navem
2899 2829 3017 2881 lidei
3064 2831 3312 2898 regebant
3359 2831 3491 2898 quod
3523 2829 3694 2898 plantis

2174 2914 2378 2966 Domini
2411 2930 2468 2969 se
2490 2915 2794 2969 calcabiletn
2829 2918 3073 2985 praebuit.

2242 3005 2307 3056 Et
2338 3016 2532 3057 mortua
2559 3017 2628 3059 est
2653 3009 2798 3060 tertia
2827 3025 2943 3074 pars
2973 3024 3146 3061 eorum
3165 3049 3180 3075 ,
3209 3026 3321 3079 qua
3339 3012 3574 3066 habebant
3600 3015 3696 3064 ani-

2175 3110 2280 3145 mas
2316 3095 2367 3146 in
2417 3096 2559 3146 mari.
2604 3097 2727 3160 Quae
2779 3097 2972 3151 habent
3016 3099 3218 3153 animas
3248 3102 3396 3167 dixit,
3443 3113 3493 3154 ut
3536 3113 3696 3154 ostenc

2149 3185 2322 3243 ederet
2351 3186 2497 3240 vivos
2535 3188 2878 3254 spiritualiter
2927 3201 3188 3245 mortuos.
3238 3191 3387 3246 Sicut
3428 3193 3696 3258 Apostolus

2174 3277 2238 3330 de
2285 3279 2434 3331 vidua
2483 3279 2731 3335 deliciosa
2767 3298 2778 3335 :
2813 3279 3029 3347 Vivens,
3078 3281 3279 3350 inquit,
3313 3292 3507 3335 mortua
3546 3295 3612 3335 est
3636 3281 3692 3350 (Ι

2177 3367 2306 3423 Tini.
2340 3387 2368 3422 ν
2389 3371 2428 3438 ).
3365 3360 3371 3368 ’

2249 3461 2309 3512 Et
2336 3463 2480 3514 tertia
2508 3479 2625 3529 pars
2655 3463 2852 3515 navium
2875 3465 3084 3517 interiit.
3118 3467 3230 3519 Alia
3259 3467 3426 3520 Editio
3449 3466 3656 3519 dicendo
3682 3483 3691 3516 :

2182 3570 2199 3601 ι
2233 3551 2290 3602 Et
2321 3553 2524 3603 tertiam
2560 3552 2756 3618 partem
2787 3553 2990 3605 navium
3023 3565 3390 3621 corruperunt,
3418 3574 3434 3605 ι
3465 3556 3700 3624 signiticat

2177 3639 2312 3708 quod
2348 3642 2516 3705 tertia,
2547 3656 2662 3707 quae
2710 3651 2912 3695 mortua
2943 3653 3044 3705 est,
3073 3643 3229 3696 aliam
3264 3645 3465 3696 tertiam
3494 3687 3506 3708 ,
3537 3647 3580 3698 id
3611 3656 3696 3702 est.

2183 3731 2549 3782 succedentem
2581 3730 2702 3795 sibi,
2733 3732 2976 3785 occiderit
3003 3732 3156 3786 noxia
3185 3733 3464 3789 traditione
3485 3775 3497 3798 ,
3528 3746 3572 3788 et
3599 3736 3697 3785 inu-

2187 3819 2289 3871 tilis
2320 3820 2607 3874 imitatione
2634 3822 2906 3874 doctrinm.

2253 3909 2311 3960 Et
2351 3910 2523 3961 cecidit
2563 3911 2622 3962 de
2665 3911 2786 3962 calo
2831 3911 2974 3962 stella
3024 3926 3226 3980 magna,
3269 3915 3448 3965 ardens
3488 3922 3694 3978 tanquam

2180 3999 2369 4062 factata,
2399 4007 2501 4050 etc.
2535 3997 2798 4063 llmretici,
2841 4014 2972 4064 quos
3019 3997 3182 4052 Judas
3246 4002 3696 4076 apostolusisidera

2179 4088 2497 4140 seductionis
2533 4088 2780 4155 appellat,
2825 4087 2890 4141 de
2919 4088 3146 4141 culmine
3179 4089 3426 4141 cadentes
3478 4085 3698 4140 Ecclesia:

2184 4177 2393 4230 ﬂamma
2442 4192 2549 4231 sua:
2620 4180 2864 4246 nequitiae
2903 4179 3073 4233 fontes
3125 4179 3420 4231 divinarum
3466 4187 3698 4231 conantur

2184 4270 2394 4323 inlicere
2423 4269 2828 4338 Scripturarum.
2867 4274 3100 4337 Quarum
3134 4285 3235 4322 non
3265 4284 3452 4323 sensus
3492 4281 3693 4327 tantum,

537 4360 607 4406 tia
636 4359 818 4425 populo
849 4375 954 4410 meo
984 4360 1169 4411 scelera
1211 4375 1380 4411 eorum
1410 4358 1562 4426 (lsai.
1608 4361 1773 4425 t.\'ttt).
1830 4360 1891 4411 Et
1932 4361 2074 4422 alibi,
2110 4381 2155 4439 υ
2183 4363 2273 4413 sed
2317 4371 2370 4415 et
2400 4363 2556 4414 verba
2587 4363 2783 4428 swpius
2810 4363 3056 4416 infalsare
3096 4377 3198 4415 non
3228 4362 3432 4413 timent.
3463 4355 3698 4412 Absintltii

545 4451 659 4498 tuba
691 4449 752 4497 sit
774 4449 821 4498 in
845 4460 1045 4513 gutture
1071 4458 1176 4510 tuo,
1200 4451 1338 4514 quasi
1369 4449 1539 4516 aquila
1569 4467 1718 4517 super
1739 4452 1941 4502 domum
1973 4449 2080 4503 Do-

537 4540 654 4586 mini
689 4536 844 4604 (Use.
887 4552 973 4587 νιιι
995 4537 1034 4602 ),
1070 4536 1118 4587 id
1149 4547 1228 4587 est
1258 4539 1436 4603 grandi
1470 4553 1592 4588 voce
1636 4541 1863 4604 praedita
1895 4543 2075 4593 Nabu-

538 4626 875 4676 chodonosor
903 4625 966 4675 ad
996 4624 1402 4675 destruetionem
1437 4625 1617 4691 templi
1653 4640 1949 4681 venturum.

609 4713 669 4765 Et
703 4721 835 4781 facta
863 4725 932 4765 est
973 4713 1163 4783 grando
1203 4723 1248 4765 et
1291 4714 1438 4782 ignis,
1485 4717 1640 4768 nttha
1684 4721 1944 4786 sanguine,
1979 4729 2081 4772 etc.

542 4805 756 4855 l’u'natu
805 4804 1058 4870 gebenua:
1107 4805 1524 4873 sanguinolentis
1574 4808 1820 4873 cperibus
1865 4807 2082 4872 deberi,

543 4891 945 4959 praedicatorum
978 4907 1103 4944 voce
1136 4893 1364 4946 refertur
1392 4895 1675 4948 dicentium
1711 4914 1722 4948 :
1755 4897 1833 4948 Ad
1863 4899 2086 4950 calorem

539 4983 767 5042 nimium,
798 4979 1078 5030 transibunt
1117 4985 1179 5032 ab
1209 4985 1349 5048 aquis
1377 4987 1558 5037 nivium
1584 4986 1742 5056 (Job.
1774 4989 1946 5057 utr).
1983 4990 2084 5042 [’0-

541 5081 642 5124 test
669 5069 826 5123 etiam
859 5065 1070 5119 nomine
1103 5072 1401 5136 sanguinis,
1439 5074 1546 5140 ipsa
1581 5092 1721 5128 mors
1749 5077 1939 5129 anima:
1979 5078 2088 5144 spi-

542 5161 742 5214 ritualis
784 5159 1024 5228 intelligi.
1075 5158 1218 5211 llunc
1264 5165 1791 5231 tersum’l‘ychouius
1821 5169 1898 5222 sic
1924 5181 2088 5235 espo-

544 5255 655 5306 nit:
687 5270 704 5302 t
739 5252 871 5305 facta
897 5262 977 5305 est
1004 5252 1077 5303 ita
1107 5249 1218 5316 Dei,
1249 5267 1366 5320 qua:
1396 5252 1612 5308 haberet
1644 5256 1693 5308 in
1721 5271 1776 5310 se
1802 5263 2080 5312 multorum

547 5357 744 5395 "CCCI".
787 5359 806 5393 Ι

618 5435 680 5487 Et
709 5436 851 5487 tertia
882 5451 998 5501 pars
1038 5445 1180 5487 terra:
1224 5434 1479 5489 combusta
1505 5445 1610 5496 est,
1641 5443 1743 5488 etc.
1775 5438 1892 5490 Vita
1927 5439 2089 5493 bono-

547 5540 663 5576 rum
701 5525 748 5576 itt
799 5524 1098 5578 doctoribus
1147 5525 1393 5597 consistit
1422 5534 1474 5578 et
1523 5523 1864 5596 auditoribus.
1901 5527 2082 5579 Beatus

555 5618 682 5671 enim
712 5617 794 5683 qui
823 5616 940 5686 legit
970 5619 1208 5686 (inquit)
1249 5627 1291 5671 et
1322 5619 1407 5686 qui
1450 5618 1589 5670 audit
1630 5615 1774 5669 verba
1815 5618 2089 5686 prophetia:

2185 4452 2394 4503 nomine
2424 4451 2585 4519 digni,
2620 4451 2771 4518 cujus
2821 4451 3074 4504 imtnistio
3102 4450 3330 4513 modica,
3364 4461 3595 4513 magnam
3629 4461 3698 4497 so-

2187 4541 2259 4594 let
2279 4540 2563 4592 amaricare
2593 4539 2944 4592 dulcedinem.
3124 4541 3128 4545 ’

2259 4628 2323 4680 Et
2353 4629 2495 4682 multi
2524 4624 2747 4682 homines
2778 4630 2962 4682 ntortui
2986 4636 3101 4680 sunt
3133 4629 3194 4682 de
3223 4630 3387 4697 aquis.
3421 4631 3563 4682 Multi
3591 4628 3698 4681 enim

2191 4719 2266 4786 (ut
2292 4721 2365 4771 ait
2390 4718 2690 4786 Apostolus)
2720 4727 2994 4786 sequuntur
3017 4733 3190 4770 eorum
3220 4719 3470 4782 luxurias,
3497 4735 3579 4786 per
3598 4731 3702 4784 quos

2190 4812 2267 4861 via
2295 4810 2514 4860 veritatis
2540 4807 2912 4875 blasphematur
2938 4803 3022 4871 (11
3055 4804 3194 4858 l’ctr.
3223 4805 3305 4871 ιι),
3339 4816 3506 4860 tamen
3539 4803 3702 4872 popqu

2192 4899 2302 4962 Dei,
2337 4898 2512 4968 Moyse
2541 4900 2792 4960 docente,
2825 4898 2996 4948 omnis
3022 4909 3272 4962 aquai-um
3321 4896 3453 4948 unda
3489 4892 3703 4962 potabilis

2187 4999 2286 5042 851.

2260 5077 2325 5130 Et
2371 5095 2604 5145 percussa
2653 5086 2725 5129 est
2774 5076 2919 5127 tertia
2972 5092 3090 5144 pars
3137 5076 3292 5137 solis,
3341 5084 3388 5126 et
3431 5073 3569 5125 tertia
3607 5086 3704 5137 pars

2191 5171 2321 5224 luna?
2341 5211 2354 5233 ,
2384 5181 2488 5224 etc.
2523 5171 2774 5222 Ecclesia:
2801 5168 2980 5234 decus,
3016 5170 3180 5222 instar
3210 5166 3400 5218 sideris
3428 5164 3705 5224 relucentis,

2191 5275 2283 5329 per
2311 5261 2468 5313 falsos
2505 5259 2692 5312 fratres
2724 5271 2866 5323 saepe
2894 5257 3226 5318 obscuratur,
3261 5255 3348 5320 qui
3381 5255 3462 5308 vel
3509 5256 3557 5306 in
3584 5267 3706 5322 pros-

2192 5353 2350 5418 peris,
2384 5349 2461 5403 vel
2493 5351 2542 5402 itt
2572 5349 2805 5402 adversis
2829 5350 3032 5414 seculi,
3066 5347 3237 5399 minus
3266 5358 3381 5397 eam
3410 5342 3602 5415 [algere
3627 5355 3702 5396 sua

2193 5442 2482 5495 deiectione
2511 5441 2723 5494 iaciunt.
3553 5489 3557 5493 .

2267 5534 2328 5584 lit
2356 5535 2454 5585 dici
2491 5550 2591 5585 non
2633 5533 2816 5586 luceret
2856 5548 2971 5601 pars
3001 5529 3179 5593 tertia,
3212 5538 3258 5580 et
3283 5528 3442 5591 noctis
3483 5526 3708 5582 similiter.

2193 5622 2306 5676 Alia
2337 5621 2506 5677 Editio
2533 5622 2610 5677 sic
2643 5621 2798 5696 habet
2829 5639 2838 5672 :
2875 5620 2936 5672 Et
2975 5620 3076 5673 diei
3120 5619 3263 5673 tertia
3307 5634 3423 5688 pars
3451 5621 3704 5687 appareril.
