3934 6222
175 276 275 329 157

1153 278 1590 338 -ΕΧΡιΑΝΑτιυ
1631 282 2200 342 APOCALYPSIS.—
2239 287 2363 342 LIB.
2407 289 2469 342 ll.

3281 303 3382 361 tas

3315 339 3343 357 υ

3315 339 3343 357 υ

167 400 215 442 et
249 388 411 442 noctis
438 389 689 443 similiter.
713 388 766 441 Id
796 398 895 456 est,
928 388 992 442 ad
1021 389 1119 444 hut:
1147 405 1390 459 percussa
1417 402 1499 447 est
1535 402 1591 446 ut
1626 407 1720 461 ap-
1754 396 1799 455 Α
1828 403 1912 446 tur
1941 413 1954 446 :
1988 395 2152 448 Nemo
2173 398 2295 450 dicit
2329 398 2594 452 Dominum
2621 400 2796 456 Iesum
2824 406 2922 460 nisi
2946 408 2997 462 in
3033 411 3232 480 Spiritu
3260 430 3376 468 san-

173 491 388 547 pareret
414 482 568 535 tertia
599 497 719 550 pars
749 481 850 534 diei
878 492 930 536 et
960 482 1112 536 tertia
1141 485 1312 538 noctis
1331 523 1346 549 ,
1384 499 1503 553 quae
1528 482 1722 539 Christi

172 587 225 630 et
253 591 372 642 qua:
398 574 614 628 diaboli.
641 573 719 628 Ad
744 574 864 639 hoc,
894 573 1126 643 inquam,
1161 590 1404 642 percussa
1429 585 1531 643 est,
1566 578 1614 629 id
1649 585 1729 630 est

177 668 288 719 suis
318 666 677 719 voluntatibus
705 664 918 728 tradita,
949 675 1021 730 ut,
1055 666 1468 720 redundantibus
1497 675 1550 721 et
1579 667 1723 722 inso-

179 758 501 811 lescentibns
529 758 778 825 peccatis,
813 758 864 810 in
895 772 992 812 suo
1018 765 1254 824 tempore
1281 760 1627 814 revelaretur.

242 846 310 900 Et
341 847 442 900 vidi
465 857 512 900 et
541 848 709 900 audiui
747 863 914 902 vocem
958 848 1104 901 unius
1143 849 1327 918 aquin
1373 848 1586 902 volantis
1629 865 1727 918 per

172 939 391 990 medium
420 936 564 1002 celi,
596 947 698 991 etc.
735 938 899 1006 llujus
928 941 1115 1007 aquila:
1154 954 1249 993 vos
1282 955 1374 1010 per
1402 942 1716 996 esimiorum

172 1032 225 1081 in
259 1029 488 1081 Ecclesia
512 1028 750 1095 quotidie
782 1029 1015 1096 pervolat
1039 1044 1130 1082 ora
1153 1030 1445 1095 doctorum,
1474 1046 1596 1084 cum
1629 1047 1725 1086 ne-

166 1120 388 1186 quitiam
413 1120 798 1185 haereticorum,
832 1123 1136 1177 Antichristi
1165 1125 1450 1192 saevitiam,
1475 1125 1722 1192 diemque

161 1210 349 1278 judicii
370 1251 383 1274 ,
411 1213 738 1266 amatoribus
772 1223 923 1267 terra:
953 1213 1235 1281 praedicant
1254 1216 1483 1283 graviter
1511 1215 1722 1267 adfutu-

166 1318 314 1364 rum,
349 1304 585 1356 dicentes
616 1322 628 1356 :
664 1303 726 1356 In
757 1305 1038 1359 novissimis
1082 1305 1250 1358 diebus
1287 1305 1547 1357 instabunt
1595 1316 1718 1358 tent-

162 1410 290 1462 pora
339 1395 640 1463 periculosa,
695 1407 740 1448 et
793 1405 936 1448 erunt
990 1395 1211 1450 homines
1254 1397 1441 1464 seipsos
1490 1406 1720 1449 amantes

163 1480 262 1548 (ΙΙ
307 1468 440 1538 Tim.
490 1489 604 1552 tu);
648 1495 698 1539 et
746 1483 876 1539 infra
925 1485 1216 1540 :Homines
1262 1487 1490 1556 corrupti
1533 1497 1716 1553 mente,

162 1578 366 1644 reprobi
393 1579 527 1630 circa
566 1579 715 1645 [idem
747 1579 765 1648 (
792 1570 985 1646 lbid.),
1013 1588 1065 1632 et
1091 1579 1212 1632 alibi
1245 1596 1257 1632 :
1290 1578 1432 1632 Tunc
1470 1581 1717 1632 revelabi-

165 1681 241 1721 tur
264 1670 352 1722 ille
376 1671 576 1736 iniquus
603 1673 686 1738 qui
712 1673 1002 1724 adversatur
1031 1680 1081 1725 et
1113 1672 1367 1724 extollitur
1387 1687 1542 1740 supra
1572 1687 1718 1723 omne

1830 495 1909 539 cto
1934 486 1984 556 (Ι
2009 487 2123 540 Cor.
2158 490 2275 558 stt),
2304 490 2357 543 id
2387 503 2491 554 εει,
2523 493 2755 560 perfecte
2780 505 2833 549 et
2859 513 3002 552 vere.

1899 574 1967 628 Et
1988 579 2175 631 dictum
2196 589 2266 632 est
2294 581 2395 634 illis
2425 598 2485 634 ne
2506 584 2781 638 occiderent
2808 602 2911 652 eos,
2943 600 3048 644 etc.
3074 591 3372 656 Quamlibet

1761 684 1763 686 ·
1834 667 2070 721 haeretici
2099 671 2339 724 sazculari
2381 681 2639 739 potestate
2667 673 2787 730 fulti
2819 681 3175 744 tempuraliter
3203 685 3252 734 in
3281 685 3373 738 bo-

1837 774 1934 812 nos
1953 764 2177 829 grassari
2211 764 2599 830 permittuntur,
2635 767 2863 821 animam
2896 776 3088 836 tamen,
3124 781 3178 824 ut
3209 774 3378 829 Domi-

1828 863 1924 900 nus
1963 851 2032 901 ait
2052 893 2066 916 ,
2113 852 2355 905 occidere
2385 869 2485 905 non
2517 866 2756 921 possunt.
2789 857 3020 926 Tempus
3049 861 3241 930 quippe
3269 879 3377 918 sa:-

1825 940 1928 993 culi
1972 943 2201 1010 quinque
2243 944 2534 1007 mensibus,
2585 957 2800 1013 propter
2841 952 3070 1019 quinque
3119 954 3364 1020 partitqu

1825 1045 2034 1084 sensum
2064 1047 2167 1100 quo
2192 1031 2242 1085 in
2271 1032 2367 1087 bac
2397 1033 2501 1087 vita
2527 1035 2735 1100 utimur,
2761 1038 3038 1106 significat.
3062 1042 3212 1106 Quod
3239 1059 3363 1098 vero

1824 1120 1925 1184 alia
1978 1121 2250 1174 translatio
2298 1137 2389 1176 ses
2440 1139 2648 1179 menses
2686 1128 2941 1193 continet,
2983 1129 3153 1183 eidem
3183 1133 3362 1187 sensui

1827 1220 2038 1274 propter
2065 1223 2154 1262 sex
2183 1218 2366 1264 aetates
2395 1214 2571 1266 sicculi
2595 1215 2854 1282 congruit.

1895 1298 1959 1350 Et
1987 1302 2234 1354 cruciatus
2263 1318 2431 1355 eorum
2458 1313 2512 1356 ut
2538 1307 2789 1360 cruciatus
2811 1308 2992 1376 scorpii
3012 1325 3124 1363 eunt
3146 1312 3357 1379 percutit

1824 1390 2091 1445 hominem.
2123 1393 2270 1447 Sicut
2309 1396 2545 1462 scorpius
2577 1411 2606 1450 a
2634 1400 3012 1465 posterioribus
3042 1416 3236 1456 venena
3262 1402 3366 1458 dif-

1823 1478 2031 1545 fundit,
2068 1483 2143 1535 sic
2169 1481 2410 1550 impietas
2434 1485 2688 1538 malorum
2717 1501 2746 1539 a
2776 1487 3152 1555 posterioribus
3178 1502 3356 1555 nocet,

1827 1585 1944 1624 cum
1974 1573 2358 1638 anterioribus,
2391 1573 2442 1627 id
2469 1583 2569 1638 est,
2599 1576 2810 1629 aeternis
2850 1577 3002 1631 bonis
3031 1580 3358 1646 temporalia,

1822 1677 1940 1731 qua:
1963 1673 2104 1717 retro
2133 1673 2285 1726 sunt,
2314 1664 2550 1732 praeferri
2578 1664 2732 1718 minis
2763 1665 3200 1720 blandimentisve
3220 1681 3365 1719 com-

161 1761 294 1826 quod
340 1761 524 1812 dicitur
570 1759 724 1826 Deus,
767 1771 855 1813 aut
901 1760 1036 1829 quod
1084 1761 1266 1813 colitur
1292 1757 1374 1827 (ll
1406 1758 1582 1812 Thess.
1616 1775 1649 1812 Il
1674 1760 1713 1827 ).
1753 1741 1794 1798 Β
1826 1754 1993 1819 pellit.
2038 1753 2186 1807 lluttc
2225 1756 2552 1820 scorpionem
2601 1767 2784 1809 contra
2831 1756 3098 1825 Evangelii
3147 1759 3368 1839 parabo-

165 1851 226 1904 Et
251 1851 378 1905 item
416 1869 428 1902 :
464 1851 578 1903 Dies
607 1851 809 1904 Domini
845 1852 973 1904 sicut
1000 1853 1085 1920 [ur
1119 1852 1172 1904 in
1212 1861 1359 1903 nocte
1383 1891 1397 1910 .
1430 1851 1501 1902 ita
1537 1853 1714 1905 veniet.

162 1938 285 1993 Cum
315 1942 454 1992 enim
479 1942 690 1994 dixerint
721 1955 740 1995 :
764 1940 874 1994 Pas:
900 1952 945 1993 et
980 1946 1249 2006 securitas,
1280 1953 1397 1993 tunc
1421 1939 1717 2006 repentinus

161 2032 230 2082 eis
257 2031 566 2097 superveniet
591 2033 819 2085 interitus
850 2031 898 2100 (1
932 2031 1103 2085 Thess.
1136 2035 1209 2101 v).

233 2120 310 2173 De
329 2122 526 2174 eceteris
548 2121 744 2176 uocibus
769 2124 925 2175 trium
957 2122 1269 2192 angelorum.
1305 2123 1418 2177 Non
1446 2124 1583 2194 quod
1613 2140 1711 2176 an-

160 2210 398 2279 gelorum
433 2211 570 2266 tubae
600 2211 779 2281 plagas
810 2212 1038 2268 inferant
1066 2213 1284 2277 mundo,
1315 2214 1408 2267 sed
1441 2214 1714 2269 venientes

161 2302 237 2356 vel
271 2309 521 2357 venturas
550 2317 647 2357 suo
677 2304 868 2373 quique
898 2312 1133 2373 tempore
1163 2305 1474 2373 praedicent.

753 2416 975 2471 CAPUT
1024 2416 1113 2473 ΙΧ.

227 2481 293 2535 Et
341 2485 443 2536 vidi
493 2485 690 2538 stellam
729 2484 793 2539 de
833 2487 956 2540 caelo
1000 2491 1235 2544 cecidisse
1275 2491 1326 2544 in
1369 2501 1570 2555 terram,
1605 2502 1706 2546 etc.

161 2570 393 2625 Flamma
429 2573 830 2640 baereicorum,
861 2577 927 2632 de
953 2593 1051 2647 qua
1085 2579 1262 2646 paucis
1302 2593 1706 2645 memoraverat,

161 2675 267 2727 quo
319 2660 507 2716 fut-tite
561 2664 850 2719 adoleverit
882 2671 1098 2734 exponit
1148 2686 1159 2720 :
1212 2669 1462 2737 antiquus
1517 2671 1709 2737 quippe

159 2749 357 2814 hostis,
390 2765 546 2818 quem
594 2753 849 2806 Dominus
884 2756 1009 2808 vidit
1056 2758 1201 2825 quasi
1251 2755 1426 2825 fulgur
1471 2759 1536 2811 de
1575 2759 1711 2813 caelo

156 2837 432 2893 cadentem
469 2839 630 2908 (Luc.
656 2858 684 2894 χ
712 2845 752 2910 ),
784 2843 1092 2911 blasphemo
1121 2846 1367 2916 dogmate
1392 2848 1548 2900 corda
1583 2863 1706 2901 soo-

154 2945 262 2981 rum
292 2931 540 2997 aperuit,
571 2945 770 3000 eosque
800 2935 948 3001 quasi
980 2934 1174 2987 fumum
1218 2936 1321 2988 alta
1370 2945 1578 3004 petere,
1609 2936 1702 2989 inir

157 3023 409 3089 quitatem
439 3022 491 3075 in
514 3024 779 3078 excelsum
805 3024 967 3094 loqui,
999 3027 1292 3093 perdocuit.
1517 3014 1538 3092 ί

221 3111 286 3163 Et
327 3112 556 3165 ascendit
596 3115 765 3180 fumus
793 3116 929 3183 putei
949 3154 963 3176 ,
993 3116 1122 3168 sicut
1159 3120 1327 3183 fumus
1351 3119 1571 3185 fornacis
1600 3135 1704 3171 ma-

153 3216 294 3269 gna,
329 3213 440 3255 etc.
473 3201 769 3257 Praanuntia
809 3218 1012 3272 magna:
1042 3205 1293 3271 fornacis,
1323 3207 1374 3260 id
1396 3217 1496 3270 est,
1529 3209 1704 3262 novis-

155 3293 299 3345 sima:
333 3293 756 3357 persecutionis.
806 3295 1055 3348 haeretica
1107 3294 1276 3350 fervet
1328 3296 1550 3362 insania,
1602 3313 1704 3350 non

154 3380 527 3435 imbecilliores
575 3389 799 3446 tantum,
837 3383 947 3450 qui,
978 3383 1120 3437 aeris
1171 3385 1358 3447 instar,
1391 3395 1544 3438 terrae
1573 3401 1707 3454 quo-

152 3472 436 3525 dammodo
461 3472 686 3540 emtique
711 3473 937 3526 confinia
977 3482 1228 3543 tangunt,
1254 3474 1347 3527 sed
1373 3475 1700 3528 escelsorum

150 3578 367 3631 quoque
417 3564 589 3616 lumen
635 3563 918 3618 obscurare
958 3565 1221 3630 laborans,
1266 3578 1369 3617 non
1403 3573 1576 3618 tamen
1606 3580 1702 3617 ex-

162 3652 427 3720 stinguere
470 3654 672 3706 valens.
714 3655 770 3708 In
814 3669 1051 3708 errorem
1091 3656 1229 3708 enim
1278 3656 1607 3718 inducentur,
1656 3655 1700 3708 si

159 3742 263 3796 ﬁeri
297 3752 496 3812 potest,
528 3745 685 3796 etiam
710 3742 863 3797 electi
888 3743 1094 3809 (Μαιειι.
1129 3745 1294 3810 xxiv).

220 3830 285 3883 Et
315 3833 376 3884 de
400 3834 541 3901 [unto
562 3832 788 3885 exierunt
815 3833 1019 3886 locusta
1046 3833 1096 3885 in
1125 3843 1324 3887 terram.
1353 3832 1501 3887 Sicut
1533 3833 1697 3885 sancti

155 3938 343 3990 corpus
372 3933 494 3976 sunt
522 3920 719 3978 Christi
742 3964 758 3987 ,
788 3933 840 3978 et
869 3925 1101 3980 membra
1131 3927 1198 3979 de
1226 3925 1461 3978 membro
1486 3964 1500 3986 ,
1544 3926 1618 3978 sic
1647 3936 1699 3978 et

156 4011 380 4064 membra
410 4012 644 4065 carnium
674 4012 917 4067 draconis
946 4015 1258 4068 cohaerentia
1290 4014 1386 4068 sibi
1425 4014 1524 4066 alia
1575 4029 1696 4067 nas-
1733 4060 1750 4069 -

157 4112 335 4154 cuntur
380 4118 444 4156 ex
494 4103 634 4165 aliis,
689 4103 965 4173 fumusque
1012 4104 1269 4158 haeretica!
1299 4105 1551 4161 emacitatis
1603 4121 1696 4160 ore

158 4191 427 4245 hcdentem
476 4207 749 4260 pravorum
793 4207 1008 4263 generat
1046 4199 1383 4264 superbiam.
1419 4196 1520 4262 Qui
1569 4211 1693 4251 vero

159 4282 392 4335 elationis
424 4283 658 4346 excussi,
692 4292 895 4336 terrena
927 4296 1098 4339 tamen
1127 4301 1228 4339 non
1260 4287 1531 4341 deserunt.
1561 4285 1693 4338 Nam

1827 1842 1927 1895 lam
1956 1842 2224 1910 generatio
2250 1845 2544 1910 viperarum
2570 1858 2677 1898 sua:
2700 1845 2869 1898 soboli
2894 1845 3071 1900 tradit.

1894 1932 1957 1984 Et
1988 1934 2038 1985 in
2075 1933 2244 1986 diebus
2271 1933 2374 1986 illis
2398 1943 2618 2003 quarunt
2643 1934 2864 1989 homines
2916 1945 3144 2001 mortem,
3173 1945 3219 1989 et
3271 1952 3372 1990 non

1816 2024 2062 2076 invenient
2087 2041 2218 2078 eam.
2249 2026 2488 2079 Miseram
2511 2027 2667 2079 vitam
2693 2027 2795 2080 cita
2847 2035 3014 2080 morte
3065 2026 3202 2080 ﬂuiri
3257 2041 3364 2079 ma.

1819 2119 2005 2173 lentes.
2036 2119 2181 2173 Sicut
2208 2120 2390 2173 beatus
2416 2120 2710 2188 Cyprianus
2764 2120 2864 2174 sub
2919 2119 3140 2175 Deciana
3189 2121 3360 2175 conti-

1819 2208 1959 2278 gisse
2015 2218 2326 2277 tempestate
2355 2220 2672 2279 conquestus
2701 2228 2713 2262 :
2753 2229 2772 2264 ι
2807 2209 3136 2277 \‘olentibus,
3168 2211 3357 2279 inquit,

1817 2297 1970 2361 mori,
2000 2313 2102 2351 non
2135 2298 2532 2365 permittebatur
2557 2299 2743 2353 occidi.
2783 2317 2802 2350 ι
2844 2348 2848 2350 ,

1891 2389 1958 2441 Et
1991 2389 2340 2441 similitudines
2369 2387 2675 2441 locustarum
2699 2388 2883 2441 similes
2904 2389 3041 2456 equis
3071 2389 3262 2455 paratis
3312 2389 3361 2440 in

1814 2478 2064 2547 prtelium.
2097 2478 2150 2531 ld
2179 2486 2280 2543 est,
2314 2476 2513 2532 similes
2561 2477 2862 2533 novissimis
2915 2478 3352 2544 persecutoribus.

1814 2569 1867 2621 ln
1900 2569 2191 2621 novissimo
2220 2567 2361 2620 enim
2394 2567 2554 2630 bello,
2585 2566 2723 2635 quod
2769 2565 3127 2635 descripturus
3172 2575 3255 2620 est
3303 2567 3355 2620 in

1813 2667 2064 2724 sequente
2094 2661 2298 2726 angelo,
2334 2673 2496 2726 equos
2516 2658 2643 2711 dicit
2673 2670 2922 2726 pugnare.
2970 2658 3062 2712 Vel
3107 2657 3354 2725 simplici-

1812 2758 1890 2801 ter
1918 2751 2051 2802 sicut
2079 2749 2200 2817 equi
2231 2765 2334 2802 non
2365 2749 2572 2818 propria
2605 2749 2826 2812 ratione,
2851 2748 2943 2803 sed
2976 2749 3171 2816 impetu
3221 2761 3354 2816 pra:-

1809 2843 2049 2904 sidcntis,
2083 2852 2305 2908 aguntur
2333 2843 2383 2894 itt
2414 2841 2673 2908 praelium,
2705 2841 2774 2894 ita
2804 2840 2927 2893 mali
2968 2839 3211 2893 doctores
3249 2838 3355 2891 da:-

1808 2935 2017 2986 mooico
2043 2935 2141 2987 acti
2165 2933 2364 2997 Spiritu
2395 2934 2682 2985 Eccleslam
2715 2934 3038 3000 impugnant.

1877 3024 1943 3077 Et
1972 3040 2124 3090 super
2150 3024 2317 3089 capita
2338 3038 2507 3077 earum
2525 3033 2760 3090 tanquam
2779 3035 2978 3074 corona:
3003 3020 3187 3073 similes
3208 3035 3356 3072 auro.

1809 3114 2062 3170 Seniores
2091 3113 2272 3183 viginti
2304 3124 2545 3182 quatuor,
2574 3112 2658 3180 qui
2689 3108 2810 3163 sunt
2840 3109 3094 3171 Ecclesia,
3124 3121 3348 3161 coronas

1807 3218 1993 3256 aureas
2020 3204 2230 3258 habent.
2276 3203 2362 3256 Isti
2397 3212 2570 3256 autem
2618 3200 2814 3255 similes
2857 3213 2984 3253 auro
3041 3196 3203 3252 falsos
3254 3196 3357 3251 sibi

1808 3291 2063 3361 ﬁngentes
2089 3293 2155 3347 de
2185 3292 2402 3346 victoria
2432 3292 2587 3346 stulta
2621 3291 2932 3358 triumphos.

1878 3383 1945 3436 Et
1974 3385 2126 3453 {acies
2146 3399 2317 3436 earum
2346 3383 2471 3436 sicut
2493 3383 2643 3450 facies
2671 3381 2950 3443 hominum,
2975 3388 3079 3434 etc.
3135 3378 3188 3431 In
3222 3377 3355 3453 facie

1806 3475 2036 3528 bumana
2059 3474 2444 3526 simulationem
2468 3471 2720 3532 rationis;
2746 3471 2794 3523 in
2823 3470 3030 3536 capillis
3052 3469 3350 3531 mulierum.

1807 3565 1977 3618 ﬂuxos
2004 3574 2057 3618 et
2081 3563 2407 3617 effeminatos
2433 3575 2636 3625 mores;
2668 3560 2718 3612 in
2741 3559 2984 3613 dentibus
3015 3560 3242 3624 leonum,
3267 3560 3354 3627 qui

1803 3667 1856 3711 et
1885 3656 2100 3720 laniare,
2122 3665 2175 3708 et
2204 3653 2490 3709 naturalem
2512 3652 2687 3704 solent
2706 3641 2898 3703 afferre
2925 3660 3187 3720 putorem,
3206 3664 3352 3702 men-

1806 3750 1872 3801 tis
1904 3747 2228 3802 l'erocitatem
2262 3747 2559 3813 famamque
2585 3742 2834 3797 doctrina:
2863 3707 3047 3806 mali;
3082 3741 3135 3794 in
3167 3740 3350 3794 ferreis

1809 3851 1934 3888 vero
1976 3835 2154 3890 loricis
2195 3835 2446 3886 obdurata
2495 3842 2678 3887 contra
2728 3832 2995 3885 veritatem
3046 3828 3346 3896 praecordia,

1801 3935 1965 3978 notat.
1993 3924 2092 3990 Qui
2132 3923 2632 3976 babentesformam
2660 3921 2885 3990 pietatis,
2909 3920 3148 3972 virtutem
3175 3928 3346 3972 autem

1800 4015 1913 4082 ejus
1938 4014 2255 4079 abnegantes
2281 4011 2366 4081 (II
2397 4010 2531 4065 Tim.
2560 4013 2671 4079 tu),
2707 4012 2921 4064 veniunt
2947 4010 2997 4062 in
3021 4009 3348 4063 vestimentis

1798 4110 1993 4171 ovium,
2018 4105 2332 4158 intrinsecus
2359 4113 2534 4158 autem
2560 4111 2684 4158 sunt
2713 4100 2819 4173 lupi
2859 4115 3074 4170 rapaces
3115 4100 3330 4169 (llatth.

1799 4192 1922 4262 vn).

1868 4285 1932 4338 Et
1957 4301 2054 4338 vox
2077 4286 2272 4339 alarum
2301 4301 2476 4338 eorum
2502 4284 2629 4337 sicut
2674 4299 2771 4337 vos;
2817 4296 3056 4335 curruum
3104 4296 3345 4346 equorum

155 4381 202 4424 et
229 4372 393 4426 fumus
431 4372 498 4425 de
540 4387 644 4441 quo
672 4363 978 4442 gignuntur,
1021 4377 1125 4428 alta
1170 4377 1293 4430 licet
1328 4386 1600 4444 appetens,
1634 4377 1684 4430 in
1724 4406 1770 4464 ο
1798 4376 2064 4427 multorum
2086 4375 2390 4426 currentium
2411 4375 2462 4426 in
2493 4373 2696 4426 bellum.
2728 4371 3191 4439 Espavescendum
3235 4386 3345 4424 nta-

157 4466 322 4531 seipso
353 4480 563 4533 semper
585 4466 781 4519 delicat.

223 4553 286 4606 Et
307 4557 420 4607 data
447 4565 518 4608 est
545 4554 650 4608 illis
678 4564 929 4622 potestas,
957 4567 1057 4610 etc.
1100 4559 1429 4612 Adversariis
1458 4571 1690 4628 potestao

161 4643 285 4695 tibus
328 4644 556 4697 haeretici
589 4655 982 4712 comparantur,
1014 4645 1065 4697 in
1106 4647 1236 4699 facie
1267 4648 1409 4702 velut
1453 4651 1684 4714 innocui,

161 4734 244 4784 sed
267 4734 314 4785 in
346 4733 722 4799 posterioribus
749 4748 950 4786 venena
976 4745 1268 4787 servantes.

225 4821 284 4874 Et
328 4833 631 4893 prteceptunt
674 4835 749 4877 est
792 4824 892 4877 illis
938 4839 998 4876 ne
1034 4823 1274 4876 (cederent
1321 4827 1492 4894 fenum
1536 4839 1683 4883 terras

164 4930 308 4984 neque
343 4931 484 4968 omne
514 4915 686 4968 viride.
720 4915 961 4971 Ostendit
1001 4917 1228 4970 locustas
1272 4918 1512 4971 homines
1547 4936 1685 4984 esse,

161 5021 264 5071 qua:
290 5021 390 5060 noo
420 5007 482 5058 ad
514 5004 718 5068 fenum,
764 5007 853 5059 sed
894 5007 958 5060 ad
990 5007 1226 5060 homines
1256 5007 1550 5062 mittuntur.
1588 5011 1680 5064 Fe-

131 5083 135 5092 ⁴
165 5112 276 5148 num
306 5099 440 5153 enim
472 5098 573 5150 hoc
605 5097 719 5150 loco
747 5099 1052 5166 simpliciter
1080 5099 1388 5166 accipimus.

226 5183 335 5239 Nisi
357 5199 548 5241 tantum
581 5187 802 5240 homines
827 5189 913 5249 qui
952 5205 1050 5242 nou
1073 5189 1254 5242 habent
1283 5198 1482 5259 signum
1512 5190 1605 5246 Dei
1630 5195 1682 5245 in

161 5275 391 5338 frontibus
417 5281 544 5331 suis.
571 5279 788 5348 Signum
830 5281 919 5334 Dei
949 5281 1002 5335 in
1040 5282 1301 5337 frontibus
1329 5281 1441 5337 suis
1469 5283 1544 5336 illi
1588 5285 1686 5341 ha-

163 5364 276 5419 bere
299 5365 567 5433 dicuntur,
591 5384 621 5424 a
649 5370 842 5439 quibus
868 5380 922 5425 ut
940 5384 1147 5440 oportet
1170 5375 1412 5430 habetur.
1443 5375 1676 5440 Quorum

162 5470 299 5524 supra
347 5473 620 5516 numerum
668 5465 884 5532 angelus
911 5467 997 5534 qui
1038 5466 1104 5518 ab
1149 5479 1267 5520 ortu
1308 5468 1442 5522 solis
1474 5469 1680 5537 signum

168 5548 248 5602 Dei
295 5549 392 5603 vivi
433 5554 628 5618 attulit,
685 5553 1035 5609 inviolabilem
1083 5554 1347 5623 fixumque
1398 5561 1680 5612 recensuit.

169 5635 251 5691 illo
272 5639 404 5695 enim
450 5640 532 5698 hic
563 5641 838 5699 locutionis
868 5658 1055 5714 genere
1084 5644 1154 5697 uti
1182 5645 1338 5700 voluit
1365 5691 1374 5712 ,
1405 5663 1507 5714 quo
1553 5648 1679 5704 dici-

1793 4466 1873 4534 gis
1902 4480 2055 4531 quam
2085 4464 2457 4531 exponendum
2485 4472 2587 4532 est,
2609 4463 2750 4533 quod
2777 4470 2976 4516 tantum
3025 4462 3144 4517 huic
3190 4477 3346 4515 exer-

1792 4557 1918 4611 citui
1946 4556 2082 4610 vires
2111 4565 2438 4609 accrescunt.
2466 4554 2640 4610 Primo
2664 4554 2837 4609 fumus
2861 4553 3119 4608 ascendit.
3146 4553 3339 4605 Deitqu

1794 4650 2019 4702 locustas
2045 4645 2355 4715 effert,qu:e
2394 4657 2447 4702 et
2495 4648 2637 4714 prius
2688 4646 3076 4714 scorpionibus,
3122 4654 3175 4696 et
3221 4656 3338 4696 mox

1791 4740 1938 4807 equis
1967 4736 2312 4804 leunibusque
2363 4746 2755 4804 comparantur.
2803 4737 3031 4801 Quarum
3078 4742 3132 4788 et
3178 4735 3339 4788 virtus

1789 4832 2076 4895 sufficeret,
2095 4830 2142 4883 'si
2165 4846 2267 4882 non
2297 4830 2456 4884 etiam
2483 4830 2716 4884 loricata
2746 4828 3013 4883 venirent.
3037 4827 3181 4881 Nunc
3209 4843 3334 4880 vero

1789 4926 2047 4988 volatiles,
2078 4933 2131 4978 el.
2154 4923 2394 4976 curribus
2420 4923 2662 4975 dicuntur
2706 4920 2910 4976 similes
2964 4934 3081 4975 esse
3128 4919 3328 4972 bellan-

1791 5015 1948 5068 tibus.

1855 5102 1922 5154 Et
1950 5101 2193 5154 habebant
2225 5101 2414 5153 caudas
2439 5100 2627 5154 similes
2655 5101 3001 5168 scorpionum,
3035 5107 3142 5152 etc.
3188 5098 3335 5152 Sicut

1786 5195 2023 5261 scorpius
2047 5193 2304 5261 palparido
2335 5192 2544 5257 incedit,
2572 5193 2665 5247 sed
2704 5191 2869 5246 cauda
2901 5189 3038 5255 ferit,
3074 5192 3142 5243 ita
3193 5189 3330 5243 frauo

1787 5285 1996 5338 duleuta
2026 5286 2282 5352 pernicies
2303 5284 2560 5337 malorum
2589 5281 2772 5336 blanda
2802 5289 2852 5333 et
2877 5278 3085 5332 innoxia
3115 5280 3164 5332 in
3195 5280 3327 5332 facio

1784 5381 2008 5444 videtur,
2052 5381 2146 5435 sed
2199 5381 2321 5434 dum
2368 5379 2574 5433 occulte
2625 5376 2851 5447 perimit,
2883 5376 3040 5446 quasi
3107 5375 3326 5437 latenter

1785 5479 2002 5522 mortem
2026 5469 2198 5522 trahit.

1852 5555 2024 5610 Potest
2052 5574 2224 5612 carum
2250 5574 2423 5613 nocere
2449 5559 2729 5618 hominibus
2762 5555 3009 5612 mensibus
3037 5569 3146 5608 sex.
3181 5554 3323 5609 llanc

1785 5649 1938 5704 vitam
1987 5663 2167 5704 rursus
2196 5649 2442 5717 insinuat,
2469 5650 2554 5705 ubi
2587 5658 2757 5720 potest
2785 5649 2956 5702 valere
2990 5644 3320 5700 mendacium
