3934 6222
580 367 677 420 κς)

1027 364 1226 418 ΒΕἰὶτΕ
1266 364 1705 419 VENERABILIS
1743 367 1886 420 OPP.
1932 367 2102 421 PARS
2142 366 2202 419 li.
2245 364 2432 420 SECT.
2468 368 2504 421 1.
2530 398 2595 409 --
2620 358 2994 423 EXECETICA
3034 371 3344 426 GENUIN.\.

3660 376 3747 429 160

578 480 654 531 vel
678 477 741 529 ad
765 475 1068 542 capiendum
1098 475 1419 540 inutiles,vel
1452 476 1513 526 ad
1544 476 1880 528 cruciandum
1916 488 2114 542 tetnpoo
2149 482 2190 533 Λ
2223 474 2440 527 ministri
2491 490 2612 527 vero
2636 476 2930 528 novissima:
2963 478 3302 543 tempestatis,
3326 477 3461 545 quod
3510 478 3665 532 dictis
3707 493 3749 533 ct

577 569 756 619 raliter
785 566 1097 629 spirituales.

642 652 709 706 Et
740 654 977 705 habebant
1007 669 1155 720 super
1181 668 1231 705 se
1258 667 1419 719 regem
1446 652 1676 719 angelum
1728 651 1917 719 abyssi.
1980 651 2116 704 Deus

575 758 778 796 summe
835 745 999 795 bonus
1057 742 1180 794 licet
1245 741 1502 805 occultis,
1566 740 1721 806 justis
1791 751 1962 793 tamen
2031 742 2116 809 jn~

573 834 721 886 diciis
789 849 1073 902 congruum
1139 833 1325 886 talibus
1392 832 1629 897 angelum
1695 846 1917 898 prresse
1991 847 2113 899 per-

575 924 733 976 misit.

648 1029 736 1083 Vte
762 1047 913 1082 unum
939 1030 1079 1094 abiit,
1112 1040 1154 1081 et
1177 1046 1284 1081 ecce
1313 1032 1509 1083 veniunt
1542 1032 1706 1081 adhuc
1735 1034 1835 1081 duo
1862 1046 1950 1083 rw.
1974 1031 2114 1092 Quo-

575 1106 709 1171 niam
737 1120 831 1169 tria
868 1133 947 1170 vae
984 1129 1198 1170 ventura
1224 1120 1551 1185 pra'daerat,
1584 1122 1765 1170 horum
1800 1135 1934 1171 nunc
1955 1136 2113 1171 unum

575 1210 624 1260 in
656 1209 897 1262 liwretica
926 1209 1101 1260 fraude
1127 1210 1233 1276 jam
1262 1209 1485 1269 venisse,
1518 1209 1620 1258 duo
1672 1220 1843 1259 autem
1895 1219 2108 1272 restare,

574 1306 847 1359 memorat,
880 1312 991 1361 quae
1024 1297 1071 1349 in
1107 1308 1339 1362 tempore
1369 1298 1671 1349 Antichristi
1701 1305 1755 1350 et
1786 1299 1835 1349 in
1868 1298 1952 1351 die
1973 1298 2114 1368 judi-

570 1388 633 1438 cii
658 1397 778 1440 sunt
801 1386 971 1439 latura
1006 1386 1282 1453 perversis.

642 1496 702 1548 Et
722 1508 887 1550 sextus
912 1498 1117 1567 angelus
1149 1499 1263 1547 tuba
1292 1497 1489 1560 cecinit,
1515 1506 1616 1549 etc.
1666 1497 1857 1550 Sextus
1896 1498 2110 1564 angelus

569 1585 939 1650 prmdicatores
971 1584 1241 1637 novissimi
1268 1586 1569 1639 certaminis
1590 1588 1856 1653 exprimit,
1888 1588 1975 1652 qui
2009 1600 2121 1638 mo-

570 1686 723 1727 nente
756 1674 1059 1741 Evangelio,
1090 1674 1301 1726 fraudes
1327 1677 1572 1742 detegunt
1622 1676 1947 1729 Antichristi.
1981 1680 2110 1727 Cor-

569 1778 670 1814 nua
715 1762 906 1829 quippe
934 1763 1114 1815 altaris
1154 1764 1295 1816 aurei
1349 1764 1626 1832 Evangelia
1678 1774 1799 1816 sunt
1855 1764 2104 1817 Ecclesia!
2141 1796 2184 1855 Β

570 1853 979 1919 prreeminentia.

640 1963 786 2015 Solve
809 1972 1017 2029 quatuor
1046 1964 1265 2031 angelos,
1298 1974 1403 2017 etc.
1451 1966 1707 2030 Quantum
1760 1965 1925 2018 hostis
1975 1966 2106 2017 anti-

567 2069 697 2121 quus
723 2068 841 2106 cum
867 2055 1321 2108 satellitibususuis
1351 2058 1398 2109 in
1432 2058 1532 2107 line
1580 2057 1756 2109 mundi
1812 2056 1881 2109 sit
1931 2056 2109 2109 Eccle-

568 2147 697 2197 siam
738 2158 1124 2212 persecuturus,
1158 2148 1369 2211 indicat,
1403 2150 1535 2216 quia
1574 2157 1804 2215 tempore
1834 2148 2108 2200 dominica:

568 2238 819 2302 passionis
844 2238 893 2288 in
922 2237 1080 2290 corde
1103 2239 1334 2290 reclusus
1359 2238 1657 2303 impiorum,
1690 2253 1754 2290 ne
1785 2239 1917 2290 hanc
1946 2252 2109 2304 quan-

567 2336 673 2376 tum
697 2327 818 2377 velit
860 2335 1062 2389 nocmt,
1087 2326 1258 2377 divina
1284 2330 1511 2393 potentia
1540 2326 1850 2377 refrenatur.
1880 2326 2111 2391 Euphra-

569 2422 645 2465 tes
669 2415 829 2478 enim,
854 2415 939 2480 qui
966 2412 1151 2465 ﬂuvius
1182 2423 1260 2466 est
1316 2411 1637 2481 Babyloniae,
1668 2414 1913 2466 mundani
1965 2416 2108 2481 regni

568 2504 849 2569 potentiam
880 2513 931 2554 et
970 2513 1359 2569 persecuturum
1394 2506 1592 2557 indicat
1641 2506 1827 2559 undas.
1885 2505 1984 2558 Iste
2030 2514 2110 2558 est

568 2606 715 2642 mons
746 2606 984 2657 magnus,
1015 2606 1165 2659 quem
1194 2595 1311 2660 igne
1338 2594 1553 2648 ardente
1602 2596 1650 2646 in
1694 2609 1838 2647 mare
1893 2596 2106 2648 missum

564 2670 893 2748 prtcdixerat.

634 2786 695 2838 Et
721 2790 871 2840 soluti
894 2798 1009 2840 sunt
1037 2799 1251 2856 quatuor
1276 2792 1464 2858 angeli.
1491 2792 1631 2844 More
1657 2793 1964 2859 prophetiae,
1992 2808 2107 2858 qure

562 2876 711 2929 nohis
735 2886 948 2929 ventura
976 2879 1230 2945 designat,
1265 2881 1374 2945 ipse
1413 2882 1543 2932 facta
1600 2882 1740 2933 videt
1794 2886 1842 2934 in
1893 2884 2101 2950 spiritu.

564 2968 795 3028 Quatuor
821 2982 942 3017 vero
968 2968 1095 3018 dixit
1117 2970 1348 3034 angelos,
1377 2984 1440 3023 eo
1466 2972 1599 3037 quod
1619 2972 1668 3023 in
1694 2975 2103 3039 quatuormundi

564 3053 847 3120 partibusil
875 3052 907 3083 ‘
934 3058 1222 3121 persecutio
1262 3057 1327 3108 sit
1377 3061 1641 3112 smvitura.
1691 3062 1749 3112 lli
1798 3071 1919 3113 sunt
1963 3060 2100 3115 enim

2221 564 2381 631 signis
2403 565 2642 627 suadent,
2669 566 2765 618 hoc
2786 568 2941 618 etiam
2975 568 3142 632 pinnis
3180 580 3513 634 extorquent.

2292 651 2356 703 Et
2384 654 2444 704 de
2462 670 2548 706 ore
2569 655 2797 721 ipsorum
2813 656 3032 719 procedit
3055 657 3182 725 ignis
3205 667 3247 707 et
3270 660 3439 723 fumus
3460 668 3505 709 et
3527 661 3744 729 sulphur.

2224 740 2464 793 Ostendit
2491 740 2629 807 quod
2662 756 2752 809 pro
2797 741 2935 794 futito
2987 742 3321 812 byacintlmm
3376 746 3598 800 dixerat.
3648 750 3745 801 Non

2216 840 2388 884 autem
2438 834 2709 900 perspicue
2752 833 2848 886 ista
2893 843 3086 887 exeunt
3140 835 3203 887 de
3247 848 3337 887 ore
3384 836 3634 903 ipsorum,
3662 842 3745 890 sed

2218 921 2368 973 noxia
2431 914 2795 987 praedicatione
2844 939 3049 991 ptenam
3095 925 3195 977 sibi
3247 927 3460 995 suisque
3510 942 3745 994 generant

2216 1013 2555 1065 auditoribus.
2587 1012 2870 1066 Producam
2900 1016 3049 1079 enim,
3078 1016 3261 1083 inquit,
3295 1017 3458 1084 ignem
3489 1022 3548 1068 de
3596 1022 3744 1071 medio

2218 1107 2309 1168 tui,
2334 1106 2419 1169 qui
2448 1108 2669 1158 comedat
2701 1116 2764 1159 te.
2797 1107 2984 1175 (Ezeclt
3020 1109 3233 1176 uvm).

2295 1193 2516 1246 Potestas
2547 1196 2678 1248 enim
2706 1212 2940 1263 equorum
2968 1196 3018 1249 in
3048 1213 3154 1259 ore,
3182 1206 3228 1249 et
3258 1200 3308 1248 in
3334 1199 3511 1251 caudis
3561 1216 3739 1253 eorum.

2216 1281 2265 1332 Id
2302 1292 2401 1344 est,
2440 1283 2488 1334 in
2520 1298 2762 1337 sermone
2782 1294 2833 1337 et
2857 1284 3066 1349 ofﬁcio;
3099 1285 3347 1352 propheta
3375 1288 3512 1339 enim
3560 1289 3741 1341 docens

2214 1370 2559 1436 mendacium,
2590 1371 2702 1439 ipse
2744 1381 2824 1425 est
2867 1374 3050 1425 cauda.
3100 1373 3197 1437 Qui
3252 1384 3450 1440 partem
3500 1376 3742 1441 quodam-

2213 1460 2365 1510 inodo
2389 1474 2580 1512 cwcam
2610 1468 2665 1513 et
2700 1462 3013 1514 immundam
3043 1463 3229 1530 lingua:
3260 1464 3308 1517 bl
3329 1464 3573 1522 indientis
3605 1468 3739 1519 volu-

2213 1550 2411 1602 bilitate
2434 1552 2679 1617 contegit,
2710 1552 2889 1603 dicens
2919 1551 3075 1619 impio
3102 1570 3113 1603 :
3143 1552 3315 1604 Bonus
3342 1568 3421 1607 es.

2283 1638 2419 1690 Nam
2443 1650 2486 1692 et
2515 1642 2686 1694 cauda:
2713 1657 2887 1693 eorum
2908 1641 3093 1694 similes
3122 1643 3444 1710 serpentibus,
3475 1651 3576 1697 etc.
3608 1644 3735 1696 F.:l5t

2211 1730 2451 1783 doctores
2505 1733 2701 1797 antiqui
2755 1724 3167 1798 serpentis,qui
3217 1732 3478 1785 hominem
3522 1732 3738 1800 decepit,

2212 1820 2430 1879 similes,
2462 1819 2751 1885 principum
2807 1820 3094 1887 patrocinio
3148 1818 3282 1883 fulti,
3310 1822 3531 1889 amplius
3561 1820 3743 1873 nocenf

2211 1921 2364 1975 quam
2394 1908 2434 1959 si
2462 1909 2573 1958 snlo
2603 1921 2842 1958 sermone
2890 1908 3189 1961 suaderent.
3242 1908 3417 1974 Sedet,
3456 1910 3633 1976 inquit,
3690 1911 3739 1961 in

2213 1995 2409 2046 insidiis
2438 2011 2549 2047 cum
2576 1996 2808 2047 divitibus
2840 1994 3005 2065 (Psnl.
3040 2002 3114 2059 ι).

2280 2083 2344 2134 Et
2369 2087 2530 2136 atteri
2559 2085 2778 2138 homines
2808 2086 2889 2147 qui
2919 2101 3015 2138 non
3046 2094 3157 2137 sunt
3181 2086 3326 2139 occisi
3357 2086 3410 2138 in
3456 2086 3530 2139 his
3558 2086 3735 2155 plagis,

2210 2184 2312 2227 etc.
2338 2175 2466 2239 Quia
2487 2174 2643 2227 Ialsos
2661 2174 2985 2227 Christianos
3006 2187 3056 2226 et
3080 2175 3354 2227 luereticos
3378 2175 3735 2242 descripserat,

2214 2276 2369 2323 nunc,
2404 2271 2667 2328 utcorpus
2713 2276 2866 2315 omne
2911 2263 3099 2316 diaboi
3138 2264 3737 2332 circumscribat,genti-

2212 2351 2339 2402 lium
2366 2364 2571 2418 quoque
2592 2362 2969 2403 commemorat
2993 2366 3245 2415 errorem,
3269 2354 3454 2420 quibus
3476 2355 3590 2406 nihil
3620 2368 3735 2422 pro-

2210 2439 2323 2490 dest
2354 2438 2436 2491 his
2471 2439 2632 2505 plagis
2661 2454 2766 2491 non
2798 2440 2991 2503 occidi,
3017 2455 3131 2493 cum
3149 2453 3358 2494 constet
3381 2456 3468 2494 eos
3496 2443 3541 2494 in
3562 2443 3734 2509 gentili

2210 2539 2329 2582 tunc
2358 2543 2563 2595 quoque
2593 2529 2871 2593 perdurare
2902 2530 3121 2580 malitia.
3169 2528 3345 2596 Neque
3372 2531 3506 2582 enim
3557 2531 3602 2581 in
3652 2532 3733 2585 illa

2209 2615 2573 2684 persecutione
2599 2625 2849 2683 cogentur
2873 2617 3095 2684 gentiles
3120 2618 3433 2683 supradictis
3456 2622 3733 2672 consentire

2208 2704 2299 2756 sed
2337 2706 2385 2756 in
2417 2720 2509 2757 Sua
2540 2707 2900 2757 incredulitate
2926 2709 3235 2758 morientur.

2279 2791 2341 2842 Et
2370 2809 2466 2843 non
2485 2802 2685 2861 egerunt
2712 2794 3044 2861 paenitentiam
3075 2796 3134 2847 ab
3176 2797 3453 2849 homicidiis
3486 2799 3603 2860 suis,
3630 2808 3726 2850 etc.

2208 2884 2651 2950 lmpimrcligioni
2705 2885 2969 2952 improbos
3019 2886 3174 2937 etiam
3223 2901 3396 2939 mores
3438 2887 3725 2953 adjungunt.

2208 2972 2473 3039 Descripta
2503 2974 2808 3027 Antichristi
2844 2975 3059 3038 saevitia,
3094 2976 3154 3026 ad
3186 2976 3553 3027 ostendendam
3599 2976 3729 3041 ejus-

2208 3064 2324 3115 dem
2359 3068 2556 3115 rninam
2589 3080 2732 3116 more
2755 3079 2849 3116 suo
2870 3066 3138 3116 exordium
3168 3064 3451 3117 nativitatis
3474 3064 3653 3116 Christi
3682 3072 3731 3117 ct

561 3156 691 3207 quos
716 3145 953 3221 superius
982 3145 1109 3196 vidit
1138 3144 1189 3197 in
1220 3156 1443 3212 quatuor
1470 3151 1668 3216 angulis
1698 3159 1850 3201 terrm
1881 3162 2097 3213 stantes,
2132 3124 2176 3185 Ο
2210 3156 2426 3220 gloriam
2452 3153 2761 3219 recapitulat
2791 3153 3058 3205 Ecclesiae.

564 3240 617 3282 et
639 3241 846 3296 prapter
872 3232 1249 3300 consignandos
1274 3235 1362 3287 Dei
1389 3252 1568 3289 servos
1597 3252 1623 3288 a
1661 3248 1812 3291 terrae
1842 3242 2102 3308 marisque

563 3317 777 3371 laesione
808 3320 1109 3385 prohibitos.

634 3410 731 3470 Qui
757 3411 920 3478 parati
939 3420 1079 3463 erant
1102 3412 1151 3463 in
1175 3412 1369 3477 horam,
1404 3425 1447 3467 ct
1475 3415 1626 3480 diem,
1654 3428 1698 3469 et
1726 3433 1966 3483 mensem,
2000 3430 2102 3472 etc.

565 3499 772 3564 Maligni
798 3501 1032 3564 Spiritus,
1062 3504 1147 3568 qui
1185 3504 1400 3569 singulis
1443 3504 1684 3558 horarum
1714 3515 1767 3559 et
1812 3520 2100 3577 temporum

566 3590 843 3640 momentis
865 3590 1142 3641 humanam
1175 3592 1406 3644 esuriunt
1438 3605 1681 3659 mortem,
1709 3609 1828 3649 tunc
1855 3601 1915 3649 ad
1950 3615 2099 3651 exer~

566 3679 781 3728 rendam
807 3680 1091 3746 Ecclegiam
1121 3690 1414 3747 opportune
1446 3684 1693 3749 perdendi
1743 3688 1956 3739 liberius
2006 3704 2101 3740 sa:-

562 3768 675 3817 vire
706 3768 1089 3831 permittuntur.
1124 3771 1255 3832 Quid
1306 3784 1477 3825 autem
1510 3783 1658 3838 putas
1687 3777 1840 3827 soluti
1891 3778 2097 3842 facient,

561 3854 643 3917 qtti
678 3861 872 3904 tantum
899 3871 1034 3908 nunc
1061 3869 1248 3909 nocent
1276 3862 1448 3926 ligati?

633 3939 696 3992 Et
729 3958 960 3995 numerus
998 3948 1235 4012 equestris
1280 3942 1522 4001 exercitus
1566 3952 1709 4005 vicies
1757 3955 2104 4017 mil/iesdena

562 4032 746 4083 millia.
781 4034 872 4084 llic
904 4050 1147 4088 numerus
1176 4036 1532 4103 duplicitatem
1583 4041 1816 4094 dolosam
1872 4048 2101 4112 perversi

564 4122 799 4184 designat
846 4124 1130 4176 exercitus.
1166 4127 1311 4187 Quod
1353 4128 1452 4178 alia
1484 4131 1840 4195 translatione,
1872 4138 1989 4199 quae
2025 4136 2105 4187 di-

560 4207 630 4256 cit
658 4206 728 4258 bis
778 4211 1029 4275 myriades
1074 4216 1377 4281 myriadum,
1432 4217 1630 4274 facilius
1676 4228 1856 4278 sentiri
1906 4238 2101 4292 potest;

561 4296 695 4348 hunc
727 4307 903 4351 autem
941 4316 1215 4355 numerum
1263 4307 1556 4373 evangelica
1607 4325 1812 4375 qunque
1862 4315 2101 4378 parabola

561 4387 776 4449 opponit
808 4392 910 4455 regi
942 4390 1148 4442 hahenti
1179 4392 1359 4444 decem
1402 4397 1558 4446 millia
1616 4397 1821 4464 (Matth.
1860 4406 1952 4470 tv),
1988 4415 2100 4457 tan-

563 4496 714 4544 quam
749 4482 1000 4532 malorum
1046 4482 1320 4547 duplicitas
1349 4485 1570 4551 simplici
1606 4489 1721 4539 tidci
1752 4490 1939 4543 Christi
1974 4495 2103 4548 resi-

564 4580 686 4629 Hui,
711 4572 789 4619 cui
822 4553 981 4621 millia
1012 4564 1229 4622 manum
1261 4574 1574 4638 ministrant,
1607 4590 1657 4629 et
1706 4581 1885 4633 decies
1916 4584 2102 4636 millies

560 4667 777 4709 tentena
808 4658 961 4708 millia
994 4660 1241 4710 assistunt
1279 4660 1436 4726 (Dan.
1471 4668 1580 4727 vn).

632 4771 695 4823 Et
723 4774 797 4845 ita
820 4772 922 4825 vidi
944 4788 1093 4840 equos
1120 4772 1169 4825 in
1197 4774 1459 4836 risione,et
1480 4777 1562 4840 qui
1583 4778 1813 4831 sedebant
1833 4798 1978 4848 super
1994 4799 2097 4847 eos,

562 4871 665 4911 etc.
708 4861 934 4926 Spiritus
982 4862 1187 4929 maligni
1227 4877 1447 4931 quorum
1496 4866 1741 4919 cordibus
1786 4870 2100 4935 prmsideut,

561 4963 740 5000 eorum
771 4959 889 4999 sunt
916 4952 1082 5013 poenis
1110 4952 1305 5004 amicti.
1339 4952 1583 5019 Legimus
1633 4956 1771 5007 enim
1820 4957 2099 5013 adorantes

562 5040 781 5091 bestiam
812 5039 928 5102 igne
949 5050 1000 5089 et
1024 5040 1271 5106 sulphure
1297 5046 1642 5111 torquendus,
1679 5056 1728 5097 rt
1759 5046 1953 5099 fumum
1991 5060 2099 5100 tor-

565 5141 857 5181 mentorum
884 5142 1061 5179 eorum
1096 5130 1143 5179 in
1194 5134 1379 5183 smeula
1432 5138 1736 5187 saeculorum
1788 5141 2097 5190 ascendere.

564 5217 691 5268 Nota
716 5216 851 5283 quod
885 5218 932 5268 in
966 5217 1110 5283 plaga
1134 5217 1447 5272 locustarum
1481 5239 1581 5275 non
1612 5239 1667 5275 se
1694 5225 1822 5277 dixit
1874 5229 2101 5293 equites,

565 5304 655 5357 sed
684 5322 843 5373 equos
868 5316 1065 5360 tantum
1093 5308 1304 5360 vidisse.
1339 5310 1429 5361 llic
1454 5314 1596 5363 enim
1641 5318 1938 5382 magnitudo
1988 5334 2103 5383 per-

564 5398 884 5447 secutionum
917 5409 1146 5464 apertam
1175 5401 1451 5453 contraria:
1480 5404 1684 5454 virtutis
1715 5409 1936 5458 ostendit
1970 5424 2102 5472 prac-

567 5486 805 5557 sentiam.
839 5485 1067 5552 Denique
1100 5489 1181 5541 hic
1211 5501 1379 5556 capita
1404 5492 1635 5554 leonum,
1661 5493 1763 5543 illic
1796 5508 1919 5545 vero
1944 5496 2102 5547 facies

565 5578 774 5643 quidem
804 5577 1048 5639 humana,
1082 5579 1171 5631 sed
1202 5580 1386 5633 dentes
1422 5592 1623 5634 tantum
1664 5594 1785 5636 sunt
1838 5584 2095 5638 bestiales.

565 5670 693 5731 Quia
722 5684 861 5738 sa‘pc
908 5668 1141 5723 hazretici
1188 5670 1380 5739 aliquid
1438 5674 1768 5727 humanitatis
1817 5686 2097 5735 ostentant,

2804 3293 3026 3350 CAPUT
3066 3282 3131 3350 x'.

2280 3424 2339 3475 Et
2370 3425 2467 3477 t-idi
2493 3426 2646 3476 alium
2676 3424 2905 3494 angelum
2928 3425 3125 3492 fortem,
3157 3427 3525 3479 descendentem
3554 3428 3609 3480 de
3636 3442 3720 3478 εω-

2205 3516 2527 3577 lo,amictnm
2568 3517 2737 3569 nube-
2771 3515 3021 3568 Dominus
3067 3519 3235 3583 magni
3279 3518 3478 3569 COIISiili
3529 3518 3724 3582 angelus

2205 3608 2468 3658 «lt-scendit
2503 3609 2564 3657 de
2613 3611 2765 3667 caelo,
2800 3609 2937 3660 nuhe
2988 3612 3159 3660 carnis
3215 3611 3451 3661 amictus.
3502 3608 3636 3661 Sicut
3680 3616 3725 3657 ct

2207 3700 2366 3747 Isaias
2393 3698 2496 3747 ait:
2531 3695 2658 3747 Erce
2689 3696 2928 3747 [laminas
2958 3699 3177 3748 ascendit
3198 3713 3347 3764 super
3378 3701 3543 3747 nubem
3566 3698 3721 3759 levem,

2204 3794 2245 3832 et
2273 3784 2571 3851 ingredietur
2604 3782 2882 3853 ngyptunt
2912 3782 3058 3849 (1ιαὶ.
3094 3786 3199 3848 ιιι)
3222 3825 3234 3847 ,
3268 3794 3312 3836 et
3361 3788 3447 3837 iris
3484 3786 3530 3836 in
3582 3788 3725 3852 capt}:

2207 3875 2333 3940 ejus.
2376 3873 2521 3926 Circa
2568 3876 2728 3925 honos
2768 3874 3147 3942 propitiationis
3187 3875 3461 3940 promissio
3503 3888 3723 3939 perseveo

2204 3980 2345 4016 rans.

2269 4054 2343 4106 'Et
2373 4056 2527 4125 facies
2556 4056 2664 4125 ejus
2693 4066 2797 4106 erat
2824 4065 2874 4106 ut
2902 4056 2996 4119 sol,
3032 4065 3131 4105 etc.
3163 4055 3315 4107 Facie
3348 4055 3541 4105 Domini
3569 4054 3723 4104 clare-

2202 4152 2405 4205 scente,
2438 4144 2607 4207 idest,
2637 4144 2749 4207 ejus
2776 4144 2954 4193 notitia
2984 4157 3076 4207 per
3104 4143 3499 4194 resurrectionis
3527 4144 3722 4209 gloriam

2206 4233 2555 4294 maniie~tata,
2590 4239 2745 4297 pedes
2775 4232 2912 4283 illius
2938 4246 3096 4298 super
3119 4239 3322 4283 montes
3345 4233 3601 4296 evangelia
3620 4229 3722 4279 ~tori

2205 4330 2256 4373 et
2283 4321 2632 4373 annuntiaturi
2675 4335 2851 4386 pacem
2876 4322 3049 4387 (liam.
3084 4324 3159 4387 ι),
3192 4322 3309 4388 igne
3351 4330 3469 4371 sunt
3513 4320 3716 4383 Spiritus

2207 4411 2370 4464 saneti
2423 4410 2681 4472 illustrati,
2730 4418 2781 4462 et
2809 4411 2968 4462 instar
2993 4410 3246 4462 columine
3279 4411 3483 4459 tirmati.
3515 4406 3717 4459 lacubus

2206 4503 2343 4555 cnim
2376 4511 2427 4554 et
2453 4501 2657 4568 Cepltas
2683 4508 2736 4553 et
2764 4499 2988 4553 Joannes
3016 4500 3273 4552 columna:
3297 4498 3595 4550 videbantur
3640 4496 3721 4545 tic-

2203 4590 2376 4641 clesia‘.
2406 4602 2543 4641 es~c.
3228 4628 3235 4633 .

2272 4678 2338 4729 Et
2350 4676 2558 4728 habebat
2572 4678 2620 4727 in
2638 4691 2784 4728 manu
2800 4690 2893 4726 sua
2906 4674 3125 4726 libellum
3138 4683 3381 4740 apertum.
3404 4672 3495 4725 llic
3509 4681 3584 4724 est
3608 4672 3722 4722 lilier

2202 4786 2356 4839 supra
2382 4778 2918 4837 memoratos,quem.
2951 4768 3151 4820 diutino
3202 4769 3428 4835 tegmine
3481 4767 3715 4825 clausum,

2206 4859 2404 4912 Domini
2431 4860 2635 4911 tandem
2660 4861 2821 4925 gratia
2854 4861 3124 4921 reseravit,
3146 4868 3231 4919 ut,
3258 4858 3403 4925 juxta
3437 4860 3719 4923 propincum

2202 4950 2344 5001 surdi
2374 4951 2528 5001 etiam
2560 4950 2717 5002 verba
2738 4949 2855 5001 libri
2883 4948 3123 5002 audirent
3152 4945 3302 5014 tlsai.
3346 4950 3509 5015 xxix).
3546 4948 3602 4998 Et
3628 4959 3724 4995 me-

2202 5040 2303 5092 rito
2331 5041 2490 5093 iacies
2517 5038 2630 5107 ejus
2655 5046 2711 5091 ut
2736 5040 2846 5103 sol,
2878 5040 2998 5103 quia
3029 5038 3217 5089 librum
3254 5040 3360 5104 jam
3388 5049 3557 5107 gestat
3584 5047 3720 5103 aperi

2204 5139 2332 5182 tum.

2275 5218 2333 5269 Et
2356 5220 2515 5287 posuit
2542 5214 2715 5285 pedem
2755 5231 2900 5269 suum
2930 5220 3182 5269 dexterum
3228 5232 3379 5283 super
3432 5229 3583 5277 mare,
3612 5212 3723 5264 sini-

2202 5316 2359 5359 strum
2384 5316 2548 5359 autem
2565 5322 2712 5372 super
2734 5316 2932 5357 terram.
2958 5306 3259 5361 Praedicatio
3287 5304 3406 5358 ﬁdei
3430 5306 3719 5359 Christiana

2204 5413 2340 5458 terra
2371 5408 2604 5472 marique
2635 5413 2964 5469 propagatur.
3008 5402 3132 5466 Sed,
3185 5399 3486 5468 allegorice,
3523 5399 3718 5451 fortiora

2202 5495 2433 5547 membra
2465 5495 2514 5545 in
2546 5492 2831 5561 majoribus
2859 5493 3119 5561 periculis,
3145 5491 3309 5547 altera
3343 5492 3393 5542 iu
3436 5499 3718 5557 competen-

2204 5585 2341 5635 tibus
2361 5583 2627 5636 sistuntur.
2658 5583 2769 5636 Non
2799 5585 2937 5636 enim
2969 5580 3160 5649 patitur
3210 5595 3308 5635 nos
3367 5581 3503 5635 Deus
3552 5576 3720 5633 tentari

2203 5688 2358 5740 Super
2388 5674 2434 5726 id
2463 5674 2598 5741 quod
2629 5687 2899 5743 pessumus
2923 5670 2974 5740 (1
2999 5668 3115 5723 Cor.
3143 5672 3219 5739 ι).
