3934 6222
237 349 348 401 Ibi

1207 342 1640 398 EXI'LANATIU
1680 339 2154 398 APOCALYPSIS.
2195 375 2262 386 --
2302 348 2427 401 [ΑΒ.
2472 349 2532 400 ΙΙ.

3363 355 3464 408 illi

319 457 388 511 Et
417 476 527 511 cum
557 457 839 521 clamasset,
878 455 1041 508 locuta
1060 461 1175 508 sunt
1202 463 1388 522 septem
1414 453 1630 504 tonitrua
1658 466 1805 503 uoces
1837 453 1880 509 Δ
1918 459 1995 501 sta
2036 450 2259 503 dulcedo
2296 452 2636 520 signiﬁcaret,
2677 454 2942 521 exprimit,
2983 457 3140 523 quod,
3187 457 3450 524 videlicet,

232 565 389 603 suas.
425 551 646 604 Domino
691 549 894 602 fortiter
933 547 1274 615 praedicante,
1310 544 1542 597 Ecclesia
1573 557 1802 610 quoque,

232 639 544 708 septifnrmi
570 640 736 707 gratia
766 638 937 706 plena,
981 650 1104 689 suas
1130 636 1192 688 ad
1228 632 1617 702 praedicandum
1650 644 1807 684 voces

232 726 445 779 elevat.
476 725 576 778 Leo
619 725 755 778 enim
779 719 979 793 'rugiet,
1021 723 1132 791 quis
1177 738 1274 775 non
1300 721 1522 773 timebit?
1560 718 1806 772 Dominus

233 813 389 868 Deus
430 816 620 869 locutus
658 823 762 881 est,
805 815 916 883 quis
958 829 1056 866 non
1095 811 1406 880 prophetabit
1442 811 1638 878 (Amos.
1684 808 1807 874 tu)?

232 901 462 969 Septem
511 900 704 970 quippe
752 902 976 954 tonitrua
1028 900 1166 955 idem
1234 908 1357 952 sunt
1411 899 1548 966 quod
1599 908 1814 964 septem.

234 991 390 1044 tust
429 992 493 1045 de
521 991 707 1059 quibus
735 1004 912 1044 sermo
939 997 1038 1044 est.

313 1079 389 1132 Et
423 1097 535 1132 cum
571 1080 738 1132 locuta
772 1087 886 1133 sunt
917 1088 1104 1146 septem
1137 1078 1379 1140 tonitrua,
1408 1092 1498 1144 ego
1529 1077 1806 1144 scripturus

230 1183 406 1220 eram.
439 1170 691 1236 Superius
721 1168 860 1224 enim
890 1168 1085 1221 audivit
1128 1187 1139 1220 :
1189 1167 1336 1234 Quod
1379 1168 1530 1232 vides,
1557 1168 1716 1220 scribe
1755 1169 1806 1218 in

230 1261 373 1314 ltbro
396 1263 578 1328 (Apoc.
610 1261 668 1332 ι).

312 1353 483 1419 Signa
505 1368 614 1421 qua:
640 1354 808 1405 locuta
834 1360 952 1405 sunt
977 1361 1163 1420 septem
1194 1351 1438 1416 tonitrua,
1461 1351 1566 1403 noli
1593 1365 1652 1403 ea
1679 1349 1806 1402 scri-

231 1441 381 1495 bere.
433 1442 679 1511 Mysteria
722 1441 842 1495 lidei
870 1440 1178 1494 Christianas
1221 1456 1319 1495 nec
1367 1441 1558 1508 paSsim
1603 1441 1805 1492 cunctis

229 1516 475 1597 ostenta,
505 1545 572 1586 ne
596 1533 868 1595 vilescant,
900 1547 996 1586 nec
1024 1531 1199 1600 probis
1224 1533 1428 1598 claude,
1461 1545 1524 1585 ne
1555 1531 1605 1583 in
1635 1540 1800 1582 totum

230 1626 472 1679 lateant.
499 1625 718 1693 Propter
745 1623 883 1693 quod
916 1623 1130 1676 inferius
1159 1623 1359 1675 audivit
1385 1641 1398 1675 :
1424 1620 1503 1673 Ne
1527 1622 1804 1690 signaveris

229 1704 391 1769 uerba
434 1714 711 1784 prophetia:
749 1716 904 1781 ltujus
946 1713 1126 1784 (Apoc.
1155 1713 1308 1782 mi).
1341 1711 1487 1778 Quod
1521 1722 1802 1779 utrumque

1909 546 2119 604 ereptus
2147 539 2354 599 exsilio,
2385 540 2628 606 gentibus
2658 550 2797 596 esset
2826 541 3162 610 Evangelium
3197 546 3451 612 prmdica-

1911 633 2080 690 turus,
2107 640 2288 680 amore
2316 627 2524 695 quidem
2557 629 2728 693 dulce,
2761 630 2853 684 sed
2887 631 3173 685 tolerandis
3204 648 3452 700 persecu-

1913 715 2138 770 ti0nibus
2166 731 2424 769 amarum.
2587 784 2596 791 ἱ

2509 807 2730 862 CAPUT
2769 810 2857 864 XI.

1980 895 2043 947 Et
2070 896 2222 951 datus
2241 907 2311 951 cst
2333 900 2451 950 mihi
2477 899 2702 952 calamus
2729 901 2905 954 similis
2930 903 3102 970 uirgis.
3139 902 3194 955 In
3222 903 3451 970 calanm,

1907 987 2260 1040 ministerium
2299 989 2560 1041 scribendi
2604 990 2868 1058 Evangelii
2911 993 3176 1057 percepit,
3218 994 3305 1062 qui
3349 1011 3459 1047 non

1909 1076 2046 1129 inani
2102 1075 2269 1130 nitore
2320 1093 2708 1145 supervacuus,
2778 1081 2890 1133 sed"
2926 1083 3116 1135 similis
3166 1095 3246 1138 est
3297 1086 3456 1153 virgas

1907 1165 2185 1232 tequitatis,
2219 1167 2374 1235 virga:
2405 1169 2548 1236 regni
2578 1170 2664 1222 Dei
2707 1169 2886 1239 (Hebr.
2919 1173 2980 1239 t).
3047 1174 3280 1241 Regnum
3313 1178 3452 1228 enim

1906 1251 2096 1306 Citriin
2125 1254 2379 1308 describit
2405 1266 2679 1311 aeternum.
2877 1264 2881 1275 ’
3413 1319 3415 1322 ,

1979 1347 2143 1417 Surge
2168 1360 2212 1401 et
2243 1350 2414 1402 metire
2443 1351 2677 1417 templum
2705 1350 2796 1403 Dei
2825 1361 2867 1402 et
2893 1353 3074 1404 altare.
3107 1352 3270 1422 Surge
3299 1353 3450 1419 dixit,

1906 1454 2010 1492 non
2057 1442 2179 1506 quia
2227 1439 2341 1493 hmo
2387 1440 2616 1494 Joannes
2663 1441 2986 1494 sedibundus
3048 1443 3312 1507 audiebat,
3361 1442 3452 1495 sed

1905 1533 2024 1600 quia
2057 1532 2152 1585 hoc
2184 1532 2344 1585 verbo
2380 1533 2683 1586 excitantur
2723 1535 2881 1586 corda
2923 1535 3246 1601 singulorum
3295 1549 3458 1588 evan-

1905 1621 2122 1686 gelicum
2152 1621 2475 1688 Scripturam
2506 1631 2754 1689 actusque
2785 1623 2974 1675 metiri.
3008 1621 3080 1675 lbi
3113 1623 3250 1676 enim
3286 1640 3457 1686 quan-

1908 1719 2014 1763 tum
2059 1711 2248 1779 singuli
2300 1712 2589 1778 proliciant,
2624 1721 2979 1780 quantumque
3027 1714 3221 1780 regula:
3259 1713 3453 1767 divina)

229 1806 385 1874 apud
429 1807 697 1861 Danielem
748 1820 850 1861 uno
879 1806 1138 1860 versiculo
1193 1804 1672 1872 comprehenditur,
1713 1804 1799 1856 cui
1837 1779 1877 1836 Β
1903 1802 2242 1866 concordent,
2273 1803 2563 1856 inveniunt.

231 1915 337 1964 per
369 1901 612 1969 angelum
643 1900 835 1954 dicitur
862 1917 873 1952 :
901 1899 1066 1969 Signa
1104 1900 1287 1953 librum
1316 1910 1361 1952 et
1395 1901 1574 1953 claude
1600 1917 1799 1952 sermo-

229 2004 538 2058 nemusque
560 1991 626 2042 ad
649 1999 838 2058 tempus
863 1997 1107 2042 statutum
1130 1988 1287 2056 (Dan.
1316 1988 1430 2054 xtl).

309 2079 380 2131 Et
415 2078 627 2150 angelus
661 2094 808 2147 quem
841 2078 943 2130 uidi
969 2086 1180 2130 stantem
1211 2093 1361 2146 supra
1397 2093 1534 2130 mare
1568 2087 1614 2129 ct
1649 2094 1800 2143 supra

232 2179 450 2236 terram,
480 2171 655 2221 levavit
677 2185 881 2221 manum
911 2183 1052 2221 suam
1078 2168 1143 2220 ad
1171 2167 1369 2233 caelum,
1394 2179 1435 2219 et
1450 2169 1662 2237 juravit,
1693 2177 1795 2222 etc.

232 2261 478 2327 Angelus
523 2274 615 2326 per
646 2260 901 2312 viventem
947 2258 998 2312 in
1047 2259 1236 2310 saecula
1283 2257 1446 2326 jnrat,
1479 2257 1602 2312 dum
1631 2258 1782 2310 Citri-

227 2358 376 2414 stus,
410 2348 460 2400 in
513 2348 724 2400 nomine
751 2348 918 2400 Patris
971 2346 1203 2410 veiticns,
1245 2349 1655 2401 incnmnintabili
1704 2363 1797 2401 sua

227 2437 376 2489 dicta
427 2438 647 2491 veritate
699 2437 976 2491 conﬁrmat
1010 2435 1252 2499 :Ctelum,
1296 2437 1554 2505 inquiens,
1588 2447 1633 2488 et
1665 2449 1796 2488 terra

228 2530 543 2597 transibunt,
589 2531 731 2582 verba
769 2538 932 2582 autm
971 2545 1082 2580 mea
1121 2544 1223 2581 non
1260 2529 1544 2584 transibunt
1585 2527 1792 2596 (Matth.

228 2628 406 2684 utr).

306 2708 410 2771 Qui
443 2709 624 2761 creavit
653 2707 832 2761 ctelum
859 2718 904 2761 et
931 2724 989 2763 ea
1019 2724 1131 2775 qua:
1158 2710 1208 2761 in
1240 2709 1328 2761 illo
1353 2718 1488 2772 sunt,
1525 2720 1624 2762 etc.
1670 2707 1792 2774 Qui,

229 2800 366 2852 mari
401 2809 645 2866 terraque
673 2797 984 2862 consistens,
1019 2800 1155 2853 cmi»
1188 2801 1410 2864 patinam
1444 2799 1629 2865 tendit,
1661 2813 1793 2853 con-

229 2905 364 2956 grue
399 2904 493 2955 per
521 2888 665 2951 caeli,
699 2896 850 2941 terra:
882 2889 1168 2954 marisque,
1193 2885 1496 2941 Creatorem
1523 2888 1684 2956 jurat.

303 2978 444 3043 Quia
466 2989 656 3047 tempus
678 2977 896 3048 amplius
920 2993 1020 3029 non
1052 2978 1163 3029 erit.
1197 2977 1309 3030 Etit
1338 2978 1538 3045 utique,
1569 2988 1622 3030 ut
1653 2977 1793 3046 psal-

229 3081 352 3120 mus
372 3066 467 3126 ait,
490 3077 680 3132 tempus
698 3068 963 3135 impiorum
987 3066 1039 3118 in
1056 3075 1294 3118 (sternam
1313 3065 1482 3138 (Psal.
1506 3071 1684 3136 uxr),
1699 3071 1789 3122 sed

229 3158 504 3212 mutabilis
526 3158 855 3212 sacularium
880 3171 1166 3225 temporum
1190 3157 1417 3214 varietas
1440 3161 1488 3212 in
1510 3161 1789 3215 novissima

230 3245 358 3300 tuba
390 3246 640 3300 cessabit.
669 3246 836 3322 Canet
868 3247 1006 3299 enim
1041 3247 1185 3312 tuba,
1214 3258 1261 3302 et
1304 3249 1490 3301 mortui
1520 3261 1792 3318 resurgettt

228 3336 553 3402 incorrupti,
588 3343 644 3389 et
674 3334 954 3390 haereditas
993 3349 1175 3391 eorum
1222 3337 1272 3390 in
1304 3346 1560 3392 aeternum
1610 3341 1712 3393 erit
1742 3337 1795 3406 (1

230 3424 346 3476 Cor.
382 3425 491 3491 xv).
731 3414 736 3429 ’

302 3511 748 3566 Consummabitur
807 3513 1098 3582 mysterium
1159 3512 1270 3582 Dei,
1315 3523 1423 3568 etc.
1489 3515 1791 3585 Mysterium

229 3604 371 3671 quod
437 3617 574 3658 nunc
634 3604 1056 3673 evangelizatur,
1125 3616 1249 3658 tunc
1312 3606 1809 3675 consummabitur,‘

231 3701 446 3770 quando
496 3700 645 3754 ibunt
689 3699 832 3768 impii
878 3701 928 3753 in
981 3700 1294 3769 supplicium
1347 3712 1626 3768 mternum,
1666 3702 1794 3772 justi

232 3799 412 3844 autem
444 3789 497 3842 in
524 3791 680 3842 vitam
710 3798 959 3842 aeternam
987 3789 1200 3856 (Matth.
1235 3790 1381 3859 xxv).

304 3881 371 3933 Et
411 3896 507 3932 vos:
538 3895 685 3945 quam
724 3880 891 3931 audivi
924 3879 986 3932 de
1017 3881 1136 3932 caelo
1172 3881 1354 3932 iterum
1382 3881 1660 3948 loquentem
1692 3900 1794 3937 me-

234 3988 369 4035 cum,
398 3981 504 4024 etc.
529 3969 747 4023 Domino
775 3969 932 4023 futuri
963 3971 1210 4037 temporis
1241 3972 1487 4040 mysteria
1508 3975 1788 4040 pandente,

235 4077 294 4114 ac
321 4061 533 4115 dicente
575 4079 588 4113 :
633 4060 1063 4128 ApprOpinquavit
1123 4062 1258 4112 enim
1297 4077 1507 4128 regnum
1557 4066 1793 4114 cazlorum

238 4151 452 4221 (Matth.
478 4150 553 4220 x),
587 4149 815 4204 Ecclesia
844 4164 1052 4218 quoque
1076 4159 1316 4204 monetur
1339 4150 1580 4204 eumdem
1607 4152 1793 4220 praedi-

237 4241 390 4292 candi
424 4243 698 4308 percipere
746 4241 964 4294 librum.
1013 4239 1262 4305 Quamvis
1308 4248 1362 4293 et
1404 4240 1573 4294 eidem
1604 4241 1788 4294 Joanni

233 4329 440 4393 possint
471 4327 584 4380 hac
607 4315 745 4381 dicta
773 4341 1066 4397 congruere
1095 4338 1211 4396 post
1236 4329 1479 4382 exsilium
1505 4328 1569 4380 ad
1599 4329 1790 4396 prtcdi-

237 4418 460 4470 candum
489 4431 781 4472 reversuro.

305 4504 372 4559 Et
401 4507 504 4560 abii
527 4507 592 4558 ad
617 4503 870 4574 angelum,
899 4505 1067 4557 dtcens
1092 4506 1136 4558 ei
1173 4513 1224 4556 ut
1258 4504 1398 4556 daret
1427 4505 1548 4556 mihi
1583 4505 1787 4560 librum.

244 4597 474 4651 Accedat
519 4595 583 4650 ad
616 4594 890 4649 Dominum
943 4594 1032 4663 qui
1083 4593 1208 4648 velit
1243 4592 1473 4646 docendi
1523 4597 1791 4662 percipere

243 4696 589 4741 sacrantenta.

311 4777 374 4830 Et
406 4778 534 4831 dixit
572 4776 734 4829 mihi:
760 4775 942 4837 Accipe
983 4775 1184 4840 librum,
1225 4785 1272 4828 et
1304 4778 1486 4829 devora
1527 4776 1691 4850 illum.
1739 4778 1790 4830 Id

243 4877 338 4931 est,
369 4868 547 4921 insere
575 4865 677 4920 tuis
710 4864 1024 4930 visceribus,
1053 4875 1105 4918 et
1134 4867 1376 4921 describe
1419 4867 1470 4920 in
1518 4867 1792 4921 latitudine

246 4957 416 5011 cordis
445 4958 540 5010 tui.

313 5049 374 5103 Et
401 5049 552 5118 faciet
579 5048 848 5099 amaricari
873 5056 1087 5100 uentrem
1115 5056 1277 5106 tuum,
1310 5058 1411 5099 etc.
1455 5045 1584 5099 Cum
1611 5065 1792 5114 perce-

249 5138 404 5206 peris,
424 5133 772 5192 oblectaberis
793 5134 950 5188 divini
980 5136 1176 5205 eloquii
1199 5136 1496 5201 dulcedine,
1527 5137 1618 5191 sed
1648 5154 1790 5190 anna-

250 5227 530 5283 ritudinem
558 5223 776 5288 senties,
803 5237 920 5276 cum
950 5224 1240 5290 praedicare
1284 5234 1337 5279 et
1375 5227 1584 5292 operari
1615 5243 1792 5294 caepe-

252 5317 316 5370 ris
340 5321 480 5385 quod
515 5314 859 5371 intellexeris.
894 5311 989 5367 Vel
1018 5326 1159 5369 certe
1181 5316 1325 5384 juxta
1354 5315 1682 5370 Ezechiele-tn
1715 5320 1794 5371 in-

256 5408 604 5476 telligendum,
638 5406 725 5474 qui
764 5418 884 5457 cum
929 5402 1113 5456 librum
1160 5421 1219 5458 se
1250 5406 1530 5460 chtirasse
1569 5407 1788 5474 diceret,

256 5497 451 5565 adjecit,
487 5497 552 5549 Et
572 5497 675 5550 abii
694 5510 899 5550 amarus
918 5495 969 5545 in
996 5495 1338 5564 indignatione
1363 5501 1568 5566 spiritus
1591 5502 1706 5552 mci.

323 5587 380 5639 Et
405 5589 532 5640 dixit
557 5589 680 5640 mihi
705 5602 722 5639 :
746 5583 951 5653 Oportet
978 5595 1021 5637 te
1044 5586 1221 5637 iterum
1256 5591 1552 5656 prophetare
1596 5593 1796 5659 populis

258 5678 554 5745 agentibus.
598 5675 734 5741 Quid
763 5675 892 5729 liber
926 5684 1206 5740 comestus,
1238 5685 1292 5730 et
1326 5682 1661 5735 amaritudini
1694 5686 1794 5737 mi-

1975 1891 2036 1944 Et
2062 1893 2327 1944 adorantes
2356 1893 2408 1944 in
2435 1909 2514 1945 eo.
2566 1894 2697 1960 Quia
2729 1910 2828 1948 non
2856 1911 3041 1951 omnes
3072 1897 3156 1963 qui
3193 1897 3451 1962 videntur,
3483 1895 3486 1898 ί

1903 1983 1952 2035 in
1998 1998 2060 2035 eo
2107 1986 2351 2047 adorant,
2408 1986 2544 2038 sicut
2589 1990 2675 2054 qui
2723 1986 2998 2041 confessus
3046 1987 3204 2042 fuerit
3251 1990 3300 2042 in
3350 2006 3454 2042 tne.

1901 2072 2109 2124 l‘artem
2134 2073 2362 2140 denique
2388 2073 2541 2140 jubet
2581 2090 2685 2128 non
2718 2077 2998 2140 rccenseri,
3035 2077 3244 2130 dicens:

1969 2163 2164 2214 Atrium
2196 2173 2362 2214 autem
2392 2163 2525 2228 quod
2563 2173 2632 2216 est
2672 2175 2815 2216 extra
2855 2167 3112 2232 templum,
3142 2165 3264 2234 ejice
3297 2167 3454 2234 foras,

1901 2262 2002 2304 etc.
2049 2250 2109 2303 lli
2155 2253 2504 2320 qui'nomine
2554 2263 2702 2307 tenus
2751 2255 3004 2310 Ecclesiae
3047 2255 3354 2324 junguntur,
3406 2266 3460 2311 et.

1901 2356 1998 2395 nec
2024 2341 2173 2394 altari
2206 2357 2300 2394 nec
2329 2344 2526 2396 sanctis
2577 2355 2877 2397 sanctorum
2921 2348 3255 2412 appropEant,
3298 2364 3324 2396 a
3369 2364 3454 2400 re-

1899 2433 2016 2500 gula
2044 2432 2316 2502 Evangelii
2367 2435 2587 2501 projecti
2642 2439 2892 2503 gentibus
2941 2439 3226 2490 sociantur.
3282 2439 3457 2489 Untnis

1899 2524 2028 2575 enim
2063 2522 2223 2590 gloria
2249 2527 2358 2594 ejus
2384 2524 2505 2591 ﬁlia:
2531 2541 2703 2593 regum
2745 2530 2803 2576 ab
2834 2530 2964 2578 intus
2987 2526 3152 2592 (Psal.
3188 2528 3347 2591 xuv).

1969 2609 2036 2662 Et
2057 2613 2300 2666 civitatem
2325 2625 2541 2666 sanctam
2563 2614 2828 2666 calcabunt
2851 2615 3106 2669 mensibus
3126 2621 3460 2688 quadraginta

1902 2703 2115 2757 duobus.
2161 2702 2273 2755 Non
2324 2705 2496 2757 solum
2554 2705 2620 2758 de
2650 2705 2878 2758 Ecclesia
2932 2709 3213 2774 pelluntur,
3250 2710 3356 2763 .sed
3406 2720 3459 2763 et

1898 2797 2135 2851 eamdem
2187 2797 2484 2851 Ecclesium
2541 2799 2700 2851 sociis
2748 2801 3035 2866 gentilibus
3085 2800 3250 2852 tribus
3294 2802 3456 2855 semis

1897 2887 2050 2940 annis
2095 2887 2421 2956 impugnant.
2473 2887 2585 2941 Non
2638 2887 2777 2956 quod
2831 2888 2922 2941 illo
2970 2897 3170 2942 tantum
3217 2891 3368 2952 hanc,
3404 2891 3454 2942 id

1896 2984 1997 3038 est,
2025 2972 2330 3030 Antichristi
2361 2985 2596 3043 tempore
2623 2979 2956 3042 cunculcent,
3007 2981 3099 3033 sed
3130 2982 3266 3048 quod
3303 2997 3458 3034 omne

1899 3063 2154 3117 malorum
2185 3080 2374 3131 corpus
2404 3065 2493 3118 illo
2525 3067 2672 3134 quasi
2703 3067 2766 3119 ad
2796 3070 3063 3136 proprium
3120 3081 3272 3136 caput
3303 3075 3459 3138 peri”-

1897 3163 2042 3219 neat,
2076 3156 2126 3208 in
2161 3155 2352 3222 quibus
2378 3153 2487 3223 jam
2518 3171 2656 3209 nunc
2698 3157 3042 3211 ministerium
3074 3170 3323 3226 operatur
3351 3160 3461 3213 iui--

1896 3242 2129 3310 quitatis.

1969 3330 2033 3384 Et
2060 3333 2189 3386 dabo
2211 3333 2412 3388 duobus
2434 3336 2635 3390 testibus
2661 3337 2802 3400 meis,
2827 3347 2931 3392 etc.
2961 3338 3038 3392 Ne
3062 3339 3242 3392 sevitia
3269 3355 3452 3406 pravo-

1855 3413 1867 3423 ’
1897 3437 2011 3474 rum
2061 3432 2282 3477 terreret
2331 3425 2658 3489 audientem,
2692 3426 2978 3479 Ecclesium
3012 3441 3222 3499 quoque
3249 3414 3457 3483 duobus

1894 3525 1955 3563 ex
1986 3512 2189 3578 populis
2216 3511 2439 3576 unitain,
2466 3515 2630 3582 gratia
2658 3527 3041 3568 commemorat
3086 3517 3453 3573 illustrandum

1895 3615 2012 3654 esse
2041 3602 2314 3656 virtutum.
2366 3606 2495 3667 Qua:
2525 3616 2578 3659 et
2624 3606 2735 3670 ipsa
2766 3619 2924 3676 caput
2965 3623 3114 3660 suum
3143 3649 3157 3671 ,
3190 3611 3454 3665 Christum

1895 3691 2142 3746 videlicet
2181 3694 2232 3746 in
2266 3709 2424 3749 carne
2452 3696 2751 3761 docentem,
2788 3711 2994 3764 semper
3024 3699 3251 3763 intuens,
3290 3701 3455 3755 tribus

1893 3784 2054 3837 semis
2102 3787 2255 3838 annis
2303 3788 2675 3853 prophetatura
2723 3801 2991 3843 narratur.
3045 3791 3253 3845 Menses
3309 3796 3449 3846 enim

1896 3875 2052 3926 trium
2094 3876 2254 3930 semis
2293 3893 2586 3945 annorum,
2621 3879 2670 3934 id
2716 3894 2814 3946 est,
2851 3883 3026 3936 tricies
3057 3883 3372 3952 quadrageni
3403 3896 3455 3937 et

1893 3964 2026 4028 bini,
2062 3965 2203 4018 mille
2235 3967 2488 4020 ducentos
2520 3973 2792 4036 sexaginta
2823 3973 2934 4024 dies
2963 3972 3218 4025 alliciunt.
3274 3973 3452 4027 Daniel

1892 4065 2066 4107 autem
2107 4057 2293 4108 scribit
2322 4057 2435 4110 dies
2480 4060 2620 4110 mille
2651 4060 2904 4112 ducentos
2936 4062 3214 4129 nonaginta
3245 4073 3451 4127 tempo-

1892 4145 1963 4197 ris
1995 4144 2255 4210 cjusdem,
2286 4162 2387 4212 qun
2419 4150 2656 4213 ponenda
2699 4149 2769 4202 sit
2793 4149 3119 4204 abominatio
3166 4153 3217 4204 in
3249 4153 3456 4204 desola-

1893 4244 2108 4286 ιΙΟΙΙιῚΙΙ.

1961 4323 2136 4379 Saccis
2183 4327 2372 4380 amicti.
2425 4327 2474 4379 Id
2515 4338 2612 4389 est,
2674 4327 2723 4379 in
2761 4326 3114 4394 exomologesi
3159 4329 3446 4382 constituti.

1821 4444 1869 4502 Β
1895 4419 2037 4472 Sicut
2068 4421 2320 4486 propheta
2352 4439 2363 4471 :
2395 4419 2506 4487 Ego
2545 4434 2732 4484 autent,
2773 4422 2876 4483 ait,
2919 4421 3043 4473 dum
3091 4422 3213 4473 nti/ti
3260 4422 3453 4473 molesti

1895 4519 2078 4572 essent,
2110 4509 2375 4560 induebant
2407 4525 2482 4561 me
2518 4509 2682 4561 cilicio
2705 4507 2874 4579 (Psal.
2903 4508 3100 4578 xxxrv).

1964 4596 2032 4649 lli
2068 4608 2183 4649 sunt
2225 4599 2340 4650 duce
2375 4599 2538 4662 olivae,
2575 4609 2679 4652 etc.
2729 4599 2964 4653 Ecclesia
3011 4600 3234 4652 duorum
3262 4599 3450 4653 Testa-

1894 4700 2186 4741 mentorum
2238 4689 2435 4741 lntnine
2487 4690 2718 4752 radiata,
2777 4689 2982 4742 Domini
3038 4704 3248 4756 semper
3290 4689 3453 4755 jus~is

1893 4778 2110 4830 assistit.
2153 4776 2278 4830 Nam
2313 4788 2364 4829 et
2399 4778 2651 4845 propheta
2682 4776 2966 4830 Zacharias
3007 4794 3163 4830 unum
3208 4777 3453 4831 candtla-

1894 4867 2044 4921 brum
2082 4867 2214 4919 vidit
2256 4865 2578 4931 septiforme,
2628 4877 2680 4919 et
2728 4867 2822 4918 has
2852 4866 2984 4917 duas
3021 4866 3210 4927 olivas,
3257 4865 3309 4918 id
3345 4876 3449 4932 est,

1892 4966 2226 5019 testamenta,
2280 4956 2556 5007 infundere
2606 4955 2778 5006 oleum
2817 4953 3152 5007 candelabro.
3216 4953 3335 5006 lltcc
3364 4964 3444 5006 est

1895 5046 2125 5098 Lcclcsia
2167 5061 2282 5096 cum
2315 5045 2433 5096 oleo
2472 5059 2570 5097 suo
2612 5044 2965 5109 indelieiente,
2998 5043 3135 5113 quod
3164 5058 3278 5096 eam
3321 5041 3447 5096 facit

1892 5137 1944 5189 in
1977 5135 2173 5187 lumine
2201 5135 2343 5187 orbis
2370 5136 2579 5188 ardere.

1966 5224 2031 5276 Et
2061 5225 2104 5276 si
2126 5225 2234 5290 quis
2263 5240 2348 5277 eos
2376 5225 2582 5276 voluerit
2618 5239 2812 5288 nocere,
2837 5224 2967 5293 ignis
2986 5223 3117 5276 exist
3136 5224 3198 5276 de
3219 5239 3304 5277 ore
3335 5224 3455 5276 illo-

1893 5334 2024 5380 rum,
2059 5327 2160 5369 etc.
2191 5317 2247 5371 Si
2282 5317 2399 5386 quis
2431 5317 2718 5371 Ecclesium
2760 5317 2922 5375 lzedit,
2953 5315 3190 5382 ejusdem
3221 5317 3454 5370 Iasionis

1896 5407 2251 5472 reciprocmte
2283 5407 2480 5473 judicio
2519 5407 2637 5474 igne
2675 5405 3009 5456 consumitur
3037 5406 3441 5458 condemnatus.

1901 5496 2082 5549 Omnes
2109 5497 2240 5546 enim
2270 5497 2353 5562 qui
2392 5495 2668 5561 acceperint
2705 5493 2962 5561 gladium,
3004 5494 3172 5559 gladio
3217 5493 3450 5559 peribunt

1900 5584 2293 5654 (Matt/num).
2328 5584 2473 5640 Unde
2493 5584 2839 5639 etChaldaira
2870 5580 3097 5642 ﬂamma,
3129 5594 3244 5648 qua:
3277 5597 3453 5647 νυνι-ιδ

1903 5681 1990 5734 Dei
2028 5680 2378 5748 ingerebatur,
2425 5683 2562 5750 ipsus
2595 5676 2863 5732 ministros
2913 5673 3191 5739 impietatis
3238 5673 3448 5725 absum-
