3934 6222
642 422 745 481 163
1082 426 1284 486 ΒΕΒᾸΞ
1327 431 1766 492 VENEBABILIS
1803 438 1951 495 OPP.
1991 441 2119 495 PAR

2211 441 2263 497 li.
2294 443 2485 503 SECT.
2521 451 2652 504 l.—
2690 453 3073 514 EXEGETICA
3111 460 3423 523 GENUINA.

3726 477 3803 532 {6i

637 534 758 601 psit.
805 534 926 591 Sive
969 536 1021 589 in
1049 537 1187 592 bono
1217 541 1459 608 precibus
1487 544 1596 598 oris
1628 545 1879 601 Ecclesiae
1917 548 2036 618 igne
2064 551 2175 620 spi-
2202 552 2251 611 Α
2280 560 2502 613 ntoriam
2552 564 2746 633 colligi,
2776 581 2874 621 nec
2906 570 3109 627 occisos
3158 576 3208 630 in
3241 580 3549 637 memoriam
3593 590 3801 652 recitari.
3884 584 3885 591 “

637 625 891 652 -ἲιη-Ιὲιιι-
917 630 1238 652 Α-.........2ι--..
1281 630 1330 652 ε..
1366 633 1555 652 ..-ι-η-
1610 648 1692 652 μιν.
1818 646 1831 652 -
1922 639 1936 652 ι
2062 639 2096 652 η

2279 661 2377 700 nec
2416 664 2600 706 eorum
2640 669 2862 724 corpora
2910 660 2964 714 in
3005 667 3310 724 memoriam
3352 671 3443 728 Dei
3490 677 3694 732 testium
3735 697 3803 736 se-

634 625 1239 683 ritualiter.consutuitur
1280 630 1334 684 in
1366 633 1559 686 melius
1602 639 2024 693 cummutandus.
2056 639 2179 694 Car-

630 714 798 781 bones,
841 716 1032 785 inquit,
1076 708 1481 789 ignifcongeres
1514 739 1663 792 super
1688 736 1840 793 caput
1868 731 1975 798 ejus
1999 728 2172 798 (Rom.

632 820 746 860 XII).

699 807 769 946 iii
809 896 988 949 habent
1026 906 1318 967 potestatem
1357 902 1624 958 claudendi
1662 908 1859 973 mlum,
1903 926 1965 963 ne
2004 911 2167 979 pluat,

625 994 726 1038 etc.
762 986 887 1043 Data
916 999 1000 1044 est
1030 992 1277 1046 Ecclesia:
1328 996 1377 1049 in
1405 997 1611 1052 Christo
1658 1003 1828 1055 omnis
1854 1012 2088 1072 potestas
2117 1008 2167 1060 in

625 1076 759 1130 cmlo
784 1086 838 1131 et
870 1079 920 1132 in
951 1089 1108 1144 terra,
1140 1081 1371 1138 clavibus
1396 1085 1444 1139 ei
1489 1087 1681 1157 ligandi
1730 1099 1887 1161 atque
1933 1094 2168 1150 solvendi

624 1163 854 1218 dimissis
883 1164 1092 1235 (Matth.
1118 1172 1327 1240 xsvnt).
1367 1173 1467 1228 Sed
1515 1185 1569 1228 et
1607 1178 1946 1244 spiritualiter
1973 1184 2165 1237 caelum

622 1253 901 1321 clauditur,
933 1272 999 1311 ne
1028 1257 1250 1314 imbrem
1282 1261 1445 1327 pluat,
1478 1278 1544 1318 ne
1593 1281 1752 1334 super
1781 1278 1970 1324 terram
2018 1273 2166 1327 steri-

613 1344 718 1397 lem
757 1346 822 1399 de
862 1346 1094 1402 Ecclesia
1126 1350 1419 1406 benedictio
1460 1355 1764 1410 descendat.
1809 1359 1953 1414 Sicut
1980 1362 2160 1417 Domi-

615 1448 712 1486 nus
742 1436 807 1489 de
834 1435 986 1492 Patre
1014 1441 1181 1492 vineae
1210 1457 1315 1495 suze
1341 1460 1352 1495 :
1378 1443 1627 1510 Nubibus,
1670 1450 1853 1518 inquit,
1884 1455 2155 1524 mandabo,

614 1539 676 1575 ne
694 1525 870 1593 pluunt
904 1543 1052 1595 super
1072 1544 1183 1582 eam
1214 1532 1419 1585 imbrem
1444 1534 1599 1600 (Isai.
1629 1538 1702 1606 v).

683 1610 749 1663 Et
769 1621 1069 1681 potestatem
1100 1616 1280 1671 habent
1312 1636 1460 1689 super
1490 1640 1667 1693 aquas,
1700 1635 1803 1682 etc.
1845 1628 1955 1683 Non
1984 1632 2153 1687 solum

610 1715 772 1768 aquas
818 1705 1164 1771 suspendunt,
1193 1708 1285 1762 sed
1315 1712 1472 1764 etiam
1502 1728 1617 1781 qua:
1642 1716 2027 1775 descenderant
2075 1723 2156 1776 in-

607 1790 763 1847 utiles
791 1794 1001 1859 faciunt,
1033 1798 1169 1865 quod
1197 1808 1279 1853 est
1306 1814 1511 1856 vertere
1536 1818 1699 1873 aquas
1739 1809 1789 1859 in
1821 1815 2146 1879 sanguinem.

607 1882 781 1936 Bonus
809 1888 947 1939 enim
976 1885 1168 1942 Christi
1198 1891 1331 1945 odor
1356 1894 1422 1947 de
1451 1893 1680 1950 Ecclesia
1731 1897 1989 1967 fragrans.

603 1970 734 2024 odor
760 1974 945 2027 mortis
991 1977 1043 2028 in
1073 1988 1317 2043 ntorlem,

2276 738 2447 802 peliri.

2343 826 2410 881 Et
2435 831 2714 892 habitantes
2747 849 2951 911 terram,
2980 850 3266 916 gaudebunt
3283 861 3451 923 ‘super
3470 874 3571 914 eos.
3604 860 3799 927 Qumies

2272 919 2573 989 affliguntur
2615 929 2761 997 justi,
2795 939 3061 994 exsultant
3094 942 3293 1011 injusti,
3326 919 3379 1001 et
3409 952 3705 1019 epulantur,
3734 957 3792 1008 si-

2270 1019 2375 1071 cut,
2410 1014 2532 1096 dutn
2563 1023 2796 1088 superbit
2829 1020 3036 1096 impius,
3070 1033 3360 1089 incenditur
3392 1054 3604 1107 pauper.

2342 1090 2593 1165 Quoniam
2614 1111 2668 1164 hi
2687 1113 2789 1167 duo
2819 1122 3071 1189 propheta
3097 1127 3438 1182 cruciaverunt
3464 1148 3563 1187 eos.
3595 1133 3796 1203 Prnpter

2271 1187 2448 1257 plagas
2475 1196 2661 1261 quibus
2690 1187 2919 1270 prapter'
2942 1217 3254 1268 testamenta
3284 1217 3373 1271 Dei
3404 1187 3784 1293 humanum'gc-

2265 1286 2364 1327 nus
2393 1291 2623 1349 urgetur,
2652 1288 2810 1343 etiam
2839 1293 2982 1349 visus
3028 1300 3139 1366 ipse
3162 1304 3423 1368 justorutn
3454 1324 3626 1378 gravat
3674 1316 3789 1382 injn-

2263 1374 2392 1421 stos.
2420 1370 2566 1427 Sicut
2596 1376 2691 1444 ipsi
2719 1382 2899 1439 dicunt
2923 1404 2937 1439 :
2965 1387 3142 1447 Gravis
3177 1408 3249 1449 est
3290 1400 3431 1455 nobis
3473 1405 3617 1457 etiam
3643 1411 3709 1459 ad
3735 1414 3791 1461 ri-

2267 1452 2485 1511 dendum
2518 1462 2671 1533 (Sap.
2705 1470 2787 1538 ιι).

2331 1548 2399 1600 Et
2430 1564 2543 1617 post
2573 1567 2671 1611 tres
2705 1563 2811 1615 dies
2843 1576 2889 1617 et
2916 1570 3199 1637 dimidium,
3234 1575 3458 1646 Spiritus
3479 1583 3585 1637 vita
3615 1604 3645 1638 a
3678 1587 3786 1649 Deo,

2257 1645 2357 1691 etc.
2411 1640 2691 1714 llucusque
2735 1656 2948 1719 angelus
2994 1658 3222 1715 futurum
3272 1673 3530 1735 narravit,
3570 1684 3623 1727 et
3668 1692 3788 1727 nunc

2258 1726 2455 1783 inducit
2485 1732 2679 1789 factum
2711 1741 2850 1805 quod
2893 1742 3121 1801 futurum
3150 1752 3314 1817 audit,
3346 1726 3784 1825 regno'Anlicbri-

2255 1815 2320 1866 sti
2354 1818 2579 1891 perdito,
2615 1836 2827 1881 sanctos
2858 1836 3211 1893 resurrexisse
3240 1840 3292 1895 in
3322 1843 3559 1911 gloriam.

2032 1905 2149 1958 aliis
2178 1893 2225 1951 Β
2324 1906 2390 1960 Et
2431 1911 2581 1965 timor
2612 1932 2826 1987 magnus
2851 1925 3028 1978 cecidit
3055 1945 3206 1997 super
3226 1949 3309 1987 eos
3335 1940 3422 2004 qui
3446 1939 3668 1993 viderunt
3693 1961 3779 1996 eos.

2696 1982 2715 1987 v
3118 1982 3171 1997 τ-
3336 1982 3419 2004 τ--
3448 1982 3665 1993 -._-......
3693 1982 3779 1996 ιν..

1347 1982 1465 2036 aliis
1492 1984 1622 2039 odor
1650 1996 1729 2040 est
1758 1989 1877 2042 vita:
1908 1992 1957 2044 in
1993 1994 2147 2047 vitam
2250 1996 2325 2050 De
2351 2002 2595 2058 omnibus
2625 2010 2763 2063 vivis
2789 2012 2938 2079 dixit,
2968 2019 3088 2086 quia
3116 2031 3168 2074 et
3188 2022 3315 2093 justi
3346 2034 3651 2098 superstites
3679 2052 3783 2105 pcr-

2578 2056 2589 2058 -
2638 2056 2762 2063 μ.--
2792 2056 2938 2079 ...ου-ν
2968 2056 3088 2086 “una
3116 2056 3168 2074 υι
3188 2056 3315 2093 Jun"
3346 2056 3453 2098 ουμ

601 2056 686 2126 (ll
713 2059 830 2114 Cor.
860 2061 987 2132 xvi).
2249 2090 2527 2147 timescent
2557 2098 2605 2149 in
2638 2108 3034 2163 resurrectione
3060 2111 3453 2173 dormientium.

676 2147 736 2173 η,
779 2167 884 2173 μμ
934 2152 1145 2173 ,ελ-λη,
1200 2165 1213 2173 ,
1426 2162 1437 2173 .
1810 2168 1821 2173 -
1912 2171 1919 2173 Α

2559 2147 2603 2149 ’⁷“
2638 2147 2650 2151 ⁷
2670 2147 2778 2155 *⁷“’“
2801 2147 2814 2157 ⁸
2832 2147 3034 2163 νν’¹ν⁸⁹υ
3061 2147 3146 2166 νυ.
3161 2147 3453 2173 ιιησιιιιιιιιι.

669 2147 736 2201 Et
772 2167 886 2203 cum
926 2152 1145 2219 ﬁnierint
1194 2159 1525 2215 testimonium
1569 2181 1713 2219 suum
1738 2208 1751 2229 ,
1802 2168 1993 2236 bestia,
2041 2181 2142 2229 etc.
2226 2222 2232 2234 ,
2319 2174 2382 2228 Et
2423 2183 2755 2240 ascenderunt
2796 2190 2849 2243 in
2890 2196 3067 2249 caelum
3116 2200 3168 2253 iu
3206 2205 3353 2257 nube.
3403 2206 3507 2261 Hoc
3533 2218 3615 2264 est
3655 2215 3775 2281 quod

669 2247 792 2281 Iern
841 2242 1065 2281 ηςιρηάίι
1101 2246 1276 2281 (smnio
1329 2247 1437 2281 ιιιηη
1488 2265 1607 2281 σιιηιΑ
1661 2258 1992 2281 ..Α-,2--Ῐ..,-μ-
2030 2278 2103 2281 de,
2257 2267 2273 2281 ι
2398 2279 2404 2281 Α
2450 2271 2461 2281 ι
2567 2274 2598 2281 ..
2641 2277 2652 2281 -
2752 2279 2768 2281 Α

2618 2236 2751 2240 μη--
2798 2236 2849 2243 -.-
2891 2236 3067 2249 -..ν-..η-
3116 2236 3168 2253 υ,
3207 2236 3353 2257 ηυντ.
3403 2236 3507 2261 ιιυυ
3533 2236 3615 2264 (:35
3655 2236 3775 2281 quot!

597 2236 793 2302 Aperte
841 2242 1067 2295 ostendit
1101 2246 1277 2299 omnia
1328 2247 1438 2303 bmc
1486 2265 1607 2307 ante
1661 2258 1997 2313 novissimam
2029 2278 2146 2327 per-
2224 2256 2528 2334 Apostolus
2549 2274 3019 2349 dixitzﬂapiemur
3046 2290 3097 2341 in
3125 2292 3337 2348 nubibus
3368 2298 3551 2351 obviam
3570 2300 3775 2357 Domino

597 2329 910 2357 RAnaaI:nnAm
957 2332 1067 2357 Ωιι-ζ
1119 2334 1331 2357 ,ιε--..›-
1378 2339 1415 2357 ρ
1551 2343 1579 2357 ρ
1621 2344 1631 2354 ·
1696 2347 1707 2357 ·
1909 2351 1920 2357 ·
2048 2354 2056 2357 λ

592 2329 911 2382 secutionem
957 2332 1068 2386 fieri
1115 2334 1338 2391 dicendo
1374 2339 1498 2392 Cum
1539 2343 1763 2408 ﬁnierint
1808 2351 2143 2406 testimonium
2241 2357 2293 2408 in
2328 2374 2449 2412 aera
2485 2360 2538 2425 (1
2572 2364 2744 2422 Thess.
2778 2372 2871 2439 tv).

2490 2418 2499 2425 .
2706 2418 2743 2422 η
2779 2418 2870 2439 --1,

593 2430 757 2479 διαίτη.
800 2418 978 2484 Utique
1006 2420 1131 2474 illud
1164 2426 1300 2491 quod
1343 2429 1616 2493 perhibent
1654 2449 1817 2502 usque
1842 2439 1905 2491 ad
1937 2444 2140 2496 revela-
2308 2441 2375 2495 Et
2401 2446 2629 2502 viderunt
2651 2451 2769 2507 illos
2792 2456 2985 2513 inimici
3016 2478 3210 2523 eorum.
3244 2467 3338 2525 Hie
3370 2475 3623 2542 separavit
3652 2480 3772 2548 inju-

593 2503 783 2548 ιίοηρηι
831 2506 1009 2548 hostia:
1072 2526 1189 2548 nnc-
1229 2515 1469 2548 nnnlilsna
1519 2534 1784 2548 μην-ιη.--
1832 2535 1904 2548 --ι
1954 2528 2102 2548 εμηοκ
2241 2538 2344 2548 μ--
2412 2534 2422 2548 ι
2468 2535 2517 2548 ι.
2733 2544 2742 2548 -

2657 2503 2660 2504 ⁷
2721 2503 2766 2507 ν’
2794 2503 2985 2513 ”“⁷”⁷“⁷’
3016 2503 3089 2516 *ν’
3106 2503 3210 2523 ⁸⁵⁷⁸⁵0
3244 2503 3336 2525 Ιιιι.
3370 2503 3596 2542 κμϋῐὶινι

592 2503 783 2556 ¹ί⁰¹¹θτη
831 2506 1029 2574 δεδείπν
1072 2526 1190 2578 qua
1229 2515 1471 2570 cordibus
1518 2534 1787 2577 emersura
1826 2535 1908 2580 est
1954 2528 2140 2597 impio-
2238 2538 2349 2584 stos
2375 2534 2548 2589 abhis
2572 2552 2703 2604 quos
2733 2544 2781 2595 in
2810 2558 3093 2605 commune
3118 2553 3320 2609 dixerat
3353 2558 3602 2617 timuisse.

592 2606 701 2617 -.ι-ιιι
760 2592 863 2617 ΜΛ-.
904 2597 1033 2617 ---λλ
1074 2609 1152 2617 ..κέ
1173 2614 1189 2617 _
1232 2616 1237 2617 γ
1304 2604 1315 2617 Ι
1444 2614 1453 2617 -
1547 2608 1558 2617 ι
1694 2610 1705 2617 ι

592 2606 723 2642 rmn.
756 2592 864 2646 Non
899 2597 1034 2661 quod
1074 2609 1193 2654 tunc
1219 2604 1400 2657 eodem
1441 2608 1742 2669 testimonio
1771 2628 1872 2666 non
1907 2618 2124 2674 nitantur

594 2680 726 2720 Imali
760 2683 964 2720 fni-timo
994 2690 1283 2720 DM:cIn-‘An
1338 2696 1427 2720 ...Α
1462 2700 1594 2720 --.-,ι
1628 2709 1708 2720 .___
1731 2717 1744 2720 -
1775 2705 1811 2720 η
1860 2706 1892 2720 ν.
1962 2710 1971 2720 .
2069 2712 2080 2720 .

2588 2592 2604 2604 ι
2690 2592 2693 2593 ,
2754 2592 2781 2595 -_
2816 2592 3092 2605 ---ς-..-νην
3118 2592 3320 2609 unave-5
3353 2592 3602 2617 ιιΙΙΙυΙδπο

2308 2618 2376 2671 Et
2421 2622 2507 2675 illa
2550 2624 2674 2679 liora
2712 2632 2872 2697 [actus
2912 2646 2985 2687 est
3024 2648 3167 2693 terra:
3218 2656 3384 2699 motus
3425 2666 3646 2720 magnus,
3679 2667 3766 2707 etc.

2712 2680 2723 2697 ι
2771 2680 2870 2686 ἣτ’-ν
2912 2680 2984 2687 ⁷⁷-
3024 2680 3164 2693 ’ν’-νυ
3220 2680 3383 2699 Iuven.
3426 2680 3646 2720 magna",
3679 2680 3766 2707 Cl"-

594 2680 726 2734 hosti
759 2683 964 2739 fortiter
994 2690 1305 2759 resistendo,
1337 2696 1427 2749 sed
1459 2700 1594 2766 quod
1627 2709 1751 2755 tunc
1774 2705 2004 2761 Ecclesia
2034 2712 2136 2764 vir-
2237 2707 2576 2769 incumbente
2630 2728 2826 2776 terrore
2874 2724 3090 2797 judicii,
3151 2737 3323 2789 omnis
3372 2738 3563 2795 ἀειδοιί
3604 2746 3768 2799 ἀνίης

594 2778 754 2799 ΙιιΙιι-ιι
786 2779 945 2799 ιιι--.ΖΑ
983 2778 1196 2799 Δηλιὲιη.
1264 2784 1276 2799 l
1449 2788 1461 2799 ι
1683 2793 1694 2799 λ

589 2778 754 2823 tutum
786 2779 949 2841 gratia
980 2778 1307 2835 destituendo
1339 2788 1598 2850 credatur,
1632 2793 1933 2853 adversario
1962 2803 2124 2869 palam

589 2858 745 2888 ι-ἶη-ιῖο
777 2864 1028 2888 και...1--εξ
1061 2882 1201 2888 --.μμ
1225 2886 1258 2888 η
1318 2884 1327 2888 -
1438 2876 1477 2888 ι.
1602 2882 1617 2888 -
1681 2882 1692 2888 -

2874 2778 3090 2797 ,μη-ρ,
3154 2778 3322 2789 -.......,
3372 2778 3563 2795 ..η-ιν..
3604 2778 3765 2799 ιη...»

2236 2810 2397 2863 super
2432 2815 2651 2858 arenam
2683 2812 2895 2865 condita
2942 2830 3061 2869 cum
3103 2824 3344 2877 omnibus
3382 2828 3765 2888 aedificatoribus

584 2858 746 2925 signis
777 2864 1028 2919 mendacii
1056 2882 1383 2928 coruscante.
1437 2876 1563 2930 Nam
1590 2882 1769 2949 faciem
1803 2888 1915 2955 ejus
1944 2907 2124 2958 ρι’ωεε.

584 2947 665 2983 (In
695 2962 884 2983 nuncin.
938 2964 987 2983 ..ι
1025 2956 1267 2983 η....ε----
1301 2965 1366 2983 -ε.
1400 2964 1415 2983 ι
1438 2965 1454 2983 ι
1496 2968 1509 2983 .
1660 2972 1671 2983 .

2304 2858 2315 2863 _
2692 2858 2708 2861 -
2753 2858 2895 2865 ---ην-
2944 2858 3061 2869 νυ...
3104 2858 3344 2877 omn-uua
3386 2858 3763 2888 ωυιιιωιυΐιυυς

2232 2888 2343 2939 suis
2372 2902 2603 2949 corruet.
2630 2896 2693 2950 Et
2722 2899 2966 2959 denarius
2996 2910 3134 2963 enim
3168 2921 3220 2966 et
3245 2923 3569 2983 septenarius
3599 2940 3763 2977 nume-

2590 2947 2599 2949 ε
2632 2947 2691 2950 ἡ-
2727 2947 2966 2959 -τ-ν--ιυισ
2998 2947 3134 2963 VIIII.-
3168 2947 3220 2966 υ.
3245 2947 3569 2983 δσμιῦυᾱηυδ

582 2947 665 2999 det
694 2962 904 3018 egestas,
938 2964 993 3007 ut
1023 2956 1269 3016 Dominus
1298 2965 1370 3016 ait
1398 2964 1541 3041 (Job.
1569 2947 1698 3039 sui).
1821 2947 1839 2955 ⁷
1944 2947 1955 2958 ⁷
2238 2990 2329 3030 rus
2370 2991 2450 3034 est
2489 2985 2769 3049 perfectus.
2801 2991 2949 3059 Quod
2979 2998 3023 3052 si
3064 3015 3166 3055 non
3193 3017 3355 3073 esset,
3387 3022 3415 3060 a
3450 3021 3589 3077 parte
3614 3020 3760 3067 totum

658 3039 719 3077 Et
766 3043 923 3077 nisu-nl
951 3061 1031 3077 ΔΛ.
1093 3058 1137 3077 ΑΙ
1182 3053 1367 3077 ---2.1-.
1407 3055 1514 3077 3η--
1589 3060 1646 3077 ἰν·
1756 3072 1767 3077 -
1822 3065 1834 3077 ο
1951 3068 1965 3077 ·
2114 3072 2125 3077 -
2230 3064 2244 3076 ⁸
2291 3076 2299 3077 ί
2346 3068 2397 3077 ⁸⁸·
2523 3074 2535 3077 ’

652 3039 719 3091 Et
766 3043 923 3099 uincet
950 3061 1050 3112 eos,
1090 3058 1137 3102 et
1178 3053 1367 3105 occidet
1404 3039 1536 3111 illos.
1589 3060 1772 3117 Vincet
1821 3065 1870 3120 in
1916 3068 1992 3121 eis
2038 3072 2126 3138 qui
2229 3064 2629 3139 intelligendum
2656 3088 2787 3133 erat.

2299 3153 2370 3209 Et
2405 3158 2571 3216 elateri
2627 3168 2681 3219 in
2752 3172 2930 3226 timore
2985 3187 3101 3229 sunt
3156 3182 3314 3236 missi.
3359 3185 3484 3251 Quis
3512 3188 3756 3245 hominum

2230 3243 2545 3312 gloriabitur
2585 3266 2785 3311 castum
2835 3276 2893 3316 se
2936 3264 3132 3324 habere
3177 3286 3309 3341 cor,
3378 3291 3497 3333 cum
3553 3284 3756 3339 virtutes

2222 3335 2476 3394 cmlorum
2508 3351 2978 3409 commovebuntur
3000 3358 3022 3410 τ

2290 3422 2359 3478 Et
2386 3428 2629 3486 dederunt
2656 3438 2870 3505 gloriam
2899 3441 3001 3497 Deo
3208 3451 3297 3507 Isti
3339 3469 3463 3511 sunt
3499 3474 3648 3531 super
3675 3481 3733 3532 pe

2219 3519 2350 3569 trarn
2395 3518 2667 3589 aedificati,
2700 3529 2809 3595 qui,
2848 3532 2967 3587 aliis
3012 3545 3166 3593 terra
3202 3551 3345 3597 motu
3384 3518 3747 3615 ruentibus,'de

2215 3601 2500 3662 stabilitate
2535 3626 2653 3676 sua,
2693 3626 2833 3671 recta
2897 3620 3174 3681 Dominum
3214 3633 3541 3693 confessione
3579 3601 3749 3695 clarifi-

2212 3702 2351 3745 cant.
2409 3696 2689 3756 Latabitur
2734 3708 2866 3761 enim
2904 3715 3097 3779 justus,
3131 3734 3244 3769 cum
3274 3722 3453 3777 rideri:
3498 3729 3744 3784 vindictam

2211 3783 2502 3850 impiorum.
2535 3791 2756 3857 Quidam
2786 3792 2919 3853 duos
2948 3806 3229 3869 pr0pbetas
3267 3810 3446 3869 Enoch
3495 3830 3549 3871 et
3589 3820 3739 3874 Eliam

2213 3870 2646 3947 interpretantur,
2679 3887 2802 3953 qui,
2837 3892 3001 3945 tribus
3028 3898 3191 3950 semis
3217 3900 3369 3956 annis
3398 3909 3738 3973 praedicantes,

2209 3977 2387 4020 contra
2417 3986 2535 4025 mox
2565 3988 2861 4034 secuturam
2899 3985 3210 4043 Antichristi
3230 3995 3500 4058 perﬁdiam
3531 4001 3737 4055 fidelium

2207 4060 2363 4113 corda
2386 4065 2715 4137 confirment,
2735 4073 2940 4143 illisque
2952 4080 3159 4145 occisis,
3175 4088 3495 4142 tantumdem
3511 4097 3740 4161 temporis

2206 4150 2455 4206 saevitiam
2521 4158 2760 4222 ejusdem
2818 4176 3214 4233 grassaturam.
3266 4182 3360 4233 et,
3413 4178 3738 4235 reinstaurato

2204 4239 2413 4303 demum
2444 4252 2756 4317 certamine,
2806 4269 2833 4305 a
2865 4258 3083 4321 sanctis,
3112 4263 3200 4327 qui
3235 4262 3551 4322 latebrarum
3585 4278 3736 4339 prasi-

2203 4329 2289 4380 dio
2335 4333 2478 4387 velut
2532 4342 2724 4394 mortui
2774 4346 3142 4411 credebantur,
3197 4366 3315 4407 esse
3368 4363 3733 4425 superandam;

2202 4418 2289 4485 qui
2320 4435 2413 4486 pro
2441 4426 2595 4478 unius
2627 4444 2881 4501 compage
2907 4437 3144 4499 corporis
3192 4441 3331 4496 idem
3366 4418 3631 4516 propheta:
3672 4418 3733 4508 re

2123 4542 2173 4600 Β
2200 4520 2412 4577 surgere
2454 4514 2720 4585 dicantur,
2753 4524 3026 4592 acriusque
3059 4528 3160 4583 illis
3191 4535 3314 4586 visis
3353 4539 3443 4604 qui
3468 4514 3572 4606 iam
3604 4560 3729 4597 mor-

2205 4599 2275 4652 tui
2304 4604 2636 4675 putabantur,
2668 4624 2975 4680 exaggerata
3029 4624 3394 4685 persecutione
3441 4630 3627 4684 multos
3653 4647 3731 4685 eo~

2201 4704 2314 4745 rum
2354 4695 2438 4762 qui
2484 4697 2566 4751 vel
2605 4705 2905 4766 septenario
2950 4707 3032 4759 vel
3080 4708 3300 4763 denario
3347 4729 3568 4772 numero
3602 4722 3727 4791 digni

2196 4782 2545 4837 credebantur
2580 4801 2699 4840 esse
2742 4804 2979 4856 casuros,
3019 4795 3229 4854 dicente
3276 4801 3484 4860 Daniele
3510 4826 3523 4860 :
3554 4782 3728 4879 Canib-

2196 4868 2345 4920 mabit
2391 4881 2592 4936 pactum
2637 4877 2809 4930 multis
2861 4880 3171 4940 hebdomade
3220 4906 3322 4943 una
3366 4904 3415 4946 et
3454 4896 3507 4949 in
3533 4868 3725 4953 dimidio

2192 4957 2514 5016 hebdomadis
2545 4966 2746 5031 deﬁciet
2771 4970 2955 5036 hostia,
2984 4987 3028 5030 et
3056 4982 3379 5047 sacriﬁcium,
3408 4996 3454 5038 et
3480 4987 3531 5041 in
3558 4995 3723 5059 templo

2190 5050 2280 5100 erit
2313 5051 2619 5106 abominatio
2656 5057 2983 5117 desolationis
3016 5066 3176 5132 (Dan.
3209 5070 3305 5140 ιι).
3360 5074 3425 5126 Et
3471 5078 3521 5129 in
3552 5050 3720 5134 subse-

2188 5142 2463 5205 quentibus
2498 5162 2510 5197 :
2545 5142 2610 5195 Et
2640 5163 2751 5200 cum
2796 5155 2959 5218 posita
2988 5157 3140 5225 fuerit
3168 5159 3472 5220 abominatio
3510 5170 3564 5221 in
3591 5173 3723 5225 deso‘

2187 5227 2455 5290 lationem,
2508 5233 2613 5286 dies
2654 5238 2791 5293 mille
2838 5243 3039 5298 ducenti
3081 5251 3357 5318 nonaginta
3407 5253 3564 5322 (Dan.
3614 5262 3717 5330 sit).

2184 5313 2279 5378 Qui
2320 5331 2564 5376 numerus
2599 5324 2735 5381 circa
2778 5330 2933 5385 trium
2962 5349 3218 5392 annorum
3260 5351 3314 5394 et
3349 5356 3442 5395 sex
3473 5354 3716 5406 mensium

2183 5408 2441 5462 curricula
2480 5412 2795 5472 divemtur.
2855 5421 3091 5495 Denique
3132 5427 3271 5483 Elias
3310 5430 3428 5499 igne
3461 5442 3712 5503 quondam

2181 5496 2406 5560 perdidit
2441 5502 2804 5575 adversarios,
2852 5522 2905 5567 et
2957 5526 3063 5570 tres
3097 5519 3259 5572 semis
3298 5496 3465 5578 annos
3514 5528 3712 5585 latitans

2176 5582 2372 5639 imbres
2395 5593 2670 5657 continuit,
2699 5600 3031 5672 tandemque
3060 5608 3529 5680 pseudoprophetis
3560 5582 3711 5676 inter:

2176 5672 2341 5739 lectis,
2374 5693 2465 5743 per
2489 5684 2799 5742 sacrificium
2830 5693 2964 5760 quod
2994 5672 3221 5752 ablatum
3262 5672 3427 5759 fuerat

2176 5761 2330 5819 lsrael
2361 5767 2422 5819 ad
2453 5768 2745 5828 Dominum.

584 3130 970 3196 succubuerint,
1003 3136 1205 3192 occidet
1248 3140 1297 3194 in
1328 3143 1403 3196 eis
1432 3148 1517 3213 qui
1561 3164 1654 3215 pro
1681 3150 1875 3208 Christi
1915 3161 2125 3214 nomine

579 3214 819 3272 laudabili
857 3222 1103 3287 patientia
1154 3225 1342 3283 fuerint
1388 3214 1707 3305 interempti.
1759 3246 1861 3295 Aut
1887 3244 1929 3297 si
1959 3247 2115 3314 spiri-
2147 3216 2195 3276 ο

578 3305 786 3359 tunliter
831 3310 1001 3363 vincet
1047 3322 1101 3365 et
1147 3317 1369 3382 occidet,
1403 3328 1613 3388 partem'
1642 3331 1851 3384 testium
1898 3334 2123 3404 accipie-

577 3413 713 3453 mus.
743 3400 891 3456 Sicut
921 3402 971 3458 in
1006 3404 1288 3477 Evangelia
1317 3413 1563 3471 Dominus
1590 3420 1752 3475 dicit:
1786 3400 2119 3484 Tradentvvos

571 3490 624 3541 in
670 3508 968 3559 pressuram,
1019 3506 1065 3553 et
1092 3502 1317 3557 occith
1367 3522 1451 3559 eos
1493 3508 1704 3578 (Matth.
1754 3501 1925 3585 χιιι).
1968 3518 2117 3584 Quod

578 3578 744 3633 Lucas
771 3586 1085 3653 evangelista
1117 3605 1209 3656 pro
1240 3604 1385 3659 parte
1410 3595 1605 3652 dictum
1636 3600 1867 3660 insinuat
1896 3606 2110 3666 dicens:
2148 3640 2172 3658 ο

575 3667 810 3722 ()ccident
829 3688 891 3724 ea:
916 3674 1049 3728 vobis
1080 3676 1226 3745 (Luc.
1253 3681 1345 3750 st).

638 3752 707 3805 Et
738 3754 975 3822 jacebunt
1008 3776 1234 3839 corpora,
1263 3781 1429 3819 eorum
1458 3770 1509 3824 in
1538 3774 1714 3837 plateis
1748 3777 1961 3834 civitatis
1999 3801 2111 3838 ma-

564 3856 695 3907 gnte.
738 3843 791 3895 Si
839 3855 944 3909 me,
989 3847 1172 3916 inquit,
1204 3859 1460 3919 persecuti
1502 3872 1656 3927 sunt,
1698 3874 1750 3918 et
1791 3882 1884 3923 vos
1932 3887 2111 3939 perse-

564 3941 807 3995 quentur.
850 3933 961 3988 Non
990 3947 1075 3990 est
1096 3954 1222 4006 ergo
1261 3944 1447 3999 mirum
1494 3951 1536 4001 si
1582 3951 1765 4009 civitas
1809 3959 2105 4028 impiorum,

562 4030 679 4083 qua:
709 4017 981 4075 Dominum
1009 4030 1312 4099 crucifigere
1341 4049 1441 4088 non
1470 4036 1661 4107 timuit,
1690 4056 1872 4102 servos
1900 4046 2107 4121 quoque

565 4109 724 4175 ipsius
768 4111 989 4166 ludibrio
1036 4116 1225 4173 habeat
1268 4124 1423 4179 etiam
1475 4131 1697 4187 occisos.
1750 4109 1935 4200 Qualia
1964 4109 2105 4209 δέρε

562 4199 693 4253 facta
726 4200 938 4258 historia
963 4208 1311 4269 ecclesiastica
1339 4220 1523 4275 refert.

630 4288 755 4351 Quir
775 4303 975 4347 rocatur
998 4299 1325 4366 spiritualiter
1344 4306 1589 4377 Sodoma,
1619 4323 1719 4367 etc.
1752 4314 1805 4369 lii
1832 4327 1929 4382 est,
1960 4333 2101 4375 muta

556 4388 610 4431 et
639 4382 939 4450 tenebrosa,
971 4403 1067 4443 nec
1098 4392 1275 4447 lumen
1303 4397 1479 4466 utique
1511 4402 1656 4463 fidei.
1688 4422 1783 4461 nec
1812 4411 2100 4467 confessio-

556 4470 637 4521 nis
666 4471 862 4527 habens
891 4491 1089 4532 vocem.
1118 4482 1280 4537 Corde
1301 4489 1434 4541 enim
1475 4494 1692 4547 creditur
1728 4499 1794 4549 ad
1823 4502 2093 4570 justitiam,

556 4573 638 4609 ore
684 4572 849 4614 autem
894 4567 1138 4635 confessio
1180 4573 1237 4637 ﬁt
1281 4576 1349 4626 ad
1398 4581 1612 4633 salutem
1656 4567 1834 4649 (Rom.
1880 4590 1954 4657 χ).
2008 4567 2113 4652 lite.

554 4646 835 4710 provincia!
881 4650 933 4701 in
962 4656 1168 4721 signum
1203 4674 1367 4723 paena:
1395 4666 1685 4731 spiritualis
1714 4673 1987 4732 visibiliter
2016 4681 2097 4737 itis

556 4734 734 4801 plagis,
768 4735 815 4788 id
850 4748 950 4804 est,
982 4741 1097 4808 igne
1127 4744 1430 4813 devorante,
1460 4762 1513 4805 et
1539 4769 1671 4822 aqua
1712 4760 1762 4812 in
1792 4756 2120 4832 sanguinein

554 4839 631 4876 vet
646 4839 723 4887 sa,
754 4841 1013 4891 percussae
1039 4841 1181 4887 sunt.

626 4913 687 4962 Et
714 4914 945 4966 uidebunt
977 4919 1037 4969 de
1068 4924 1267 4989 populis
1294 4936 1341 4979 et
1368 4929 1610 4995 tribubus,
1647 4945 1748 4991 etc.
1779 4938 1890 4994 Non
1920 4944 2085 5001 dixit:

550 4995 816 5052 Videbunt
862 5006 1030 5070 populi
1076 5020 1129 5063 et
1171 5014 1358 5078 tribus,
1410 5021 1503 5071 sed
1552 5024 1697 5076 multi
1746 5028 1812 5082 de
1867 4995 2086 5103 p0ptilivs,

551 5082 641 5150 qui
688 5090 803 5143 aliis
831 5092 1189 5163 credentibus,
1227 5116 1434 5159 sanctos
1465 5110 1631 5174 palam
1664 5114 1906 5174 irrident.

618 5178 683 5235 Et
718 5195 926 5249 corpora
952 5200 1126 5240 eorum
1163 5207 1261 5244 non
1290 5196 1450 5248 sinent
1487 5204 1606 5265 poni
1644 5205 1693 5256 in
1730 5219 2081 5270 monumentis.

550 5261 732 5319 Votum
770 5285 950 5326 eorum
991 5276 1121 5329 dixit
1157 5287 1211 5332 et
1248 5261 1717 5353 impugnationem.
1792 5261 2080 5369 Noinﬁqiiod

1399 5350 1416 5353 _
1950 5350 2077 5369 τη-.-

545 5350 750 5407 valeant
789 5360 959 5417 facere
986 5380 1051 5419 ne
1079 5368 1145 5420 si;
1171 5368 1401 5425 Ecclesia
1435 5375 1487 5427 in
1518 5385 1847 5441 memoriam.
1899 5393 2077 5445 Sicut:

541 5440 650 5493 Nec
698 5461 780 5497 vos
825 5450 1057 5519 intratis,
1116 5474 1205 5510 nec
1264 5460 1391 5514 alios
1436 5467 1597 5522 sinitis
1638 5474 1828 5530 intrare
1869 5482 2075 5548 (Matth.

538 5537 721 5603 xxiii),
795 5553 912 5592 cum
963 5544 1172 5614 intrent,
1220 5554 1320 5609 illis
1360 5557 1805 5628 impugnantibns.
1866 5560 2077 5627 Facient

534 5634 706 5678 autem
749 5633 1017 5698 perspicue
1045 5637 1109 5688 de
1135 5639 1365 5698 vivorum
1409 5651 1810 5726 occisorumque
1842 5664 2073 5729 corpori-

532 5715 653 5777 bus,
683 5719 795 5783 quia
840 5738 932 5775 nec
964 5727 1104 5781 vivos
1133 5730 1303 5786 sinent
1348 5752 1494 5794 sacra
1522 5744 1844 5803 celebrando
1878 5755 1927 5804 in
1962 5768 2069 5810 mc-
