3934 6222
234 459 338 516 185

1181 457 1610 513 EXPLANATIO
1650 452 2134 511 APOCALYPSIS.
2176 475 2242 497 -ι-
2285 455 2407 509 LIB.
2451 456 2512 509 ll.

3344 459 3443 511 166

308 569 418 624 ἰἰε
455 569 729 624 secundum
758 569 916 632 abiit,
948 579 993 622 et
1020 583 1129 621 ecce
1155 584 1227 621 ea:
1255 569 1454 622 tertium
1483 567 1640 620 venirt
1668 566 1784 614 cito.
1819 567 1864 621 Α
1896 570 2000 614 tum
2031 573 2260 626 crescet,
2309 562 2477 616 donec
2516 575 2724 614 omnem
2765 561 3167 615 mutabilitatem
3209 566 3442 616 mortali-

232 661 350 715 lloc
380 676 457 713 vce
489 662 780 714 secundum
813 674 916 714 non
949 658 1012 712 ad
1046 657 1528 726 recapitulationem
1554 695 1568 719 ,
1602 655 1694 707 sed
1725 654 1788 704 ad

233 750 479 815 praelium
511 763 798 816 equorum,
831 748 967 814 quod
1010 748 1128 801 tuba
1167 747 1301 801 sexti
1345 747 1512 816 angeli
1552 759 1789 798 contmn-

228 849 342 890 tum
384 847 499 900 est,
541 836 794 904 pertinet.
838 835 1157 889 Praedixerat
1194 835 1334 889 enim
1374 835 1542 902 aquila
1584 833 1677 885 tria
1714 847 1790 884 va:

227 929 298 980 de
331 927 490 980 trium
525 941 651 980 voce
681 937 896 980 ventura
941 926 1203 979 tubarum.
1243 926 1344 979 Sed
1389 925 1456 978 ibi
1490 941 1592 976 non
1623 924 1786 986 dixit,

229 1029 300 1068 ne
330 1015 509 1068 statim
541 1013 753 1067 tertium
781 1015 925 1082 sequi
961 1023 1230 1080 putaretur
1255 1014 1389 1082 quod
1417 1012 1478 1065 ad
1505 1013 1787 1078 septimum

221 1104 472 1172 angelum
509 1112 565 1158 et
596 1103 660 1156 ad
693 1102 847 1156 linem
881 1105 1130 1171 pertinet.

299 1191 369 1245 Et
409 1193 652 1260 septimus
685 1192 897 1261 angelus
934 1193 1051 1244 tuba
1087 1193 1296 1256 cecinit,
1334 1201 1439 1244 etc.
1491 1192 1594 1246 Sex
1648 1191 1786 1244 tuba:

225 1285 441 1349 priores
472 1283 652 1336 szceuli
679 1284 963 1358 prses-eatis
995 1282 1236 1336 aetatibus
1274 1291 1590 1348 comparata:
1617 1283 1788 1334 varios

229 1373 498 1426 bellorum
534 1372 782 1426 Ecclesiae
812 1373 1189 1426 denuntiavere
1219 1375 1522 1424 concursus.
1554 1372 1787 1436 Septima

223 1477 390 1527 vero,
439 1463 652 1516 Sabbati
695 1464 877 1516 aeterni
923 1465 1135 1530 nuntia,
1177 1463 1450 1516 victoriam
1496 1472 1694 1516 tantum
1737 1473 1789 1516 ct

218 1549 508 1618 imperium
545 1553 652 1605 veri
684 1552 822 1619 regis
852 1552 1071 1608 indicat.

299 1639 576 1711 Et'viginti
601 1653 818 1708 quatuor
847 1643 1067 1695 seniores
1092 1642 1427 1696 adoraverunt
1458 1641 1648 1704 Deum,
1682 1653 1784 1696 etc.

224 1730 403 1790 Ecce.
457 1730 658 1799 inquit,
705 1746 783 1783 va:
827 1733 1038 1785 tertium
1088 1735 1265 1786 veniet
1308 1733 1361 1786 in
1409 1748 1534 1786 voce
1578 1735 1783 1801 septimi

219 1819 422 1886 angeli.
460 1819 664 1872 Etcum
698 1821 1016 1883 cecinisset.
1049 1837 1152 1876 non
1198 1823 1296 1876 nisi
1339 1822 1623 1877 Ecclesiam
1653 1825 1786 1878 dixit

1891 652 2008 702 tatis
2037 651 2292 712 absumet,
2321 667 2440 704 cum
2471 652 2737 704 novissima
2767 652 2972 703 inimica
3000 653 3282 706 destruetur
3311 670 3440 705 mors

1891 742 2107 808 (lCor.
2140 743 2265 811 xv).
2315 741 2434 796 Sive
2481 743 2600 810 quia
2645 743 2826 796 eadem
2880 745 3108 797 lietrlesia
3158 747 3345 811 partim
3391 749 3440 798 in

1889 833 2022 886 creto
2043 872 2057 895 ,
2091 833 2203 885 sole
2232 833 2441 886 (Iltristo
2482 832 2691 898 fruitur,
2728 837 2913 901 partim
2956 837 3006 888 in
3037 852 3260 904 corpore
3293 854 3442 906 pere-

1889 923 2124 989 grinatur
2165 935 2194 973 a
2241 921 2482 976 Domino.
2529 922 2708 976 Potest
2760 925 2845 976 ltic
2888 925 3101 994 intelligi
3143 927 3280 994 quod
3325 929 3440 982 ait:

1890 1011 2038 1064 Laava
2075 1014 2183 1080 ejus
2220 1013 2308 1064 sub
2338 1013 2504 1078 capite
2542 1028 2648 1064 meo
2671 1053 2684 1076 ,
2717 1022 2763 1065 et
2794 1015 2997 1067 dextera
3029 1018 3136 1084 ejus
3179 1017 3439 1087 amplexa-

1791 1127 1796 1133 -
1887 1103 2020 1154 bitur
2050 1119 2125 1154 me
2151 1100 2342 1166 (Cant.
2377 1118 2464 1154 vttt
2485 1105 2522 1167 ).

1960 1193 2022 1246 In
2050 1194 2212 1262 capite
2241 1195 2345 1262 ejus
2373 1210 2557 1247 corona
2579 1194 2841 1246 stellarum
2857 1195 3140 1248 duodecim.
3163 1195 3442 1249 Duodetta-

1889 1285 1966 1338 rio
2012 1285 2376 1352 apostolorum
2426 1300 2652 1338 numero
2701 1269 2857 1352 caput
2903 1297 3120 1340 ornatur
3169 1287 3438 1352 Ecclesia,

1887 1379 2000 1431 sive
2046 1378 2306 1429 Christum
2357 1377 2648 1443 intelligas,
2699 1377 2812 1428 sive
2872 1377 3044 1442 ipsum
3091 1377 3436 1444 primordium

1887 1466 2128 1535 ejusdem
2181 1465 2429 1519 Ecclesite
2477 1465 2778 1529 nascentis,
2810 1464 2996 1532 capitis
3041 1466 3250 1518 nomine
3295 1466 3439 1518 desi-

1887 1568 2125 1627 gnatum.
2173 1556 2430 1619 Posuisti,
2461 1558 2625 1626 inquit
2646 1597 2671 1630 ,g
2693 1559 2742 1610 in
2785 1559 2950 1626 capite
2976 1559 3086 1627 ejus
3115 1574 3347 1610 coronam
3377 1558 3442 1611 de

1886 1649 2055 1714 lapide
2084 1649 2294 1714 pretioso
2322 1646 2489 1714 (Psal.
2518 1646 2634 1713 xx).
2955 1701 2957 1710 γ

1958 1736 2020 1788 Et
2048 1739 2098 1788 in
2127 1747 2264 1788 utero
2293 1737 2498 1796 habens,
2527 1745 2572 1786 et
2600 1735 2835 1787 clamavit
2863 1735 3166 1801 parturiens.
3199 1733 3431 1787 Ecclesia

1888 1827 2234 1894 spiritualiter
2261 1835 2316 1879 et
2344 1842 2474 1892 quos
2505 1824 2729 1894 parturit
2775 1825 2943 1892 parit,
2991 1834 3044 1876 et
3081 1823 3189 1891 jant
3235 1823 3440 1890 genitos

217 1907 535 1962 laudantem
580 1909 738 1962 Deum
783 1921 835 1962 et
879 1913 1076 1979 gratias
1118 1923 1376 1980 agentem.
1416 1914 1560 1967 Unde
1590 1915 1779 1968 intelli-
1819 1890 1861 1946 Β
1891 1890 2145 1985 parturire
2175 1933 2277 1968 non
2308 1890 2522 1968 desinit:
2552 1917 2704 1969 Sicut
2731 1890 2840 1981 ipsa
2870 1914 3034 1967 dicit:
3081 1890 3258 1966 Filioli
3299 1915 3431 1974 mei,

216 1997 404 2063 gimus
437 1997 690 2052 bonorum
723 2000 1122 2054 retributionem
1148 2017 1248 2055 non
1270 2017 1409 2067 esse,
1443 2005 1538 2057 nisi
1565 2020 1639 2057 ναι
1669 2019 1782 2057 nta-

213 2084 421 2139 lotum.

294 2174 400 2239 Qui
429 2191 501 2239 es,
534 2184 579 2227 et
605 2177 694 2245 qui
719 2193 855 2243 eras,
885 2186 989 2231 etc.
1024 2176 1099 2230 Tu
1128 2176 1338 2246 quidem
1359 2216 1376 2241 ,
1407 2177 1783 2233 rebellantibus

214 2261 350 2315 licet
405 2264 615 2328 impiis,
668 2281 696 2317 a
744 2267 941 2320 sa'culo
991 2268 1258 2336 regnasti,
1291 2267 1384 2322 sed
1416 2283 1597 2320 eorum
1645 2284 1782 2322 nunc

209 2357 376 2412 [uror
401 2367 453 2412 te
474 2359 648 2429 judice
677 2377 890 2430 pressus
921 2365 1133 2431 peribit.
1164 2365 1408 2418 Dominus
1435 2365 1574 2419 enim
1604 2379 1780 2432 regna-

205 2449 282 2500 vit
304 2487 322 2512 ,
355 2451 642 2503 irascantur
673 2453 846 2520 papuli
882 2452 1068 2520 (Psal.
1105 2469 1269 2508 xcvttt
1291 2457 1332 2522 ).

286 2541 359 2593 Et
403 2553 601 2610 tempus
643 2555 955 2596 mortuorum
990 2545 1249 2614 judicari,
1280 2556 1326 2599 et
1355 2547 1563 2598 reddere
1592 2560 1781 2597 merce-

205 2637 330 2686 dem
353 2679 365 2696 ,
399 2647 503 2689 etc.
537 2637 718 2690 Ordini
751 2638 992 2703 congruit
1023 2641 1341 2704 evangeficae
1374 2639 1608 2692 lectionis
1629 2678 1642 2697 ,
1675 2638 1779 2703 pri-

208 2738 306 2776 mo
341 2724 554 2793 quidem
602 2741 788 2779 omnes
829 2739 1012 2794 gentes
1038 2739 1160 2781 ante
1190 2728 1422 2782 Iudicem
1453 2743 1778 2796 congregau-

204 2813 350 2873 das.
399 2813 590 2866 deinde
637 2816 884 2869 dexteras
933 2816 985 2869 in
1036 2833 1198 2886 regno
1244 2817 1411 2870 Patris
1461 2833 1552 2883 per
1592 2819 1777 2870 multas

204 2901 521 2953 mansiones
573 2903 945 2967 collocandos,
980 2907 1170 2972 impios
1199 2916 1498 2974 veroextra
1529 2907 1778 2959 terminos

207 2988 370 3053 regni
407 2988 608 3054 pulsos,
642 2989 872 3044 ﬂammis
902 2994 1291 3046 maledictionis
1321 3009 1440 3048 esse
1472 2995 1770 3050 torrettdOS.

280 3076 356 3128 Et
403 3079 773 3132 exterminandi
818 3096 898 3134 eos
943 3085 1028 3147 qui
1069 3099 1104 3134 ci
1129 3094 1396 3152 rruperunt
1429 3093 1629 3135 terram.
1665 3084 1772 3136 Hoc

201 3176 292 3220 cst
348 3182 426 3221 va
478 3169 837 3222 novissimum.
893 3171 1154 3225 Hactenus
1201 3173 1270 3226 de
1320 3184 1521 3239 septem
1574 3174 1768 3240 angelis

203 3257 342 3310 tuba
381 3260 698 3312 canentibus
722 3305 735 3326 ,
770 3277 907 3316 nunc
937 3265 1248 3330 recapitulat
1288 3279 1316 3316 a
1361 3267 1630 3320 nativitate
1673 3266 1770 3318 Do-

200 3347 386 3410 mini,
420 3348 603 3401 eadem
634 3350 790 3404 aliter
816 3365 878 3402 ac
910 3352 1066 3405 latius
1095 3354 1350 3406 dicturus.

274 3433 352 3486 Et
376 3447 605 3504 apertum
632 3445 708 3491 est
731 3442 970 3508 templum
997 3439 1088 3492 Dei
1115 3441 1166 3492 in
1194 3441 1339 3503 cazlo,
1363 3451 1464 3494 etc.
1494 3439 1767 3509 Templum

202 3527 424 3580 Domini
477 3529 743 3595 quondam
790 3530 842 3581 in
893 3540 1031 3582 terra
1083 3530 1342 3597 positum,
1391 3547 1568 3585 arcam
1615 3542 1772 3586 testa-

201 3615 381 3669 menti
412 3615 513 3668 sub
544 3616 802 3671 velamine
834 3618 1060 3686 mystico
1089 3619 1318 3671 clausam
1353 3619 1556 3686 tegebat
1584 3637 1596 3683 ;
1631 3635 1768 3672 nunc

201 3715 390 3758 autem
439 3707 489 3758 itt
523 3705 757 3760 Ecclesia
782 3747 797 3774 ,
826 3723 946 3776 qua:
979 3717 1059 3760 cst
1089 3708 1340 3775 templum
1387 3708 1476 3761 Dei
1509 3709 1648 3774 vivi,
1678 3725 1767 3761 cu-

192 3795 288 3864 jus
320 3797 660 3850 conversatio
689 3797 741 3850 itt
769 3800 917 3852 ctelis
947 3807 1028 3851 est
1053 3797 1311 3867 (Philipp.
1338 3797 1451 3866 ιιι),
1485 3799 1601 3852 velo
1633 3808 1766 3851 tem-

198 3889 271 3956 pli
307 3886 510 3941 veteris
538 3895 594 3940 et
631 3888 804 3942 medio
851 3889 1050 3954 pariete
1097 3889 1339 3941 maceriae
1387 3889 1593 3942 Domini
1639 3903 1765 3941 san-

196 3978 368 4046 guine
423 3975 679 4038 discisso,
735 3990 858 4030 arca
909 3977 1288 4030 lncarnationis
1337 3978 1450 4044 ejus
1503 3987 1612 4030 toto
1658 3978 1763 4045 jam

197 4065 462 4134 panditur
489 4064 624 4117 orbi.
657 4064 816 4128 Quasi
857 4067 998 4118 enim
1045 4081 1231 4119 manna
1271 4067 1500 4120 cmlestis
1542 4067 1591 4118 in
1634 4081 1764 4118 auro

198 4155 442 4217 mundo,
476 4153 721 4207 divinitas
748 4163 828 4206 est
860 4153 911 4208 in
943 4170 1164 4226 corpore
1205 4165 1408 4209 sancto.

274 4263 345 4317 Et
390 4270 530 4333 facta
571 4274 685 4318 sunt
729 4267 934 4336 fulgura
979 4271 1030 4321 et
1069 4283 1208 4320 voces
1234 4309 1247 4331 ,
1281 4277 1384 4322 etc.
1423 4269 1544 4323 llrec
1583 4271 1760 4322 omnia

196 4358 433 4409 virtutes
481 4363 604 4407 sunt
659 4356 1072 4419 coruscatioois,
1125 4367 1178 4409 et
1227 4357 1651 4424 pradicationis,
1711 4368 1762 4412 et

200 4447 466 4498 bellorum
501 4444 774 4498 Ecclesiae.
807 4445 930 4499 llaec
957 4446 1162 4499 dixerat
1189 4446 1322 4499 facta
1352 4457 1403 4500 et
1454 4448 1505 4501 in
1554 4449 1760 4502 descri-

1880 2026 2004 2078 quos
2033 2008 2212 2060 iterum
2244 2008 2472 2076 partiario
2498 2006 2654 2058 donec
2694 2010 2936 2074 forme'ur
2967 2004 3195 2058 Christus
3221 2006 3273 2058 in
3303 2004 3437 2057 vobis

1887 2098 2080 2168 (Ca'at.
2114 2100 2214 2162 tv).

1955 2187 2018 2240 Et
2041 2187 2357 2238 cruciabatur
2379 2194 2430 2237 ut
2452 2185 2638 2247 pariat.
2660 2185 2746 2238 Sic
2770 2183 3023 2239 Dominus
3047 2183 3096 2236 itt
3119 2183 3395 2251 Evangelia
3420 2200 3434 2236 :

1882 2276 2084 2338 Mulier,
2118 2275 2313 2343 inquit,
2340 2291 2451 2326 cum
2481 2275 2644 2341 parit,
2662 2268 2930 2324 tristitiam
2956 2270 3134 2336 habet,
3163 2271 3282 2338 quia
3303 2271 3432 2322 venit

1879 2369 2004 2421 hora
2033 2369 2178 2437 ejus;
2229 2383 2340 2418 cum
2373 2375 2538 2419 autem
2569 2364 2758 2432 peperit
2791 2379 3023 2430 puerum,
3065 2363 3174 2430 jam
3203 2377 3302 2412 non
3334 2379 3435 2413 me-

1881 2458 2032 2509 minit
2055 2472 2303 2524 pressura:
2329 2465 2532 2524 propter
2572 2456 2811 2523 gaudium
2855 2450 3046 2522 (.Ioan.
3079 2452 3235 2519 xvt).
3283 2452 3430 2515 Quod

1882 2552 1997 2616 ipse
2044 2549 2316 2613 discipulis
2361 2559 2632 2614 exponens
2679 2545 2958 2611 adjunxit:
3020 2543 3086 2595 Et
3133 2557 3226 2595 vos
3279 2542 3434 2610 igitur

1879 2655 2011 2691 nunc
2037 2637 2236 2705 quidem
2269 2639 2527 2689 tristitiam
2567 2635 2797 2694 habetis;
2841 2635 3016 2684 iterum
3057 2642 3223 2685 autem
3261 2632 3432 2683 videbo

1879 2745 1995 2792 eos,
2025 2738 2071 2780 et
2103 2729 2336 2797 gaudebit
2367 2741 2452 2778 cor
2483 2734 2698 2777 vestrum
2727 2723 2934 2792 (lbid.).

1955 2817 2018 2869 Et
2049 2833 2159 2868 ecce
2185 2817 2338 2868 draco
2368 2829 2582 2882 magnus
2614 2813 2790 2880 rufus,
2818 2820 2919 2863 etc.
2955 2809 3202 2862 Diabolus
3230 2809 3430 2863 smvitia

1884 2918 2135 2962 cruentus
2182 2915 2364 2958 contra
2417 2901 2704 2956 Ecclesium
2757 2900 2987 2968 potentia
3041 2901 3232 2952 terreni
3283 2901 3426 2968 regni

1875 3006 2126 3048 armatur.
2183 2992 2236 3046 In
2294 3001 2494 3061 septem
2547 2991 2688 3044 enim
2741 2990 2996 3058 capitibus
3041 3005 3225 3043 omnes
3276 3003 3424 3058 reges

1873 3103 2021 3151 suos,
2054 3096 2106 3138 et
2136 3088 2186 3137 iu
2217 3085 2398 3137 decem
2431 3083 2678 3136 cornibus
2705 3096 2860 3134 omne
2890 3094 3105 3148 regnum
3134 3079 3280 3133 dicit.

1944 3171 2008 3222 Et
2056 3172 2218 3223 cauda
2263 3172 2376 3237 ejus
2422 3169 2650 3220 trahebat
2693 3170 2893 3219 tertiam
2937 3179 3126 3232 partem
3168 3169 3426 3220 stellarum

1872 3264 2012 3324 cazli,
2064 3272 2167 3315 etc.
2203 3261 2352 3314 Vires
2401 3270 2456 3315 et
2499 3261 2749 3313 malitiam
2797 3260 2962 3311 ltostis
3007 3261 3225 3323 indicat,
3271 3277 3424 3327 quem

1875 3351 2113 3405 Ecclesia
2147 3350 2370 3402 Domino
2411 3348 2627 3416 iuvante
2666 3347 2930 3411 devincit,
2963 3347 3049 3415 qui
3097 3350 3421 3400 innumeram

1873 3452 2072 3508 partem
2138 3440 2486 3509 angelorum,
2543 3440 2622 3492 vel
2679 3437 2980 3498 hominum,
3040 3437 3163 3490 dolo
3213 3438 3422 3492 t‘allente

1870 3531 2015 3600 quasi
2050 3528 2212 3582 cauda
2243 3528 2518 3595 dejecerit.
2560 3527 2736 3581 Cauda
2780 3529 2920 3580 enim
2962 3536 3041 3578 est
3086 3541 3204 3593 pars
3245 3541 3420 3592 creca,

1870 3634 1989 3686 pars
2016 3618 2306 3680 immunda,
2348 3617 2531 3683 suique
2555 3615 2813 3671 velamine
2839 3627 3122 3684 contegens
3150 3616 3413 3670 immunda

1871 3723 1934 3760 ne
1965 3715 2271 3774 appareant.
2305 3705 2609 3773 Tycttonius
2638 3719 2786 3758 more
2826 3719 2921 3756 suo
2963 3704 3168 3758 tertiam
3215 3714 3414 3772 partem

1822 3839 1824 3842 μ
1869 3795 2138 3851 stellarum
2189 3811 2304 3864 qua!
2351 3797 2543 3848 cecidit
2595 3795 2754 3849 falsos
2799 3793 2990 3848 fratres
3026 3796 3415 3863 interpretatur,

1865 3889 2003 3956 quod
2060 3892 2221 3941 altera
2269 3887 2422 3940 tertia
2459 3885 2688 3939 Ecclesia
2732 3886 2831 3947 sit,
2865 3893 2918 3937 et
2949 3885 3126 3938 hostes
3168 3887 3415 3939 l'urittseci

1867 3990 2037 4032 tertia.

1935 4069 1999 4120 Et
2040 4071 2194 4121 draco
2238 4069 2372 4120 stetit
2410 4076 2525 4119 ante
2565 4063 2856 4126 mulierem,
2887 4070 2938 4114 ut
2970 4077 3083 4114 cum
3111 4065 3410 4130 peperisset,

1863 4159 2022 4224 ﬁlium
2053 4161 2163 4223 eius
2193 4158 2472 4209 devoraret.
2520 4154 2796 4206 lnsidiatur
2837 4152 3086 4205 Ecclesia:
3126 4151 3367 4204 diabolus
3391 4193 3408 4215 ,

1864 4247 2017 4299 tidem
2063 4246 2262 4298 Christi
2312 4244 2641 4298 contendens
2688 4243 2741 4295 in
2786 4242 3038 4296 cordibus
3083 4241 3414 4311 exstinguere

1860 4338 2191 4392 credentium
2215 4377 2229 4400 ,
2265 4346 2318 4388 ut
2350 4351 2502 4402 quem
2537 4336 2624 4387 illa
2653 4334 2888 4388 docendo
2919 4333 3098 4402 genuit
3127 4334 3237 4402 ipse
3268 4335 3412 4402 quasi

1859 4429 2068 4482 occidat
2096 4429 2326 4481 doctum.
2357 4427 2519 4495 Cujus
2552 4428 2602 4481 in
2637 4429 2844 4482 Herode
2875 4427 2978 4480 doli
3010 4426 3170 4494 ﬁgura
3201 4435 3410 4480 ostensa

201 4538 388 4596 ptione
417 4531 802 4600 prcediCationis
839 4545 1041 4602 septem
1081 4537 1386 4602 angelorum
1430 4536 1495 4588 ab
1535 4538 1759 4592 adventu
1787 4545 1838 4603 1)
1865 4530 1974 4582 es"
2008 4520 2094 4588 qui
2120 4558 2134 4580 ς
2168 4521 2302 4571 Sim“
2333 4520 2510 4571 ¹⁵οδῑθε
2559 4517 2821 4579 "malini.
2857 4517 3133 4570 Dominum
3178 4526 3233 4568 ιη
3275 4516 3414 4583 νενί-

199 4624 451 4688 Domini,
482 4636 600 4676 cum
631 4623 861 4675 stetisset
902 4636 1060 4688 super
1089 4637 1232 4676 aram
1252 4662 1267 4686 ,
1299 4624 1400 4676 sed
1442 4627 1758 4690 generaliter

197 4719 266 4767 ab
311 4715 519 4781 origine
565 4727 728 4780 usque
777 4698 827 4764 in
876 4711 1058 4766 linem.
1107 4713 1305 4767 Deinde
1346 4712 1624 4780 descripsit
1667 4732 1761 4783 per

198 4814 382 4868 partes
406 4841 421 4863 ,
453 4801 896 4867 quemadmodum
941 4801 1075 4854 facta
1118 4802 1262 4857 sint:
1297 4803 1364 4856 ita
1397 4814 1449 4856 et
1499 4819 1670 4866 nunc,
1703 4816 1759 4858 ut

200 4893 461 4961 templum
495 4891 585 4944 Dei
615 4889 666 4944 in
695 4892 833 4944 casio
861 4901 1100 4960 apertum
1131 4893 1238 4959 sit,
1273 4903 1327 4947 et
1377 4909 1560 4962 pugna:
1607 4910 1757 4950 secu-

201 4993 267 5036 ta:
281 5021 297 5046 ,
335 4982 519 5035 dicens
549 4999 560 5032 :

795 5085 1017 5142 CAPUT
1061 5089 1174 5144 XII.

273 5218 343 5272 Et
371 5220 570 5289 signum
598 5233 834 5287 magnum
862 5223 1100 5289 apparuit
1147 5223 1198 5275 iu
1237 5225 1385 5277 caelo.
1431 5223 1578 5290 Quod
1620 5238 1757 5278 nunc

197 5323 412 5378 quoque
443 5319 662 5378 apparet
693 5311 744 5360 in
779 5308 1011 5365 Ecclesia
1032 5355 1046 5378 ,
1080 5314 1243 5369 Deum
1275 5333 1339 5371 ex
1377 5319 1591 5386 homine
1622 5319 1754 5373 fieri.

265 5397 460 5449 Mulier
491 5401 673 5450 amicta
701 5396 840 5461 sole,
872 5406 918 5448 et
946 5399 1066 5451 luna
1097 5404 1185 5454 sub
1226 5407 1435 5471 pedibus
1478 5411 1609 5474 eius.
1655 5407 1755 5460 Ec-

193 5485 362 5539 clesia
389 5485 586 5538 Christi
634 5485 830 5561 lumine
857 5486 1023 5539 cincta
1049 5529 1065 5553 ,
1096 5491 1519 5556 gloriam/calcat
1552 5507 1756 5564 tempo-

197 5579 406 5632 ralem:
447 5580 670 5644 Orietur,
719 5580 911 5647 inquit,
959 5582 1009 5631 in
1030 5582 1224 5654 .diebus
1265 5587 1376 5654 ejus
1416 5590 1620 5658 justitia
1647 5634 1660 5654 ,
1709 5601 1754 5641 et

194 5670 510 5720 abundantia
571 5672 707 5738 pacis
763 5672 917 5722 donec
974 5671 1240 5746 extollatur
1287 5676 1365 5728 vel
1422 5680 1767 5746 interﬁciatur,

195 5761 314 5812 tuna
344 5760 365 5828 (
397 5756 539 5811 Psal.
572 5775 698 5812 Lxxt
723 5764 763 5829 ).
809 5760 860 5814 ld
892 5768 970 5815 est
991 5801 1006 5827 ,
1038 5738 1357 5817 abundantia
1392 5767 1532 5834 pacis
1552 5738 1609 5821 in
1645 5738 1768 5824 tan:

1871 4620 2006 4670 mat,
2037 4610 2255 4659 adorare
2282 4619 2340 4658 se
2370 4605 2504 4658 velle
2533 4607 2763 4658 simulat.

1933 4698 1995 4750 Et
2043 4699 2231 4766 peperit
2282 4710 2490 4761 puerum
2535 4695 2833 4746 masculum.
2877 4695 3097 4763 Semper
3143 4695 3407 4757 Ecclesia,

1857 4788 2084 4842 dracone
2115 4789 2239 4839 licet
2269 4785 2612 4847 adversante.
2641 4785 2912 4838 Cltrismm
2941 4788 3094 4852 parit.
3126 4785 3408 4838 Masculum

1857 4885 2029 4930 autem
2055 4857 2197 4928 dixit
2223 4875 2478 4928 victorem
2507 4873 2697 4946 diaboli
2742 4873 2831 4940 qui
2883 4873 3130 4924 feminam
3177 4871 3394 4922 vicerat.

1857 4967 1986 5019 Nam
2039 4967 2158 5033 quis
2210 4967 2343 5019 illius
2397 4964 2496 5018 nisi
2548 4963 2842 5017 masculus?
2892 4960 2994 5033 Qui
3048 4967 3275 5011 recturus
3330 4969 3400 5011 est

1857 5073 2022 5111 omnes
2058 5022 2239 5125 'getttes
2295 5057 2346 5108 in
2393 5057 2531 5124 virga
2577 5055 2741 5121 ferrea
2771 5054 2788 5122 (
2816 5022 2952 5103 Psitl.
2987 5065 3020 5102 tt
3048 5048 3100 5119 ),
3133 5048 3403 5104 inﬂexibili

1852 5145 2050 5215 justitia
2082 5149 2218 5214 regit
2251 5147 2454 5210 bonos,
2485 5145 2764 5212 confringit
2805 5143 2988 5196 malos.
3021 5141 3171 5207 Quod
3218 5144 3268 5193 in
3310 5155 3401 5191 su-

1857 5237 2152 5304 perioribus
2209 5237 2366 5289 etiam
2437 5234 2689 5288 Ecclesiae
2746 5224 3103 5301 promittitur:
3166 5228 3308 5280 Dabo
3360 5228 3439 5279 ei'

1857 5335 2144 5395 potestatem
2172 5344 2319 5394 super
2363 5336 2567 5397 gentes,
2613 5335 2661 5378 et
2704 5336 2841 5394 reget
2882 5339 2963 5375 eas
2989 5323 3039 5372 in
3067 5320 3203 5387 virga
3245 5320 3407 5387 ferrea

1859 5421 1877 5484 (
1906 5416 2060 5484 Apoc.
2093 5414 2190 5484 ιι).
2227 5416 2354 5468 Nam
2384 5425 2437 5468 ct
2466 5416 2694 5469 Ecclesia
2741 5414 2971 5483 quotidie
3015 5411 3178 5480 gignit
3231 5411 3406 5462 Eccle-

1858 5507 1987 5559 siam
2013 5543 2028 5567 ,
2059 5507 2309 5557 mundum
2343 5507 2392 5557 in
2425 5504 2636 5557 Christo
2670 5513 2958 5570 regentem.
3314 5557 3317 5562 ν

1930 5598 1993 5650 Et
2023 5606 2194 5663 raptus
2227 5606 2300 5648 est
2326 5598 2463 5663 ﬁlius
2492 5599 2600 5664 ejus
2630 5597 2697 5646 ad
2731 5594 2923 5658 Deum,
2953 5605 3055 5646 etc.
3096 5593 3216 5645 Ideo
3255 5589 3404 5643 Citri-

1858 5705 1994 5750 stum
2045 5691 2389 5756 Spiritualiler
2433 5693 2482 5742 in
2527 5691 2822 5743 auditorum
2871 5696 3045 5742 mente
3091 5696 3390 5739 nascentem

1858 5781 2248 5855 apprchendere
2276 5794 2378 5834 non
2411 5790 2584 5849 potest
2615 5783 2885 5848 impietas,
2933 5779 3051 5846 quia
3099 5776 3234 5828 idem
3277 5789 3397 5828 cum
