3934 6222
591 338 689 391 ΗΠ

1004 330 1202 385 ΒΕυΛΕ
1245 330 1681 385 VENEIMBILIS
1717 332 1866 385 UPP.
1912 330 2083 385 PARS
2126 331 2185 384 ll.
2222 331 2411 386 SECI'.
2465 331 2504 383 Ι.
2547 361 2611 369 -
2655 331 3036 386 EXEGEiTlCA
3082 332 3404 387 GENUINA.

3695 339 3775 391 158

588 446 742 498 l‘atre
773 454 951 511 regnat
981 442 1029 492 in
1060 441 1159 494 etel
1185 456 1238 505 s,
1274 441 1359 506 qui
1394 455 1488 492 nos
1520 456 1729 508 quoque
1763 441 2095 495 resuscitavit
2116 480 2133 506 ,
2166 445 2218 504 Α
2317 439 2383 492 Et
2425 455 2523 491 non
2562 440 2844 493 dilexerunt
2889 444 3086 494 animas
3125 459 3245 495 suas
3278 458 3431 509 usque
3462 445 3530 494 ad
3557 456 3771 498 mortem.

584 549 633 589 et
665 536 949 588 consedere
976 531 1099 585 fecit
1130 532 1179 583 in
1212 532 1513 583 ctelestibus
1543 531 1592 583 in
1621 530 1854 583 Christo.

657 622 723 675 Et
766 624 943 675 mulier
980 622 1111 690 fugit
1153 620 1208 673 in
1245 622 1583 672 solitudinem.
1633 620 1866 673 Ecclesia
1908 620 2005 673 sub
2046 634 2139 688 Spe

586 718 766 768 vivens
816 722 1133 766 arteruorutn
1182 712 1607 776 peregrinatone
1657 712 1931 776 pra-sentis
1974 711 2137 763 eremi

588 810 811 873 gaudet,
842 812 1054 870 accepta
1090 811 1346 869 potestate
1386 799 1623 852 calcandi
1669 814 1827 866 super
1870 812 2138 867 serpentes

588 910 642 952 et
672 899 1017 964 seorpiones,
1050 904 1103 947 et
1147 908 1306 960 super
1351 906 1560 945 omnem
1606 890 1850 943 virtutem
1894 892 2139 943 draconis

588 991 683 1040 ruli
744 990 909 1040 instar
964 985 1262 1038 Israeliticae
1317 982 1517 1050 plebis,
1574 996 1694 1047 quas
1747 996 1879 1048 pane
1931 981 2138 1033 cmlcsti

584 1088 736 1144 pasta
770 1079 819 1129 in
852 1090 1061 1141 eremo,
1098 1076 1210 1127 visu
1240 1072 1371 1125 tenei
1410 1072 1703 1138 serpentis,
1755 1080 2030 1138 serpentes
2060 1071 2137 1122 vi-

579 1172 650 1219 cit
682 1169 893 1234 ignitus.

655 1254 750 1309 Ubi
795 1255 943 1307 habet
982 1253 1146 1305 locum
1189 1258 1424 1319 paratum
1467 1266 1497 1301 a
1542 1247 1666 1300 Deo.
1703 1249 1827 1301 Esto
1858 1248 1983 1300 mihi
2011 1290 2023 1310 ,
2057 1248 2136 1299 in-

580 1347 724 1413 quit,
760 1344 809 1395 in
846 1344 1007 1395 Deum
1040 1349 1419 1407 protectorem,
1451 1347 1504 1392 et
1535 1339 1585 1391 in
1619 1339 1787 1391 locum
1822 1340 2005 1405 refugii
2027 1378 2041 1402 ,
2076 1346 2133 1390 ut

578 1438 679 1487 Sttlt
696 1450 780 1485 um
814 1449 897 1484 me
929 1433 1111 1484 facias.

652 1523 718 1576 Ut
743 1524 807 1573 ibi
833 1531 1039 1590 pascant
1066 1521 1207 1571 illam
1236 1520 1408 1572 diebus
1434 1518 1570 1571 mille
1595 1519 1819 1571 ducentis
1846 1532 2128 1587 sexaginta.

579 1615 691 1668 Isto
733 1615 937 1667 dierum
985 1628 1239 1681 numero,
1286 1612 1375 1681 qui
1420 1621 1528 1665 tres
1572 1612 1733 1663 semis
1771 1625 1935 1662 annos
1979 1610 2129 1673 facit,

578 1707 751 1757 omnia
809 1702 1221 1757 Christianitatis
1271 1712 1508 1768 tempora
1558 1701 1953 1767 complectitur,
2009 1701 2131 1767 quia

2244 527 2429 582 Merito
2481 531 2686 584 animus
2734 546 2828 598 pro
2874 528 3085 583 Christo
3135 539 3516 595 contemnunt,
3571 535 3654 598 qui
3699 550 3772 601 per

2246 622 2551 689 sanguinem
2580 621 2777 674 Christi
2808 630 3007 675 tantum
3039 623 3282 676 vicerunt
3306 624 3685 677 adversarium.

2314 709 2588 780 Propterea
2627 713 2899 777 ltetamini,
2943 712 3086 779 caeli,
3128 722 3174 766 et
3215 714 3296 779 qui
3339 714 3577 766 habitatis
3608 714 3657 765 in
3696 730 3768 766 ets.

2242 801 2335 854 Hic
2367 802 2683 878 habitatores
2709 804 2863 866 emli,
2898 814 2952 856 et
2977 805 3196 871 angelos
3220 848 3234 871 ,
3285 815 3339 858 et
3388 806 3628 859 homines
3668 822 3771 858 san-

2242 904 2356 943 ctos
2385 902 2593 955 oportet
2622 894 2873 961 intelligi,
2904 904 2957 947 et
2987 897 3265 963 utriusque
3307 898 3551 949 convenit
3594 897 3643 947 in
3685 896 3769 948 Do-

2242 982 2384 1032 tuino
2411 982 2692 1045 gratulari,
2724 998 2841 1034 cum
2872 995 2926 1037 et
2970 986 3210 1037 homines
3252 987 3454 1053 angelis
3497 986 3765 1049 sociantur,

2240 1078 2291 1120 et
2320 1072 2487 1136 angeli
2522 1072 2761 1123 humanae
2793 1072 2843 1124 in
2870 1071 3083 1125 Christo
3110 1073 3416 1126 substantiae
3446 1074 3765 1127 fauiulantur.

2318 1159 2408 1212 Va:
2451 1172 2594 1213 terra:
2635 1172 2683 1214 et
2726 1165 2882 1226 mari,
2927 1165 3046 1233 quia
3087 1165 3344 1217 descendit
3389 1166 3651 1224 diabolus,
3680 1176 3765 1217 etc.

2242 1247 2388 1302 Sicut
2413 1252 2656 1316 gaudium
2689 1254 3000 1319 redemptis,
3037 1253 3113 1306 sic
3144 1254 3483 1320 pereuntibus
3530 1258 3767 1321 plant-tnui

2238 1339 2415 1391 docuit
2441 1340 2869 1406 exspectandum.
2904 1342 3251 1410 Magnumque
3280 1358 3356 1394 vze
3387 1343 3489 1395 illis
3516 1345 3765 1406 imminet,

2239 1441 2369 1493 quos
2400 1427 2753 1494 nequissimus
2782 1430 2949 1481 hostis
2991 1431 3224 1495 possidet
3250 1431 3435 1482 iratus.

2312 1514 2378 1567 Et
2405 1528 2664 1584 postquam
2692 1518 2817 1569 vidit
2845 1520 2999 1571 draco
3028 1521 3165 1586 quod
3193 1510 3453 1587 projectus
3482 1528 3555 1571 est
3592 1521 3643 1570 in
3683 1529 3764 1573 ter-

2238 1621 2380 1669 ram,
2412 1616 2519 1659 etc.
2553 1606 2908 1661 lnext‘ricabili
2954 1620 3070 1661 astu
3099 1610 3343 1661 diabolus
3373 1612 3655 1663 Ecclesiam
3684 1612 3763 1663 int-

2240 1682 2499 1761 pugnans,
2531 1705 2727 1761 quanto
2769 1698 2886 1764 plus
2925 1696 3191 1766 dejicitur,
3225 1708 3371 1752 tanto
3416 1703 3577 1768 magis
3601 1715 3760 1767 perse-

577 1796 815 1848 Christus
838 1834 852 1858 ,
883 1793 1033 1861 cujus
1060 1793 1190 1869 haec
1235 1806 1426 1859 corpus
1470 1800 1580 1854 est,
1630 1798 1828 1842 tantum
1876 1789 1928 1841 in
1969 1804 2129 1842 carne
2160 1777 2207 1836 Β
2234 1783 2427 1853 quitur.

577 1888 832 1952 temporis
864 1884 1247 1953 praedicaverit.

649 1977 709 2030 Et
742 1983 928 2044 factum
959 1988 1033 2029 est
1064 1976 1296 2045 prwlium
1325 1991 1563 2046 magnum
1592 1975 1642 2026 in
1670 1974 1811 2028 caelo.
1842 1974 2061 2028 Michael
2087 1985 2135 2029 et

575 2070 740 2136 angeli
769 2070 903 2137 ejus,
936 2078 1038 2119 etc.
1072 2066 1275 2118 Caelum
1306 2064 1598 2117 Ecclesiain
1626 2065 1885 2133 significat
1907 2104 1923 2129 ,
1951 2067 2004 2118 in
2033 2082 2133 2135 qua

577 2161 881 2212 Michaelem
930 2173 1047 2210 cum
1093 2158 1291 2224 angelis
1338 2158 1446 2209 suis
1489 2166 1671 2209 contra
1711 2157 1974 2210 diabolum
2006 2158 2135 2210 dicit

584 2261 812 2313 pugnare
833 2290 846 2312 ,
877 2245 998 2311 quia
1030 2246 1319 2298 secundum
1354 2244 1448 2297 Dei
1482 2244 1801 2297 voluntatem
1844 2262 1939 2312 pro
1973 2262 2134 2311 pere-

578 2340 818 2405 grtnantc
850 2338 1085 2390 Ecclesia
1116 2339 1315 2388 orando
1337 2377 1351 2401 ,
1384 2345 1436 2389 et
1465 2336 1723 2404 adjutnria
1759 2338 2130 2402 ministrando,

582 2428 833 2497 confligit.
868 2426 1035 2492 Quem
1068 2436 1120 2479 et
1150 2426 1332 2478 Daniel
1377 2427 1428 2478 in
1461 2428 1743 2487 novissima
1784 2429 2132 2493 gravissima-

576 2534 680 2585 que
714 2534 954 2585 pressura
985 2519 1035 2571 in
1066 2520 1315 2571 auxilium
1348 2518 1479 2572 dixit
1520 2516 1772 2571 Ecclesia:
1815 2529 2131 2582 venturum,

581 2608 714 2671 unde
741 2609 809 2659 ab
837 2623 900 2662 eo
932 2616 1114 2674 putant
1140 2607 1524 2660 Antichristum
1570 2621 1688 2661 esse
1733 2607 2128 2676 perimendum.

580 2697 653 2747 Ita
684 2712 809 2749 vero
837 2699 1003 2764 angeli
1051 2699 1164 2764 ejus
1220 2713 1337 2751 esse
1376 2700 1641 2765 dicuntur,
1686 2702 2129 2767 quemadmodum

582 2796 634 2837 et
672 2786 839 2853 angeli
883 2787 1065 2838 nostri.
1100 2786 1348 2839 Dominus
1376 2787 1490 2855 ait:
1526 2789 1700 2857 Angeli
1740 2805 1911 2841 eorum
1936 2806 2132 2859 semper

579 2882 742 2929 vident
775 2876 952 2943 facient
982 2874 1151 2928 Patris
1182 2878 1277 2927 mei
1308 2876 1537 2947 (Matth.
1575 2892 1699 2931 svnt
1723 2878 1742 2948 )
1769 2917 1784 2943 ,
1815 2894 1997 2935 eorum
2029 2882 2130 2935 sci-

579 2965 699 3019 licet
729 2980 947 3033 qnorum
979 2966 1121 3019 cives
1153 2976 1299 3020 sunt.
1334 2959 1339 2964 ’
1628 2968 1631 2969 ⁷

649 3053 711 3107 Et
740 3055 892 3106 draco
921 3054 1211 3125 pugnabat,
1242 3066 1286 3108 et
1316 3056 1484 3124 angeli
1511 3059 1641 3126 ejus.
1690 3058 1874 3126 Angeli
1919 3060 2126 3113 Satanas

586 3160 689 3199 non
736 3145 806 3197 illi
854 3153 1051 3197 tantum
1097 3144 1185 3211 qui
1215 3146 1265 3198 ei
1296 3156 1481 3197 natura
1514 3156 1634 3197 sunt
1668 3158 1718 3199 et
1750 3149 2017 3201 voluntate
2048 3150 2127 3201 si-

580 3233 762 3300 miles,
808 3232 898 3284 sed
926 3242 981 3286 et
1009 3233 1247 3285 homines
1285 3246 1465 3285 eorum
1503 3233 1703 3301 laqueis
1749 3234 1968 3301 irretiti,
2004 3247 2128 3292 sunt

580 3322 924 3387 inteliigendi.

652 3412 713 3462 Et
746 3427 844 3462 non
874 3413 1157 3465 caluerunt.
1190 3410 1396 3475 Silicet,
1434 3423 1540 3466 toto
1568 3422 1822 3481 tempore.

652 3497 826 3564 Neque
854 3500 989 3550 locus
1016 3501 1238 3553 inventus
1266 3510 1339 3553 est
1372 3517 1542 3555 eorum
1572 3504 1787 3570 amplius
1813 3506 1865 3559 in
1894 3504 2042 3563 caelo.
2075 3508 2131 3564 Id

580 3598 694 3651 est,
728 3589 778 3639 in
812 3589 1114 3643 hominibus
1145 3592 1340 3646 sanctis
1362 3632 1377 3655 ,
1409 3610 1501 3661 per
1534 3594 1844 3664 ejectionem
1877 3599 1995 3667 ejus
2024 3616 2131 3655 caa-

590 3682 695 3731 lum
730 3677 833 3746 jam
870 3678 1052 3742 factis,
1084 3683 1172 3747 qui
1203 3681 1479 3737 credentes
1508 3686 1671 3739 semel
1700 3687 1976 3755 expulsum
2009 3704 2130 3743 eum

584 3769 807 3834 amplius
836 3784 937 3820 non
983 3769 1259 3833 recipiunt.
2090 3820 2093 3823 η

652 3858 715 3908 Et
747 3859 999 3925 projectas
1030 3866 1100 3909 est
1130 3858 1281 3911 draco
1313 3860 1399 3912 ille
1431 3877 1639 3931 magnus
1667 3863 1717 3917 in
1747 3874 1954 3920 terram.
1985 3856 2129 3921 Anti-

583 3963 718 4011 quus
770 3950 935 4001 hostis
985 3949 1049 4001 de
1095 3950 1785 4021 spiritualibusoexpulsus,
1834 3957 2029 4010 arctius
2080 3960 2130 4011 in

585 4036 811 4089 terrenis
857 4038 1155 4089 includitur.
1223 4038 1330 4093 lloc
1372 4050 1452 4093 est
1494 4042 1559 4094 de
1600 4042 1737 4096 cmlo
1784 4044 2129 4111 prmcipitari,

582 4136 633 4178 ct
684 4128 733 4177 in
785 4135 974 4178 terram
1024 4128 1176 4179 mitti.
1228 4128 1321 4181 Cui
1373 4130 1564 4184 dicitur
1594 4149 1608 4184 :
1639 4132 1857 4185 Terram
1900 4136 2131 4187 comedes

580 4215 772 4267 cunctis
800 4213 973 4265 diebus
1001 4213 1151 4282 (Gen.
1183 4231 1238 4267 ιιι
1259 4214 1298 4283 ).
1332 4218 1384 4269 lu
1414 4234 1513 4282 qua
1545 4230 1683 4272 terra
1712 4232 2015 4274 sanctorum
2048 4239 2136 4290 pe-

585 4305 737 4357 dibus
766 4304 1074 4368 conteritur,
1111 4306 1245 4358 sicut
1272 4305 1520 4374 scriptum
1552 4318 1631 4361 est
1661 4326 1673 4359 :
1709 4307 1877 4377 Super
1905 4306 2133 4379 aspidem

583 4405 626 4444 et
654 4394 941 4445 basiliscum
970 4394 1268 4447 ambulabis.
1607 4385 1611 4388 ι

2308 1874 2373 1927 Et
2402 1878 2534 1929 datae
2574 1886 2694 1930 sunt
2720 1878 2921 1931 mulieri
2947 1877 3063 1932 diue
3089 1880 3185 1932 ala:
3214 1880 3397 1948 aquila
3425 1894 3643 1946 magna,
3672 1888 3759 1932 etc.

2238 1963 2480 2017 Ecclesia
2510 1965 2714 2019 duobus
2745 1966 2872 2020 {ulta
2916 1970 3276 2035 testamentis,
3328 1969 3637 2021 tumultuosa
3676 1983 3761 2021 se-

2233 2054 2335 2109 culi
2388 2070 2593 2109 venena
2644 2071 2869 2123 cavens,
2902 2060 3095 2113 mentis
3145 2058 3335 2113 allecto
3380 2060 3609 2128 quotidie
3653 2060 3759 2113 soli-

2236 2145 2468 2199 tudinem
2519 2146 2683 2213 quieti
2728 2158 2780 2200 et
2824 2149 3046 2203 modesti
3091 2151 3307 2218 spiritus
3354 2154 3514 2219 petit,
3546 2152 3613 2204 ita
3651 2166 3759 2219 gau-

2234 2234 2408 2287 dendo
2451 2250 2688 2290 canens:
2723 2236 2854 2291 Ecce
2895 2239 3123 2308 elongaoi
3170 2241 3401 2310 fugiens,
3450 2250 3494 2291 et
3541 2242 3691 2292 mansi
3713 2242 3756 2292 is

2232 2326 2506 2379 solitudine
2536 2326 2553 2394 (
2585 2326 2728 2379 Psal.
2760 2343 2845 2381 Liv
2874 2327 2915 2397 ).
2966 2328 3073 2381 Nec
3100 2328 3334 2381 dissonat
3383 2328 3520 2396 quod
3567 2328 3636 2380 ibi
3682 2342 3756 2380 co-

2235 2417 2425 2469 lumbae
2475 2420 2693 2485 quaerit,
2741 2418 2827 2471 hic
2858 2433 2983 2471 vero
3012 2418 3201 2485 aquilae
3233 2418 3451 2486 percipit
3477 2418 3601 2469 alas.
3632 2416 3757 2470 Sicut

2235 2507 2374 2559 enim
2410 2506 2494 2559 illa
2527 2518 2741 2575 propter
2773 2507 2969 2561 donum
2998 2507 3226 2574 Spiritus
3255 2508 3454 2569 sancti,
3487 2507 3557 2559 sic
3582 2516 3634 2559 et
3662 2507 3756 2557 hac

2236 2607 2449 2664 propter
2480 2599 2682 2650 celsum
2718 2598 2982 2660 volatum,
3028 2598 3299 2665 aciemque
3342 2597 3640 2659 sublimem,
3670 2610 3755 2663 qua

2232 2689 2436 2740 mundo
2487 2690 2647 2741 corde
2694 2688 2857 2741 Deum
2905 2688 3107 2750 cernit,
3140 2688 3377 2741 Ecclesia
3422 2686 3629 2755 ﬁgurata
3656 2698 3752 2749 est,

2231 2778 2383 2846 cujus
2424 2777 2761 2832 renovabitur
2788 2778 3133 2847 sicutaquila:
3159 2778 3425 2846 juventus.

2305 2867 2401 2921 Ubi
2447 2869 2600 2921 alitur
2647 2885 2737 2939 per
2779 2878 3009 2938 tempus,
3057 2877 3107 2922 et
3153 2882 3414 2938 tempora,
3443 2881 3488 2923 et
3514 2870 3753 2922 dimidium

2233 2960 2489 3027 temporis.
2532 2960 2719 3013 Totum
2762 2969 2969 3027 tempus
3016 2960 3266 3013 Ecclesia:
3311 2961 3624 3028 designatur,
3654 2961 3749 3011 die-

2234 3063 2348 3100 rum
2377 3064 2595 3100 nmnero
2624 3050 2867 3116 superius
2890 3046 3355 3116 comprehensum.
3382 3047 3603 3116 Tempus
3627 3048 3749 3102 enim

2231 3152 2425 3188 annum
2457 3136 2743 3204 significat,
2775 3146 3012 3192 temoora
3039 3137 3195 3205 duos,
3226 3138 3497 3192 dimidium
3527 3140 3752 3206 temporis

2229 3240 2320 3279 SC!
2352 3242 2583 3281 menses.

2304 3317 2372 3389 Ei
2401 3338 2533 3390 misit
2560 3352 2763 3405 serpens
2789 3354 2851 3391 ex
2879 3354 2965 3391 ore
2994 3355 3083 3391 suo
3111 3356 3295 3408 aquam
3325 3349 3554 3408 tanquam
3580 3343 3750 3409 ﬂumen

2230 3438 2339 3498 post
2387 3429 2677 3493 mulierem,
2726 3436 2835 3481 etc.
2892 3427 3146 3496 Impetum
3198 3441 3582 3498 persecuturum
3637 3417 3749 3498 aqua

2230 3519 2507 3585 significat.
2541 3515 2689 3572 Unde
2718 3518 2908 3571 dicitur
2938 3536 2952 3571 :
2988 3511 3222 3573 Forsitan
3266 3522 3403 3575 velut
3450 3538 3572 3591 aqua
3598 3522 3751 3574 absor-

2231 3607 2445 3658 buissent
2473 3622 2563 3658 nos
2589 3605 2768 3677 (Psal.
2798 3622 2963 3661 cum
2983 3610 3022 3675 ).
3056 3611 3293 3663 Ecclesia
3324 3626 3449 3679 ergo
3478 3628 3574 3663 non
3600 3615 3750 3664 solum

2231 3696 2391 3747 verbo
2420 3694 2513 3745 Dei
2556 3696 2823 3748 sublevata
2846 3736 2861 3759 ,
2893 3697 2986 3750 sed
3016 3708 3070 3749 et
3113 3699 3160 3750 vi
3205 3700 3614 3765 persecutionum
3650 3716 3751 3769 pro-

2232 3783 2379 3851 pulsa
2406 3824 2418 3845 ,
2452 3783 2663 3837 festinat
2693 3785 2904 3839 evolare
2935 3788 3000 3840 de
3029 3788 3244 3842 mundo.

2301 3893 2367 3945 Et
2388 3896 2583 3963 aperuit
2603 3906 2733 3948 terra
2760 3912 2814 3950 os
2838 3914 3013 3965 suum,
3035 3907 3080 3951 et
3106 3900 3364 3953 absorbuit
3389 3904 3588 3969 ﬂumen.
3612 3902 3749 3956 Terra

2233 3986 2345 4039 haec
2372 3998 2551 4039 sancta
2585 3985 2792 4039 Domini
2822 4002 2947 4040 caro
2976 3997 3090 4052 est,
3122 4005 3239 4055 qua:
3268 4004 3562 4058 susceptam
3591 3991 3747 4058 deglu.

2234 4077 2368 4128 tiens
2418 4084 2641 4127 mortem
2694 4075 3046 4142 tcmporaliter
3089 4079 3188 4130 sibi
3234 4082 3627 4145 pravaleutetn,
3669 4092 3750 4129 nos

2233 4181 2442 4233 quoque
2469 4165 2730 4233 deglutire
2754 4165 2951 4219 docuit.
2984 4164 3157 4220 Potest
3186 4182 3239 4221 et
3269 4169 3500 4223 Ecclesia
3529 4168 3750 4236 intelligi,

2234 4256 2382 4323 cujus
2429 4256 2639 4309 monitis
2668 4265 2723 4308 et
2752 4256 2992 4338 precibus
3022 4258 3140 4313 ‘oris
3182 4259 3381 4316 inimici
3422 4270 3662 4316 caventur
3687 4262 3751 4312 in~

2234 4347 2397 4399 sidiae.

654 4480 807 4534 Nunc
831 4483 967 4550 facta
992 4493 1061 4535 est
1090 4485 1227 4537 salus
1256 4497 1300 4537 et
1328 4486 1480 4539 virtus
1504 4498 1549 4541 et
1578 4506 1789 4558 regnum
1814 4490 1907 4542 Dei
1932 4496 2120 4559 nostri,
2155 4432 2205 4489 D
2306 4464 2369 4517 Et
2411 4464 2567 4559 imm}
2612 4472 2695 4559 “‘_
2721 4464 2876 4515 άνασο
2906 4464 3276 4559 “iniunctam,
3309 4475 3413 4519 etc.
3449 4465 3633 4518 Videtis
3661 4479 3749 4517 non

584 4580 689 4621 etc.
740 4569 1023 4625 Evidenter
1068 4574 1360 4627 ostenditur
1391 4578 1442 4628 in
1472 4594 1575 4642 quo
1602 4582 1739 4631 creto
1768 4584 1864 4631 ista
1897 4586 2039 4635 fiant.
2075 4586 2129 4637 In

592 4658 827 4711 Ecclesia
876 4676 1100 4730 namque
1147 4660 1333 4714 factam
1385 4666 1623 4715 novimus
1672 4666 1889 4719 victoria
1937 4670 2130 4725 Christi

583 4752 830 4802 Salutem.
880 4748 980 4803 Pro
1022 4766 1123 4818 qua
1165 4752 1331 4805 dicit:
1366 4750 1495 4803 Data
1525 4764 1597 4803 est
1629 4755 1750 4806 mihi
1781 4760 1941 4811 omnis
1987 4773 2130 4827 pote-

583 4851 685 4890 stus
740 4840 789 4889 in
821 4839 941 4890 (celo
972 4848 1014 4889 et
1044 4844 1094 4890 in
1123 4852 1251 4892 terra
1283 4839 1509 4910 (Matth.
1538 4858 1700 4895 xsvm
1722 4848 1761 4911 ).
1816 4846 1927 4901 Non
1975 4865 2127 4917 quam

583 4941 793 4991 semper
845 4927 955 4991 ipse
1002 4927 1215 4991 habuit,
1244 4931 1333 4982 sed
1364 4944 1521 4997 quam
1556 4930 1607 4982 in
1638 4933 1871 4985 Ecclesia
1902 4952 1965 4988 ex
1999 4948 2131 4990 tem-

594 5034 716 5081 pore
766 5032 868 5083 quo
917 5016 1028 5083 ipse
1071 5018 1261 5083 voluit,
1313 5028 1563 5090 tanquam
1615 5037 1772 5092 caput
1800 5026 1850 5078 in
1883 5029 2131 5083 membris

588 5104 778 5159 habere
806 5106 984 5173 C(Bpil.

660 5195 790 5257 Quia
840 5197 1087 5265 projectus
1130 5207 1200 5248 est
1250 5210 1508 5250 accusator
1553 5205 1771 5269 fratrum
1823 5218 2131 5262 nostrorum.

590 5288 1026 5351 Congratulantur
1052 5285 1221 5353 angeli
1250 5287 1406 5339 saluti
1437 5290 1650 5343 lratrum
1679 5308 1892 5347 suorum
1912 5335 1926 5358 ,
1956 5298 2004 5349 id
2031 5306 2131 5363 est,

592 5373 780 5426 civium
817 5373 1142 5437 futurorum,
1176 5389 1316 5426 nunc
1345 5384 1520 5427 autem
1552 5382 1967 5446 peregrinorum.

661 5464 755 5528 Qui
785 5461 1047 5514 accusabat
1076 5462 1191 5513 illos
1221 5473 1336 5515 ante
1380 5478 1695 5533 conspectuin
1739 5469 1831 5521 Dei
1874 5474 2026 5525 nostri
2057 5474 2136 5523 die

588 5570 647 5604 ac
679 5562 835 5603 nocte.
871 5551 1013 5615 Quos
1043 5558 1097 5601 et
1124 5553 1383 5617 prosperis
1419 5558 1550 5607 male
1580 5559 1686 5627 uti,
1720 5569 1772 5611 et
1804 5561 1853 5611 in
1898 5561 2132 5615 adversis

590 5659 690 5697 tt0n
723 5646 913 5696 habere
947 5638 1254 5710 patientiam
1286 5645 1550 5712 suggillat.
2018 5628 2023 5633 i

2234 4568 2386 4620 posse
2406 4552 2697 4604 continuari
2724 4553 3114 4617 persecutiones
3136 4556 3271 4621 quod
3295 4568 3387 4605 ore
3407 4562 3593 4605 Sancte
3618 4565 3751 4604 terra:

2232 4649 2557 4703 avertantur,
2591 4642 2756 4706 magis
2786 4654 2844 4692 se
2873 4642 3097 4693 armavit
3125 4644 3382 4709 mysterio
3425 4642 3657 4695 facinoris
3684 4642 3752 4692 in-

2232 4732 2455 4793 sistere,
2484 4744 2586 4796 quo
2617 4729 2779 4795 possit
2804 4729 2997 4798 jugiter
3023 4730 3284 4785 insidiari.

2308 4839 2406 4903 Qui
2450 4840 2736 4892 custodiunt
2765 4842 2999 4893 mandata
3031 4841 3154 4907 Dei,
3185 4852 3294 4896 etc.
3328 4843 3565 4899 Mandata
3596 4843 3678 4896 Dei
3712 4842 3753 4893 in

2237 4929 2338 4983 [ide
2381 4930 2501 4984 Jesu
2547 4929 2737 4981 Christi
2784 4933 3087 4995 custodire,
3135 4936 3235 4985 hoc
3277 4944 3358 4986 est
3404 4950 3625 5001 pugnare
3649 4947 3753 4984 eum

2236 5016 2465 5069 dracone
2484 5056 2499 5079 ,
2534 5025 2585 5068 ct
2613 5019 2779 5083 ipsum
2807 5033 3094 5084 provocare
3126 5022 3175 5072 in
3204 5021 3465 5088 praelium.
3500 5023 3559 5075 Et
3581 5022 3755 5089 gratias

2238 5104 2378 5170 Deo,
2431 5108 2517 5172 qui
2565 5106 2690 5159 saevi
2737 5107 2980 5161 draconis
3026 5112 3301 5164 evacuavit
3330 5112 3606 5176 inemptas.
3638 5110 3755 5161 Ecce

2238 5192 2401 5256 enim,
2431 5193 2703 5246 Dominum
2731 5197 2784 5247 in
2811 5211 2967 5249 carne
2994 5209 3169 5252 natum
3184 5201 3517 5268 exstinguere
3543 5199 3753 5255 molitus,

2238 5282 2353 5348 ejus
2376 5285 2757 5337 resurrecdone
2785 5285 3082 5341 frustratur.
3116 5286 3242 5341 Post
3261 5289 3511 5355 apostolis
3537 5289 3755 5340 ﬁduciam

2238 5370 2458 5423 docendi
2488 5372 2775 5439 refringere
2804 5374 3063 5437 laborans,
3091 5378 3237 5444 quasi
3267 5377 3537 5429 mulierem
3555 5417 3569 5444 ,
3597 5379 3641 5430 id
3667 5388 3756 5429 est.

2238 5474 2398 5516 totam
2432 5463 2720 5516 Ecclesiam
2765 5466 2829 5518 de
2872 5466 3025 5519 rebus
3057 5468 3297 5518 humanis
3325 5464 3529 5521 auferre
3569 5478 3755 5533 same-

2238 5554 2345 5606 bat.
2391 5552 2494 5605 Sed
2538 5563 2591 5605 et
2638 5553 2736 5607 hoc
2765 5554 2956 5609 frustra
2986 5560 3131 5609 nisus
3161 5559 3354 5622 passim
3384 5573 3521 5611 nunc
3548 5562 3757 5626 SiltglIin

2168 5710 2197 5727 γ’
2241 5644 2466 5696 lidelium
2495 5644 2760 5713 impugnat
2788 5640 2987 5701 (uales.
3024 5646 3173 5705 Unde
3202 5658 3254 5705 et
3283 5654 3517 5719 sequitur
3554 5669 3562 5699 :
