3934 6222
227 360 333 415 169

1173 354 1607 413 EXPLANATIO
1647 352 2124 411 APOCALYPSlS.
2169 387 2233 394 —
2274 357 2396 411 LIB.
2441 360 2498 413 ll.

3243 388 3251 395 °
3333 374 3433 428 170

298 472 372 526 Et
393 471 527 523 stetit
548 483 696 537 super
724 482 929 520 arenam
959 469 1132 520 maris.
1167 468 1218 520 Id
1258 477 1360 533 est,
1409 485 1566 535 super
1594 466 1776 521 multi-
1808 465 1856 524 Δ
1883 479 1976 519 ore
1999 464 2348 536 blaSphemat,
2374 471 2464 525 sed
2490 473 2538 525 in
2565 477 2812 542 mysterio
2836 477 3099 548 facinoris,
3129 487 3264 553 quod
3287 487 3422 545 facta
3450 489 3464 498 ⁴

220 564 462 615 tudinem
497 562 693 628 populi,
725 574 878 628 quem
911 557 1122 625 projicit
1148 569 1334 610 ventus
1363 576 1390 610 a
1434 557 1564 612 facie
1592 568 1775 611 terrae.

221 649 393 709 Illius,
422 650 537 700 sine
583 647 763 708 dubio,
812 647 898 713 qui
938 646 1115 699 hostis
1172 647 1439 698 machinas
1487 648 1780 700 absnrbere

221 742 385 796 solet,
420 739 558 790 idem
587 738 749 791 hostis
796 738 1010 791 insidias
1043 751 1090 791 et
1144 738 1277 790 bella
1331 739 1652 813 excitaturus
1699 738 1784 791 ir.-

221 829 382 881 sistit.

811 937 1031 990 CAPUT
1076 937 1210 989 Xll'l.

299 1066 366 1120 Et
394 1069 496 1120 vidi
517 1069 577 1120 de
605 1069 732 1119 mari
755 1069 956 1120 bestiam
984 1069 1349 1120 ascendentem.
1385 1068 1569 1121 Varias
1621 1051 1783 1123 habet

223 1158 399 1212 bestia
431 1172 526 1224 pro
551 1158 757 1209 ratione
801 1158 1036 1210 locorum
1069 1157 1456 1225 intelligendas.
1513 1158 1605 1210 llic
1653 1173 1782 1227 ergo

217 1265 422 1318 corpus
449 1250 644 1302 diaboli
671 1249 736 1302 de
767 1249 963 1315 pepulo
996 1264 1216 1302 nascens
1249 1228 1526 1316 impiorum
1580 1249 1782 1316 signiti-

215 1355 327 1394 cat.
365 1340 472 1394 [loc
501 1339 695 1393 etenim
722 1354 867 1394 mare
900 1339 1036 1404 quod
1070 1354 1227 1405 supra
1264 1339 1486 1406 a‘byssus
1533 1337 1780 1406 intelligi-

216 1439 328 1482 tur.
366 1430 514 1482 Unde
539 1439 592 1482 et
620 1428 779 1480 draco
807 1442 897 1480 rex
925 1427 1124 1480 dicitur
1150 1427 1385 1479 omnium
1409 1441 1526 1493 qua:
1555 1427 1602 1478 in
1628 1415 1778 1494 aquis

215 1531 364 1582 sunt,
397 1529 452 1571 et
478 1519 628 1585 cuius
659 1517 709 1570 in
756 1517 887 1570 mari
927 1517 1216 1571 secundum
1254 1516 1413 1570 David
1437 1516 1779 1586 court-ingno-

215 1616 307 1660 tur
329 1607 526 1673 capita.

297 1715 577 1768 [labentem
630 1716 796 1784 cupita
850 1723 1036 1784 septem
1086 1725 1130 1767 et
1188 1731 1382 1767 cornua
1423 1717 1608 1775 decem,
1671 1725 1773 1766 etc.

210 1807 470 1860 Ostendit
498 1807 546 1858 id
599 1821 715 1859 esse
745 1814 944 1873 septem
977 1806 1144 1873 capita
1177 1805 1313 1872 quod
1344 1806 1523 1863 decem
1554 1820 1768 1857 cornua.

218 1895 444 1948 Dixerat
501 1896 640 1948 cnim
690 1895 977 1947 draconem
1033 1906 1232 1962 septem
1276 1895 1568 1946 diademata
1617 1908 1776 1960 super

210 1995 420 2051 septem
454 1986 624 2052 capita
675 1995 916 2053 gestare;
968 2001 1106 2038 nunc
1160 1985 1285 2038 dicit
1337 1984 1553 2037 bestiam
1594 1983 1772 2036 decem

209 2076 516 2126 diademata
572 2090 731 2141 super
777 2075 960 2127 decem
1025 2077 1219 2126 habere
1279 2088 1495 2126 cornua.
1563 2076 1770 2139 bii—ptem

210 2156 450 2230 namque
475 2175 526 2218 et
554 2164 759 2231 decem,
786 2166 923 2218 idem
947 2173 1026 2216 est
1051 2165 1202 2218 sicuti
1231 2166 1459 2233 septupta
1487 2165 1696 2228 acctp’et
1721 2164 1772 2212 in

205 2241 309 2307 isto
336 2255 545 2306 alecula.
575 2255 631 2306 Et
651 2255 780 2307 alius
799 2255 1139 2320 evangelista,
1158 2254 1390 2315 centup'la
1410 2252 1616 2323 (Matth.
1641 2253 1767 2316 sit).

285 2342 352 2395 Et
380 2359 535 2410 super
575 2344 740 2410 capita
787 2345 896 2408 eius
946 2345 1152 2395 nomina
1205 2343 1551 2412 blasphemia.
1605 2342 1771 2406 ltegcs

208 2433 357 2484 enim
387 2446 514 2485 suos
539 2434 666 2486 deos
698 2433 989 2499 appellant,
1030 2440 1132 2484 tam
1165 2443 1420 2496 mortuos,
1453 2440 1504 2484 et
1546 2431 1685 2485 velut
1721 2431 1770 2480 in

208 2522 410 2576 emtum
454 2531 609 2590 atque
655 2520 791 2574 inter
837 2521 963 2574 deos
991 2522 1296 2583 translatos,
1325 2534 1478 2586 quam
1530 2520 1685 2572 etiam
1718 2519 1768 2569 in

213 2612 377 2664 terris
405 2616 691 2680 Angustos,
711 2610 850 2678 quod
879 2618 961 2662 est
989 2625 1175 2662 nomen
1195 2609 1273 2676 (ut
1303 2609 1508 2678 volunt)
1534 2608 1766 2661 deitatis.

211 2701 335 2753 Alio
366 2711 542 2755 autem
573 2702 689 2755 loco
721 2709 881 2754 totam
933 2699 1099 2768 ipsam
1133 2699 1349 2754 bestiam
1403 2699 1610 2766 plenam
1643 2695 1770 2752 dicit

207 2790 520 2844 nominibus
552 2788 912 2855 blaSphemite.

286 2873 356 2929 Et
386 2878 542 2929 bestia
573 2894 720 2944 quam
743 2877 864 2938 vidi,
905 2875 1082 2927 similis
1108 2884 1213 2928 erat
1239 2875 1416 2945 pardo,
1451 2884 1552 2928 etc.
1576 2873 1764 2937 Pardo,

204 2977 436 3034 propter
465 2966 770 3019 vazietatcm
802 2967 1068 3033 gentium;
1100 2977 1242 3026 urso,
1276 2977 1489 3032 propter
1515 2963 1766 3016 malitiam

205 3066 262 3109 et
313 3057 619 3120 vesaniam;
668 3056 828 3121 leoni,
863 3065 1077 3123 propter
1126 3055 1367 3107 virtutem
1423 3056 1658 3122 corporis
1713 3063 1766 3108 et

1884 555 2238 618 dissensione.
2263 571 2313 614 et
2347 562 2573 615 revelato
2598 565 2806 622 homine
2860 575 3080 635 peccati,
3126 555 3425 632 nudabitnr.

1885 646 2030 699 Tunc
2059 649 2198 701 enim
2239 651 2416 704 dicet:
2453 653 2557 723 Ego
2581 671 2690 706 sum
2739 657 2960 713 Christus
2992 663 3199 732 (Matth.
3253 670 3428 737 utr);

1886 751 2023 830 nunc
2066 752 2230 790 vero:
2264 738 2395 792 Ecce
2428 741 2506 792 hic
2540 742 2789 806 ϐίη-ἰδίω,
2834 759 2877 800 et
2903 768 3012 804 ecce
3060 755 3163 808 illic
3218 757 3425 830 (Ibid.).

1886 825 1961 876 Ad
1988 827 2147 879 Deum
2176 837 2349 881 autem
2381 832 2654 897 signiﬁcat.
2685 838 2937 890 adversus
2961 841 3148 900 Deunt.

1953 913 2312 979 Blasphcmure
2367 937 2544 973 nomen
2597 925 2726 991 ejus,
2785 937 2830 978 ct
2877 928 3249 987 tabernaculum
3296 941 3422 1006 ejus.

1889 1004 1926 1055 Ι)
1949 1006 2196 1072 guilalem
2225 1010 2323 1061 sibi
2354 1013 2573 1084 nominis
2605 1014 2696 1071 Dei
2733 1018 2924 1085 impius
2950 1040 3224 1092 usurpans,
3255 1004 3425 1086 θάηοο

1882 1096 2009 1145 siam
2042 1111 2144 1162 quo
2166 1113 2247 1162 ευρ
2274 1115 2418 1152 suam
2446 1105 2714 1161 nominare
2746 1124 3048 1173 pra-suntet.

1879 1264 1883 1268 Ἰ
1955 1185 2016 1237 Et
2044 1189 2216 1240 datum
2243 1203 2314 1243 est
2356 1193 2431 1244 illi
2488 1195 2668 1249 bellum
2722 1203 2884 1267 [arere
2911 1221 3024 1256 cum
3069 1211 3275 1270 sanctis,
3318 1221 3420 1267 etc.

1879 1276 1922 1328 A
1947 1285 2055 1330 toto
2086 1291 2305 1342 partem.
2331 1284 2456 1348 Quae
2482 1289 2613 1340 vinci
2643 1302 2828 1355 poteSI,
2863 1309 2978 1346 cum
3010 1297 3250 1352 violentia
3285 1312 3419 1354 tem-

1881 1366 2039 1430 poris,
2074 1368 2115 1420 si
2151 1362 2263 1422 ﬁeri
2323 1383 2512 1440 potest,
2560 1380 2715 1431 etiam
2772 1383 2922 1435 electi
2978 1389 3293 1452 quaticntnr.
3355 1391 3417 1445 Ut

1876 1455 2300 1513 condemnentur
2349 1461 2537 1529 Judaei,
2579 1470 2687 1534 qui,
2721 1485 2821 1521 ttutt
2868 1474 3144 1529 credentes
3191 1478 3410 1542 veritati,

1877 1555 2050 1609 ευδεει
2068 1558 2221 1600 erunt
2244 1552 2570 1606 mendacium

1894 1696 1899 1700 .
1948 1655 2013 1708 Et
2059 1661 2394 1715 adoravi-runt
2439 1681 2547 1717 eam
2590 1684 2758 1724 omnes
2801 1675 2888 1741 qui
2941 1676 3165 1731 habitant
3212 1689 3411 1737 terram.

1806 1755 2070 1844 Bomnes
2113 1754 2296 1821 dixit,
2352 1759 2444 1811 80d
2501 1761 2791 1816 habitantes
2846 1775 3060 1820 terram.
3121 1771 3418 1826 Iiecedentes

1874 1843 2027 1907 enim,
2060 1843 2240 1910 inquit,
2270 1863 2299 1898 a
2335 1855 2402 1909 te,
2438 1848 2490 1900 in
2518 1858 2648 1901 terra
2689 1853 2967 1906 scribentur
2997 1855 3210 1920 (Jerrm.
3266 1869 3414 1931 xvn).

1945 1931 2170 1994 Quorum
2211 1950 2308 1986 non
2365 1945 2481 1988 sunt
2541 1940 2978 2006 scripta~nomiua
3023 1947 3074 1998 in
3127 1947 3252 1998 libro
3302 1952 3415 2003 vita

1876 2022 2024 2087 Aqui.
2055 2022 2260 2076 iustum
2289 2032 2368 2078 est
2398 2039 2500 2078 eos
2524 2027 2609 2093 qui
2643 2032 2824 2081 mortis
2856 2035 3052 2086 auctori
3083 2038 3321 2091 serviunt
3364 2040 3413 2092 in

1874 2110 2007 2162 libro
2053 2113 2170 2163 vita:
2200 2128 2302 2166 non
2331 2115 2507 2179 scribi,
2539 2126 2588 2168 et
2613 2119 2697 2183 qui
2721 2120 3043 2175 sitnutatoria
3079 2141 3204 2180 nece
3232 2130 3414 2184 bestia:

1873 2199 2193 2254 deludu‘ntur
2224 2203 2356 2270 Agni
2389 2205 2474 2272 qui
2507 2207 2720 2260 abstulit
2751 2222 2960 2276 peccata
3002 2218 3176 2268 mundi
3233 2234 3412 2275 carere

1870 2290 2153 2341 consortio.
2190 2291 2339 2362 Agni,
2367 2294 2551 2362 inquit,

1942 2378 2041 2442 Qui
2078 2382 2269 2433 occisus
2302 2392 2371 2434 est
2403 2385 2464 2437 ab
2490 2387 2678 2456 origine
2714 2390 2908 2445 mundi.
2953 2395 3113 2463 Agni,
3150 2408 3204 2451 ut
3228 2400 3410 2454 Petrus

1868 2469 1960 2531 ait,
1985 2469 2310 2535 inuuaculati,
2362 2477 2649 2542 prwcogniti
2694 2481 2890 2546 quidem
2933 2499 3046 2536 ante
3087 2490 3410 2542 constitutio-

1869 2573 1979 2614 nem
2000 2560 2205 2628 mundi,
2247 2564 2553 2627 manifestati
2593 2579 2760 2620 autem
2786 2573 3066 2627 novissimis
3108 2581 3410 2642 temporibus

1869 2641 1917 2711 (1
1938 2643 2081 2699 Petr.
2106 2649 2171 2716 -I).
2226 2650 2337 2702 Alia
2367 2654 2506 2705 enim
2533 2655 2702 2708 Editio
2724 2659 2919 2726 Agnum
2943 2664 3187 2731 signatum
3209 2641 3282 2721 ab
3306 2673 3410 2723 ori-

1867 2736 1979 2802 gine
2004 2739 2172 2789 umndi
2199 2742 2480 2795 transtulit.
2518 2743 2695 2798 Potest
2719 2756 2772 2800 et
2794 2765 2887 2816 per
2912 2754 3229 2822 hyperbaton
3252 2761 3404 2814 intel-

1869 2826 1976 2891 ligi,
2006 2828 2141 2894 quod
2181 2839 2478 2886 sanctorum
2524 2833 2590 2886 ab
2629 2836 2776 2889 initio
2807 2843 3015 2894 nomina
3045 2843 3148 2896 sint
3191 2847 3243 2899 in
3274 2849 3408 2904 libro

1868 2915 1986 3004 rita:
2011 2917 2327 2988 conscripta.

1937 3025 1998 3079 Si
2040 3028 2148 3094 quis
2190 3030 2334 3084 habet
2390 3049 2559 3086 aurem
2616 3039 2887 3104 audiendi,
2944 3047 3136 3097 audiat.
3191 3049 3402 3113 Quoties

209 3143 412 3212 “nsum
476 3107 773 3210 supe'rbiqm
816 3107 1106 3196 'Si'millawr.
1143 3143 1385 3210 Legimus
1440 3144 1490 3196 in
1518 3107 1764 3197 'Daniele
1789 3107 1838 3168 ε
1870 3113 2137 3212 Scriptura
2162 3119 2260 3173 hoc
2287 3120 2481 3176 dictum
2516 3127 2788 3194 interponit
2810 3171 2825 3196 ,
2859 3133 3108 3188 intentum
3152 3152 3258 3204 pra:
3301 3142 3401 3193 ob-

206 3249 438 3305 regnum
462 3235 825 3289 Chaldaeorum
851 3237 1050 3301 luteum,
1093 3236 1316 3289 Persaru
1341 3255 1366 3286 n
1401 3251 1542 3301 urso,
1589 3235 1763 3291 Mat-eo

205 3325 407 3378 donum
435 3327 596 3392 pardo
626 3340 1006 3394 comparatum.
1138 3320 1143 3330 ’

277 3415 345 3467 Et
371 3418 512 3468 dedit
544 3418 622 3469 illi
645 3417 797 3468 draco
827 3420 1058 3468 virtutem
1093 3433 1255 3469 suam.
1308 3417 1396 3470 Sic
1455 3418 1760 3484 Apostolus,

206 3505 272 3560 de
294 3507 497 3559 diaboli
526 3522 750 3575 corpore
777 3508 993 3576 loquens
1022 3525 1034 3560 :
1094 3507 1250 3576 Cujus
1299 3519 1393 3570 est,
1427 3507 1609 3575 inquit,
1665 3511 1760 3559 ad-

203 3607 378 3649 ventus
429 3599 703 3650 secundum
743 3599 1078 3664 Operationem
1129 3599 1335 3651 Satanw
1380 3600 1429 3649 iu
1477 3601 1611 3650 omni
1660 3602 1760 3650 vir-

205 3695 332 3746 tute,
386 3676 576 3755 signis,
625 3697 670 3739 et
722 3688 962 3755 prodigiis
1014 3688 1255 3740 mendacii
1302 3690 1376 3740 liis
1427 3690 1508 3754 qui
1553 3700 1757 3758 pereunt

209 3772 290 3844 (11
324 3776 502 3829 Thess.
539 3785 616 3845 tt).

277 3866 342 3919 Et
383 3868 489 3920 uidi
545 3885 698 3919 unum
727 3869 788 3921 de
826 3868 1074 3936 capitibus
1100 3870 1208 3936 ejus
1263 3871 1404 3935 quasi
1446 3872 1663 3922 occisum
1706 3873 1757 3922 in

202 3967 440 4020 mortem,
465 3967 566 4010 etc.
595 3958 979 4023 Antichristus,
1037 3958 1100 4011 ad
1133 3959 1297 4026 capita
1356 3961 1498 4028 regni
1555 3962 1751 4022 terreni

206 4050 497 4114 pertinens,
530 4047 818 4100 imitatione
850 4049 954 4100 vcri
986 4048 1169 4113 capitis
1194 4048 1352 4100 nostri
1379 4063 1438 4101 se
1467 4050 1612 4115 quasi
1668 4063 1758 4102 oc-

202 4140 372 4191 cisum
401 4138 778 4202 resurrexisse,
814 4149 862 4190 et
895 4154 985 4205 pro
1012 4124 1220 4191 Christo
1250 4142 1333 4208 qui
1363 4141 1459 4191 hoc
1484 4155 1602 4192 vere
1633 4155 1755 4206 per-

208 4229 348 4294 fecit,
382 4245 443 4281 se
488 4226 876 4294 suscipiendum
910 4229 1066 4280 audet
1094 4230 1360 4282 exhibere.
1413 4228 1572 4296 Cujus
1611 4243 1755 4280 com-

208 4321 365 4371 menti
399 4319 588 4370 dicitur
618 4317 908 4370 in~Simone
939 4319 1087 4386 Mago
1115 4321 1446 4385 processisse
1477 4321 1693 4372 fallacia.

274 4406 341 4458 Et
393 4407 647 4459 admirata
690 4415 764 4458 est
816 4409 1040 4458 universa
1079 4419 1208 4460 terra
1245 4418 1353 4476 post
1388 4426 1520 4462 eam.
1571 4410 1745 4463 Genus

209 4498 353 4562 ponit
378 4513 476 4565 pro
500 4497 694 4560 specie,
720 4497 898 4549 dicens
927 4497 1132 4550 adorari
1164 4499 1401 4560 bestiam,
1435 4514 1551 4552 cum
1581 4501 1748 4564 ipsum

206 4595 360 4651 caput
391 4585 757 4637 simulatitimn
786 4586 883 4636 sub
907 4584 1117 4637 nomine
1142 4586 1325 4651 capitis
1355 4602 1476 4639 vero
1507 4586 1665 4638 occisi
1702 4596 1753 4639 et

211 4675 461 4735 viventis,
487 4674 682 4727 terreni
713 4673 815 4725 sint
846 4673 1082 4726 homines
1113 4675 1395 4727 adoraturi.

277 4761 341 4812 Et
357 4765 695 4814 adoraoerunt
719 4765 982 4814 draconem
1006 4763 1090 4830 qui
1111 4763 1242 4814 dedit
1260 4771 1547 4831 potestatem
1567 4762 1749 4814 bestiat.

209 4848 282 4901 llli
313 4851 497 4904 dicunt
527 4851 746 4904 adorare
774 4867 832 4904 se
877 4852 1057 4914 Deum,
1109 4853 1197 4918 qui
1243 4853 1389 4905 dedit
1438 4859 1746 4919 potestatem

211 4935 444 4991 Christo.
886 4930 891 4934 ’

279 5029 344 5082 Et
367 5031 701 5082 adoraverunt
724 5031 923 5082 bestiam
952 5031 1213 5086 dicentes:
1273 5033 1394 5097 Quis
1449 5036 1624 5085 similis
1669 5035 1751 5085 be-

213 5122 362 5174 stia’?
391 5123 494 5190 ipsi
521 5120 701 5171 dicunt
732 5135 743 5167 :
769 5120 893 5183 Quia
944 5123 1131 5174 similis
1173 5121 1382 5176 Christo
1415 5123 1435 5174 ?
1482 5130 1582 5177 Aut
1635 5126 1750 5190 quis

214 5210 354 5263 illum
387 5219 564 5279 potest
591 5210 799 5261 vincere
828 5207 851 5260 ζ’

285 5298 343 5349 Et
375 5302 550 5351 datam
578 5298 709 5350 cstei
738 5313 812 5359 os,
852 5296 1061 5363 loquens
1108 5317 1290 5369 magna
1337 5311 1381 5354 et
1424 5304 1749 5370 btaphemias.

219 5389 310 5451 Qui
334 5394 618 5453 extollitur,
649 5390 834 5454 inquit,
866 5406 1013 5456 super
1042 5407 1184 5444 omne
1209 5395 1342 5460 quod
1372 5396 1552 5446 dicitur
1592 5393 1746 5458 Deus,

217 5487 295 5527 aut
319 5480 447 5542 quod
467 5482 648 5532 colitur
671 5477 754 5547 (ΙΙ
793 5478 892 5531 The
916 5494 958 5530 ι.
991 5480 1067 5546 tt).

285 5563 345 5616 Et
366 5569 486 5617 data
514 5575 586 5618 est
613 5568 688 5617 illi
722 5577 938 5632 potrs'as
968 5571 1132 5636 facere
1176 5586 1364 5623 menses
1417 5574 1750 5640 quadraginta

220 5655 354 5720 duos,
378 5669 479 5711 ctc.
510 5659 648 5708 Ante
677 5660 810 5708 enim
864 5666 969 5710 tres
1007 5661 1165 5714 semis
1195 5676 1358 5715 annos
1412 5679 1512 5715 non
1563 5681 1746 5736 aperto

493 5750 760 5807 Ps'rno'.
809 5751 1018 5811 XClil.

1866 3210 2112 3263 scuritate
2140 3212 2215 3265 rei
2262 3216 2448 3281 qumrit
2477 3218 2785 3272 auditorem.
2827 3221 2900 3276 Ne
2944 3225 3079 3277 enim
3108 3240 3401 3283 momenta-

1867 3315 2020 3354 ueum
2046 3302 2236 3356 diaboli
2272 3321 2488 3373 regnum
2516 3310 2684 3376 magni
2718 3313 3046 3378 penderetur,
3072 3319 3399 3384 cogitationi-

1863 3394 1957 3445 bus
1989 3396 2229 3448 humanis
2284 3401 2512 3452 occuirit
2559 3402 2774 3455 dicens:
2829 3404 2924 3468 Qui
2967 3407 3018 3458 in
3069 3412 3400 3477 captivitatem

1862 3486 2078 3551 duxerit,
2118 3488 2168 3540 in
2216 3491 2550 3557 captivitatem
2596 3510 2652 3544 ra
2681 3499 2756 3552 'et,
2815 3497 2864 3549 id
2915 3507 3014 3563 est,
3059 3501 3294 3554 diabolus
3347 3513 3402 3556 et.

1858 3573 2048 3636 bestia,
2080 3576 2167 3641 qui
2197 3579 2306 3628 suis
2338 3595 2476 3632 nunc
2505 3583 2701 3636 retibus
2728 3595 2908 3650 gentes
2951 3589 3215 3655 captivate
3247 3591 3396 3645 vide-

1863 3670 1964 3724 tur,
1989 3659 2100 3727 ipse
2123 3664 2218 3714 erit
2267 3678 2383 3716 cum
2415 3671 2524 3719 suis
2558 3672 2659 3721 cito
2690 3674 2942 3737 captivus.

1931 3751 2032 3815 Qui
2057 3753 2230 3820 gladio
2259 3755 2514 3820 occiderit,
2540 3768 2730 3824 Oportet
2763 3777 2873 3812 eum
2898 3763 3064 3831 gladio
3093 3766 3270 3819 occidi.
3302 3767 3398 3834 Qui

1862 3840 2155 3893 ECclesiam
2183 3857 2317 3896 nmtc
2346 3845 2422 3895 vel
2449 3849 2642 3897 carnali
2665 3851 2742 3901 vel
2766 3851 2921 3903 etiam
2950 3856 3398 3919 Spiritualimorte

1861 3934 2205 3999 persequitur,
2241 3933 2377 3986 hunc
2407 3936 2652 3989 Dominus
2680 3939 2832 3992 lesus
2889 3943 3163 3999 interticiet
3207 3947 3394 4016 spiritu

1860 4023 1972 4073 oris
2001 4023 2100 4084 sui,
2124 4033 2173 4074 et
2199 4024 2431 4076 destruet
2465 4027 2809 4080 illustratione
2839 4031 3095 4087 adventus
3123 4037 3202 4090 sui

1931 4108 2028 4159 llic
2054 4119 2123 4162 est
2147 4112 2383 4177 patientia
2408 4124 2452 4164 et
2476 4115 2598 4175 [edes
2623 4128 2926 4169 sanctorum.
2967 4120 3289 4177 Promiserat
3309 4140 3397 4179 oc-

1857 4198 1958 4250 cidi
1987 4200 2324 4264 homicidam,
2355 4202 2446 4254 sed
2477 4204 2595 4270 quia
2650 4220 2804 4258 nemo
2831 4223 3114 4265 coronatur
3160 4215 3256 4268 nisi
3304 4219 3393 4284 qui

1855 4288 2091 4358 legitime
2136 4299 2432 4360 certaverit,
2493 4313 2628 4350 nunc
2667 4301 2851 4354 animis
2894 4316 3024 4369 opus
3080 4319 3199 4360 esse
3246 4309 3392 4375 dicit,

1859 4401 1992 4438 nunc
2049 4398 2258 4452 pectore
2311 4393 2476 4441 tirmo.
2531 4389 2798 4457 DeScripla
2861 4397 3176 4458 generaliter
3223 4398 3390 4455 bestia

1859 4478 2023 4540 primo
2045 4479 2095 4528 io
2124 4479 2403 4545 hypocrisi,
2438 4481 2626 4532 deinde
2651 4493 2828 4546 aperto
2855 4499 2946 4545 ore
2968 4486 3382 4555 blasphemantc,

1854 4568 2104 4619 describit
2125 4571 2360 4620 eamdem
2433 4571 2486 4622 in
2533 4572 2661 4624 solis
2693 4575 3004 4639 prmpOsitis,
3052 4580 3291 4634 similiter
3335 4582 3387 4635 in

1859 4655 2142 4726 hypocrisi,
2175 4659 2363 4712 deinde
2395 4662 2700 4714 revelatam.

1929 4745 1990 4796 Et
2012 4749 2110 4798 vidi
2157 4751 2313 4800 aliam
2342 4753 2543 4803 bes‘iam
2574 4739 2916 4806 ascendentem
2952 4759 3012 4809 de
3045 4770 3194 4812 terra.
3226 4762 3393 4818 Aliam

1855 4835 1986 4886 dixit
2016 4839 2078 4888 de
2100 4839 2291 4890 olticio.
2319 4841 2458 4892 Alias
2489 4857 2586 4894 una
2614 4852 2712 4897 est.
2743 4847 2887 4907 Quod
2916 4857 2996 4900 est
3025 4861 3198 4904 autem
3223 4869 3385 4919 mare,

1857 4923 1974 4987 hoc,
2009 4935 2139 4977 tes’e
2180 4927 2413 4992 Daniele,
2461 4941 2540 4982 est
2571 4941 2730 4985 terra.
2786 4937 2878 4987 Cui
2929 4952 3148 5005 quatuor
3198 4944 3393 4997 bestias

1855 5018 2136 5070 asc’endere
2159 5021 2222 5070 de
2253 5028 2376 5073 mari
2405 5027 2635 5078 cernenti
2658 5044 2746 5093 per
2770 5035 3010 5097 angelum
3033 5033 3224 5088 dicitur
3257 5055 3270 5089 :
3300 5037 3396 5091 Hm

1842 5108 2065 5175 quatuor
2121 5109 2285 5160 bcstiw
2335 5127 2547 5181 magnw,
2579 5128 2790 5182 quatuor
2816 5137 2970 5188 regna
3014 5135 3309 5193 consurgent
3331 5131 3395 5179 de

1855 5209 1986 5249 terra
2020 5195 2170 5263 (Dan.
2199 5198 2308 5268 vn).

1926 5303 1988 5354 Et
2012 5303 2217 5356 habebat
2248 5325 2435 5360 cornua
2467 5314 2566 5366 duo
2593 5316 2779 5367 similia
2817 5319 2954 5386 agni,
3009 5329 3054 5372 cl
3099 5324 3390 5391 loquebatur

1857 5407 1904 5447 ut
1937 5395 2107 5446 draco.
2146 5396 2270 5463 Λευὶ
2295 5414 2490 5452 cornua
2526 5404 2754 5470 prznfert,
2786 5423 2888 5474 quo
2910 5410 3152 5465 draconis
3186 5428 3378 5467 venena

1856 5487 2072 5538 latenter
2128 5486 2340 5540 inserat.
2395 5493 2544 5553 Quit.
2597 5511 2687 5559 per
2721 5498 3019 5567 hypocrisin
3074 5503 3381 5560 sanetitatis.

1818 5619 1820 5622 μ
1854 5593 1966 5630 eam
1998 5591 2149 5644 quam
2181 5577 2229 5627 in
2259 5592 2314 5629 se
2339 5581 2595 5634 veraciter
2625 5583 2805 5637 habult
2837 5587 3104 5649 Dominus,
3154 5592 3373 5656 singula.

1857 5683 1963 5720 rctn
1988 5666 2083 5718 sibi
2125 5665 2294 5720 inesse
2323 5674 2376 5720 ct
2404 5670 2709 5736 sapientiam
2743 5676 2989 5728 mentitur
3028 5684 3080 5728 et
3108 5677 3278 5730 vitam.
3316 5679 3389 5734 De

2926 5767 2963 5824 ὓ
