3934 6222
563 458 650 509 l'il
938 454 1136 505 BEDJ‘I
1183 451 1621 506 VENEItABILlS
1659 448 1804 503 OPP.
1849 446 2021 501 PARS
2057 445 2118 498 ll.

2222 446 2331 500 LCT.
2374 449 2411 502 Ι.
2452 474 2519 489 --
2551 450 2935 507 EXEGETICA
2973 454 3284 511 GENUINA.
3659 464 3747 517 172

562 571 656 621 bac
689 569 849 621 bestia
884 567 1130 619 Dominus
1160 583 1171 616 :
1201 565 1471 629 Attendite,
1504 563 1691 628 inquit,
1723 577 1752 610 a
1784 556 2095 625 pseudopro-
2135 558 2180 613 Α
2214 557 2410 623 bestiae,
2436 556 2601 623 idest,
2631 569 2683 611 ut
2708 562 2927 629 populus
2952 562 3134 615 adoret
3156 565 3348 617 diaboli
3376 567 3741 625 inventionem.

559 658 740 720 phetis,
784 655 870 724 qui
897 656 1090 707 veniunt
1137 654 1202 705 ad
1249 670 1334 705 vos
1364 656 1415 702 in
1463 649 1770 703 vestimentis
1790 647 1972 711 ovium,
2028 646 2107 697 ius

561 748 799 799 trinsecus
842 755 1003 797 autem
1032 754 1145 795 sunt
1196 743 1303 809 lupi
1343 756 1551 807 rapaces
1581 738 1791 811 (Matth.
1843 736 1961 803 vn).

634 835 695 886 Et
717 850 907 886 omnem
938 842 1227 902 potestatem
1273 832 1454 901 prioris
1482 830 1653 881 bestia:
1678 828 1907 897 faciebat.
1941 824 2107 879 Disci-

560 927 662 994 puli
694 925 871 980 miseri
903 925 1204 991 magistrum
1228 929 1516 989 sequuntur
1547 921 1597 972 in
1628 919 1891 972 omnibus.

634 1014 694 1068 Et
745 1016 859 1081 fecit
904 1024 1128 1080 terram,
1178 1022 1225 1065 et
1276 1012 1607 1071 inhabitantes
1646 1011 1697 1062 in
1745 1025 1842 1074 ea,
1895 1010 2108 1062 adorare

564 1105 769 1157 bestiam
804 1105 1039 1171 primum.
1074 1104 1182 1155 Vim
1208 1101 1529 1154 seilnctionis
1559 1099 1807 1162 ostendit,
1840 1108 1893 1153 et
1920 1112 2109 1166 corpus

569 1194 669 1245 sibi
700 1194 1047 1259 mancipasse,
1074 1202 1121 1244 et
1151 1191 1377 1243 animam
1409 1205 1523 1257 qua:
1554 1188 1755 1242 habitat
1786 1189 1835 1239 in
1868 1190 1999 1255 ipso.

634 1282 792 1351 Cujus
822 1291 999 1333 curata
1026 1292 1097 1333 est
1119 1281 1268 1348 plaga
1289 1279 1481 1331 mortis.
1513 1278 1566 1331 ld
1595 1288 1696 1339 est,
1731 1292 1846 1345 qua:
1872 1292 1927 1328 se
1953 1278 2111 1331 simu-

566 1373 688 1425 lavit
716 1383 938 1425 mortem
968 1371 1292 1438 resurgendo
1326 1370 1533 1422 vicisse.
1595 1368 1743 1421 Ilunc
1770 1368 1911 1421 enim
1962 1368 2110 1421 Seri-

567 1476 714 1529 ptura
740 1476 840 1513 non
873 1462 1128 1523 occisum,
1155 1459 1246 1512 sed
1276 1459 1415 1511 velut
1434 1459 1687 1522 occisum,
1727 1458 1946 1521 dixerat,
1978 1456 2114 1509 sicut

571 1551 633 1603 de
658 1549 850 1602 Judaeis
881 1550 1073 1600 dictum
1101 1558 1181 1600 est
1217 1564 1229 1597 :
1273 1537 1371 1613 ipsi
1425 1558 1598 1599 autem
1630 1562 1732 1599 non
1789 1546 2113 1601 intraverunt

574 1642 624 1693 in
658 1640 983 1706 praetorium,
1016 1652 1081 1691 ne
1110 1637 1613 1690 contaminarentur.
1646 1634 1757 1687 Non
1788 1637 1927 1687 enim
1966 1634 2113 1686 affir-

576 1729 732 1781 mavit
752 1728 1070 1795 evangelista
1101 1728 1337 1795 potuisse
1365 1726 1813 1794 inquinatissimos
1835 1727 2113 1793 inquinari,

575 1818 617 1870 si
652 1818 952 1884 prmtorium
978 1815 1298 1878 intrassent;
1331 1824 1418 1867 aut
1445 1812 1613 1868 Judaei
1644 1823 1905 1869 tantorum
1949 1814 2117 1867 scele-

572 1923 686 1960 rum
716 1906 912 1960 conscii
946 1922 1068 1959 vere
1098 1907 1348 1973 inquinati
1379 1908 1686 1968 timuerunt,
1720 1905 1812 1959 sed
1866 1905 1987 1973 quid
2046 1907 2115 1958 si-

575 1998 863 2048 mulassent
888 1998 1032 2062 quasi
1074 1994 1341 2049 afﬁrmans
1371 1996 1567 2049 retulit.

642 2085 706 2138 Et
748 2089 859 2154 fecit
900 2089 1041 2157 signa
1081 2102 1262 2154 magna
1294 2128 1309 2153 ,
1336 2090 1422 2161 vita
1464 2097 1516 2140 ut
1551 2088 1699 2139 etiam
1739 2087 1904 2157 ignem
1929 2091 2114 2155 faceret

572 2178 634 2228 de
662 2176 780 2229 caelo
807 2178 1103 2230 descendere
1132 2178 1182 2230 in
1207 2190 1408 2230 terram.
1443 2178 1744 2231 bliraculum
1782 2179 1931 2245 ignis,
1966 2178 2112 2245 quasi

576 2267 857 2319 maximum
880 2267 1086 2319 czrteris
1111 2267 1357 2334 przetulit,
1384 2276 1437 2319 ut
1465 2268 1581 2332 quia
1606 2265 1859 2319 Dominus
1876 2265 2113 2318 Christus

576 2355 848 2420 discipulis
877 2353 1076 2421 Spiritu
1110 2365 1293 2407 sancto
1324 2358 1375 2407 in
1416 2354 1534 2422 igne
1576 2358 1819 2408 veniente
1863 2356 2111 2406 virtutum

571 2443 718 2497 dedit
745 2443 985 2509 gratiam,
1034 2444 1141 2509 ipse
1168 2457 1374 2511 quoque
1419 2458 1561 2510 suos,
1595 2444 1739 2510 quasi
1787 2442 1943 2495 simili
1972 2441 2105 2495 cha-

573 2534 810 2596 rismate,
841 2543 957 2585 astu
988 2532 1194 2585 fallente
1218 2534 1465 2600 decipiat.

642 2623 706 2675 Et
737 2622 922 2675 seducit
951 2621 1231 2675 habitantes
1277 2631 1479 2685 terram,
1511 2631 1615 2679 etc.
1666 2622 1932 2676 Adventus
1972 2623 2111 2675 enim

572 2710 835 2776 eius'erit,
868 2711 1001 2763 sicut
1030 2710 1223 2764 dictum
1276 2721 1377 2774 est,
1426 2712 1716 2764 secundum
1758 2713 2111 2779 Operatiouem

572 2799 778 2853 Satanae
809 2802 857 2851 in
882 2800 1020 2855 omni
1049 2800 1259 2864 virtute,
1286 2808 1339 2853 et
1357 2802 1540 2869 signis,
1591 2810 1645 2853 et
1692 2784 2116 2868 prodigiis‘men-

574 2891 809 2961 dacii(ll
846 2893 1017 2947 Thess.
1040 2893 1267 2961 tt).Qu:e
1299 2894 1432 2946 solet
1459 2894 1648 2961 ambigi
1673 2904 1844 2945 utrum
1878 2902 2115 2960 propter-

576 3002 635 3038 ea
691 2987 829 3037 dicta
861 2986 965 3038 sint
997 2988 1140 3053 signa
1172 2997 1219 3037 et
1266 2986 1493 3053 prodigia
1544 2985 1819 3047 mendacii,
1870 2985 2111 3054 quoniam

576 3076 823 3128 mortales
851 3090 1034 3128 sensus
1067 3089 1157 3141 per
1189 3074 1551 3141 phantasmata
1582 3074 1894 3142 deceptnrus
1915 3082 2019 3139 est,
2062 3082 2117 3125 ut

2280 648 2341 699 Et
2369 650 2517 716 faciet
2545 666 2713 703 omnes
2742 653 2953 716 pusillos
2974 663 3019 704 et
3047 670 3276 723 magnos,
3307 667 3409 710 etc.
3438 658 3549 711 Non
3576 677 3746 715 omnes

2207 737 2322 790 sine
2354 740 2662 805 exceptione
2703 741 2846 808 quasi
2896 749 2948 796 et
2994 745 3250 810 gentiles,
3292 746 3381 799 sed
3429 751 3519 815 qui
3563 749 3629 801 ad
3662 751 3748 804 hoc

2210 830 2519 895 mysterium
2552 832 2834 895 pertinent.

2278 916 2481 971 Habere
2523 920 2858 971 characterem
2888 921 2937 972 in
2962 921 3163 973 dextera
3194 939 3347 975 manu
3378 936 3463 976 aut
3488 927 3539 977 in
3570 927 3741 992 fronti-

2211 1007 2322 1058 bus.
2378 1004 2661 1061 Character
2690 1020 2774 1062 est
2800 1012 3103 1077 mysterium
3138 1012 3453 1081 iniquitatis,
3483 1018 3622 1082 quod
3655 1019 3741 1085 by-

2212 1098 2429 1164 pocritze
2461 1100 2558 1152 sub
2592 1101 2801 1154 nomine
2828 1102 3021 1155 Christi
3068 1104 3117 1156 in
3158 1119 3319 1173 opere
3346 1116 3398 1158 et
3430 1109 3747 1175 professione

2209 1187 2491 1253 accipiunt.

2282 1274 2347 1326 Et
2379 1292 2437 1327 ne
2464 1277 2573 1342 quis
2602 1277 2754 1345 possit
2798 1294 2958 1332 emere
3001 1291 3085 1333 aut
3128 1283 3355 1335 vendere.
3411 1283 3464 1337 In
3508 1286 3602 1339 bac
3632 1302 3747 1340 ven-

2212 1360 2368 1414 dendi
2409 1371 2463 1415 et
2502 1366 2769 1418 mercandi
2815 1369 3077 1421 mentione
3119 1372 3314 1433 docuit,
3348 1374 3486 1440 quod
3544 1377 3671 1428 sicut
3698 1377 3744 1428 in

2214 1453 2675 1521 bonosymboltun
2708 1455 2943 1509 Ecclesia
2972 1458 3186 1511 tradidit
3211 1462 3534 1525 profuturum
3568 1477 3747 1517 nostrae

2213 1544 2389 1605 saluti,
2441 1544 2511 1594 ita
2559 1543 2629 1596 illi
2666 1544 2717 1596 in
2748 1545 2883 1597 malo
2916 1547 3000 1598 tali
3032 1560 3089 1600 se
3117 1546 3421 1602 deﬁnitione
3464 1562 3745 1615 eoarctent,

2217 1645 2395 1687 utnec
2428 1635 2692 1689 mercandi
2725 1646 2813 1688 aut
2844 1638 3101 1691 vendendi
3142 1640 3357 1692 licentia
3405 1641 3575 1705 detur,
3625 1645 3749 1697 sicut

2219 1734 2538 1779 mercatores
2564 1726 2649 1793 qui
2682 1742 2778 1778 una
2812 1731 2926 1780 navi
2974 1739 3263 1796 portantur,
3322 1712 3566 1785 uniformi
3610 1736 3749 1803 signo

2222 1822 2483 1867 tenentur.
3026 1824 3029 1825 ⁷

2293 1903 2409 1956 Nisi
2454 1906 2539 1972 qui
2578 1906 2720 1958 habet
2762 1906 3093 1959 characterem
3121 1910 3333 1962 nominis
3362 1911 3544 1973 ὺεειὶω,
3572 1921 3669 1965 etc.
3698 1912 3746 1965 id

2217 2002 2319 2056 est,
2356 1995 2442 2060 qui
2474 1994 2828 2047 communicat
2875 1995 3041 2048 fraudi
3091 1998 3251 2049 illius.
3288 1998 3571 2053 Character
3594 2003 3746 2064 enim,

2219 2085 2266 2136 id
2300 2097 2402 2145 est,
2435 2095 2578 2147 nota,
2611 2096 2663 2138 et
2695 2101 2883 2138 nomen
2916 2086 3119 2149 bestiae,
3165 2097 3218 2140 et
3263 2104 3511 2142 numerus
3541 2092 3746 2143 nominis

2216 2176 2330 2242 ejus
2390 2192 2545 2227 nntun
2595 2188 2691 2228 est.
2744 2177 3002 2229 Numerus
3040 2164 3190 2231 enim
3243 2180 3467 2231 hominis
3535 2190 3648 2243 est,
3691 2196 3749 2232 ne

2214 2281 2331 2319 cum
2378 2258 2639 2330 putemus,
2690 2267 2842 2330 juxta
2890 2268 3236 2332 quorumdam
3288 2270 3619 2336 opinionem,
3676 2273 3745 2323 vel

2220 2356 2486 2409 diabolum
2520 2371 2638 2409 esse
2670 2356 2746 2408 vel
2778 2355 3095 2415 datmonem.
3142 2357 3231 2409 sed
3283 2371 3447 2410 Ullllm
3490 2360 3553 2411 de
3593 2359 3747 2411 homi-

2217 2444 2394 2505 nibus,
2446 2444 2497 2495 in
2539 2459 2643 2510 quo
2688 2455 2824 2496 lotus
2869 2444 3091 2497 Satanas
3143 2445 3468 2498 habitaturus
3515 2456 3593 2499 est
3637 2460 3745 2499 cor-

2222 2533 2493 2597 poraliter.
2560 2532 2651 2584 Est
2704 2532 2843 2583 enim
2896 2533 3052 2585 homo
3105 2534 3345 2602 peccati,
3404 2535 3536 2588 titius
3578 2535 3743 2604 perdi-

2217 2622 2393 2674 tiottis.
2600 2610 2609 2611 ί

2290 2711 2391 2763 Hic
2424 2713 2666 2779 sapientia
2695 2721 2788 2767 est.
2823 2711 2921 2775 Qui
2949 2712 3093 2765 habet
3132 2713 3436 2768 intellectum
3461 2755 3474 2777 ,
3513 2724 3613 2769 etc.
3667 2715 3749 2768 Hic

2218 2814 2465 2854 nun‘terus
2510 2800 2645 2868 apud
2677 2799 2887 2853 Grzecos
2936 2801 2989 2854 in
3036 2802 3512 2875 nominet'i‘itauis,
3562 2804 3611 2859 id
3656 2815 3745 2864 est,

2217 2889 2457 2957 gigantis,
2508 2887 2697 2941 dicitur
2737 2889 2987 2954 inveniri,
3042 2892 3141 2946 hoc
3189 2890 3367 2945 modo.
3397 2891 3595 2945 Tenim
3638 2907 3742 2950 ccc.

2219 2978 2258 3030 Ε
2290 2993 2339 3041 v,
2371 2977 2465 3041 lx,
2499 2976 2541 3030 Τ
2570 2992 2687 3043 ccc,
2727 2978 2770 3031 Α
2807 2994 2845 3043 t,
2878 2978 2917 3032 Ν
2949 2995 2996 3033 ι..
3030 2979 3094 3034 Et
3130 2980 3229 3035 hoc
3256 2982 3355 3035 sibi
3386 2997 3567 3035 nomen
3611 2982 3747 3034 Αηιῑο

2219 3069 2467 3132 cbristus,
2500 3068 2645 3136 quasi
2674 3070 2919 3123 omnibus
2950 3073 3179 3138 potentia
3209 3072 3511 3136 antecellat,
3543 3086 3747 3137 usurpa-

577 3166 715 3233 quod
744 3179 845 3218 non
889 3166 1034 3231 facit,
1085 3164 1255 3218 facere
1298 3165 1562 3229 videatur;
1595 3181 1659 3221 an
1706 3165 1823 3232 quia
1871 3164 1957 3217 illa
2006 3165 2113 3232 ipsa

2223 3166 2327 3208 tum
2361 3159 2437 3212 ire
2469 3167 2702 3226 putatur,
2750 3168 2802 3211 et
2853 3157 3024 3226 ipsum
3074 3174 3131 3213 se
3178 3174 3297 3213 esse
3338 3160 3540 3228 lactans
3565 3161 3628 3213 de
3656 3175 3749 3225 qtto

579 3257 756 3317 etiam,
788 3256 829 3307 si
858 3265 1012 3308 erunt
1042 3267 1161 3307 vera
1192 3254 1445 3321 prodigia,
1497 3256 1561 3307 ad
1613 3252 1939 3305 mendacium
1990 3266 2114 3319 per—

584 3345 789 3395 tralient
836 3343 1130 3395 credituros
1186 3357 1284 3393 non
1332 3355 1394 3394 ea
1441 3341 1670 3408 potuisse
1728 3342 1825 3395 nisi
1869 3340 2116 3396 divinitus

580 3432 711 3491 fieri,
757 3433 999 3483 virtutem
1051 3431 1246 3484 diaboli
1292 3431 1605 3493 nescientes,
1663 3431 1750 3498 qui
1806 3446 1908 3482 non
1953 3430 2116 3497 phan-

579 3522 783 3581 tastieo,
815 3520 907 3573 sed
932 3534 1056 3573 vero
1102 3521 1204 3589 igni
1260 3528 1312 3573 et
1368 3520 1571 3572 turbine
1619 3529 1810 3571 tantam
1868 3519 2115 3572 familiam

580 3612 745 3663 sancti
769 3611 867 3665 Job
894 3625 1009 3663 cum
1036 3611 1191 3663 tantis
1214 3611 1455 3679 gregibus
1500 3610 1807 3677 absumpsit.
1859 3610 1981 3664 Sive
2026 3624 2119 3663 au-

580 3711 683 3754 tem
712 3706 828 3765 hoc,
861 3703 968 3755 sive
1004 3704 1092 3755 illo
1138 3702 1293 3756 modo
1343 3704 1489 3771 signa
1546 3702 1804 3755 mendacii
1854 3700 2113 3761 dicantur,

585 3791 682 3841 hoc.
708 3800 808 3855 est,
838 3793 947 3843 sine
976 3792 1156 3851 dubio,
1190 3793 1237 3842 in
1269 3806 1370 3857 quo
1396 3792 1483 3843 illa
1534 3791 1753 3843 tentatio
1778 3791 1978 3843 cunctis
2010 3806 2119 3842 ma-

582 3880 665 3945 jor
694 3878 987 3945 apparebit,
1022 3880 1229 3944 quando
1270 3880 1383 3943 pius
1436 3888 1632 3948 martyr
1679 3887 1732 3931 et
1782 3893 1971 3946 corpus
2016 3888 2121 3930 tor-

586 3965 779 4017 mentis
806 3965 1040 4031 snbjicit,
1064 3976 1111 4024 et
1140 3972 1309 4018 tamen
1341 3976 1461 4019 ante
1492 3966 1603 4033 ejus
1649 3967 1827 4023 oculos
1868 3966 2120 4020 miracula

584 4064 653 4107 tut
690 4056 830 4106 facit.

661 4146 837 4197 [licens
879 4145 1212 4199 hubitantibus
1250 4148 1302 4199 in
1345 4157 1494 4207 terra,
1546 4155 1596 4199 ut
1644 4146 1829 4213 faciant
1860 4148 2123 4215 imaginem

586 4234 772 4297 bestia’,
804 4244 906 4286 etc.
943 4234 993 4284 Id
1020 4244 1119 4293 est,
1163 4250 1281 4286 esse
1312 4234 1423 4301 ejus
1448 4235 1663 4297 similes,
1693 4246 1744 4285 et
1772 4235 1847 4286 sic
1881 4236 1928 4288 ei
1959 4237 2126 4288 facere

593 4324 894 4389 imaginem,
930 4334 980 4373 nt
1014 4323 1113 4373 alia
1139 4322 1308 4373 Editio
1330 4324 1481 4374 dicit:
1507 4323 1645 4375 Sicut
1671 4322 1811 4374 liabet
1840 4325 2036 4391 plagam
2064 4324 2127 4376 de

594 4410 764 4477 gladio
794 4419 835 4461 et
871 4410 1012 4460 vixit.
1064 4410 1113 4460 Id
1154 4417 1252 4474 est,
1300 4424 1356 4461 ea
1391 4408 1615 4460 falsitate
1660 4422 1716 4461 se
1762 4410 1937 4462 dicant
1985 4425 2128 4463 com-

2220 3249 2471 3311 scriplum
2527 3257 2606 3300 est
2655 3263 2670 3299 :
2722 3247 3008 3302 Exsullavit
3054 3259 3108 3301 ut
3156 3250 3299 3320 gigas
3353 3251 3420 3301 ad
3471 3252 3746 3303 currendum

2216 3337 2431 3399 viam,a
2470 3353 2662 3389 summa
2700 3337 2823 3390 caelo
2851 3339 3064 3406 egressio
3092 3338 3226 3407 ejus,
3257 3348 3361 3391 etc.
3395 3338 3559 3407 (Psal.
3590 3341 3744 3404 svnt).

2224 3421 2374 3476 Ponit
2419 3432 2595 3477 autem
2646 3425 2932 3477 Primasius
2979 3434 3031 3477 et
3070 3425 3211 3478 aliud
3260 3414 3746 3491 nomen,'eumdem

2222 3527 2495 3567 numerum
2525 3514 2899 3581 complectens,
2944 3514 2985 3566 Α
3014 3529 3049 3575 ι,
3078 3514 3119 3566 Ν
3149 3530 3197 3579 ι,
3233 3515 3274 3567 'l‘
3303 3530 3421 3579 ccc,
3454 3515 3493 3568 Β
3524 3530 3571 3577 v,
3597 3515 3642 3568 Μ
3670 3531 3746 3575 ιι,

2220 3605 2262 3657 Ο
2294 3621 2416 3670 Lxx,
2447 3616 2475 3657 Σ
2504 3620 2588 3670 cc,
2619 3605 2758 3673 quod
2807 3604 3070 3672 signiﬁcat
3100 3605 3280 3657 honori
3307 3606 3631 3659 contrarium.
3656 3604 3747 3658 Sed

2220 3703 2271 3746 et
2298 3696 2511 3747 verbum
2545 3698 2580 3746 Α
2614 3709 2651 3757 ι,
2690 3694 2725 3744 Ρ
2755 3708 2803 3757 ε,
2836 3692 2875 3745 Ν
2900 3708 2949 3757 ι,
2992 3694 3035 3745 0
3062 3708 3183 3754 Lxx.
3215 3705 3252 3749 Υ
3274 3709 3425 3758 cccc,
3456 3696 3503 3748 Μ
3532 3711 3610 3757 ιι,
3645 3696 3747 3749 liv.

2226 3781 2274 3831 id
2302 3790 2399 3841 est,
2438 3797 2581 3849 nego.
2614 3782 2712 3832 Per
2742 3797 2856 3845 qua:
2897 3791 2949 3832 et
2994 3794 3230 3847 personat.
3258 3776 3479 3847 qualitas
3506 3790 3555 3835 et
3588 3783 3748 3848 aperis

2232 3872 2532 3923 Antichristi
2559 3872 2851 3923 insinuetur
2872 3872 3152 3937 asperitas.
3177 3872 3277 3925 Sed
3304 3888 3527 3937 onerosa
3557 3876 3748 3940 exposi-

2231 3962 2371 4013 tione
2418 3960 2633 4028 indiget,
2667 3962 2928 4027 quomodo
2974 3976 3033 4015 se
3083 3971 3256 4014 tantus
3288 3964 3549 4029 appetitor
3578 3964 3749 4024 laudis,

2226 4051 2311 4103 tali
2343 4049 2469 4102 velit
2500 4050 2807 4101 cltaracmre
2857 4052 3045 4101 notari.
3101 4051 3266 4102 Aliter
3295 4051 3555 4102 senarium
3585 4065 3752 4101 unme-

2229 4152 2366 4199 rum,
2415 4150 2517 4203 quo
2570 4137 2795 4187 mundus
2844 4134 3009 4185 factus
3046 4144 3146 4194 est,
3183 4135 3553 4201 perfectionem
3591 4148 3753 4199 opers

2229 4228 2522 4288 significare
2559 4226 2675 4291 quis
2707 4224 2945 4277 nesciat?
2984 4225 3079 4287 Qui
3113 4227 3223 4277 sive
3251 4224 3497 4289 simplex,
3540 4225 3643 4276 sive
3672 4238 3752 4288 per

2229 4316 2407 4367 decem
2455 4324 2731 4367 ceutumve
2775 4314 3181 4380 multiplicatus,
3227 4312 3466 4379 ejusdem
3497 4311 3751 4379 perfectio-

2231 4404 2332 4466 nis,
2363 4403 2748 4469 sexagesimum
2801 4405 3253 4469 centesimumque
3294 4402 3514 4454 fructum
3553 4402 3754 4453 demon-

595 4511 846 4562 m0rtuos,
889 4512 939 4551 et
970 4500 1361 4552 consurrexisse
1396 4502 1733 4562 Anticliristo,
1780 4502 1926 4568 quasi
1960 4502 2045 4554 ille
2072 4511 2118 4555 et

2231 4504 2383 4546 strat.
2438 4495 2561 4547 Erat
2590 4503 2765 4546 autem
2802 4493 3001 4560 pondus
3030 4492 3143 4545 auri
3173 4493 3311 4561 quod
3340 4492 3645 4546 all‘erebatur
3670 4491 3754 4543 ει-

590 4587 753 4641 Deum
804 4591 1142 4641 mediatorcm
1178 4589 1312 4641 inter
1343 4603 1398 4641 se
1427 4602 1652 4654 suosque
1683 4592 1985 4653 constituat,
2021 4604 2121 4642 non

590 4680 728 4731 enim
776 4679 912 4728 sicut
962 4678 1208 4728 Dominus
1256 4688 1431 4728 noster
1486 4676 1636 4730 Jesus
1683 4677 1924 4731 Christus
1973 4680 2125 4731 habet

587 4770 831 4829 alterum,
864 4768 998 4819 inter
1027 4780 1181 4833 quem
1211 4778 1435 4828 suosque
1461 4765 1715 4817 mediator
1740 4766 1825 4817 sit.

659 4857 722 4908 Et
768 4859 939 4907 datum
971 4864 1039 4907 est
1067 4856 1141 4906 illi
1167 4864 1216 4905 ut
1247 4855 1384 4907 duret
1423 4855 1651 4922 spiritum
1690 4854 1899 4923 imagini
1936 4856 2125 4910 beatae.

586 4947 637 4998 Id
675 4954 773 5009 est,
825 4926 919 5008 ipsi
970 4944 1159 5009 potiulo
1202 4944 1289 5010 qui
1346 4942 1476 4994 bane
1509 4941 1785 4995 falsitatem
1832 4943 2127 5027 impleverit

586 5034 772 5086 bestia:
802 5047 859 5085 se
891 5033 1255 5087 constituendo
1282 5032 1582 5100 imaginem,
1619 5030 1858 5099 spiritum
1892 5035 2125 5087 veritatis

586 5136 642 5172 sc
682 5122 806 5174 dare
834 5122 1115 5173 simulavit.
1650 5135 1654 5138 '

661 5210 722 5261 Et
753 5220 803 5262 ut
837 5212 1068 5276 loquatur
1098 5211 1259 5275 imago
1306 5211 1487 5261 bestiaz.
1542 5209 1650 5262 Non
1704 5217 1901 5261 tantum
1946 5211 2127 5275 vulgus

600 5298 843 5350 miserum
872 5299 1112 5350 simulato
1141 5312 1231 5363 per
1260 5297 1433 5364 ignem
1465 5299 1649 5364 spiritu
1679 5299 1911 5363 deludet,
1948 5312 2125 5351 verum

597 5388 755 5439 etiam
787 5388 1030 5440 docendis
1063 5386 1175 5441 aliis
1204 5386 1396 5439 efficiet
1422 5386 1687 5439 idoneum.

666 5476 729 5528 Et
758 5477 901 5543 faciet
945 5487 997 5527 ut
1039 5479 1315 5544 quicunque
1356 5492 1451 5528 non
1498 5477 1816 5528 adoraverint
1858 5478 2123 5546 imaginem

600 5570 783 5631 bestiae,
836 5570 1144 5621 occidantur.
1197 5569 1306 5620 Non
1361 5568 1497 5619 illam
1533 5568 1810 5637 imaginem
1868 5583 2019 5636 quant
2071 5585 2128 5622 se

595 5658 770 5710 dicunt
828 5660 957 5719 fieri,
1011 5658 1100 5711 sed
1151 5660 1289 5711 illam
1341 5659 1421 5711 cui
1471 5658 1691 5711 similem
1750 5660 1993 5726 populum
2045 5658 2125 5709 fa-
2180 5712 2181 5715 η

2179 5730 2191 5755 ³
2229 5743 2385 5797 maris
2416 5742 2615 5810 Agnum
2647 5741 2697 5792 in
2730 5748 2905 5793 monte
2936 5733 3061 5791 Sion
3090 5737 3406 5793 consistere.

599 5754 760 5802 ciunt.
814 5751 952 5802 Facit
997 5765 1121 5816 ergo
1152 5759 1203 5803 ut
1235 5752 1401 5815 imago
1431 5749 1607 5802 bestia:
1640 5750 1818 5830 adoret
1848 5748 2122 5816 imaginem

2230 4583 2426 4635 lomoni
2455 4597 2546 4649 per
2566 4583 2797 4651 singulos
2816 4597 2982 4638 annos
3000 4592 3368 4635 sexcentorum
3392 4580 3648 4645 sexaginta
3670 4592 3753 4628 sex

2226 4670 2388 4722 millia
2435 4671 2777 4723 talentorum.
2806 4668 2952 4734 Quod
2986 4684 3111 4735 ergo
3142 4682 3266 4741 vero
3297 4666 3401 4732 regi
3428 4667 3543 4733 jure
3578 4677 3753 4714 munus

2226 4768 2278 4812 et
2302 4758 2524 4811 debetur
2552 4768 2603 4809 et
2631 4758 2866 4819 solvitur,
2915 4757 3013 4809 hoc
3054 4756 3211 4810 etiam
3260 4755 3359 4809 sibi
3408 4755 3647 4807 seductor
3677 4754 3755 4805 ille

2231 4854 2481 4913 tyrannus
2504 4847 2714 4910 exigere
2746 4853 3042 4910 pt'a‘sutnet.

2802 4934 3023 4989 CAPUT
3059 4932 3197 4986 XIV.

2302 5024 2361 5075 Et
2408 5025 2526 5086 uidi,
2555 5034 2600 5077 et
2632 5041 2740 5077 ecce
2786 5029 2956 5093 Agnus
3008 5026 3346 5090 stabatsuper
3380 5032 3591 5077 montem
3618 5020 3755 5075 Sion.

2230 5114 2279 5166 Id
2303 5122 2421 5178 est,
2470 5114 2720 5165 Dominus
2761 5113 2913 5166 Jesus
2958 5113 3217 5176 Christus,
3252 5111 3497 5164 Ecclesia:
3523 5124 3628 5161 suat
3649 5123 3759 5161 cer-

2230 5206 2479 5255 taminum
2527 5203 2665 5255 fasce
2714 5200 2989 5254 desudanti
3037 5201 3281 5267 exeiuplo
3329 5199 3537 5250 virtutis
3564 5208 3615 5249 et
3643 5211 3755 5263 pro-

2231 5294 2468 5346 tectionis
2516 5292 2803 5345 munimine
2844 5290 3142 5357 praestabat.
3200 5288 3425 5341 Ostenso
3470 5286 3605 5338 enim
3647 5300 3760 5338 cor-

2230 5398 2374 5450 pore,
2426 5383 2564 5449 qnod
2596 5380 2838 5433 draconis
2867 5387 2919 5432 et
2947 5379 3137 5431 virtute
3182 5375 3482 5438 confusum,
3527 5384 3578 5427 et
3624 5383 3763 5425 nota-

2233 5486 2337 5527 tum
2389 5484 2466 5526 est
2514 5470 2771 5534 cauterio,
2820 5484 2882 5523 ne
2920 5483 3113 5535 corpus
3161 5468 3290 5534 Agni
3334 5467 3762 5520 bestizetimeres

2227 5563 2571 5616 succubuisse
2600 5558 2779 5625 furori,
2811 5557 3041 5611 ostendit
3075 5557 3362 5610 Ecclesiam
3391 5557 3544 5611 solito
3575 5554 3765 5619 fulgore

2229 5663 2553 5713 numeroque
2580 5636 2919 5714 gaudentem.
2970 5644 3204 5712 Notaque
3251 5645 3473 5699 bestiam
3518 5647 3568 5698 in
3613 5652 3763 5695 artua
