  <div class='ocr_page' id='page_1' title='image "/cluster/home/n/w/nwhite01/storage/ocr_20150623/92-93/uva.x000827076/616.png"; bbox 0 0 3934 6222; ppageno 0'>
   <div class='ocr_carea' id='block_1_1' title="bbox 228 523 327 582">
    <p class='ocr_par' dir='ltr' id='par_1_1' title="bbox 228 523 327 582">
     <span class='ocr_line' id='line_1_1' title="bbox 228 523 327 582; baseline -0.02 -1"><span class='ocrx_word' id='word_1_1' title='bbox 228 523 327 582; x_wconf 68' lang='grc'><strong>’175</strong></span> 
     </span>
    </p>
   </div>
   <div class='ocr_carea' id='block_1_2' title="bbox 1162 513 3420 596">
    <p class='ocr_par' dir='ltr' id='par_1_2' title="bbox 1162 513 3420 596">
     <span class='ocr_line' id='line_1_2' title="bbox 1162 513 3420 596; baseline -0 -9"><span class='ocrx_word' id='word_1_2' title='bbox 1162 527 1586 588; x_wconf 68' lang='lat' dir='ltr'><strong>nmmum</strong></span> <span class='ocrx_word' id='word_1_3' title='bbox 1623 513 2210 596; x_wconf 49' lang='lat' dir='ltr'><strong>tramutata;</strong></span> <span class='ocrx_word' id='word_1_4' title='bbox 2250 533 2373 589; x_wconf 81' lang='lat' dir='ltr'><strong>un.</strong></span> <span class='ocrx_word' id='word_1_5' title='bbox 2415 534 2476 589; x_wconf 81' lang='grc' dir='ltr'><strong>ιι.</strong></span> <span class='ocrx_word' id='word_1_6' title='bbox 3323 531 3420 586; x_wconf 70' lang='lat' dir='ltr'><strong>trs</strong></span> 
     </span>
    </p>
   </div>
   <div class='ocr_carea' id='block_1_3' title="bbox 301 637 3418 709">
    <p class='ocr_par' dir='ltr' id='par_1_3' title="bbox 301 637 3418 709">
     <span class='ocr_line' id='line_1_3' title="bbox 301 637 3418 709; baseline 0.001 -18"><span class='ocrx_word' id='word_1_7' title='bbox 301 637 365 691; x_wconf 86' lang='lat' dir='ltr'><strong>Et</strong></span> <span class='ocrx_word' id='word_1_8' title='bbox 411 651 524 690; x_wconf 75' lang='lat' dir='ltr'><strong>cum</strong></span> <span class='ocrx_word' id='word_1_9' title='bbox 563 637 652 691; x_wconf 88' lang='lat' dir='ltr'><strong>illo</strong></span> <span class='ocrx_word' id='word_1_10' title='bbox 694 646 891 690; x_wconf 79' lang='lat' dir='ltr'><strong>centum</strong></span> <span class='ocrx_word' id='word_1_11' title='bbox 927 638 1282 708; x_wconf 74' lang='lat' dir='ltr'><strong>quadraginta</strong></span> <span class='ocrx_word' id='word_1_12' title='bbox 1321 651 1536 707; x_wconf 79' lang='lat' dir='ltr'><strong>quatuor</strong></span> <span class='ocrx_word' id='word_1_13' title='bbox 1583 641 1764 694; x_wconf 82' lang='lat' dir='ltr'><strong>millia.</strong></span> <span class='ocrx_word' id='word_1_14' title='bbox 1799 641 1842 697; x_wconf 76' lang='grc' dir='ltr'><strong>Δ</strong></span> <span class='ocrx_word' id='word_1_15' title='bbox 1872 640 2087 695; x_wconf 78' lang='lat' dir='ltr'><strong>citharis</strong></span> <span class='ocrx_word' id='word_1_16' title='bbox 2132 641 2320 694; x_wconf 78' lang='lat' dir='ltr'><strong>vestris</strong></span> <span class='ocrx_word' id='word_1_17' title='bbox 2345 680 2362 705; x_wconf 97' lang='lat'><strong>,</strong></span> <span class='ocrx_word' id='word_1_18' title='bbox 2413 641 2588 709; x_wconf 90' lang='lat' dir='ltr'><strong>utique</strong></span> <span class='ocrx_word' id='word_1_19' title='bbox 2640 641 2780 704; x_wconf 85' lang='lat' dir='ltr'><strong>tale,</strong></span> <span class='ocrx_word' id='word_1_20' title='bbox 2829 639 2982 709; x_wconf 97' lang='lat' dir='ltr'><strong>quale</strong></span> <span class='ocrx_word' id='word_1_21' title='bbox 3023 656 3183 695; x_wconf 89' lang='lat' dir='ltr'><strong>nemo</strong></span> <span class='ocrx_word' id='word_1_22' title='bbox 3229 644 3418 707; x_wconf 81' lang='lat' dir='ltr'><strong>poterit</strong></span> 
     </span>
    </p>
   </div>
   <div class='ocr_carea' id='block_1_4' title="bbox 226 727 1773 798">
    <p class='ocr_par' dir='ltr' id='par_1_4' title="bbox 226 727 1773 798">
     <span class='ocr_line' id='line_1_4' title="bbox 226 727 1773 798; baseline 0.001 -17"><span class='ocrx_word' id='word_1_23' title='bbox 226 727 494 782; x_wconf 75' lang='lat' dir='ltr'><strong>Numerus</strong></span> <span class='ocrx_word' id='word_1_24' title='bbox 525 728 610 782; x_wconf 90' lang='lat' dir='ltr'><strong>hic</strong></span> <span class='ocrx_word' id='word_1_25' title='bbox 642 728 820 781; x_wconf 81' lang='lat' dir='ltr'><strong>[initus</strong></span> <span class='ocrx_word' id='word_1_26' title='bbox 866 741 958 795; x_wconf 89' lang='lat' dir='ltr'><strong>pro</strong></span> <span class='ocrx_word' id='word_1_27' title='bbox 1007 728 1211 781; x_wconf 86' lang='lat' dir='ltr'><strong>inlinito</strong></span> <span class='ocrx_word' id='word_1_28' title='bbox 1246 729 1406 782; x_wconf 84' lang='lat' dir='ltr'><strong>debet</strong></span> <span class='ocrx_word' id='word_1_29' title='bbox 1449 729 1688 798; x_wconf 77' lang='lat' dir='ltr'><strong>intelligi,</strong></span> <span class='ocrx_word' id='word_1_30' title='bbox 1718 737 1773 783; x_wconf 87' lang='lat' dir='ltr'><strong>et</strong></span> 
     </span>
    </p>
   </div>
   <div class='ocr_carea' id='block_1_5' title="bbox 228 815 1774 885">
    <p class='ocr_par' dir='ltr' id='par_1_5' title="bbox 228 815 1774 885">
     <span class='ocr_line' id='line_1_5' title="bbox 228 815 1774 885; baseline 0.003 -19"><span class='ocrx_word' id='word_1_31' title='bbox 228 816 428 869; x_wconf 78' lang='lat' dir='ltr'><strong>secreti</strong></span> <span class='ocrx_word' id='word_1_32' title='bbox 475 815 856 882; x_wconf 84' lang='lat' dir='ltr'><strong>signiﬁcatione</strong></span> <span class='ocrx_word' id='word_1_33' title='bbox 902 817 1162 884; x_wconf 85' lang='lat' dir='ltr'><strong>mysterii,</strong></span> <span class='ocrx_word' id='word_1_34' title='bbox 1189 818 1431 885; x_wconf 77' lang='lat' dir='ltr'><strong>virginali</strong></span> <span class='ocrx_word' id='word_1_35' title='bbox 1472 827 1623 883; x_wconf 86' lang='lat' dir='ltr'><strong>aptus</strong></span> <span class='ocrx_word' id='word_1_36' title='bbox 1650 832 1774 872; x_wconf 76' lang='lat' dir='ltr'><strong>esa-</strong></span> 
     </span>
    </p>
   </div>
   <div class='ocr_carea' id='block_1_6' title="bbox 233 907 1774 972">
    <p class='ocr_par' dir='ltr' id='par_1_6' title="bbox 233 907 1774 972">
     <span class='ocr_line' id='line_1_6' title="bbox 233 907 1774 972; baseline 0.003 -14"><span class='ocrx_word' id='word_1_37' title='bbox 233 907 386 972; x_wconf 88' lang='lat' dir='ltr'><strong>-mini,</strong></span> <span class='ocrx_word' id='word_1_38' title='bbox 434 907 575 972; x_wconf 90' lang='lat' dir='ltr'><strong>quod</strong></span> <span class='ocrx_word' id='word_1_39' title='bbox 620 908 779 960; x_wconf 88' lang='lat' dir='ltr'><strong>Deum</strong></span> <span class='ocrx_word' id='word_1_40' title='bbox 813 922 873 960; x_wconf 75' lang='lat' dir='ltr'><strong>ex</strong></span> <span class='ocrx_word' id='word_1_41' title='bbox 905 913 1014 959; x_wconf 90' lang='lat' dir='ltr'><strong>toto</strong></span> <span class='ocrx_word' id='word_1_42' title='bbox 1040 907 1218 972; x_wconf 87' lang='lat' dir='ltr'><strong>corde,</strong></span> <span class='ocrx_word' id='word_1_43' title='bbox 1270 918 1376 961; x_wconf 85' lang='lat' dir='ltr'><strong>tota</strong></span> <span class='ocrx_word' id='word_1_44' title='bbox 1415 909 1610 972; x_wconf 83' lang='lat' dir='ltr'><strong>anima,</strong></span> <span class='ocrx_word' id='word_1_45' title='bbox 1643 919 1774 962; x_wconf 83' lang='lat' dir='ltr'><strong>teta-</strong></span> 
     </span>
    </p>
   </div>
   <div class='ocr_carea' id='block_1_7' title="bbox 235 992 1776 1066">
    <p class='ocr_par' dir='ltr' id='par_1_7' title="bbox 235 992 1776 1066">
     <span class='ocr_line' id='line_1_7' title="bbox 235 992 1776 1066; baseline 0.003 -19"><span class='ocrx_word' id='word_1_46' title='bbox 235 1009 336 1059; x_wconf 84' lang='lat' dir='ltr'><strong>qae</strong></span> <span class='ocrx_word' id='word_1_47' title='bbox 383 1005 560 1047; x_wconf 89' lang='lat' dir='ltr'><strong>mente</strong></span> <span class='ocrx_word' id='word_1_48' title='bbox 603 994 821 1062; x_wconf 79' lang='lat' dir='ltr'><strong>diligens</strong></span> <span class='ocrx_word' id='word_1_49' title='bbox 857 992 1060 1061; x_wconf 74' lang='lat' dir='ltr'><strong>(Matth.</strong></span> <span class='ocrx_word' id='word_1_50' title='bbox 1111 996 1261 1063; x_wconf 80' lang='lat' dir='ltr'><strong>sxn),</strong></span> <span class='ocrx_word' id='word_1_51' title='bbox 1310 998 1519 1065; x_wconf 79' lang='lat' dir='ltr'><strong>corpori</strong></span> <span class='ocrx_word' id='word_1_52' title='bbox 1569 1012 1776 1066; x_wconf 89' lang='lat' dir='ltr'><strong>quoque</strong></span> 
     </span>
    </p>
   </div>
   <div class='ocr_carea' id='block_1_8' title="bbox 236 1083 1775 1151">
    <p class='ocr_par' dir='ltr' id='par_1_8' title="bbox 236 1083 1775 1151">
     <span class='ocr_line' id='line_1_8' title="bbox 236 1083 1775 1151; baseline 0.003 -15"><span class='ocrx_word' id='word_1_53' title='bbox 236 1083 372 1149; x_wconf 87' lang='lat' dir='ltr'><strong>quod</strong></span> <span class='ocrx_word' id='word_1_54' title='bbox 406 1097 468 1135; x_wconf 82' lang='lat' dir='ltr'><strong>ex</strong></span> <span class='ocrx_word' id='word_1_55' title='bbox 502 1092 725 1151; x_wconf 84' lang='lat' dir='ltr'><strong>quatuor</strong></span> <span class='ocrx_word' id='word_1_56' title='bbox 753 1083 1090 1150; x_wconf 71' lang='lat' dir='ltr'><strong>qualitatibus</strong></span> <span class='ocrx_word' id='word_1_57' title='bbox 1128 1084 1386 1150; x_wconf 86' lang='lat' dir='ltr'><strong>subsistit,</strong></span> <span class='ocrx_word' id='word_1_58' title='bbox 1433 1086 1503 1138; x_wconf 89' lang='lat' dir='ltr'><strong>illi</strong></span> <span class='ocrx_word' id='word_1_59' title='bbox 1523 1098 1609 1141; x_wconf 79' lang='lat' dir='ltr'><strong>est</strong></span> <span class='ocrx_word' id='word_1_60' title='bbox 1644 1087 1775 1140; x_wconf 87' lang='lat' dir='ltr'><strong>inte-</strong></span> 
     </span>
    </p>
   </div>
   <div class='ocr_carea' id='block_1_9' title="bbox 234 1161 1782 1244">
    <p class='ocr_par' dir='ltr' id='par_1_9' title="bbox 234 1161 1782 1244">
     <span class='ocr_line' id='line_1_9' title="bbox 234 1161 1782 1244; baseline 0.003 -18"><span class='ocrx_word' id='word_1_61' title='bbox 234 1175 422 1240; x_wconf 83' lang='lat' dir='ltr'><strong>gritate</strong></span> <span class='ocrx_word' id='word_1_62' title='bbox 451 1173 739 1228; x_wconf 69' lang='lat' dir='ltr'><strong>Sacratum.</strong></span> <span class='ocrx_word' id='word_1_63' title='bbox 771 1174 876 1228; x_wconf 79' lang='lat' dir='ltr'><strong>Ter</strong></span> <span class='ocrx_word' id='word_1_64' title='bbox 891 1174 1043 1227; x_wconf 78' lang='lat' dir='ltr'><strong>enim</strong></span> <span class='ocrx_word' id='word_1_65' title='bbox 1093 1176 1226 1228; x_wconf 89' lang='lat' dir='ltr'><strong>terni</strong></span> <span class='ocrx_word' id='word_1_66' title='bbox 1273 1191 1480 1241; x_wconf 84' lang='lat' dir='ltr'><strong>novem,</strong></span> <span class='ocrx_word' id='word_1_67' title='bbox 1513 1187 1566 1229; x_wconf 85' lang='lat' dir='ltr'><strong>et</strong></span> <span class='ocrx_word' id='word_1_68' title='bbox 1595 1161 1782 1244; x_wconf 30' lang='lat' dir='ltr'><strong>quater.</strong></span> 
     </span>
    </p>
   </div>
   <div class='ocr_carea' id='block_1_10' title="bbox 224 1249 1774 1332">
    <p class='ocr_par' dir='ltr' id='par_1_10' title="bbox 224 1249 1774 1332">
     <span class='ocr_line' id='line_1_10' title="bbox 224 1249 1774 1332; baseline 0.002 -17"><span class='ocrx_word' id='word_1_69' title='bbox 224 1265 481 1332; x_wconf 76' lang='lat' dir='ltr'><strong>quaterni</strong></span> <span class='ocrx_word' id='word_1_70' title='bbox 526 1263 775 1318; x_wconf 77' lang='lat' dir='ltr'><strong>sedecim.</strong></span> <span class='ocrx_word' id='word_1_71' title='bbox 817 1249 1065 1318; x_wconf 81' lang='lat' dir='ltr'><strong>Sedecies</strong></span> <span class='ocrx_word' id='word_1_72' title='bbox 1110 1275 1282 1317; x_wconf 86' lang='lat' dir='ltr'><strong>autem</strong></span> <span class='ocrx_word' id='word_1_73' title='bbox 1332 1267 1516 1319; x_wconf 76' lang='lat' dir='ltr'><strong>noveui</strong></span> <span class='ocrx_word' id='word_1_74' title='bbox 1566 1274 1774 1319; x_wconf 84' lang='lat' dir='ltr'><strong>centum</strong></span> 
     </span>
    </p>
   </div>
   <div class='ocr_carea' id='block_1_11' title="bbox 229 1352 1773 1423">
    <p class='ocr_par' dir='ltr' id='par_1_11' title="bbox 229 1352 1773 1423">
     <span class='ocr_line' id='line_1_11' title="bbox 229 1352 1773 1423; baseline 0.001 -16"><span class='ocrx_word' id='word_1_75' title='bbox 229 1354 574 1423; x_wconf 76' lang='lat' dir='ltr'><strong>quadraginta</strong></span> <span class='ocrx_word' id='word_1_76' title='bbox 620 1362 845 1422; x_wconf 83' lang='lat' dir='ltr'><strong>quatuor</strong></span> <span class='ocrx_word' id='word_1_77' title='bbox 887 1352 1191 1420; x_wconf 82' lang='lat' dir='ltr'><strong>adimplent.</strong></span> <span class='ocrx_word' id='word_1_78' title='bbox 1242 1353 1309 1407; x_wconf 87' lang='lat' dir='ltr'><strong>Ut</strong></span> <span class='ocrx_word' id='word_1_79' title='bbox 1336 1369 1452 1414; x_wconf 81' lang='lat' dir='ltr'><strong>cum</strong></span> <span class='ocrx_word' id='word_1_80' title='bbox 1483 1354 1549 1408; x_wconf 92' lang='lat' dir='ltr'><strong>de</strong></span> <span class='ocrx_word' id='word_1_81' title='bbox 1579 1355 1659 1407; x_wconf 84' lang='lat' dir='ltr'><strong>bis</strong></span> <span class='ocrx_word' id='word_1_82' title='bbox 1687 1356 1773 1423; x_wconf 87' lang='lat' dir='ltr'><strong>qui</strong></span> 
     </span>
    </p>
   </div>
   <div class='ocr_carea' id='block_1_12' title="bbox 228 1443 1772 1501">
    <p class='ocr_par' dir='ltr' id='par_1_12' title="bbox 228 1443 1772 1501">
     <span class='ocr_line' id='line_1_12' title="bbox 228 1443 1772 1501; baseline 0.002 -5"><span class='ocrx_word' id='word_1_83' title='bbox 228 1445 280 1498; x_wconf 89' lang='lat' dir='ltr'><strong>in</strong></span> <span class='ocrx_word' id='word_1_84' title='bbox 308 1445 537 1498; x_wconf 86' lang='lat' dir='ltr'><strong>carnalis</strong></span> <span class='ocrx_word' id='word_1_85' title='bbox 563 1445 684 1498; x_wconf 66' lang='lat' dir='ltr'><strong>vita:</strong></span> <span class='ocrx_word' id='word_1_86' title='bbox 713 1444 982 1499; x_wconf 77' lang='lat' dir='ltr'><strong>constituti</strong></span> <span class='ocrx_word' id='word_1_87' title='bbox 1011 1443 1198 1498; x_wconf 91' lang='lat' dir='ltr'><strong>merito</strong></span> <span class='ocrx_word' id='word_1_88' title='bbox 1223 1445 1272 1498; x_wconf 89' lang='lat' dir='ltr'><strong>in</strong></span> <span class='ocrx_word' id='word_1_89' title='bbox 1298 1455 1478 1499; x_wconf 90' lang='lat' dir='ltr'><strong>monte</strong></span> <span class='ocrx_word' id='word_1_90' title='bbox 1506 1447 1628 1499; x_wconf 88' lang='lat' dir='ltr'><strong>Sion</strong></span> <span class='ocrx_word' id='word_1_91' title='bbox 1656 1460 1772 1501; x_wconf 91' lang='lat' dir='ltr'><strong>cum</strong></span> 
     </span>
    </p>
   </div>
   <div class='ocr_carea' id='block_1_13' title="bbox 227 1535 1774 1603">
    <p class='ocr_par' dir='ltr' id='par_1_13' title="bbox 227 1535 1774 1603">
     <span class='ocr_line' id='line_1_13' title="bbox 227 1535 1774 1603; baseline 0.003 -16"><span class='ocrx_word' id='word_1_92' title='bbox 227 1537 379 1603; x_wconf 81' lang='lat' dir='ltr'><strong>Agno</strong></span> <span class='ocrx_word' id='word_1_93' title='bbox 407 1535 669 1598; x_wconf 89' lang='lat' dir='ltr'><strong>videntur,</strong></span> <span class='ocrx_word' id='word_1_94' title='bbox 693 1547 807 1588; x_wconf 78' lang='lat' dir='ltr'><strong>tam</strong></span> <span class='ocrx_word' id='word_1_95' title='bbox 841 1535 1068 1601; x_wconf 85' lang='lat' dir='ltr'><strong>perlecta</strong></span> <span class='ocrx_word' id='word_1_96' title='bbox 1097 1535 1376 1588; x_wconf 86' lang='lat' dir='ltr'><strong>multitudo</strong></span> <span class='ocrx_word' id='word_1_97' title='bbox 1413 1547 1674 1601; x_wconf 81' lang='lat' dir='ltr'><strong>cernatur,</strong></span> <span class='ocrx_word' id='word_1_98' title='bbox 1709 1537 1774 1591; x_wconf 86' lang='lat' dir='ltr'><strong>de</strong></span> 
     </span>
    </p>
   </div>
   <div class='ocr_carea' id='block_1_14' title="bbox 221 1625 1445 1681">
    <p class='ocr_par' dir='ltr' id='par_1_14' title="bbox 221 1625 1445 1681">
     <span class='ocr_line' id='line_1_14' title="bbox 221 1625 1445 1681; baseline 0.002 -4"><span class='ocrx_word' id='word_1_99' title='bbox 221 1626 433 1678; x_wconf 67' lang='lat' dir='ltr'><strong>caeteris</strong></span> <span class='ocrx_word' id='word_1_100' title='bbox 462 1625 710 1679; x_wconf 78' lang='lat' dir='ltr'><strong>Ecclesia:</strong></span> <span class='ocrx_word' id='word_1_101' title='bbox 743 1625 990 1679; x_wconf 78' lang='lat' dir='ltr'><strong>membris</strong></span> <span class='ocrx_word' id='word_1_102' title='bbox 1021 1639 1123 1678; x_wconf 89' lang='lat' dir='ltr'><strong>non</strong></span> <span class='ocrx_word' id='word_1_103' title='bbox 1158 1625 1445 1681; x_wconf 89' lang='lat' dir='ltr'><strong>dubitetur.</strong></span> 
     </span>
    </p>
   </div>
   <div class='ocr_carea' id='block_1_15' title="bbox 299 1714 1775 1782">
    <p class='ocr_par' dir='ltr' id='par_1_15' title="bbox 299 1714 1775 1782">
     <span class='ocr_line' id='line_1_15' title="bbox 299 1714 1775 1782; baseline 0.001 -14"><span class='ocrx_word' id='word_1_104' title='bbox 299 1714 555 1768; x_wconf 71' lang='lat' dir='ltr'><strong>[labentia</strong></span> <span class='ocrx_word' id='word_1_105' title='bbox 610 1729 786 1767; x_wconf 83' lang='lat' dir='ltr'><strong>nomen</strong></span> <span class='ocrx_word' id='word_1_106' title='bbox 835 1716 946 1782; x_wconf 86' lang='lat' dir='ltr'><strong>ejus</strong></span> <span class='ocrx_word' id='word_1_107' title='bbox 998 1723 1044 1767; x_wconf 87' lang='lat' dir='ltr'><strong>et</strong></span> <span class='ocrx_word' id='word_1_108' title='bbox 1089 1731 1267 1768; x_wconf 85' lang='lat' dir='ltr'><strong>nomen</strong></span> <span class='ocrx_word' id='word_1_109' title='bbox 1318 1714 1489 1768; x_wconf 77' lang='lat' dir='ltr'><strong>Patris</strong></span> <span class='ocrx_word' id='word_1_110' title='bbox 1517 1718 1625 1782; x_wconf 77' lang='lat' dir='ltr'><strong>ejus</strong></span> <span class='ocrx_word' id='word_1_111' title='bbox 1653 1719 1775 1770; x_wconf 56' lang='lat' dir='ltr'><strong>acri-</strong></span> 
     </span>
    </p>
   </div>
   <div class='ocr_carea' id='block_1_16' title="bbox 214 1803 1776 1872">
    <p class='ocr_par' dir='ltr' id='par_1_16' title="bbox 214 1803 1776 1872">
     <span class='ocr_line' id='line_1_16' title="bbox 214 1803 1776 1872; baseline 0.003 -17"><span class='ocrx_word' id='word_1_112' title='bbox 214 1815 364 1870; x_wconf 78' lang='lat' dir='ltr'><strong>ptum</strong></span> <span class='ocrx_word' id='word_1_113' title='bbox 399 1807 466 1856; x_wconf 79' lang='lat' dir='ltr'><strong>in</strong></span> <span class='ocrx_word' id='word_1_114' title='bbox 514 1805 756 1872; x_wconf 72' lang='lat' dir='ltr'><strong>frontibus</strong></span> <span class='ocrx_word' id='word_1_115' title='bbox 811 1805 933 1856; x_wconf 84' lang='lat' dir='ltr'><strong>suis.</strong></span> <span class='ocrx_word' id='word_1_116' title='bbox 983 1803 1225 1858; x_wconf 87' lang='lat' dir='ltr'><strong>Ostendit</strong></span> <span class='ocrx_word' id='word_1_117' title='bbox 1270 1819 1386 1872; x_wconf 64' lang='lat' dir='ltr'><strong>quae</strong></span> <span class='ocrx_word' id='word_1_118' title='bbox 1435 1807 1506 1858; x_wconf 87' lang='lat' dir='ltr'><strong>sit</strong></span> <span class='ocrx_word' id='word_1_119' title='bbox 1551 1804 1776 1859; x_wconf 86' lang='lat' dir='ltr'><strong>imitatio</strong></span> 
     </span>
    </p>
   </div>
   <div class='ocr_carea' id='block_1_17' title="bbox 226 1893 1786 1963">
    <p class='ocr_par' dir='ltr' id='par_1_17' title="bbox 226 1893 1786 1963">
     <span class='ocr_line' id='line_1_17' title="bbox 226 1893 1786 1963; baseline 0.001 -16"><span class='ocrx_word' id='word_1_120' title='bbox 226 1907 367 1948; x_wconf 62' lang='lat' dir='ltr'><strong>notae</strong></span> <span class='ocrx_word' id='word_1_121' title='bbox 399 1896 449 1947; x_wconf 90' lang='lat' dir='ltr'><strong>in</strong></span> <span class='ocrx_word' id='word_1_122' title='bbox 485 1896 650 1948; x_wconf 84' lang='lat' dir='ltr'><strong>lronte</strong></span> <span class='ocrx_word' id='word_1_123' title='bbox 676 1895 916 1963; x_wconf 88' lang='lat' dir='ltr'><strong>corporis</strong></span> <span class='ocrx_word' id='word_1_124' title='bbox 947 1894 1146 1957; x_wconf 64' lang='lat' dir='ltr'><strong>bestia},</strong></span> <span class='ocrx_word' id='word_1_125' title='bbox 1178 1895 1303 1946; x_wconf 90' lang='lat' dir='ltr'><strong>dum</strong></span> <span class='ocrx_word' id='word_1_126' title='bbox 1333 1893 1494 1946; x_wconf 79' lang='lat' dir='ltr'><strong>Deum</strong></span> <span class='ocrx_word' id='word_1_127' title='bbox 1533 1904 1587 1948; x_wconf 86' lang='lat' dir='ltr'><strong>et</strong></span> <span class='ocrx_word' id='word_1_128' title='bbox 1623 1895 1786 1948; x_wconf 61' lang='lat' dir='ltr'><strong>Chri-&#39;</strong></span> 
     </span>
    </p>
   </div>
   <div class='ocr_carea' id='block_1_18' title="bbox 1743 1963 3416 2043">
    <p class='ocr_par' dir='ltr' id='par_1_18' title="bbox 1743 1963 3416 2043">
     <span class='ocr_line' id='line_1_18' title="bbox 1743 1963 3416 2043; baseline 0.003 -21"><span class='ocrx_word' id='word_1_129' title='bbox 1743 2007 1746 2014; x_wconf 58' lang='grc' dir='ltr'>ι</span> <span class='ocrx_word' id='word_1_130' title='bbox 1806 1963 1850 2022; x_wconf 85' lang='grc' dir='ltr'><strong>Β</strong></span> <span class='ocrx_word' id='word_1_131' title='bbox 1877 1971 1942 2023; x_wconf 90' lang='lat' dir='ltr'><strong>de</strong></span> <span class='ocrx_word' id='word_1_132' title='bbox 1983 1970 2060 2022; x_wconf 87' lang='lat' dir='ltr'><strong>eis</strong></span> <span class='ocrx_word' id='word_1_133' title='bbox 2099 1980 2428 2040; x_wconf 11' lang='lat' dir='ltr'><strong>«pr‘mceptum</strong></span> <span class='ocrx_word' id='word_1_134' title='bbox 2480 1970 2687 2024; x_wconf 89' lang='lat' dir='ltr'><strong>Domini</strong></span> <span class='ocrx_word' id='word_1_135' title='bbox 2714 1988 2818 2026; x_wconf 91' lang='lat' dir='ltr'><strong>non</strong></span> <span class='ocrx_word' id='word_1_136' title='bbox 2848 1973 3046 2028; x_wconf 83' lang='lat' dir='ltr'><strong>habens</strong></span> <span class='ocrx_word' id='word_1_137' title='bbox 3078 1972 3130 2043; x_wconf 82' lang='grc'><strong>(1</strong></span> <span class='ocrx_word' id='word_1_138' title='bbox 3162 1973 3277 2027; x_wconf 86' lang='lat' dir='ltr'><strong>Cor.</strong></span> <span class='ocrx_word' id='word_1_139' title='bbox 3301 1980 3416 2043; x_wconf 86' lang='lat' dir='ltr'><strong>vn),</strong></span> 
     </span>
    </p>
   </div>
   <div class='ocr_carea' id='block_1_19' title="bbox 206 1982 1438 2050">
    <p class='ocr_par' dir='ltr' id='par_1_19' title="bbox 206 1982 1438 2050">
     <span class='ocr_line' id='line_1_19' title="bbox 206 1982 1438 2050; baseline -0.003 -12"><span class='ocrx_word' id='word_1_140' title='bbox 206 1997 364 2038; x_wconf 68' lang='lat' dir='ltr'><strong>stum</strong></span> <span class='ocrx_word' id='word_1_141' title='bbox 395 1985 520 2038; x_wconf 86' lang='lat' dir='ltr'><strong>dicit</strong></span> <span class='ocrx_word' id='word_1_142' title='bbox 547 1987 770 2050; x_wconf 82' lang='lat' dir='ltr'><strong>scriptos</strong></span> <span class='ocrx_word' id='word_1_143' title='bbox 797 1986 846 2036; x_wconf 90' lang='lat' dir='ltr'><strong>in</strong></span> <span class='ocrx_word' id='word_1_144' title='bbox 878 1984 1135 2036; x_wconf 77' lang='lat' dir='ltr'><strong>frontibus</strong></span> <span class='ocrx_word' id='word_1_145' title='bbox 1168 1982 1438 2037; x_wconf 73' lang='lat' dir='ltr'><strong>Ecclesiae.</strong></span> 
     </span>
    </p>
   </div>
   <div class='ocr_carea' id='block_1_20' title="bbox 296 2072 1778 2143">
    <p class='ocr_par' dir='ltr' id='par_1_20' title="bbox 296 2072 1778 2143">
     <span class='ocr_line' id='line_1_20' title="bbox 296 2072 1778 2143; baseline 0 -17"><span class='ocrx_word' id='word_1_146' title='bbox 296 2073 363 2126; x_wconf 82' lang='lat' dir='ltr'><strong>Et</strong></span> <span class='ocrx_word' id='word_1_147' title='bbox 411 2073 582 2126; x_wconf 75' lang='lat' dir='ltr'><strong>audivi</strong></span> <span class='ocrx_word' id='word_1_148' title='bbox 627 2089 789 2126; x_wconf 81' lang='lat' dir='ltr'><strong>vocem</strong></span> <span class='ocrx_word' id='word_1_149' title='bbox 813 2072 875 2124; x_wconf 79' lang='lat' dir='ltr'><strong>de</strong></span> <span class='ocrx_word' id='word_1_150' title='bbox 903 2074 1046 2136; x_wconf 64' lang='lat' dir='ltr'><strong>coelo,</strong></span> <span class='ocrx_word' id='word_1_151' title='bbox 1082 2083 1318 2140; x_wconf 78' lang='lat' dir='ltr'><strong>tanquam</strong></span> <span class='ocrx_word' id='word_1_152' title='bbox 1341 2089 1505 2126; x_wconf 76' lang='lat' dir='ltr'><strong>uocem</strong></span> <span class='ocrx_word' id='word_1_153' title='bbox 1522 2090 1778 2143; x_wconf 71' lang='lat' dir='ltr'><strong>aquarum</strong></span> 
     </span>
    </p>
   </div>
   <div class='ocr_carea' id='block_1_21' title="bbox 209 2154 1778 2232">
    <p class='ocr_par' dir='ltr' id='par_1_21' title="bbox 209 2154 1778 2232">
     <span class='ocr_line' id='line_1_21' title="bbox 209 2154 1778 2232; baseline -0.001 -15"><span class='ocrx_word' id='word_1_154' title='bbox 209 2166 524 2218; x_wconf 76' lang='lat' dir='ltr'><strong>multarum.</strong></span> <span class='ocrx_word' id='word_1_155' title='bbox 571 2164 752 2232; x_wconf 80' lang='lat' dir='ltr'><strong>Magna</strong></span> <span class='ocrx_word' id='word_1_156' title='bbox 777 2178 874 2215; x_wconf 77' lang='lat' dir='ltr'><strong>vos</strong></span> <span class='ocrx_word' id='word_1_157' title='bbox 905 2154 1227 2228; x_wconf 68' lang='lat' dir='ltr'><strong>sanctorum,</strong></span> <span class='ocrx_word' id='word_1_158' title='bbox 1255 2177 1437 2228; x_wconf 85' lang='lat' dir='ltr'><strong>magna</strong></span> <span class='ocrx_word' id='word_1_159' title='bbox 1465 2169 1545 2226; x_wconf 70' lang='grc' dir='ltr'><strong>εει</strong></span> <span class='ocrx_word' id='word_1_160' title='bbox 1567 2163 1778 2217; x_wconf 77' lang='lat' dir='ltr'><strong>devotio</strong></span> 
     </span>
    </p>
   </div>
   <div class='ocr_carea' id='block_1_22' title="bbox 205 2253 1778 2323">
    <p class='ocr_par' dir='ltr' id='par_1_22' title="bbox 205 2253 1778 2323">
     <span class='ocr_line' id='line_1_22' title="bbox 205 2253 1778 2323; baseline 0.001 -15"><span class='ocrx_word' id='word_1_161' title='bbox 205 2256 532 2318; x_wconf 24' lang='lat' dir='ltr'><strong>scharitatis,</strong></span> <span class='ocrx_word' id='word_1_162' title='bbox 556 2269 713 2323; x_wconf 89' lang='lat' dir='ltr'><strong>quam</strong></span> <span class='ocrx_word' id='word_1_163' title='bbox 742 2269 799 2308; x_wconf 83' lang='lat' dir='ltr'><strong>se</strong></span> <span class='ocrx_word' id='word_1_164' title='bbox 829 2253 893 2306; x_wconf 88' lang='lat' dir='ltr'><strong>de</strong></span> <span class='ocrx_word' id='word_1_165' title='bbox 919 2253 1058 2306; x_wconf 68' lang='lat' dir='ltr'><strong>caelo</strong></span> <span class='ocrx_word' id='word_1_166' title='bbox 1088 2253 1300 2306; x_wconf 81' lang='lat' dir='ltr'><strong>audisse</strong></span> <span class='ocrx_word' id='word_1_167' title='bbox 1320 2256 1510 2317; x_wconf 83' lang='lat' dir='ltr'><strong>relert,</strong></span> <span class='ocrx_word' id='word_1_168' title='bbox 1539 2267 1654 2306; x_wconf 86' lang='lat' dir='ltr'><strong>cum</strong></span> <span class='ocrx_word' id='word_1_169' title='bbox 1684 2270 1778 2308; x_wconf 79' lang='lat' dir='ltr'><strong>cos</strong></span> 
     </span>
    </p>
   </div>
   <div class='ocr_carea' id='block_1_23' title="bbox 215 2332 1778 2412">
    <p class='ocr_par' dir='ltr' id='par_1_23' title="bbox 215 2332 1778 2412">
     <span class='ocr_line' id='line_1_23' title="bbox 215 2332 1778 2412; baseline -0.001 -15"><span class='ocrx_word' id='word_1_170' title='bbox 215 2346 311 2412; x_wconf 82' lang='lat' dir='ltr'><strong>qui</strong></span> <span class='ocrx_word' id='word_1_171' title='bbox 364 2359 548 2398; x_wconf 79' lang='lat' dir='ltr'><strong>vocem</strong></span> <span class='ocrx_word' id='word_1_172' title='bbox 590 2344 869 2396; x_wconf 87' lang='lat' dir='ltr'><strong>ediderunt</strong></span> <span class='ocrx_word' id='word_1_173' title='bbox 897 2343 946 2394; x_wconf 92' lang='lat' dir='ltr'><strong>in</strong></span> <span class='ocrx_word' id='word_1_174' title='bbox 977 2343 1102 2396; x_wconf 83' lang='lat' dir='ltr'><strong>Sion</strong></span> <span class='ocrx_word' id='word_1_175' title='bbox 1135 2351 1314 2394; x_wconf 92' lang='lat' dir='ltr'><strong>monte</strong></span> <span class='ocrx_word' id='word_1_176' title='bbox 1340 2351 1481 2394; x_wconf 81' lang='lat' dir='ltr'><strong>stare</strong></span> <span class='ocrx_word' id='word_1_177' title='bbox 1527 2332 1778 2408; x_wconf 67' lang='lat' dir='ltr'><strong>praedice-</strong></span> 
     </span>
    </p>
   </div>
   <div class='ocr_carea' id='block_1_24' title="bbox 217 2432 1778 2493">
    <p class='ocr_par' dir='ltr' id='par_1_24' title="bbox 217 2432 1778 2493">
     <span class='ocr_line' id='line_1_24' title="bbox 217 2432 1778 2493; baseline -0.002 -4"><span class='ocrx_word' id='word_1_178' title='bbox 217 2447 328 2493; x_wconf 88' lang='lat' dir='ltr'><strong>ret.</strong></span> <span class='ocrx_word' id='word_1_179' title='bbox 363 2436 699 2490; x_wconf 85' lang='lat' dir='ltr'><strong>Utostendat</strong></span> <span class='ocrx_word' id='word_1_180' title='bbox 725 2438 1040 2488; x_wconf 34' lang='lat' dir='ltr'><strong>~se&#39;montem</strong></span> <span class='ocrx_word' id='word_1_181' title='bbox 1094 2432 1218 2487; x_wconf 89' lang='lat' dir='ltr'><strong>Sion</strong></span> <span class='ocrx_word' id='word_1_182' title='bbox 1263 2448 1364 2485; x_wconf 83' lang='lat' dir='ltr'><strong>non</strong></span> <span class='ocrx_word' id='word_1_183' title='bbox 1407 2432 1544 2485; x_wconf 83' lang='lat' dir='ltr'><strong>aliud</strong></span> <span class='ocrx_word' id='word_1_184' title='bbox 1582 2433 1778 2487; x_wconf 77' lang='lat' dir='ltr'><strong>dixisse</strong></span> 
     </span>
    </p>
   </div>
   <div class='ocr_carea' id='block_1_25' title="bbox 201 2511 1776 2591">
    <p class='ocr_par' dir='ltr' id='par_1_25' title="bbox 201 2511 1776 2591">
     <span class='ocr_line' id='line_1_25' title="bbox 201 2511 1776 2591; baseline -0.002 -15"><span class='ocrx_word' id='word_1_185' title='bbox 201 2539 380 2591; x_wconf 66' lang='lat' dir='ltr'><strong>quam</strong></span> <span class='ocrx_word' id='word_1_186' title='bbox 437 2523 757 2586; x_wconf 80' lang='lat' dir='ltr'><strong>Ecclesiam,</strong></span> <span class='ocrx_word' id='word_1_187' title='bbox 806 2511 956 2588; x_wconf 74' lang='lat' dir='ltr'><strong>qun,</strong></span> <span class='ocrx_word' id='word_1_188' title='bbox 1003 2521 1068 2573; x_wconf 83' lang='lat' dir='ltr'><strong>ad</strong></span> <span class='ocrx_word' id='word_1_189' title='bbox 1107 2518 1435 2572; x_wconf 75' lang='lat' dir='ltr'><strong>devincenda</strong></span> <span class='ocrx_word' id='word_1_190' title='bbox 1473 2521 1776 2586; x_wconf 64' lang='lat' dir='ltr'><strong>grai&#39;amina</strong></span> 
     </span>
    </p>
   </div>
   <div class='ocr_carea' id='block_1_26' title="bbox 213 2608 1777 2680">
    <p class='ocr_par' dir='ltr' id='par_1_26' title="bbox 213 2608 1777 2680">
     <span class='ocr_line' id='line_1_26' title="bbox 213 2608 1777 2680; baseline -0.003 -14"><span class='ocrx_word' id='word_1_191' title='bbox 213 2627 613 2680; x_wconf 84' lang='lat' dir='ltr'><strong>preasurarum,</strong></span> <span class='ocrx_word' id='word_1_192' title='bbox 663 2611 867 2664; x_wconf 84' lang='lat' dir='ltr'><strong>sublimi</strong></span> <span class='ocrx_word' id='word_1_193' title='bbox 910 2608 1378 2676; x_wconf 87' lang='lat' dir='ltr'><strong>contemplationis</strong></span> <span class='ocrx_word' id='word_1_194' title='bbox 1428 2620 1602 2661; x_wconf 89' lang='lat' dir='ltr'><strong>erecta</strong></span> <span class='ocrx_word' id='word_1_195' title='bbox 1645 2624 1777 2678; x_wconf 82' lang='lat' dir='ltr'><strong>gau-</strong></span> 
     </span>
    </p>
   </div>
   <div class='ocr_carea' id='block_1_27' title="bbox 217 2696 1776 2769">
    <p class='ocr_par' dir='ltr' id='par_1_27' title="bbox 217 2696 1776 2769">
     <span class='ocr_line' id='line_1_27' title="bbox 217 2696 1776 2769; baseline -0.001 -16"><span class='ocrx_word' id='word_1_196' title='bbox 217 2703 336 2765; x_wconf 90' lang='lat' dir='ltr'><strong>dio,</strong></span> <span class='ocrx_word' id='word_1_197' title='bbox 392 2701 547 2769; x_wconf 74' lang='lat' dir='ltr'><strong>Regis</strong></span> <span class='ocrx_word' id='word_1_198' title='bbox 591 2701 672 2752; x_wconf 89' lang='lat' dir='ltr'><strong>sui</strong></span> <span class='ocrx_word' id='word_1_199' title='bbox 715 2698 1000 2754; x_wconf 84' lang='lat' dir='ltr'><strong>certamina</strong></span> <span class='ocrx_word' id='word_1_200' title='bbox 1033 2697 1182 2751; x_wconf 88' lang='lat' dir='ltr'><strong>laude</strong></span> <span class='ocrx_word' id='word_1_201' title='bbox 1209 2697 1435 2750; x_wconf 79' lang='lat' dir='ltr'><strong>simulet</strong></span> <span class='ocrx_word' id='word_1_202' title='bbox 1483 2696 1776 2752; x_wconf 85' lang='lat' dir='ltr'><strong>imitatione</strong></span> 
     </span>
    </p>
   </div>
   <div class='ocr_carea' id='block_1_28' title="bbox 211 2784 1773 2855">
    <p class='ocr_par' dir='ltr' id='par_1_28' title="bbox 211 2784 1773 2855">
     <span class='ocr_line' id='line_1_28' title="bbox 211 2784 1773 2855; baseline -0.001 -13"><span class='ocrx_word' id='word_1_203' title='bbox 211 2791 578 2845; x_wconf 84' lang='lat' dir='ltr'><strong>concelebrat.</strong></span> <span class='ocrx_word' id='word_1_204' title='bbox 634 2786 742 2843; x_wconf 82' lang='lat' dir='ltr'><strong>Iloc</strong></span> <span class='ocrx_word' id='word_1_205' title='bbox 785 2797 869 2844; x_wconf 87' lang='lat' dir='ltr'><strong>est</strong></span> <span class='ocrx_word' id='word_1_206' title='bbox 922 2788 1059 2842; x_wconf 82' lang='lat' dir='ltr'><strong>enim</strong></span> <span class='ocrx_word' id='word_1_207' title='bbox 1109 2787 1368 2840; x_wconf 77' lang='lat' dir='ltr'><strong>veraciter</strong></span> <span class='ocrx_word' id='word_1_208' title='bbox 1421 2788 1572 2855; x_wconf 80' lang='lat' dir='ltr'><strong>Aguo</strong></span> <span class='ocrx_word' id='word_1_209' title='bbox 1616 2784 1773 2841; x_wconf 81' lang='lat' dir='ltr'><strong>stanti</strong></span> 
     </span>
    </p>
   </div>
   <div class='ocr_carea' id='block_1_29' title="bbox 214 2879 468 2948">
    <p class='ocr_par' dir='ltr' id='par_1_29' title="bbox 214 2879 468 2948">
     <span class='ocr_line' id='line_1_29' title="bbox 214 2879 468 2948; baseline -0.004 -17"><span class='ocrx_word' id='word_1_210' title='bbox 214 2879 468 2948; x_wconf 53' lang='lat' dir='ltr'><strong>psallere.</strong></span> 
     </span>
    </p>
   </div>
   <div class='ocr_carea' id='block_1_30' title="bbox 292 2965 1773 3033">
    <p class='ocr_par' dir='ltr' id='par_1_30' title="bbox 292 2965 1773 3033">
     <span class='ocr_line' id='line_1_30' title="bbox 292 2965 1773 3033; baseline 0.001 -15"><span class='ocrx_word' id='word_1_211' title='bbox 292 2965 359 3018; x_wconf 77' lang='lat' dir='ltr'><strong>Et</strong></span> <span class='ocrx_word' id='word_1_212' title='bbox 379 2983 476 3018; x_wconf 73' lang='lat' dir='ltr'><strong>eoa:</strong></span> <span class='ocrx_word' id='word_1_213' title='bbox 502 2983 648 3033; x_wconf 72' lang='lat' dir='ltr'><strong>quam</strong></span> <span class='ocrx_word' id='word_1_214' title='bbox 678 2967 845 3018; x_wconf 79' lang='lat' dir='ltr'><strong>audivi</strong></span> <span class='ocrx_word' id='word_1_215' title='bbox 889 2968 1015 3020; x_wconf 84' lang='lat' dir='ltr'><strong>sicut</strong></span> <span class='ocrx_word' id='word_1_216' title='bbox 1050 2967 1447 3020; x_wconf 75' lang='lat' dir='ltr'><strong>citharwdorum</strong></span> <span class='ocrx_word' id='word_1_217' title='bbox 1475 2967 1773 3019; x_wconf 82' lang='lat' dir='ltr'><strong>citharisan-</strong></span> 
     </span>
    </p>
   </div>
   <div class='ocr_carea' id='block_1_31' title="bbox 200 3054 1770 3117">
    <p class='ocr_par' dir='ltr' id='par_1_31' title="bbox 200 3054 1770 3117">
     <span class='ocr_line' id='line_1_31' title="bbox 200 3054 1770 3117; baseline 0 -10"><span class='ocrx_word' id='word_1_218' title='bbox 200 3058 346 3108; x_wconf 55' lang='lat' dir='ltr'><strong>dium</strong></span> <span class='ocrx_word' id='word_1_219' title='bbox 378 3057 430 3107; x_wconf 81' lang='lat' dir='ltr'><strong>in</strong></span> <span class='ocrx_word' id='word_1_220' title='bbox 459 3057 686 3109; x_wconf 80' lang='lat' dir='ltr'><strong>citharis.</strong></span> <span class='ocrx_word' id='word_1_221' title='bbox 730 3054 857 3109; x_wconf 86' lang='lat' dir='ltr'><strong>Cum</strong></span> <span class='ocrx_word' id='word_1_222' title='bbox 904 3054 1190 3108; x_wconf 66' lang='lat' dir='ltr'><strong>citharista</strong></span> <span class='ocrx_word' id='word_1_223' title='bbox 1237 3056 1326 3108; x_wconf 82' lang='lat' dir='ltr'><strong>Dei</strong></span> <span class='ocrx_word' id='word_1_224' title='bbox 1376 3069 1561 3107; x_wconf 86' lang='lat' dir='ltr'><strong>omnes</strong></span> <span class='ocrx_word' id='word_1_225' title='bbox 1606 3055 1770 3117; x_wconf 79' lang='lat' dir='ltr'><strong>sancti</strong></span> 
     </span>
    </p>
   </div>
   <div class='ocr_carea' id='block_1_32' title="bbox 210 3144 1770 3214">
    <p class='ocr_par' dir='ltr' id='par_1_32' title="bbox 210 3144 1770 3214">
     <span class='ocr_line' id='line_1_32' title="bbox 210 3144 1770 3214; baseline 0 -18"><span class='ocrx_word' id='word_1_226' title='bbox 210 3147 326 3197; x_wconf 57' lang='lat' dir='ltr'><strong>sint</strong></span> <span class='ocrx_word' id='word_1_227' title='bbox 353 3185 368 3208; x_wconf 92' lang='lat'><strong>,</strong></span> <span class='ocrx_word' id='word_1_228' title='bbox 421 3145 513 3214; x_wconf 84' lang='lat' dir='ltr'><strong>qui</strong></span> <span class='ocrx_word' id='word_1_229' title='bbox 549 3161 755 3197; x_wconf 79' lang='lat' dir='ltr'><strong>carnem</strong></span> <span class='ocrx_word' id='word_1_230' title='bbox 796 3160 941 3196; x_wconf 83' lang='lat' dir='ltr'><strong>suam</strong></span> <span class='ocrx_word' id='word_1_231' title='bbox 997 3144 1339 3212; x_wconf 76' lang='lat' dir='ltr'><strong>cruciﬁgentes</strong></span> <span class='ocrx_word' id='word_1_232' title='bbox 1395 3160 1504 3196; x_wconf 77' lang='lat' dir='ltr'><strong>cum</strong></span> <span class='ocrx_word' id='word_1_233' title='bbox 1548 3144 1676 3196; x_wconf 81' lang='lat' dir='ltr'><strong>vitiis</strong></span> <span class='ocrx_word' id='word_1_234' title='bbox 1726 3153 1770 3196; x_wconf 83' lang='lat' dir='ltr'><strong>et</strong></span> 
     </span>
    </p>
   </div>
   <div class='ocr_carea' id='block_1_33' title="bbox 209 3232 1769 3300">
    <p class='ocr_par' dir='ltr' id='par_1_33' title="bbox 209 3232 1769 3300">
     <span class='ocr_line' id='line_1_33' title="bbox 209 3232 1769 3300; baseline 0.001 -16"><span class='ocrx_word' id='word_1_235' title='bbox 209 3235 644 3300; x_wconf 69' lang='lat' dir='ltr'><strong>concupiscentiis</strong></span> <span class='ocrx_word' id='word_1_236' title='bbox 673 3232 862 3300; x_wconf 73' lang='lat' dir='ltr'><strong>(Colat.</strong></span> <span class='ocrx_word' id='word_1_237' title='bbox 896 3232 972 3300; x_wconf 77' lang='lat' dir='ltr'><strong>v~),</strong></span> <span class='ocrx_word' id='word_1_238' title='bbox 1015 3233 1224 3286; x_wconf 80' lang='lat' dir='ltr'><strong>laudant</strong></span> <span class='ocrx_word' id='word_1_239' title='bbox 1265 3248 1387 3286; x_wconf 90' lang='lat' dir='ltr'><strong>eum</strong></span> <span class='ocrx_word' id='word_1_240' title='bbox 1433 3234 1484 3284; x_wconf 93' lang='lat' dir='ltr'><strong>in</strong></span> <span class='ocrx_word' id='word_1_241' title='bbox 1525 3234 1769 3299; x_wconf 75' lang='lat' dir='ltr'><strong>psalterio</strong></span> 
     </span>
    </p>
   </div>
   <div class='ocr_carea' id='block_1_34' title="bbox 198 3320 1770 3391">
    <p class='ocr_par' dir='ltr' id='par_1_34' title="bbox 198 3320 1770 3391">
     <span class='ocr_line' id='line_1_34' title="bbox 198 3320 1770 3391; baseline 0.001 -17"><span class='ocrx_word' id='word_1_242' title='bbox 198 3333 266 3374; x_wconf 70' lang='lat' dir='ltr'><strong>et</strong></span> <span class='ocrx_word' id='word_1_243' title='bbox 316 3323 523 3374; x_wconf 86' lang='lat' dir='ltr'><strong>cithara</strong></span> <span class='ocrx_word' id='word_1_244' title='bbox 577 3320 744 3391; x_wconf 61' lang='lat' dir='ltr'><strong>(Ptol.</strong></span> <span class='ocrx_word' id='word_1_245' title='bbox 766 3322 881 3389; x_wconf 64' lang='lat' dir='ltr'><strong>ce),</strong></span> <span class='ocrx_word' id='word_1_246' title='bbox 916 3331 1112 3390; x_wconf 83' lang='lat' dir='ltr'><strong>quanto</strong></span> <span class='ocrx_word' id='word_1_247' title='bbox 1142 3324 1366 3388; x_wconf 79' lang='lat' dir='ltr'><strong>amplius</strong></span> <span class='ocrx_word' id='word_1_248' title='bbox 1398 3323 1470 3376; x_wconf 80' lang='lat' dir='ltr'><strong>illi</strong></span> <span class='ocrx_word' id='word_1_249' title='bbox 1496 3324 1581 3391; x_wconf 90' lang='lat' dir='ltr'><strong>qui</strong></span> <span class='ocrx_word' id='word_1_250' title='bbox 1611 3339 1770 3376; x_wconf 83' lang='lat' dir='ltr'><strong>evan-</strong></span> 
     </span>
    </p>
   </div>
   <div class='ocr_carea' id='block_1_35' title="bbox 201 3413 1772 3482">
    <p class='ocr_par' dir='ltr' id='par_1_35' title="bbox 201 3413 1772 3482">
     <span class='ocr_line' id='line_1_35' title="bbox 201 3413 1772 3482; baseline 0.002 -17"><span class='ocrx_word' id='word_1_251' title='bbox 201 3414 407 3481; x_wconf 73' lang='lat' dir='ltr'><strong>gelica:</strong></span> <span class='ocrx_word' id='word_1_252' title='bbox 455 3413 722 3482; x_wconf 75' lang='lat' dir='ltr'><strong>privilegio</strong></span> <span class='ocrx_word' id='word_1_253' title='bbox 765 3415 1019 3467; x_wconf 86' lang='lat' dir='ltr'><strong>castitatis</strong></span> <span class='ocrx_word' id='word_1_254' title='bbox 1050 3424 1185 3466; x_wconf 62' lang='lat' dir='ltr'><strong>tonis</strong></span> <span class='ocrx_word' id='word_1_255' title='bbox 1227 3428 1284 3466; x_wconf 88' lang='lat' dir='ltr'><strong>se</strong></span> <span class='ocrx_word' id='word_1_256' title='bbox 1313 3413 1534 3468; x_wconf 87' lang='lat' dir='ltr'><strong>Domino</strong></span> <span class='ocrx_word' id='word_1_257' title='bbox 1570 3414 1772 3468; x_wconf 79' lang='lat' dir='ltr'><strong>laciont</strong></span> 
     </span>
    </p>
   </div>
   <div class='ocr_carea' id='block_1_36' title="bbox 199 3504 1770 3571">
    <p class='ocr_par' dir='ltr' id='par_1_36' title="bbox 199 3504 1770 3571">
     <span class='ocr_line' id='line_1_36' title="bbox 199 3504 1770 3571; baseline 0.002 -16"><span class='ocrx_word' id='word_1_258' title='bbox 199 3504 611 3567; x_wconf 73' lang='lat' dir='ltr'><strong>holocaustum,</strong></span> <span class='ocrx_word' id='word_1_259' title='bbox 643 3504 977 3571; x_wconf 74' lang='lat' dir='ltr'><strong>singulariter</strong></span> <span class='ocrx_word' id='word_1_260' title='bbox 1005 3504 1326 3571; x_wconf 83' lang='lat' dir='ltr'><strong>abnegantcs</strong></span> <span class='ocrx_word' id='word_1_261' title='bbox 1354 3505 1690 3570; x_wconf 86' lang='lat' dir='ltr'><strong>semetipsos,</strong></span> <span class='ocrx_word' id='word_1_262' title='bbox 1717 3514 1770 3558; x_wconf 88' lang='lat' dir='ltr'><strong>et</strong></span> 
     </span>
    </p>
   </div>
   <div class='ocr_carea' id='block_1_37' title="bbox 208 3590 1766 3662">
    <p class='ocr_par' dir='ltr' id='par_1_37' title="bbox 208 3590 1766 3662">
     <span class='ocr_line' id='line_1_37' title="bbox 208 3590 1766 3662; baseline 0 -19"><span class='ocrx_word' id='word_1_263' title='bbox 208 3592 471 3643; x_wconf 83' lang='lat' dir='ltr'><strong>tollentes</strong></span> <span class='ocrx_word' id='word_1_264' title='bbox 491 3606 706 3643; x_wconf 88' lang='lat' dir='ltr'><strong>crucem</strong></span> <span class='ocrx_word' id='word_1_265' title='bbox 745 3607 888 3644; x_wconf 79' lang='lat' dir='ltr'><strong>suam</strong></span> <span class='ocrx_word' id='word_1_266' title='bbox 931 3590 1084 3662; x_wconf 82' lang='lat' dir='ltr'><strong>.(Ltsc.</strong></span> <span class='ocrx_word' id='word_1_267' title='bbox 1111 3593 1184 3660; x_wconf 81' lang='lat' dir='ltr'><strong>ts)</strong></span> <span class='ocrx_word' id='word_1_268' title='bbox 1229 3601 1521 3659; x_wconf 78' lang='lat' dir='ltr'><strong>sequuntur</strong></span> <span class='ocrx_word' id='word_1_269' title='bbox 1567 3592 1766 3660; x_wconf 73' lang='lat' dir='ltr'><strong>Agnutn</strong></span> 
     </span>
    </p>
   </div>
   <div class='ocr_carea' id='block_1_38' title="bbox 195 3678 1081 3748">
    <p class='ocr_par' dir='ltr' id='par_1_38' title="bbox 195 3678 1081 3748">
     <span class='ocr_line' id='line_1_38' title="bbox 195 3678 1081 3748; baseline 0 -18"><span class='ocrx_word' id='word_1_270' title='bbox 195 3693 535 3748; x_wconf 78' lang='lat' dir='ltr'><strong>quocunque</strong></span> <span class='ocrx_word' id='word_1_271' title='bbox 564 3678 699 3731; x_wconf 81' lang='lat' dir='ltr'><strong>radit</strong></span> <span class='ocrx_word' id='word_1_272' title='bbox 733 3681 906 3748; x_wconf 77' lang='lat' dir='ltr'><strong>(Apoc.</strong></span> <span class='ocrx_word' id='word_1_273' title='bbox 941 3678 1081 3748; x_wconf 79' lang='lat' dir='ltr'><strong>xlv)!</strong></span> 
     </span>
    </p>
   </div>
   <div class='ocr_carea' id='block_1_39' title="bbox 275 3765 1766 3836">
    <p class='ocr_par' dir='ltr' id='par_1_39' title="bbox 275 3765 1766 3836">
     <span class='ocr_line' id='line_1_39' title="bbox 275 3765 1766 3836; baseline 0.003 -18"><span class='ocrx_word' id='word_1_274' title='bbox 275 3765 356 3818; x_wconf 82' lang='grc' dir='ltr'><strong>-Ει</strong></span> <span class='ocrx_word' id='word_1_275' title='bbox 409 3766 676 3819; x_wconf 83' lang='lat' dir='ltr'><strong>cantabant</strong></span> <span class='ocrx_word' id='word_1_276' title='bbox 701 3767 845 3836; x_wconf 83' lang='lat' dir='ltr'><strong>quasi</strong></span> <span class='ocrx_word' id='word_1_277' title='bbox 891 3769 1141 3819; x_wconf 82' lang='lat' dir='ltr'><strong>canticum</strong></span> <span class='ocrx_word' id='word_1_278' title='bbox 1189 3782 1368 3820; x_wconf 80' lang='lat' dir='ltr'><strong>novum</strong></span> <span class='ocrx_word' id='word_1_279' title='bbox 1412 3777 1526 3820; x_wconf 79' lang='lat' dir='ltr'><strong>ante</strong></span> <span class='ocrx_word' id='word_1_280' title='bbox 1578 3770 1766 3822; x_wconf 79' lang='lat' dir='ltr'><strong>sedem.</strong></span> 
     </span>
    </p>
   </div>
   <div class='ocr_carea' id='block_1_40' title="bbox 200 3856 1770 3928">
    <p class='ocr_par' dir='ltr' id='par_1_40' title="bbox 200 3856 1770 3928">
     <span class='ocr_line' id='line_1_40' title="bbox 200 3856 1770 3928; baseline 0.004 -20"><span class='ocrx_word' id='word_1_281' title='bbox 200 3856 386 3910; x_wconf 73' lang='lat' dir='ltr'><strong>Vetus</strong></span> <span class='ocrx_word' id='word_1_282' title='bbox 416 3865 532 3909; x_wconf 88' lang='lat' dir='ltr'><strong>erat</strong></span> <span class='ocrx_word' id='word_1_283' title='bbox 559 3856 822 3909; x_wconf 88' lang='lat' dir='ltr'><strong>canticum</strong></span> <span class='ocrx_word' id='word_1_284' title='bbox 852 3875 864 3908; x_wconf 91' lang='lat'><strong>:</strong></span> <span class='ocrx_word' id='word_1_285' title='bbox 901 3856 1088 3910; x_wconf 77' lang='lat' dir='ltr'><strong>Beatus</strong></span> <span class='ocrx_word' id='word_1_286' title='bbox 1134 3858 1221 3928; x_wconf 86' lang='lat' dir='ltr'><strong>qui</strong></span> <span class='ocrx_word' id='word_1_287' title='bbox 1268 3859 1448 3913; x_wconf 89' lang='lat' dir='ltr'><strong>sedem</strong></span> <span class='ocrx_word' id='word_1_288' title='bbox 1478 3861 1527 3912; x_wconf 92' lang='lat' dir='ltr'><strong>in</strong></span> <span class='ocrx_word' id='word_1_289' title='bbox 1560 3859 1689 3914; x_wconf 89' lang='lat' dir='ltr'><strong>Sion</strong></span> <span class='ocrx_word' id='word_1_290' title='bbox 1715 3869 1770 3914; x_wconf 86' lang='lat' dir='ltr'><strong>et</strong></span> 
     </span>
    </p>
   </div>
   <div class='ocr_carea' id='block_1_41' title="bbox 201 3945 1766 4006">
    <p class='ocr_par' dir='ltr' id='par_1_41' title="bbox 201 3945 1766 4006">
     <span class='ocr_line' id='line_1_41' title="bbox 201 3945 1766 4006; baseline 0.001 -6"><span class='ocrx_word' id='word_1_291' title='bbox 201 3948 542 4000; x_wconf 87' lang='lat' dir='ltr'><strong>domesticos</strong></span> <span class='ocrx_word' id='word_1_292' title='bbox 587 3949 638 3998; x_wconf 91' lang='lat' dir='ltr'><strong>in</strong></span> <span class='ocrx_word' id='word_1_293' title='bbox 685 3945 970 3999; x_wconf 78' lang='lat' dir='ltr'><strong>Jerusalem</strong></span> <span class='ocrx_word' id='word_1_294' title='bbox 1020 3947 1196 4000; x_wconf 82' lang='lat' dir='ltr'><strong>habet.</strong></span> <span class='ocrx_word' id='word_1_295' title='bbox 1246 3947 1443 4006; x_wconf 61' lang='lat' dir='ltr'><strong>Novum</strong></span> <span class='ocrx_word' id='word_1_296' title='bbox 1486 3964 1610 4004; x_wconf 83' lang='lat' dir='ltr'><strong>vero</strong></span> <span class='ocrx_word' id='word_1_297' title='bbox 1649 3958 1766 4004; x_wconf 88' lang='lat' dir='ltr'><strong>est:</strong></span> 
     </span>
    </p>
   </div>
   <div class='ocr_carea' id='block_1_42' title="bbox 201 4035 1766 4104">
    <p class='ocr_par' dir='ltr' id='par_1_42' title="bbox 201 4035 1766 4104">
     <span class='ocr_line' id='line_1_42' title="bbox 201 4035 1766 4104; baseline 0.001 -16"><span class='ocrx_word' id='word_1_298' title='bbox 201 4036 440 4098; x_wconf 73' lang='lat' dir='ltr'><strong>Latare,</strong></span> <span class='ocrx_word' id='word_1_299' title='bbox 487 4035 671 4087; x_wconf 84' lang='lat' dir='ltr'><strong>sterilis</strong></span> <span class='ocrx_word' id='word_1_300' title='bbox 716 4049 826 4102; x_wconf 73' lang='lat' dir='ltr'><strong>qua:</strong></span> <span class='ocrx_word' id='word_1_301' title='bbox 862 4049 966 4087; x_wconf 76' lang='lat' dir='ltr'><strong>non</strong></span> <span class='ocrx_word' id='word_1_302' title='bbox 1009 4037 1146 4101; x_wconf 83' lang='lat' dir='ltr'><strong>paris</strong></span> <span class='ocrx_word' id='word_1_303' title='bbox 1176 4035 1367 4104; x_wconf 71' lang='lat' dir='ltr'><strong>(Colat.</strong></span> <span class='ocrx_word' id='word_1_304' title='bbox 1397 4037 1499 4100; x_wconf 70' lang='grc' dir='ltr'><strong>π).</strong></span> <span class='ocrx_word' id='word_1_305' title='bbox 1530 4037 1596 4089; x_wconf 81' lang='lat' dir='ltr'><strong>Et</strong></span> <span class='ocrx_word' id='word_1_306' title='bbox 1622 4038 1766 4102; x_wconf 87' lang='lat' dir='ltr'><strong>item,</strong></span> 
     </span>
    </p>
   </div>
   <div class='ocr_carea' id='block_1_43' title="bbox 200 4122 1767 4191">
    <p class='ocr_par' dir='ltr' id='par_1_43' title="bbox 200 4122 1767 4191">
     <span class='ocr_line' id='line_1_43' title="bbox 200 4122 1767 4191; baseline 0.001 -13"><span class='ocrx_word' id='word_1_307' title='bbox 200 4126 384 4187; x_wconf 75' lang='lat' dir='ltr'><strong>Dabo,</strong></span> <span class='ocrx_word' id='word_1_308' title='bbox 417 4124 603 4191; x_wconf 75' lang='lat' dir='ltr'><strong>inquit,</strong></span> <span class='ocrx_word' id='word_1_309' title='bbox 637 4123 901 4190; x_wconf 77' lang='lat' dir='ltr'><strong>eunuchis,</strong></span> <span class='ocrx_word' id='word_1_310' title='bbox 949 4124 1068 4176; x_wconf 81' lang='lat' dir='ltr'><strong>dicit</strong></span> <span class='ocrx_word' id='word_1_311' title='bbox 1113 4122 1373 4188; x_wconf 79' lang='lat' dir='ltr'><strong>Dominus,</strong></span> <span class='ocrx_word' id='word_1_312' title='bbox 1408 4127 1457 4176; x_wconf 85' lang='lat' dir='ltr'><strong>in</strong></span> <span class='ocrx_word' id='word_1_313' title='bbox 1483 4124 1633 4177; x_wconf 87' lang='lat' dir='ltr'><strong>domo</strong></span> <span class='ocrx_word' id='word_1_314' title='bbox 1657 4140 1767 4179; x_wconf 78' lang='lat' dir='ltr'><strong>mea</strong></span> 
     </span>
    </p>
   </div>
   <div class='ocr_carea' id='block_1_44' title="bbox 193 4212 1769 4290">
    <p class='ocr_par' dir='ltr' id='par_1_44' title="bbox 193 4212 1769 4290">
     <span class='ocr_line' id='line_1_44' title="bbox 193 4212 1769 4290; baseline 0.002 -23"><span class='ocrx_word' id='word_1_315' title='bbox 193 4225 253 4267; x_wconf 72' lang='lat' dir='ltr'><strong>et</strong></span> <span class='ocrx_word' id='word_1_316' title='bbox 289 4215 344 4265; x_wconf 86' lang='lat' dir='ltr'><strong>in</strong></span> <span class='ocrx_word' id='word_1_317' title='bbox 392 4213 554 4265; x_wconf 71' lang='lat' dir='ltr'><strong>nutris</strong></span> <span class='ocrx_word' id='word_1_318' title='bbox 602 4212 723 4264; x_wconf 81' lang='lat' dir='ltr'><strong>meis</strong></span> <span class='ocrx_word' id='word_1_319' title='bbox 768 4213 932 4266; x_wconf 84' lang='lat' dir='ltr'><strong>locum</strong></span> <span class='ocrx_word' id='word_1_320' title='bbox 963 4221 1215 4290; x_wconf 23' lang='lat' dir='ltr'><strong>et&#39;nomen</strong></span> <span class='ocrx_word' id='word_1_321' title='bbox 1264 4215 1437 4268; x_wconf 63' lang='lat' dir='ltr'><strong>melius</strong></span> <span class='ocrx_word' id='word_1_322' title='bbox 1483 4231 1513 4266; x_wconf 91' lang='lat' dir='ltr'><strong>a</strong></span> <span class='ocrx_word' id='word_1_323' title='bbox 1550 4215 1676 4282; x_wconf 68' lang='lat' dir='ltr'><strong>ﬁliis</strong></span> <span class='ocrx_word' id='word_1_324' title='bbox 1720 4224 1769 4270; x_wconf 84' lang='lat' dir='ltr'><strong>et</strong></span> 
     </span>
    </p>
   </div>
   <div class='ocr_carea' id='block_1_45' title="bbox 199 4300 748 4370">
    <p class='ocr_par' dir='ltr' id='par_1_45' title="bbox 199 4300 748 4370">
     <span class='ocr_line' id='line_1_45' title="bbox 199 4300 748 4370; baseline -0.002 -16"><span class='ocrx_word' id='word_1_325' title='bbox 199 4303 419 4367; x_wconf 78' lang='lat' dir='ltr'><strong>ﬁliabus</strong></span> <span class='ocrx_word' id='word_1_326' title='bbox 447 4300 598 4370; x_wconf 79' lang='lat' dir='ltr'><strong>(lsai.</strong></span> <span class='ocrx_word' id='word_1_327' title='bbox 623 4305 748 4369; x_wconf 71' lang='lat' dir='ltr'><strong>Litt).</strong></span> 
     </span>
    </p>
   </div>
   <div class='ocr_carea' id='block_1_46' title="bbox 275 4389 1768 4462">
    <p class='ocr_par' dir='ltr' id='par_1_46' title="bbox 275 4389 1768 4462">
     <span class='ocr_line' id='line_1_46' title="bbox 275 4389 1768 4462; baseline 0.001 -17"><span class='ocrx_word' id='word_1_328' title='bbox 275 4389 350 4445; x_wconf 80' lang='lat' dir='ltr'><strong>Et</strong></span> <span class='ocrx_word' id='word_1_329' title='bbox 399 4407 544 4445; x_wconf 79' lang='lat' dir='ltr'><strong>uento</strong></span> <span class='ocrx_word' id='word_1_330' title='bbox 585 4401 777 4461; x_wconf 83' lang='lat' dir='ltr'><strong>poterat</strong></span> <span class='ocrx_word' id='word_1_331' title='bbox 809 4393 972 4446; x_wconf 70' lang='lat' dir='ltr'><strong>dicere</strong></span> <span class='ocrx_word' id='word_1_332' title='bbox 999 4392 1274 4454; x_wconf 81' lang='lat' dir='ltr'><strong>canticum.</strong></span> <span class='ocrx_word' id='word_1_333' title='bbox 1303 4395 1419 4458; x_wconf 73' lang='lat' dir='ltr'><strong>nisi,</strong></span> <span class='ocrx_word' id='word_1_334' title='bbox 1451 4404 1550 4448; x_wconf 84' lang='lat' dir='ltr'><strong>etc.</strong></span> <span class='ocrx_word' id='word_1_335' title='bbox 1582 4393 1768 4462; x_wconf 79' lang='lat' dir='ltr'><strong>Singu-</strong></span> 
     </span>
    </p>
   </div>
   <div class='ocr_carea' id='block_1_47' title="bbox 199 4485 1767 4556">
    <p class='ocr_par' dir='ltr' id='par_1_47' title="bbox 199 4485 1767 4556">
     <span class='ocr_line' id='line_1_47' title="bbox 199 4485 1767 4556; baseline 0.006 -20"><span class='ocrx_word' id='word_1_336' title='bbox 199 4485 404 4538; x_wconf 86' lang='lat' dir='ltr'><strong>lariter</strong></span> <span class='ocrx_word' id='word_1_337' title='bbox 439 4487 698 4537; x_wconf 83' lang='lat' dir='ltr'><strong>canticum</strong></span> <span class='ocrx_word' id='word_1_338' title='bbox 729 4486 876 4553; x_wconf 85' lang='lat' dir='ltr'><strong>Agno</strong></span> <span class='ocrx_word' id='word_1_339' title='bbox 922 4494 1140 4539; x_wconf 88' lang='lat' dir='ltr'><strong>cantare</strong></span> <span class='ocrx_word' id='word_1_340' title='bbox 1181 4495 1282 4551; x_wconf 90' lang='lat' dir='ltr'><strong>est,</strong></span> <span class='ocrx_word' id='word_1_341' title='bbox 1326 4503 1442 4540; x_wconf 86' lang='lat' dir='ltr'><strong>cum</strong></span> <span class='ocrx_word' id='word_1_342' title='bbox 1468 4503 1537 4543; x_wconf 84' lang='lat' dir='ltr'><strong>eo</strong></span> <span class='ocrx_word' id='word_1_343' title='bbox 1570 4490 1622 4543; x_wconf 88' lang='lat' dir='ltr'><strong>in</strong></span> <span class='ocrx_word' id='word_1_344' title='bbox 1653 4506 1767 4556; x_wconf 85' lang='lat' dir='ltr'><strong>per-</strong></span> 
     </span>
    </p>
   </div>
   <div class='ocr_carea' id='block_1_48' title="bbox 1871 728 3417 798">
    <p class='ocr_par' dir='ltr' id='par_1_48' title="bbox 1871 728 3417 798">
     <span class='ocr_line' id='line_1_48' title="bbox 1871 728 3417 798; baseline 0 -16"><span class='ocrx_word' id='word_1_345' title='bbox 1871 728 2043 783; x_wconf 87' lang='lat' dir='ltr'><strong>dicere</strong></span> <span class='ocrx_word' id='word_1_346' title='bbox 2068 730 2165 783; x_wconf 87' lang='lat' dir='ltr'><strong>nisi</strong></span> <span class='ocrx_word' id='word_1_347' title='bbox 2188 743 2297 782; x_wconf 84' lang='lat' dir='ltr'><strong>vos.</strong></span> <span class='ocrx_word' id='word_1_348' title='bbox 2329 728 2416 783; x_wconf 88' lang='lat' dir='ltr'><strong>Sic</strong></span> <span class='ocrx_word' id='word_1_349' title='bbox 2450 731 2587 782; x_wconf 86' lang='lat' dir='ltr'><strong>enim</strong></span> <span class='ocrx_word' id='word_1_350' title='bbox 2614 743 2703 782; x_wconf 91' lang='lat' dir='ltr'><strong>vos</strong></span> <span class='ocrx_word' id='word_1_351' title='bbox 2727 728 2855 783; x_wconf 81' lang='lat' dir='ltr'><strong>vidit</strong></span> <span class='ocrx_word' id='word_1_352' title='bbox 2881 730 2931 783; x_wconf 92' lang='lat' dir='ltr'><strong>in</strong></span> <span class='ocrx_word' id='word_1_353' title='bbox 2957 730 3269 798; x_wconf 81' lang='lat' dir='ltr'><strong>Apocalypsi</strong></span> <span class='ocrx_word' id='word_1_354' title='bbox 3301 732 3417 797; x_wconf 82' lang='lat' dir='ltr'><strong>qui-</strong></span> 
     </span>
    </p>
   </div>
   <div class='ocr_carea' id='block_1_49' title="bbox 1872 814 3419 886">
    <p class='ocr_par' dir='ltr' id='par_1_49' title="bbox 1872 814 3419 886">
     <span class='ocr_line' id='line_1_49' title="bbox 1872 814 3419 886; baseline 0 -14"><span class='ocrx_word' id='word_1_355' title='bbox 1872 818 1992 872; x_wconf 87' lang='lat' dir='ltr'><strong>dam</strong></span> <span class='ocrx_word' id='word_1_356' title='bbox 2046 814 2153 885; x_wconf 70' lang='lat' dir='ltr'><strong>prae</strong></span> <span class='ocrx_word' id='word_1_357' title='bbox 2202 818 2406 873; x_wconf 66' lang='lat' dir='ltr'><strong>caeteris</strong></span> <span class='ocrx_word' id='word_1_358' title='bbox 2450 818 2669 872; x_wconf 88' lang='lat' dir='ltr'><strong>dilectus</strong></span> <span class='ocrx_word' id='word_1_359' title='bbox 2726 817 2894 886; x_wconf 85' lang='lat' dir='ltr'><strong>Agno,</strong></span> <span class='ocrx_word' id='word_1_360' title='bbox 2945 819 3032 886; x_wconf 92' lang='lat' dir='ltr'><strong>qui</strong></span> <span class='ocrx_word' id='word_1_361' title='bbox 3083 817 3419 873; x_wconf 80' lang='lat' dir='ltr'><strong>discumbere</strong></span> 
     </span>
    </p>
   </div>
   <div class='ocr_carea' id='block_1_50' title="bbox 1873 906 3420 974">
    <p class='ocr_par' dir='ltr' id='par_1_50' title="bbox 1873 906 3420 974">
     <span class='ocr_line' id='line_1_50' title="bbox 1873 906 3420 974; baseline 0.001 -16"><span class='ocrx_word' id='word_1_362' title='bbox 1873 919 2030 973; x_wconf 86' lang='lat' dir='ltr'><strong>super</strong></span> <span class='ocrx_word' id='word_1_363' title='bbox 2057 915 2235 972; x_wconf 82' lang='lat' dir='ltr'><strong>pectus</strong></span> <span class='ocrx_word' id='word_1_364' title='bbox 2272 907 2385 974; x_wconf 88' lang='lat' dir='ltr'><strong>ejus</strong></span> <span class='ocrx_word' id='word_1_365' title='bbox 2420 908 2604 959; x_wconf 88' lang='lat' dir='ltr'><strong>solitus</strong></span> <span class='ocrx_word' id='word_1_366' title='bbox 2631 914 2762 971; x_wconf 85' lang='lat' dir='ltr'><strong>erat,</strong></span> <span class='ocrx_word' id='word_1_367' title='bbox 2807 909 2916 973; x_wconf 86' lang='lat' dir='ltr'><strong>ipse</strong></span> <span class='ocrx_word' id='word_1_368' title='bbox 2945 922 3034 959; x_wconf 79' lang='lat' dir='ltr'><strong>vos</strong></span> <span class='ocrx_word' id='word_1_369' title='bbox 3059 906 3190 959; x_wconf 88' lang='lat' dir='ltr'><strong>vidit</strong></span> <span class='ocrx_word' id='word_1_370' title='bbox 3218 908 3420 960; x_wconf 81' lang='lat' dir='ltr'><strong>duode-</strong></span> 
     </span>
    </p>
   </div>
   <div class='ocr_carea' id='block_1_51' title="bbox 1867 997 3422 1051">
    <p class='ocr_par' dir='ltr' id='par_1_51' title="bbox 1867 997 3422 1051">
     <span class='ocr_line' id='line_1_51' title="bbox 1867 997 3422 1051; baseline 0.001 -2"><span class='ocrx_word' id='word_1_371' title='bbox 1867 999 1988 1050; x_wconf 82' lang='lat' dir='ltr'><strong>cies</strong></span> <span class='ocrx_word' id='word_1_372' title='bbox 2040 998 2281 1051; x_wconf 83' lang='lat' dir='ltr'><strong>duodena</strong></span> <span class='ocrx_word' id='word_1_373' title='bbox 2320 999 2484 1050; x_wconf 89' lang='lat' dir='ltr'><strong>millia</strong></span> <span class='ocrx_word' id='word_1_374' title='bbox 2520 1008 2821 1050; x_wconf 87' lang='lat' dir='ltr'><strong>sanctorum</strong></span> <span class='ocrx_word' id='word_1_375' title='bbox 2863 997 3272 1050; x_wconf 75' lang='lat' dir='ltr'><strong>cithartedorum</strong></span> <span class='ocrx_word' id='word_1_376' title='bbox 3321 1000 3422 1051; x_wconf 82' lang='lat' dir='ltr'><strong>illi-</strong></span> 
     </span>
    </p>
   </div>
   <div class='ocr_carea' id='block_1_52' title="bbox 1874 1084 3416 1153">
    <p class='ocr_par' dir='ltr' id='par_1_52' title="bbox 1874 1084 3416 1153">
     <span class='ocr_line' id='line_1_52' title="bbox 1874 1084 3416 1153; baseline 0 -16"><span class='ocrx_word' id='word_1_377' title='bbox 1874 1084 2008 1137; x_wconf 72' lang='lat' dir='ltr'><strong>bane</strong></span> <span class='ocrx_word' id='word_1_378' title='bbox 2057 1085 2371 1153; x_wconf 76' lang='lat' dir='ltr'><strong>virginitatis</strong></span> <span class='ocrx_word' id='word_1_379' title='bbox 2402 1085 2722 1149; x_wconf 85' lang='lat' dir='ltr'><strong>incorpore,</strong></span> <span class='ocrx_word' id='word_1_380' title='bbox 2774 1084 3040 1137; x_wconf 69' lang='lat' dir='ltr'><strong>inviolatae</strong></span> <span class='ocrx_word' id='word_1_381' title='bbox 3087 1086 3322 1138; x_wconf 76' lang='lat' dir='ltr'><strong>veritatis</strong></span> <span class='ocrx_word' id='word_1_382' title='bbox 3364 1087 3416 1138; x_wconf 87' lang='lat' dir='ltr'><strong>in</strong></span> 
     </span>
    </p>
   </div>
   <div class='ocr_carea' id='block_1_53' title="bbox 1877 1172 3420 1242">
    <p class='ocr_par' dir='ltr' id='par_1_53' title="bbox 1877 1172 3420 1242">
     <span class='ocr_line' id='line_1_53' title="bbox 1877 1172 3420 1242; baseline 0 -16"><span class='ocrx_word' id='word_1_383' title='bbox 1877 1174 2054 1227; x_wconf 80' lang='lat' dir='ltr'><strong>corde.</strong></span> <span class='ocrx_word' id='word_1_384' title='bbox 2086 1172 2379 1242; x_wconf 83' lang='lat' dir='ltr'><strong>Sequimini</strong></span> <span class='ocrx_word' id='word_1_385' title='bbox 2430 1176 2657 1242; x_wconf 77' lang='lat' dir='ltr'><strong>Agnum,</strong></span> <span class='ocrx_word' id='word_1_386' title='bbox 2701 1172 2819 1240; x_wconf 83' lang='lat' dir='ltr'><strong>quia</strong></span> <span class='ocrx_word' id='word_1_387' title='bbox 2851 1183 2902 1226; x_wconf 85' lang='lat' dir='ltr'><strong>cl</strong></span> <span class='ocrx_word' id='word_1_388' title='bbox 2930 1174 3062 1240; x_wconf 82' lang='lat' dir='ltr'><strong>Agni</strong></span> <span class='ocrx_word' id='word_1_389' title='bbox 3091 1187 3212 1225; x_wconf 82' lang='lat' dir='ltr'><strong>caro</strong></span> <span class='ocrx_word' id='word_1_390' title='bbox 3244 1175 3420 1241; x_wconf 78' lang='lat' dir='ltr'><strong>utique</strong></span> 
     </span>
    </p>
   </div>
   <div class='ocr_carea' id='block_1_54' title="bbox 1875 1261 3417 1331">
    <p class='ocr_par' dir='ltr' id='par_1_54' title="bbox 1875 1261 3417 1331">
     <span class='ocr_line' id='line_1_54' title="bbox 1875 1261 3417 1331; baseline 0.002 -19"><span class='ocrx_word' id='word_1_391' title='bbox 1875 1262 2042 1328; x_wconf 82' lang='lat' dir='ltr'><strong>virgo.</strong></span> <span class='ocrx_word' id='word_1_392' title='bbox 2092 1262 2382 1331; x_wconf 86' lang='lat' dir='ltr'><strong>Sequimini</strong></span> <span class='ocrx_word' id='word_1_393' title='bbox 2427 1277 2543 1315; x_wconf 90' lang='lat' dir='ltr'><strong>eum</strong></span> <span class='ocrx_word' id='word_1_394' title='bbox 2593 1262 2891 1330; x_wconf 77' lang='lat' dir='ltr'><strong>virginitate</strong></span> <span class='ocrx_word' id='word_1_395' title='bbox 2939 1261 3112 1316; x_wconf 86' lang='lat' dir='ltr'><strong>cordis</strong></span> <span class='ocrx_word' id='word_1_396' title='bbox 3154 1273 3203 1315; x_wconf 91' lang='lat' dir='ltr'><strong>et</strong></span> <span class='ocrx_word' id='word_1_397' title='bbox 3243 1264 3417 1316; x_wconf 80' lang='lat' dir='ltr'><strong>carnis</strong></span> 
     </span>
    </p>
   </div>
   <div class='ocr_carea' id='block_1_55' title="bbox 1874 1351 3417 1418">
    <p class='ocr_par' dir='ltr' id='par_1_55' title="bbox 1874 1351 3417 1418">
     <span class='ocr_line' id='line_1_55' title="bbox 1874 1351 3417 1418; baseline -0.002 -14"><span class='ocrx_word' id='word_1_398' title='bbox 1874 1366 2187 1418; x_wconf 85' lang='lat' dir='ltr'><strong>quocunque</strong></span> <span class='ocrx_word' id='word_1_399' title='bbox 2234 1351 2380 1404; x_wconf 84' lang='lat' dir='ltr'><strong>ierit.</strong></span> <span class='ocrx_word' id='word_1_400' title='bbox 2412 1351 2546 1416; x_wconf 80' lang='lat' dir='ltr'><strong>Quid</strong></span> <span class='ocrx_word' id='word_1_401' title='bbox 2577 1362 2655 1404; x_wconf 90' lang='lat' dir='ltr'><strong>est</strong></span> <span class='ocrx_word' id='word_1_402' title='bbox 2694 1351 2832 1404; x_wconf 88' lang='lat' dir='ltr'><strong>enim</strong></span> <span class='ocrx_word' id='word_1_403' title='bbox 2864 1351 3032 1418; x_wconf 84' lang='lat' dir='ltr'><strong>sequi,</strong></span> <span class='ocrx_word' id='word_1_404' title='bbox 3067 1351 3164 1404; x_wconf 91' lang='lat' dir='ltr'><strong>nisi</strong></span> <span class='ocrx_word' id='word_1_405' title='bbox 3193 1353 3417 1404; x_wconf 76' lang='lat' dir='ltr'><strong>imitari?</strong></span> 
     </span>
    </p>
   </div>
   <div class='ocr_carea' id='block_1_56' title="bbox 1875 1440 3418 1510">
    <p class='ocr_par' dir='ltr' id='par_1_56' title="bbox 1875 1440 3418 1510">
     <span class='ocr_line' id='line_1_56' title="bbox 1875 1440 3418 1510; baseline 0.002 -19"><span class='ocrx_word' id='word_1_406' title='bbox 1875 1443 1994 1507; x_wconf 70' lang='lat' dir='ltr'><strong>qula</strong></span> <span class='ocrx_word' id='word_1_407' title='bbox 2040 1440 2268 1493; x_wconf 80' lang='lat' dir='ltr'><strong>Christus</strong></span> <span class='ocrx_word' id='word_1_408' title='bbox 2310 1456 2402 1503; x_wconf 82' lang='lat' dir='ltr'><strong>pro</strong></span> <span class='ocrx_word' id='word_1_409' title='bbox 2443 1440 2586 1493; x_wconf 85' lang='lat' dir='ltr'><strong>nobis</strong></span> <span class='ocrx_word' id='word_1_410' title='bbox 2638 1457 2818 1507; x_wconf 77' lang='lat' dir='ltr'><strong>passus</strong></span> <span class='ocrx_word' id='word_1_411' title='bbox 2846 1450 2937 1505; x_wconf 85' lang='lat' dir='ltr'><strong>est,</strong></span> <span class='ocrx_word' id='word_1_412' title='bbox 2973 1441 3107 1494; x_wconf 81' lang='lat' dir='ltr'><strong>vobis</strong></span> <span class='ocrx_word' id='word_1_413' title='bbox 3136 1443 3418 1510; x_wconf 75' lang='lat' dir='ltr'><strong>relinquens</strong></span> 
     </span>
    </p>
   </div>
   <div class='ocr_carea' id='block_1_57' title="bbox 1871 1526 3362 1598">
    <p class='ocr_par' dir='ltr' id='par_1_57' title="bbox 1871 1526 3362 1598">
     <span class='ocr_line' id='line_1_57' title="bbox 1871 1526 3362 1598; baseline 0.001 -16"><span class='ocrx_word' id='word_1_414' title='bbox 1871 1531 2177 1598; x_wconf 75' lang='lat' dir='ltr'><strong>exemplum,</strong></span> <span class='ocrx_word' id='word_1_415' title='bbox 2205 1539 2258 1582; x_wconf 87' lang='lat' dir='ltr'><strong>ut</strong></span> <span class='ocrx_word' id='word_1_416' title='bbox 2287 1530 2568 1598; x_wconf 78' lang='lat' dir='ltr'><strong>sequamini</strong></span> <span class='ocrx_word' id='word_1_417' title='bbox 2594 1530 2799 1598; x_wconf 85' lang='lat' dir='ltr'><strong>vestigia</strong></span> <span class='ocrx_word' id='word_1_418' title='bbox 2826 1531 2932 1597; x_wconf 85' lang='lat' dir='ltr'><strong>ejus</strong></span> <span class='ocrx_word' id='word_1_419' title='bbox 2960 1547 2978 1580; x_wconf 73' lang='grc' dir='ltr'><strong><em>ι</em></strong></span> <span class='ocrx_word' id='word_1_420' title='bbox 3019 1529 3067 1597; x_wconf 90' lang='lat' dir='ltr'><strong>(l</strong></span> <span class='ocrx_word' id='word_1_421' title='bbox 3103 1529 3236 1583; x_wconf 82' lang='lat' dir='ltr'><strong>Petr.</strong></span> <span class='ocrx_word' id='word_1_422' title='bbox 3263 1526 3362 1598; x_wconf 74' lang='lat' dir='ltr'><strong>tt).</strong></span> 
     </span>
    </p>
   </div>
   <div class='ocr_carea' id='block_1_58' title="bbox 1947 1615 3413 1686">
    <p class='ocr_par' dir='ltr' id='par_1_58' title="bbox 1947 1615 3413 1686">
     <span class='ocr_line' id='line_1_58' title="bbox 1947 1615 3413 1686; baseline 0.003 -18"><span class='ocrx_word' id='word_1_423' title='bbox 1947 1615 2018 1668; x_wconf 82' lang='lat' dir='ltr'><strong>lli</strong></span> <span class='ocrx_word' id='word_1_424' title='bbox 2047 1618 2197 1683; x_wconf 84' lang='lat' dir='ltr'><strong>empti</strong></span> <span class='ocrx_word' id='word_1_425' title='bbox 2241 1625 2440 1668; x_wconf 79' lang='lat' dir='ltr'><strong>suntex</strong></span> <span class='ocrx_word' id='word_1_426' title='bbox 2464 1617 2688 1669; x_wconf 87' lang='lat' dir='ltr'><strong>omnibus</strong></span> <span class='ocrx_word' id='word_1_427' title='bbox 2733 1617 2964 1684; x_wconf 59' lang='lat' dir='ltr'><strong>primitiae</strong></span> <span class='ocrx_word' id='word_1_428' title='bbox 3011 1617 3116 1669; x_wconf 87' lang='lat' dir='ltr'><strong>Deo</strong></span> <span class='ocrx_word' id='word_1_429' title='bbox 3159 1625 3205 1670; x_wconf 83' lang='lat' dir='ltr'><strong>et</strong></span> <span class='ocrx_word' id='word_1_430' title='bbox 3251 1621 3413 1686; x_wconf 82' lang='lat' dir='ltr'><strong>Agna.</strong></span> 
     </span>
    </p>
   </div>
   <div class='ocr_carea' id='block_1_59' title="bbox 1879 1705 3420 1777">
    <p class='ocr_par' dir='ltr' id='par_1_59' title="bbox 1879 1705 3420 1777">
     <span class='ocr_line' id='line_1_59' title="bbox 1879 1705 3420 1777; baseline 0.001 -19"><span class='ocrx_word' id='word_1_431' title='bbox 1879 1705 1952 1758; x_wconf 85' lang='lat' dir='ltr'><strong>De</strong></span> <span class='ocrx_word' id='word_1_432' title='bbox 1982 1705 2068 1758; x_wconf 80' lang='lat' dir='ltr'><strong>illo</strong></span> <span class='ocrx_word' id='word_1_433' title='bbox 2095 1714 2278 1759; x_wconf 87' lang='lat' dir='ltr'><strong>sancto</strong></span> <span class='ocrx_word' id='word_1_434' title='bbox 2307 1715 2360 1758; x_wconf 91' lang='lat' dir='ltr'><strong>et</strong></span> <span class='ocrx_word' id='word_1_435' title='bbox 2392 1706 2726 1758; x_wconf 86' lang='lat' dir='ltr'><strong>immaculato</strong></span> <span class='ocrx_word' id='word_1_436' title='bbox 2775 1705 3021 1760; x_wconf 68' lang='lat' dir='ltr'><strong>Ecclesiae</strong></span> <span class='ocrx_word' id='word_1_437' title='bbox 3065 1722 3222 1776; x_wconf 85' lang='lat' dir='ltr'><strong>grege</strong></span> <span class='ocrx_word' id='word_1_438' title='bbox 3266 1712 3420 1777; x_wconf 82' lang='lat' dir='ltr'><strong>quasi</strong></span> 
     </span>
    </p>
   </div>
   <div class='ocr_carea' id='block_1_60' title="bbox 1869 1791 3419 1863">
    <p class='ocr_par' dir='ltr' id='par_1_60' title="bbox 1869 1791 3419 1863">
     <span class='ocr_line' id='line_1_60' title="bbox 1869 1791 3419 1863; baseline 0.003 -20"><span class='ocrx_word' id='word_1_439' title='bbox 1869 1791 2163 1845; x_wconf 80' lang='lat' dir='ltr'><strong>sanctiores</strong></span> <span class='ocrx_word' id='word_1_440' title='bbox 2213 1794 2555 1861; x_wconf 81' lang='lat' dir='ltr'><strong>purioresque</strong></span> <span class='ocrx_word' id='word_1_441' title='bbox 2603 1793 2788 1847; x_wconf 74' lang='lat' dir='ltr'><strong>hostia:</strong></span> <span class='ocrx_word' id='word_1_442' title='bbox 2842 1810 2935 1863; x_wconf 90' lang='lat' dir='ltr'><strong>pro</strong></span> <span class='ocrx_word' id='word_1_443' title='bbox 2981 1797 3258 1848; x_wconf 85' lang='lat' dir='ltr'><strong>voluntatis</strong></span> <span class='ocrx_word' id='word_1_444' title='bbox 3309 1811 3419 1849; x_wconf 70' lang='lat' dir='ltr'><strong>sum</strong></span> 
     </span>
    </p>
   </div>
   <div class='ocr_carea' id='block_1_61' title="bbox 1877 1882 3420 1954">
    <p class='ocr_par' dir='ltr' id='par_1_61' title="bbox 1877 1882 3420 1954">
     <span class='ocr_line' id='line_1_61' title="bbox 1877 1882 3420 1954; baseline 0.005 -23"><span class='ocrx_word' id='word_1_445' title='bbox 1877 1882 2078 1935; x_wconf 86' lang='lat' dir='ltr'><strong>meritis</strong></span> <span class='ocrx_word' id='word_1_446' title='bbox 2106 1896 2134 1935; x_wconf 88' lang='lat' dir='ltr'><strong>a</strong></span> <span class='ocrx_word' id='word_1_447' title='bbox 2165 1882 2360 1948; x_wconf 76' lang='lat' dir='ltr'><strong>Spiritu</strong></span> <span class='ocrx_word' id='word_1_448' title='bbox 2392 1889 2574 1935; x_wconf 82' lang='lat' dir='ltr'><strong>sancto</strong></span> <span class='ocrx_word' id='word_1_449' title='bbox 2616 1883 2876 1951; x_wconf 87' lang='lat' dir='ltr'><strong>eliguntur</strong></span> <span class='ocrx_word' id='word_1_450' title='bbox 2905 1901 2919 1937; x_wconf 90' lang='lat'><strong>:</strong></span> <span class='ocrx_word' id='word_1_451' title='bbox 2949 1886 3084 1954; x_wconf 91' lang='lat' dir='ltr'><strong>quod</strong></span> <span class='ocrx_word' id='word_1_452' title='bbox 3137 1888 3420 1953; x_wconf 71' lang='lat' dir='ltr'><strong>Apostolus</strong></span> 
     </span>
    </p>
   </div>
   <div class='ocr_carea' id='block_1_62' title="bbox 1875 2061 3416 2132">
    <p class='ocr_par' dir='ltr' id='par_1_62' title="bbox 1875 2061 3416 2132">
     <span class='ocr_line' id='line_1_62' title="bbox 1875 2061 3416 2132; baseline 0.003 -18"><span class='ocrx_word' id='word_1_453' title='bbox 1875 2061 2118 2114; x_wconf 87' lang='lat' dir='ltr'><strong>obsecrat</strong></span> <span class='ocrx_word' id='word_1_454' title='bbox 2149 2071 2207 2114; x_wconf 91' lang='lat' dir='ltr'><strong>ut</strong></span> <span class='ocrx_word' id='word_1_455' title='bbox 2237 2062 2519 2117; x_wconf 77' lang='lat' dir='ltr'><strong>exhibeant</strong></span> <span class='ocrx_word' id='word_1_456' title='bbox 2559 2077 2777 2128; x_wconf 90' lang='lat' dir='ltr'><strong>corpora</strong></span> <span class='ocrx_word' id='word_1_457' title='bbox 2808 2078 2898 2116; x_wconf 88' lang='lat' dir='ltr'><strong>sua</strong></span> <span class='ocrx_word' id='word_1_458' title='bbox 2949 2065 3169 2119; x_wconf 68' lang='lat' dir='ltr'><strong>lto:tiatn</strong></span> <span class='ocrx_word' id='word_1_459' title='bbox 3218 2067 3416 2132; x_wconf 70' lang='lat' dir='ltr'><strong>vivam,</strong></span> 
     </span>
    </p>
   </div>
   <div class='ocr_carea' id='block_1_63' title="bbox 1875 2149 2932 2224">
    <p class='ocr_par' dir='ltr' id='par_1_63' title="bbox 1875 2149 2932 2224">
     <span class='ocr_line' id='line_1_63' title="bbox 1875 2149 2932 2224; baseline 0.002 -19"><span class='ocrx_word' id='word_1_460' title='bbox 1875 2160 2128 2215; x_wconf 85' lang='lat' dir='ltr'><strong>sanctam,</strong></span> <span class='ocrx_word' id='word_1_461' title='bbox 2159 2149 2270 2206; x_wconf 88' lang='lat' dir='ltr'><strong>Deo</strong></span> <span class='ocrx_word' id='word_1_462' title='bbox 2299 2152 2585 2219; x_wconf 75' lang='lat' dir='ltr'><strong>placentem</strong></span> <span class='ocrx_word' id='word_1_463' title='bbox 2618 2153 2788 2221; x_wconf 84' lang='lat' dir='ltr'><strong>(llam.</strong></span> <span class='ocrx_word' id='word_1_464' title='bbox 2813 2153 2932 2224; x_wconf 80' lang='lat' dir='ltr'><strong>xu).</strong></span> 
     </span>
    </p>
   </div>
   <div class='ocr_carea' id='block_1_64' title="bbox 1941 2237 3416 2307">
    <p class='ocr_par' dir='ltr' id='par_1_64' title="bbox 1941 2237 3416 2307">
     <span class='ocr_line' id='line_1_64' title="bbox 1941 2237 3416 2307; baseline 0.007 -17"><span class='ocrx_word' id='word_1_465' title='bbox 1941 2237 2014 2290; x_wconf 83' lang='lat' dir='ltr'><strong>Et</strong></span> <span class='ocrx_word' id='word_1_466' title='bbox 2042 2242 2096 2292; x_wconf 75' lang='lat' dir='ltr'><strong>iit</strong></span> <span class='ocrx_word' id='word_1_467' title='bbox 2133 2257 2218 2294; x_wconf 89' lang='lat' dir='ltr'><strong>ore</strong></span> <span class='ocrx_word' id='word_1_468' title='bbox 2253 2242 2475 2307; x_wconf 81' lang='lat' dir='ltr'><strong>ipsorum</strong></span> <span class='ocrx_word' id='word_1_469' title='bbox 2515 2258 2620 2294; x_wconf 75' lang='lat' dir='ltr'><strong>non</strong></span> <span class='ocrx_word' id='word_1_470' title='bbox 2661 2252 2735 2304; x_wconf 78' lang='lat' dir='ltr'><strong>est</strong></span> <span class='ocrx_word' id='word_1_471' title='bbox 2782 2243 3039 2296; x_wconf 83' lang='lat' dir='ltr'><strong>inventum</strong></span> <span class='ocrx_word' id='word_1_472' title='bbox 3083 2247 3416 2307; x_wconf 79' lang='lat' dir='ltr'><strong>mendacium,</strong></span> 
     </span>
    </p>
   </div>
   <div class='ocr_carea' id='block_1_65' title="bbox 1875 2328 3421 2407">
    <p class='ocr_par' dir='ltr' id='par_1_65' title="bbox 1875 2328 3421 2407">
     <span class='ocr_line' id='line_1_65' title="bbox 1875 2328 3421 2407; baseline 0.004 -25"><span class='ocrx_word' id='word_1_473' title='bbox 1875 2328 1986 2382; x_wconf 83' lang='lat' dir='ltr'><strong>Non</strong></span> <span class='ocrx_word' id='word_1_474' title='bbox 2014 2330 2174 2384; x_wconf 89' lang='lat' dir='ltr'><strong>solius</strong></span> <span class='ocrx_word' id='word_1_475' title='bbox 2216 2331 2476 2398; x_wconf 77' lang='lat' dir='ltr'><strong>pudicitia:</strong></span> <span class='ocrx_word' id='word_1_476' title='bbox 2507 2334 2724 2396; x_wconf 89' lang='lat' dir='ltr'><strong>merito,</strong></span> <span class='ocrx_word' id='word_1_477' title='bbox 2758 2333 2933 2387; x_wconf 87' lang='lat' dir='ltr'><strong>divino</strong></span> <span class='ocrx_word' id='word_1_478' title='bbox 2962 2336 3230 2390; x_wconf 77' lang='lat' dir='ltr'><strong>comitatui</strong></span> <span class='ocrx_word' id='word_1_479' title='bbox 3263 2339 3421 2407; x_wconf 81' lang='lat' dir='ltr'><strong>virgi-</strong></span> 
     </span>
    </p>
   </div>
   <div class='ocr_carea' id='block_1_66' title="bbox 1876 2421 3417 2496">
    <p class='ocr_par' dir='ltr' id='par_1_66' title="bbox 1876 2421 3417 2496">
     <span class='ocr_line' id='line_1_66' title="bbox 1876 2421 3417 2496; baseline 0.006 -24"><span class='ocrx_word' id='word_1_480' title='bbox 1876 2433 1970 2472; x_wconf 89' lang='lat' dir='ltr'><strong>nes</strong></span> <span class='ocrx_word' id='word_1_481' title='bbox 2001 2422 2329 2487; x_wconf 85' lang='lat' dir='ltr'><strong>copulantur,</strong></span> <span class='ocrx_word' id='word_1_482' title='bbox 2360 2421 2458 2475; x_wconf 87' lang='lat' dir='ltr'><strong>nisi</strong></span> <span class='ocrx_word' id='word_1_483' title='bbox 2485 2431 2536 2475; x_wconf 92' lang='lat' dir='ltr'><strong>et</strong></span> <span class='ocrx_word' id='word_1_484' title='bbox 2583 2423 2648 2476; x_wconf 89' lang='lat' dir='ltr'><strong>ab</strong></span> <span class='ocrx_word' id='word_1_485' title='bbox 2691 2424 2833 2477; x_wconf 87' lang='lat' dir='ltr'><strong>omni</strong></span> <span class='ocrx_word' id='word_1_486' title='bbox 2882 2427 3190 2494; x_wconf 77' lang='lat' dir='ltr'><strong>contagione</strong></span> <span class='ocrx_word' id='word_1_487' title='bbox 3221 2430 3417 2496; x_wconf 81' lang='lat' dir='ltr'><strong>peccati</strong></span> 
     </span>
    </p>
   </div>
   <div class='ocr_carea' id='block_1_67' title="bbox 1877 2506 3421 2589">
    <p class='ocr_par' dir='ltr' id='par_1_67' title="bbox 1877 2506 3421 2589">
     <span class='ocr_line' id='line_1_67' title="bbox 1877 2506 3421 2589; baseline 0.008 -29"><span class='ocrx_word' id='word_1_488' title='bbox 1877 2506 2262 2562; x_wconf 68' lang='lat' dir='ltr'><strong>immaculatum</strong></span> <span class='ocrx_word' id='word_1_489' title='bbox 2292 2514 2552 2578; x_wconf 84' lang='lat' dir='ltr'><strong>gesserint</strong></span> <span class='ocrx_word' id='word_1_490' title='bbox 2592 2521 2780 2567; x_wconf 47' lang='lat' dir='ltr'><strong>vtam.</strong></span> <span class='ocrx_word' id='word_1_491' title='bbox 2830 2515 2974 2570; x_wconf 86' lang='lat' dir='ltr'><strong>llanc</strong></span> <span class='ocrx_word' id='word_1_492' title='bbox 3018 2518 3269 2572; x_wconf 85' lang='lat' dir='ltr'><strong>visionem</strong></span> <span class='ocrx_word' id='word_1_493' title='bbox 3317 2520 3421 2589; x_wconf 80' lang='lat' dir='ltr'><strong>Ty-</strong></span> 
     </span>
    </p>
   </div>
   <div class='ocr_carea' id='block_1_68' title="bbox 1875 2597 3418 2671">
    <p class='ocr_par' dir='ltr' id='par_1_68' title="bbox 1875 2597 3418 2671">
     <span class='ocr_line' id='line_1_68' title="bbox 1875 2597 3418 2671; baseline 0.008 -21"><span class='ocrx_word' id='word_1_494' title='bbox 1875 2597 2099 2651; x_wconf 90' lang='lat' dir='ltr'><strong>chonius</strong></span> <span class='ocrx_word' id='word_1_495' title='bbox 2131 2611 2233 2651; x_wconf 91' lang='lat' dir='ltr'><strong>non</strong></span> <span class='ocrx_word' id='word_1_496' title='bbox 2272 2599 2335 2652; x_wconf 86' lang='lat' dir='ltr'><strong>de</strong></span> <span class='ocrx_word' id='word_1_497' title='bbox 2369 2601 2662 2667; x_wconf 82' lang='lat' dir='ltr'><strong>virginibus</strong></span> <span class='ocrx_word' id='word_1_498' title='bbox 2702 2605 3036 2671; x_wconf 88' lang='lat' dir='ltr'><strong>specialiter,</strong></span> <span class='ocrx_word' id='word_1_499' title='bbox 3087 2608 3177 2659; x_wconf 86' lang='lat' dir='ltr'><strong>sed</strong></span> <span class='ocrx_word' id='word_1_500' title='bbox 3218 2609 3282 2661; x_wconf 88' lang='lat' dir='ltr'><strong>de</strong></span> <span class='ocrx_word' id='word_1_501' title='bbox 3313 2619 3418 2662; x_wconf 83' lang='lat' dir='ltr'><strong>tota</strong></span> 
     </span>
    </p>
   </div>
   <div class='ocr_carea' id='block_1_69' title="bbox 1863 2686 3420 2763">
    <p class='ocr_par' dir='ltr' id='par_1_69' title="bbox 1863 2686 3420 2763">
     <span class='ocr_line' id='line_1_69' title="bbox 1863 2686 3420 2763; baseline 0.008 -26"><span class='ocrx_word' id='word_1_502' title='bbox 1863 2686 2192 2755; x_wconf 75' lang='lat' dir='ltr'><strong>generaliter</strong></span> <span class='ocrx_word' id='word_1_503' title='bbox 2222 2688 2593 2756; x_wconf 81' lang='lat' dir='ltr'><strong>interpretatur</strong></span> <span class='ocrx_word' id='word_1_504' title='bbox 2634 2691 2884 2757; x_wconf 85' lang='lat' dir='ltr'><strong>Ecclesia,</strong></span> <span class='ocrx_word' id='word_1_505' title='bbox 2935 2707 3088 2760; x_wconf 87' lang='lat' dir='ltr'><strong>quam</strong></span> <span class='ocrx_word' id='word_1_506' title='bbox 3138 2695 3420 2763; x_wconf 84' lang='lat' dir='ltr'><strong>despondit</strong></span> 
     </span>
    </p>
   </div>
   <div class='ocr_carea' id='block_1_70' title="bbox 1874 2777 3419 2849">
    <p class='ocr_par' dir='ltr' id='par_1_70' title="bbox 1874 2777 3419 2849">
     <span class='ocr_line' id='line_1_70' title="bbox 1874 2777 3419 2849; baseline 0.007 -20"><span class='ocrx_word' id='word_1_507' title='bbox 1874 2777 2145 2842; x_wconf 86' lang='lat' dir='ltr'><strong>apostolus</strong></span> <span class='ocrx_word' id='word_1_508' title='bbox 2173 2779 2262 2831; x_wconf 84' lang='lat' dir='ltr'><strong>uni</strong></span> <span class='ocrx_word' id='word_1_509' title='bbox 2302 2779 2408 2832; x_wconf 74' lang='lat' dir='ltr'><strong>viro</strong></span> <span class='ocrx_word' id='word_1_510' title='bbox 2441 2779 2683 2849; x_wconf 80' lang='lat' dir='ltr'><strong>virginem</strong></span> <span class='ocrx_word' id='word_1_511' title='bbox 2727 2792 2916 2834; x_wconf 86' lang='lat' dir='ltr'><strong>castam</strong></span> <span class='ocrx_word' id='word_1_512' title='bbox 2961 2784 3186 2837; x_wconf 71' lang='lat' dir='ltr'><strong>exhibere</strong></span> <span class='ocrx_word' id='word_1_513' title='bbox 3221 2786 3419 2840; x_wconf 78' lang='lat' dir='ltr'><strong>Christo</strong></span> 
     </span>
    </p>
   </div>
   <div class='ocr_carea' id='block_1_71' title="bbox 1876 2861 3420 2937">
    <p class='ocr_par' dir='ltr' id='par_1_71' title="bbox 1876 2861 3420 2937">
     <span class='ocr_line' id='line_1_71' title="bbox 1876 2861 3420 2937; baseline 0.008 -21"><span class='ocrx_word' id='word_1_514' title='bbox 1876 2861 1962 2930; x_wconf 79' lang='lat'><strong>(~11</strong></span> <span class='ocrx_word' id='word_1_515' title='bbox 1987 2865 2237 2933; x_wconf 66' lang='lat' dir='ltr'><strong>Const),</strong></span> <span class='ocrx_word' id='word_1_516' title='bbox 2280 2868 2349 2921; x_wconf 78' lang='lat' dir='ltr'><strong>ita</strong></span> <span class='ocrx_word' id='word_1_517' title='bbox 2393 2869 2712 2922; x_wconf 88' lang='lat' dir='ltr'><strong>concludens</strong></span> <span class='ocrx_word' id='word_1_518' title='bbox 2749 2886 2761 2921; x_wconf 91' lang='lat'><strong>:</strong></span> <span class='ocrx_word' id='word_1_519' title='bbox 2796 2870 2905 2923; x_wconf 83' lang='lat' dir='ltr'><strong>Non</strong></span> <span class='ocrx_word' id='word_1_520' title='bbox 2947 2871 3113 2937; x_wconf 74' lang='lat' dir='ltr'><strong>dixit,</strong></span> <span class='ocrx_word' id='word_1_521' title='bbox 3165 2873 3277 2927; x_wconf 87' lang='lat' dir='ltr'><strong>Non</strong></span> <span class='ocrx_word' id='word_1_522' title='bbox 3325 2875 3420 2929; x_wconf 79' lang='lat' dir='ltr'><strong>fuit</strong></span> 
     </span>
    </p>
   </div>
   <div class='ocr_carea' id='block_1_72' title="bbox 1875 2948 3414 3024">
    <p class='ocr_par' dir='ltr' id='par_1_72' title="bbox 1875 2948 3414 3024">
     <span class='ocr_line' id='line_1_72' title="bbox 1875 2948 3414 3024; baseline 0.008 -16"><span class='ocrx_word' id='word_1_523' title='bbox 1875 2954 1926 3008; x_wconf 88' lang='lat' dir='ltr'><strong>in</strong></span> <span class='ocrx_word' id='word_1_524' title='bbox 1972 2948 2092 3011; x_wconf 32' lang='lat' dir='ltr'><strong>ore.</strong></span> <span class='ocrx_word' id='word_1_525' title='bbox 2121 2970 2301 3010; x_wconf 82' lang='lat' dir='ltr'><strong>eorum</strong></span> <span class='ocrx_word' id='word_1_526' title='bbox 2355 2957 2706 3024; x_wconf 84' lang='lat' dir='ltr'><strong>mendacium,</strong></span> <span class='ocrx_word' id='word_1_527' title='bbox 2739 2962 2830 3014; x_wconf 88' lang='lat' dir='ltr'><strong>sed</strong></span> <span class='ocrx_word' id='word_1_528' title='bbox 2877 2977 2982 3014; x_wconf 87' lang='lat' dir='ltr'><strong>non</strong></span> <span class='ocrx_word' id='word_1_529' title='bbox 3029 2972 3100 3015; x_wconf 82' lang='lat' dir='ltr'><strong>est</strong></span> <span class='ocrx_word' id='word_1_530' title='bbox 3145 2965 3414 3020; x_wconf 62' lang='lat' dir='ltr'><strong>intentum.</strong></span> 
     </span>
    </p>
   </div>
   <div class='ocr_carea' id='block_1_73' title="bbox 1873 3046 3418 3122">
    <p class='ocr_par' dir='ltr' id='par_1_73' title="bbox 1873 3046 3418 3122">
     <span class='ocr_line' id='line_1_73' title="bbox 1873 3046 3418 3122; baseline 0.006 -23"><span class='ocrx_word' id='word_1_531' title='bbox 1873 3046 2032 3106; x_wconf 64' lang='lat' dir='ltr'><strong>Sicut,</strong></span> <span class='ocrx_word' id='word_1_532' title='bbox 2071 3048 2357 3115; x_wconf 73' lang='lat' dir='ltr'><strong>Apostolus</strong></span> <span class='ocrx_word' id='word_1_533' title='bbox 2405 3050 2574 3104; x_wconf 88' lang='lat' dir='ltr'><strong>dicit:</strong></span> <span class='ocrx_word' id='word_1_534' title='bbox 2624 3050 2690 3103; x_wconf 85' lang='lat' dir='ltr'><strong>Et</strong></span> <span class='ocrx_word' id='word_1_535' title='bbox 2722 3056 2826 3104; x_wconf 63' lang='lat' dir='ltr'><strong>hate</strong></span> <span class='ocrx_word' id='word_1_536' title='bbox 2870 3055 3070 3122; x_wconf 76' lang='lat' dir='ltr'><strong>quidem</strong></span> <span class='ocrx_word' id='word_1_537' title='bbox 3111 3054 3298 3122; x_wconf 77' lang='lat' dir='ltr'><strong>fuistis,</strong></span> <span class='ocrx_word' id='word_1_538' title='bbox 3329 3057 3418 3109; x_wconf 86' lang='lat' dir='ltr'><strong>sed</strong></span> 
     </span>
    </p>
   </div>
   <div class='ocr_carea' id='block_1_74' title="bbox 1871 3136 3417 3212">
    <p class='ocr_par' dir='ltr' id='par_1_74' title="bbox 1871 3136 3417 3212">
     <span class='ocr_line' id='line_1_74' title="bbox 1871 3136 3417 3212; baseline 0.007 -25"><span class='ocrx_word' id='word_1_539' title='bbox 1871 3137 2026 3188; x_wconf 82' lang='lat' dir='ltr'><strong>abluti</strong></span> <span class='ocrx_word' id='word_1_540' title='bbox 2051 3139 2166 3190; x_wconf 73' lang='lat' dir='ltr'><strong>estis</strong></span> <span class='ocrx_word' id='word_1_541' title='bbox 2214 3136 2266 3205; x_wconf 86' lang='lat' dir='ltr'><strong>(-I</strong></span> <span class='ocrx_word' id='word_1_542' title='bbox 2296 3139 2412 3192; x_wconf 82' lang='lat' dir='ltr'><strong>Cor.</strong></span> <span class='ocrx_word' id='word_1_543' title='bbox 2448 3142 2544 3205; x_wconf 69' lang='lat' dir='ltr'><strong>Vl).</strong></span> <span class='ocrx_word' id='word_1_544' title='bbox 2581 3141 2644 3192; x_wconf 83' lang='lat' dir='ltr'><strong>Et</strong></span> <span class='ocrx_word' id='word_1_545' title='bbox 2687 3143 2924 3209; x_wconf 79' lang='lat' dir='ltr'><strong>iniquitas</strong></span> <span class='ocrx_word' id='word_1_546' title='bbox 2962 3144 3140 3212; x_wconf 75' lang='lat' dir='ltr'><strong>injuuj</strong></span> <span class='ocrx_word' id='word_1_547' title='bbox 3185 3162 3282 3197; x_wconf 81' lang='lat' dir='ltr'><strong>non</strong></span> <span class='ocrx_word' id='word_1_548' title='bbox 3326 3162 3417 3198; x_wconf 88' lang='lat' dir='ltr'><strong>na-</strong></span> 
     </span>
    </p>
   </div>
   <div class='ocr_carea' id='block_1_75' title="bbox 1872 3215 3411 3298">
    <p class='ocr_par' dir='ltr' id='par_1_75' title="bbox 1872 3215 3411 3298">
     <span class='ocr_line' id='line_1_75' title="bbox 1872 3215 3411 3298; baseline 0.005 -21"><span class='ocrx_word' id='word_1_549' title='bbox 1872 3226 1995 3278; x_wconf 87' lang='lat' dir='ltr'><strong>cebit</strong></span> <span class='ocrx_word' id='word_1_550' title='bbox 2024 3228 2103 3286; x_wconf 89' lang='lat' dir='ltr'><strong>ei,</strong></span> <span class='ocrx_word' id='word_1_551' title='bbox 2132 3215 2240 3295; x_wconf 7' lang='lat' dir='ltr'><strong>qua,</strong></span> <span class='ocrx_word' id='word_1_552' title='bbox 2267 3227 2347 3279; x_wconf 85' lang='lat' dir='ltr'><strong>die</strong></span> <span class='ocrx_word' id='word_1_553' title='bbox 2392 3243 2651 3281; x_wconf 83' lang='lat' dir='ltr'><strong>conversus</strong></span> <span class='ocrx_word' id='word_1_554' title='bbox 2691 3231 2842 3297; x_wconf 79' lang='lat' dir='ltr'><strong>fuerit</strong></span> <span class='ocrx_word' id='word_1_555' title='bbox 2895 3233 2954 3282; x_wconf 90' lang='lat' dir='ltr'><strong>ab</strong></span> <span class='ocrx_word' id='word_1_556' title='bbox 3011 3233 3273 3298; x_wconf 73' lang='lat' dir='ltr'><strong>iniqutttte</strong></span> <span class='ocrx_word' id='word_1_557' title='bbox 3320 3249 3411 3286; x_wconf 87' lang='lat' dir='ltr'><strong>sua</strong></span> 
     </span>
    </p>
   </div>
   <div class='ocr_carea' id='block_1_76' title="bbox 1878 3314 3415 3386">
    <p class='ocr_par' dir='ltr' id='par_1_76' title="bbox 1878 3314 3415 3386">
     <span class='ocr_line' id='line_1_76' title="bbox 1878 3314 3415 3386; baseline 0.004 -18"><span class='ocrx_word' id='word_1_558' title='bbox 1878 3314 2088 3384; x_wconf 65' lang='lat' dir='ltr'><strong>(Each.</strong></span> <span class='ocrx_word' id='word_1_559' title='bbox 2124 3321 2336 3383; x_wconf 74' lang='lat' dir='ltr'><strong>sum),</strong></span> <span class='ocrx_word' id='word_1_560' title='bbox 2374 3327 2422 3368; x_wconf 81' lang='lat' dir='ltr'><strong>ct</strong></span> <span class='ocrx_word' id='word_1_561' title='bbox 2453 3320 2642 3384; x_wconf 89' lang='lat' dir='ltr'><strong>poterit</strong></span> <span class='ocrx_word' id='word_1_562' title='bbox 2694 3332 2811 3371; x_wconf 85' lang='lat' dir='ltr'><strong>esse</strong></span> <span class='ocrx_word' id='word_1_563' title='bbox 2855 3333 3033 3386; x_wconf 84' lang='lat' dir='ltr'><strong>vrgo,</strong></span> <span class='ocrx_word' id='word_1_564' title='bbox 3074 3331 3129 3372; x_wconf 86' lang='lat' dir='ltr'><strong>et</strong></span> <span class='ocrx_word' id='word_1_565' title='bbox 3167 3322 3318 3373; x_wconf 86' lang='lat' dir='ltr'><strong>dolus</strong></span> <span class='ocrx_word' id='word_1_566' title='bbox 3365 3321 3415 3374; x_wconf 90' lang='lat' dir='ltr'><strong>in</strong></span> 
     </span>
    </p>
   </div>
   <div class='ocr_carea' id='block_1_77' title="bbox 1873 3404 3417 3476">
    <p class='ocr_par' dir='ltr' id='par_1_77' title="bbox 1873 3404 3417 3476">
     <span class='ocr_line' id='line_1_77' title="bbox 1873 3404 3417 3476; baseline 0.005 -20"><span class='ocrx_word' id='word_1_567' title='bbox 1873 3417 1964 3456; x_wconf 88' lang='lat' dir='ltr'><strong>ore</strong></span> <span class='ocrx_word' id='word_1_568' title='bbox 1991 3404 2106 3470; x_wconf 86' lang='lat' dir='ltr'><strong>ejus</strong></span> <span class='ocrx_word' id='word_1_569' title='bbox 2143 3421 2247 3458; x_wconf 79' lang='lat' dir='ltr'><strong>non</strong></span> <span class='ocrx_word' id='word_1_570' title='bbox 2278 3404 2521 3459; x_wconf 78' lang='lat' dir='ltr'><strong>inveniri.</strong></span> <span class='ocrx_word' id='word_1_571' title='bbox 2555 3405 2791 3476; x_wconf 77' lang='lat' dir='ltr'><strong>Virgines</strong></span> <span class='ocrx_word' id='word_1_572' title='bbox 2822 3409 2960 3461; x_wconf 81' lang='lat' dir='ltr'><strong>enim</strong></span> <span class='ocrx_word' id='word_1_573' title='bbox 3001 3421 3172 3462; x_wconf 87' lang='lat' dir='ltr'><strong>castos</strong></span> <span class='ocrx_word' id='word_1_574' title='bbox 3211 3410 3334 3465; x_wconf 89' lang='lat' dir='ltr'><strong>dicit</strong></span> <span class='ocrx_word' id='word_1_575' title='bbox 3363 3422 3417 3464; x_wconf 90' lang='lat' dir='ltr'><strong>et</strong></span> 
     </span>
    </p>
   </div>
   <div class='ocr_carea' id='block_1_78' title="bbox 1873 3491 2108 3558">
    <p class='ocr_par' dir='ltr' id='par_1_78' title="bbox 1873 3491 2108 3558">
     <span class='ocr_line' id='line_1_78' title="bbox 1873 3491 2108 3558; baseline -0.004 -14"><span class='ocrx_word' id='word_1_576' title='bbox 1873 3491 2108 3558; x_wconf 87' lang='lat' dir='ltr'><strong>pudicos.</strong></span> 
     </span>
    </p>
   </div>
   <div class='ocr_carea' id='block_1_79' title="bbox 1938 3579 3411 3655">
    <p class='ocr_par' dir='ltr' id='par_1_79' title="bbox 1938 3579 3411 3655">
     <span class='ocr_line' id='line_1_79' title="bbox 1938 3579 3411 3655; baseline 0.006 -22"><span class='ocrx_word' id='word_1_577' title='bbox 1938 3579 2010 3633; x_wconf 75' lang='lat' dir='ltr'><strong>Et</strong></span> <span class='ocrx_word' id='word_1_578' title='bbox 2041 3581 2150 3632; x_wconf 71' lang='lat' dir='ltr'><strong>uidi</strong></span> <span class='ocrx_word' id='word_1_579' title='bbox 2173 3584 2383 3636; x_wconf 80' lang='lat' dir='ltr'><strong>alter-um</strong></span> <span class='ocrx_word' id='word_1_580' title='bbox 2414 3585 2643 3654; x_wconf 75' lang='lat' dir='ltr'><strong>angelum</strong></span> <span class='ocrx_word' id='word_1_581' title='bbox 2682 3585 2926 3640; x_wconf 78' lang='lat' dir='ltr'><strong>volantem</strong></span> <span class='ocrx_word' id='word_1_582' title='bbox 2957 3603 3042 3655; x_wconf 83' lang='lat' dir='ltr'><strong>per</strong></span> <span class='ocrx_word' id='word_1_583' title='bbox 3069 3602 3289 3640; x_wconf 82' lang='lat' dir='ltr'><strong>meatum</strong></span> <span class='ocrx_word' id='word_1_584' title='bbox 3312 3602 3411 3642; x_wconf 69' lang='lat' dir='ltr'><strong>cat-</strong></span> 
     </span>
    </p>
   </div>
   <div class='ocr_carea' id='block_1_80' title="bbox 1864 3670 3413 3744">
    <p class='ocr_par' dir='ltr' id='par_1_80' title="bbox 1864 3670 3413 3744">
     <span class='ocr_line' id='line_1_80' title="bbox 1864 3670 3413 3744; baseline 0.007 -23"><span class='ocrx_word' id='word_1_585' title='bbox 1864 3671 1978 3722; x_wconf 87' lang='lat' dir='ltr'><strong>lunt</strong></span> <span class='ocrx_word' id='word_1_586' title='bbox 1998 3712 2011 3737; x_wconf 91' lang='lat'><strong>,</strong></span> <span class='ocrx_word' id='word_1_587' title='bbox 2045 3670 2300 3726; x_wconf 73' lang='lat' dir='ltr'><strong>habentem</strong></span> <span class='ocrx_word' id='word_1_588' title='bbox 2332 3676 2640 3744; x_wconf 86' lang='lat' dir='ltr'><strong>evangelium</strong></span> <span class='ocrx_word' id='word_1_589' title='bbox 2665 3690 2925 3730; x_wconf 72' lang='lat' dir='ltr'><strong>aeternum.</strong></span> <span class='ocrx_word' id='word_1_590' title='bbox 2959 3678 3213 3741; x_wconf 73' lang='lat' dir='ltr'><strong>Quoniam</strong></span> <span class='ocrx_word' id='word_1_591' title='bbox 3242 3679 3413 3732; x_wconf 82' lang='lat' dir='ltr'><strong>ceclc-</strong></span> 
     </span>
    </p>
   </div>
   <div class='ocr_carea' id='block_1_81' title="bbox 1871 3761 3416 3835">
    <p class='ocr_par' dir='ltr' id='par_1_81' title="bbox 1871 3761 3416 3835">
     <span class='ocr_line' id='line_1_81' title="bbox 1871 3761 3416 3835; baseline 0.005 -24"><span class='ocrx_word' id='word_1_592' title='bbox 1871 3763 1962 3812; x_wconf 68' lang='lat' dir='ltr'><strong>site</strong></span> <span class='ocrx_word' id='word_1_593' title='bbox 2009 3761 2396 3828; x_wconf 84' lang='lat' dir='ltr'><strong>peregrinantis</strong></span> <span class='ocrx_word' id='word_1_594' title='bbox 2445 3768 2495 3816; x_wconf 89' lang='lat' dir='ltr'><strong>in</strong></span> <span class='ocrx_word' id='word_1_595' title='bbox 2553 3768 2744 3817; x_wconf 73' lang='lat' dir='ltr'><strong>steculo</strong></span> <span class='ocrx_word' id='word_1_596' title='bbox 2789 3767 3068 3832; x_wconf 75' lang='lat' dir='ltr'><strong>ancipitem</strong></span> <span class='ocrx_word' id='word_1_597' title='bbox 3115 3769 3416 3835; x_wconf 83' lang='lat' dir='ltr'><strong>variamque</strong></span> 
     </span>
    </p>
   </div>
   <div class='ocr_carea' id='block_1_82' title="bbox 1867 3851 3414 3927">
    <p class='ocr_par' dir='ltr' id='par_1_82' title="bbox 1867 3851 3414 3927">
     <span class='ocr_line' id='line_1_82' title="bbox 1867 3851 3414 3927; baseline 0.006 -24"><span class='ocrx_word' id='word_1_598' title='bbox 1867 3863 1987 3903; x_wconf 89' lang='lat' dir='ltr'><strong>cum</strong></span> <span class='ocrx_word' id='word_1_599' title='bbox 2019 3851 2248 3905; x_wconf 84' lang='lat' dir='ltr'><strong>dracone</strong></span> <span class='ocrx_word' id='word_1_600' title='bbox 2293 3867 2533 3920; x_wconf 79' lang='lat' dir='ltr'><strong>pugnam</strong></span> <span class='ocrx_word' id='word_1_601' title='bbox 2566 3855 2953 3920; x_wconf 86' lang='lat' dir='ltr'><strong>descripserat,</strong></span> <span class='ocrx_word' id='word_1_602' title='bbox 3004 3867 3162 3910; x_wconf 90' lang='lat' dir='ltr'><strong>restat</strong></span> <span class='ocrx_word' id='word_1_603' title='bbox 3210 3860 3414 3927; x_wconf 85' lang='lat' dir='ltr'><strong>utrique</strong></span> 
     </span>
    </p>
   </div>
   <div class='ocr_carea' id='block_1_83' title="bbox 1872 3939 3416 4014">
    <p class='ocr_par' dir='ltr' id='par_1_83' title="bbox 1872 3939 3416 4014">
     <span class='ocr_line' id='line_1_83' title="bbox 1872 3939 3416 4014; baseline 0.005 -24"><span class='ocrx_word' id='word_1_604' title='bbox 1872 3940 2069 3993; x_wconf 71' lang='lat' dir='ltr'><strong>militia:</strong></span> <span class='ocrx_word' id='word_1_605' title='bbox 2098 3939 2306 4009; x_wconf 88' lang='lat' dir='ltr'><strong>dignam</strong></span> <span class='ocrx_word' id='word_1_606' title='bbox 2336 3943 2624 4009; x_wconf 87' lang='lat' dir='ltr'><strong>rependere</strong></span> <span class='ocrx_word' id='word_1_607' title='bbox 2647 3944 3036 4008; x_wconf 87' lang='lat' dir='ltr'><strong>tnercedem,et</strong></span> <span class='ocrx_word' id='word_1_608' title='bbox 3061 3962 3176 4014; x_wconf 67' lang='lat' dir='ltr'><strong>quae</strong></span> <span class='ocrx_word' id='word_1_609' title='bbox 3194 3947 3274 3999; x_wconf 75' lang='lat' dir='ltr'><strong>vel</strong></span> <span class='ocrx_word' id='word_1_610' title='bbox 3306 3963 3416 3999; x_wconf 85' lang='lat' dir='ltr'><strong>ma-</strong></span> 
     </span>
    </p>
   </div>
   <div class='ocr_carea' id='block_1_84' title="bbox 1872 4029 3412 4103">
    <p class='ocr_par' dir='ltr' id='par_1_84' title="bbox 1872 4029 3412 4103">
     <span class='ocr_line' id='line_1_84' title="bbox 1872 4029 3412 4103; baseline 0.006 -21"><span class='ocrx_word' id='word_1_611' title='bbox 1872 4030 1951 4082; x_wconf 91' lang='lat' dir='ltr'><strong>los</strong></span> <span class='ocrx_word' id='word_1_612' title='bbox 1982 4045 2168 4098; x_wconf 60' lang='lat' dir='ltr'><strong>plena}.</strong></span> <span class='ocrx_word' id='word_1_613' title='bbox 2203 4034 2281 4086; x_wconf 78' lang='lat' dir='ltr'><strong>vel</strong></span> <span class='ocrx_word' id='word_1_614' title='bbox 2315 4037 2526 4102; x_wconf 64' lang='lat' dir='ltr'><strong>praemia</strong></span> <span class='ocrx_word' id='word_1_615' title='bbox 2569 4029 2729 4088; x_wconf 87' lang='lat' dir='ltr'><strong>bonos</strong></span> <span class='ocrx_word' id='word_1_616' title='bbox 2777 4046 3081 4103; x_wconf 87' lang='lat' dir='ltr'><strong>sequantur,</strong></span> <span class='ocrx_word' id='word_1_617' title='bbox 3113 4038 3412 4093; x_wconf 85' lang='lat' dir='ltr'><strong>ostendere.</strong></span> 
     </span>
    </p>
   </div>
   <div class='ocr_carea' id='block_1_85' title="bbox 1865 4115 3409 4201">
    <p class='ocr_par' dir='ltr' id='par_1_85' title="bbox 1865 4115 3409 4201">
     <span class='ocr_line' id='line_1_85' title="bbox 1865 4115 3409 4201; baseline 0.006 -31"><span class='ocrx_word' id='word_1_618' title='bbox 1865 4115 2189 4173; x_wconf 68' lang='lat' dir='ltr'><strong>Praedicator</strong></span> <span class='ocrx_word' id='word_1_619' title='bbox 2207 4135 2489 4201; x_wconf 42' lang='lat' dir='ltr'><strong>-ergo,.per</strong></span> <span class='ocrx_word' id='word_1_620' title='bbox 2521 4125 2746 4176; x_wconf 89' lang='lat' dir='ltr'><strong>mediam</strong></span> <span class='ocrx_word' id='word_1_621' title='bbox 2776 4125 3074 4180; x_wconf 82' lang='lat' dir='ltr'><strong>discurrens</strong></span> <span class='ocrx_word' id='word_1_622' title='bbox 3105 4127 3409 4195; x_wconf 84' lang='lat' dir='ltr'><strong>Ecclesiam,</strong></span> 
     </span>
    </p>
   </div>
   <div class='ocr_carea' id='block_1_86' title="bbox 1874 4211 2835 4282">
    <p class='ocr_par' dir='ltr' id='par_1_86' title="bbox 1874 4211 2835 4282">
     <span class='ocr_line' id='line_1_86' title="bbox 1874 4211 2835 4282; baseline 0.006 -18"><span class='ocrx_word' id='word_1_623' title='bbox 1874 4211 2214 4281; x_wconf 82' lang='lat' dir='ltr'><strong>Evangelium</strong></span> <span class='ocrx_word' id='word_1_624' title='bbox 2246 4215 2391 4282; x_wconf 86' lang='lat' dir='ltr'><strong>regni</strong></span> <span class='ocrx_word' id='word_1_625' title='bbox 2424 4225 2594 4282; x_wconf 88' lang='lat' dir='ltr'><strong>portat</strong></span> <span class='ocrx_word' id='word_1_626' title='bbox 2632 4219 2835 4270; x_wconf 68' lang='lat' dir='ltr'><strong>interni.</strong></span> 
     </span>
    </p>
   </div>
   <div class='ocr_carea' id='block_1_87' title="bbox 1945 4303 3413 4377">
    <p class='ocr_par' dir='ltr' id='par_1_87' title="bbox 1945 4303 3413 4377">
     <span class='ocr_line' id='line_1_87' title="bbox 1945 4303 3413 4377; baseline 0.005 -20"><span class='ocrx_word' id='word_1_627' title='bbox 1945 4303 2009 4357; x_wconf 90' lang='lat' dir='ltr'><strong>Ut</strong></span> <span class='ocrx_word' id='word_1_628' title='bbox 2029 4307 2392 4374; x_wconf 79' lang='lat' dir='ltr'><strong>erangelizaret</strong></span> <span class='ocrx_word' id='word_1_629' title='bbox 2432 4307 2714 4359; x_wconf 83' lang='lat' dir='ltr'><strong>sedentibus</strong></span> <span class='ocrx_word' id='word_1_630' title='bbox 2735 4325 2882 4377; x_wconf 78' lang='lat' dir='ltr'><strong>super</strong></span> <span class='ocrx_word' id='word_1_631' title='bbox 2928 4319 3127 4362; x_wconf 78' lang='lat' dir='ltr'><strong>terram.</strong></span> <span class='ocrx_word' id='word_1_632' title='bbox 3161 4312 3413 4364; x_wconf 87' lang='lat' dir='ltr'><strong>Convenit</strong></span> 
     </span>
    </p>
   </div>
   <div class='ocr_carea' id='block_1_88' title="bbox 1873 4396 3410 4471">
    <p class='ocr_par' dir='ltr' id='par_1_88' title="bbox 1873 4396 3410 4471">
     <span class='ocr_line' id='line_1_88' title="bbox 1873 4396 3410 4471; baseline 0.005 -21"><span class='ocrx_word' id='word_1_633' title='bbox 1873 4409 1964 4450; x_wconf 89' lang='lat' dir='ltr'><strong>cos</strong></span> <span class='ocrx_word' id='word_1_634' title='bbox 1991 4396 2080 4464; x_wconf 90' lang='lat' dir='ltr'><strong>qui</strong></span> <span class='ocrx_word' id='word_1_635' title='bbox 2110 4398 2308 4451; x_wconf 62' lang='lat' dir='ltr'><strong>caelesti</strong></span> <span class='ocrx_word' id='word_1_636' title='bbox 2344 4399 2653 4450; x_wconf 86' lang='lat' dir='ltr'><strong>attolluntur</strong></span> <span class='ocrx_word' id='word_1_637' title='bbox 2683 4414 2711 4450; x_wconf 85' lang='grc' dir='ltr'>ν</span> <span class='ocrx_word' id='word_1_638' title='bbox 2734 4398 2855 4451; x_wconf 66' lang='lat' dir='ltr'><strong>ilatu</strong></span> <span class='ocrx_word' id='word_1_639' title='bbox 2879 4440 2892 4460; x_wconf 87' lang='lat'><strong>,</strong></span> <span class='ocrx_word' id='word_1_640' title='bbox 2940 4410 3170 4453; x_wconf 87' lang='lat' dir='ltr'><strong>terrenas</strong></span> <span class='ocrx_word' id='word_1_641' title='bbox 3203 4417 3410 4471; x_wconf 83' lang='lat' dir='ltr'><strong>quoque</strong></span> 
     </span>
    </p>
   </div>
   <div class='ocr_carea' id='block_1_89' title="bbox 1873 4489 3267 4557">
    <p class='ocr_par' dir='ltr' id='par_1_89' title="bbox 1873 4489 3267 4557">
     <span class='ocr_line' id='line_1_89' title="bbox 1873 4489 3267 4557; baseline 0.004 -17"><span class='ocrx_word' id='word_1_642' title='bbox 1873 4499 2074 4557; x_wconf 83' lang='lat' dir='ltr'><strong>mentes</strong></span> <span class='ocrx_word' id='word_1_643' title='bbox 2105 4491 2176 4542; x_wconf 85' lang='lat' dir='ltr'><strong>de</strong></span> <span class='ocrx_word' id='word_1_644' title='bbox 2196 4489 2320 4543; x_wconf 89' lang='lat' dir='ltr'><strong>sede</strong></span> <span class='ocrx_word' id='word_1_645' title='bbox 2347 4490 2429 4542; x_wconf 84' lang='lat' dir='ltr'><strong>sui</strong></span> <span class='ocrx_word' id='word_1_646' title='bbox 2452 4490 2682 4557; x_wconf 88' lang='lat' dir='ltr'><strong>torporis</strong></span> <span class='ocrx_word' id='word_1_647' title='bbox 2716 4491 3043 4556; x_wconf 69' lang='lat' dir='ltr'><strong>prtcdicando</strong></span> <span class='ocrx_word' id='word_1_648' title='bbox 3075 4492 3267 4545; x_wconf 81' lang='lat' dir='ltr'><strong>lerare.</strong></span> 
     </span>
    </p>
   </div>
   <div class='ocr_carea' id='block_1_90' title="bbox 195 4574 3411 4672">
    <p class='ocr_par' dir='ltr' id='par_1_90' title="bbox 195 4574 3411 4672">
     <span class='ocr_line' id='line_1_90' title="bbox 195 4574 3411 4672; baseline 0.002 -46"><span class='ocrx_word' id='word_1_649' title='bbox 195 4583 435 4643; x_wconf 68' lang='lat' dir='ltr'><strong>petitum</strong></span> <span class='ocrx_word' id='word_1_650' title='bbox 483 4588 594 4642; x_wconf 68' lang='lat' dir='ltr'><strong>pra:</strong></span> <span class='ocrx_word' id='word_1_651' title='bbox 634 4583 843 4626; x_wconf 52' lang='lat' dir='ltr'><strong>cunctis</strong></span> <span class='ocrx_word' id='word_1_652' title='bbox 891 4574 1132 4628; x_wconf 76' lang='lat' dir='ltr'><strong>ﬁdelibus</strong></span> <span class='ocrx_word' id='word_1_653' title='bbox 1181 4575 1340 4628; x_wconf 84' lang='lat' dir='ltr'><strong>etiam</strong></span> <span class='ocrx_word' id='word_1_654' title='bbox 1377 4578 1444 4631; x_wconf 87' lang='lat' dir='ltr'><strong>de</strong></span> <span class='ocrx_word' id='word_1_655' title='bbox 1468 4580 1642 4633; x_wconf 82' lang='lat' dir='ltr'><strong>carnis</strong></span> <span class='ocrx_word' id='word_1_656' title='bbox 1687 4581 1767 4634; x_wconf 90' lang='lat' dir='ltr'><strong>iu-</strong></span> <span class='ocrx_word' id='word_1_657' title='bbox 1797 4613 1846 4672; x_wconf 63' lang='grc' dir='ltr'><strong><em>υ</em></strong></span> <span class='ocrx_word' id='word_1_658' title='bbox 1943 4576 2008 4629; x_wconf 84' lang='lat' dir='ltr'><strong>Et</strong></span> <span class='ocrx_word' id='word_1_659' title='bbox 2032 4594 2179 4644; x_wconf 73' lang='lat' dir='ltr'><strong>super</strong></span> <span class='ocrx_word' id='word_1_660' title='bbox 2217 4594 2410 4631; x_wconf 68' lang='lat' dir='ltr'><strong>munem</strong></span> <span class='ocrx_word' id='word_1_661' title='bbox 2434 4589 2643 4645; x_wconf 82' lang='lat' dir='ltr'><strong>gentem,</strong></span> <span class='ocrx_word' id='word_1_662' title='bbox 2667 4588 2770 4629; x_wconf 93' lang='lat' dir='ltr'><strong>etc.</strong></span> <span class='ocrx_word' id='word_1_663' title='bbox 2806 4577 3198 4641; x_wconf 75' lang='lat' dir='ltr'><strong>l’r.edicabitur,</strong></span> <span class='ocrx_word' id='word_1_664' title='bbox 3227 4579 3411 4645; x_wconf 88' lang='lat' dir='ltr'><strong>inquit,</strong></span> 
     </span>
    </p>
   </div>
   <div class='ocr_carea' id='block_1_91' title="bbox 193 4662 1761 4730">
    <p class='ocr_par' dir='ltr' id='par_1_91' title="bbox 193 4662 1761 4730">
     <span class='ocr_line' id='line_1_91' title="bbox 193 4662 1761 4730; baseline 0.003 -13"><span class='ocrx_word' id='word_1_665' title='bbox 193 4662 559 4727; x_wconf 85' lang='lat' dir='ltr'><strong>corruptione</strong></span> <span class='ocrx_word' id='word_1_666' title='bbox 588 4662 836 4730; x_wconf 77' lang='lat' dir='ltr'><strong>gaudere.</strong></span> <span class='ocrx_word' id='word_1_667' title='bbox 867 4662 1015 4726; x_wconf 79' lang='lat' dir='ltr'><strong>Quod</strong></span> <span class='ocrx_word' id='word_1_668' title='bbox 1050 4671 1223 4716; x_wconf 90' lang='lat' dir='ltr'><strong>tamen</strong></span> <span class='ocrx_word' id='word_1_669' title='bbox 1255 4662 1406 4717; x_wconf 83' lang='lat' dir='ltr'><strong>electi</strong></span> <span class='ocrx_word' id='word_1_670' title='bbox 1432 4668 1609 4720; x_wconf 65' lang='lat' dir='ltr'><strong>ceteri</strong></span> <span class='ocrx_word' id='word_1_671' title='bbox 1638 4683 1761 4722; x_wconf 82' lang='lat' dir='ltr'><strong>can-</strong></span> 
     </span>
    </p>
   </div>
   <div class='ocr_carea' id='block_1_92' title="bbox 199 4751 1762 4826">
    <p class='ocr_par' dir='ltr' id='par_1_92' title="bbox 199 4751 1762 4826">
     <span class='ocr_line' id='line_1_92' title="bbox 199 4751 1762 4826; baseline 0.003 -20"><span class='ocrx_word' id='word_1_672' title='bbox 199 4759 381 4806; x_wconf 80' lang='lat' dir='ltr'><strong>ticum</strong></span> <span class='ocrx_word' id='word_1_673' title='bbox 428 4751 611 4805; x_wconf 86' lang='lat' dir='ltr'><strong>audire</strong></span> <span class='ocrx_word' id='word_1_674' title='bbox 656 4761 890 4817; x_wconf 79' lang='lat' dir='ltr'><strong>possunt,</strong></span> <span class='ocrx_word' id='word_1_675' title='bbox 940 4751 1063 4806; x_wconf 83' lang='lat' dir='ltr'><strong>licet</strong></span> <span class='ocrx_word' id='word_1_676' title='bbox 1106 4751 1280 4806; x_wconf 90' lang='lat' dir='ltr'><strong>dicere</strong></span> <span class='ocrx_word' id='word_1_677' title='bbox 1327 4766 1614 4821; x_wconf 86' lang='lat' dir='ltr'><strong>nequeunt,</strong></span> <span class='ocrx_word' id='word_1_678' title='bbox 1644 4760 1762 4826; x_wconf 86' lang='lat' dir='ltr'><strong>quia</strong></span> 
     </span>
    </p>
   </div>
   <div class='ocr_carea' id='block_1_93' title="bbox 190 4839 1764 4909">
    <p class='ocr_par' dir='ltr' id='par_1_93' title="bbox 190 4839 1764 4909">
     <span class='ocr_line' id='line_1_93' title="bbox 190 4839 1764 4909; baseline 0.006 -17"><span class='ocrx_word' id='word_1_679' title='bbox 190 4855 307 4909; x_wconf 71' lang='lat' dir='ltr'><strong>per</strong></span> <span class='ocrx_word' id='word_1_680' title='bbox 348 4839 666 4892; x_wconf 82' lang='lat' dir='ltr'><strong>charitatem</strong></span> <span class='ocrx_word' id='word_1_681' title='bbox 710 4841 922 4908; x_wconf 88' lang='lat' dir='ltr'><strong>quidem</strong></span> <span class='ocrx_word' id='word_1_682' title='bbox 954 4841 1020 4894; x_wconf 88' lang='lat' dir='ltr'><strong>de</strong></span> <span class='ocrx_word' id='word_1_683' title='bbox 1049 4841 1256 4895; x_wconf 83' lang='lat' dir='ltr'><strong>illorum</strong></span> <span class='ocrx_word' id='word_1_684' title='bbox 1306 4844 1616 4898; x_wconf 87' lang='lat' dir='ltr'><strong>celsitudine</strong></span> <span class='ocrx_word' id='word_1_685' title='bbox 1663 4848 1764 4901; x_wconf 71' lang='lat' dir='ltr'><strong>lazti</strong></span> 
     </span>
    </p>
   </div>
   <div class='ocr_carea' id='block_1_94' title="bbox 193 4932 1648 5003">
    <p class='ocr_par' dir='ltr' id='par_1_94' title="bbox 193 4932 1648 5003">
     <span class='ocr_line' id='line_1_94' title="bbox 193 4932 1648 5003; baseline 0.003 -18"><span class='ocrx_word' id='word_1_686' title='bbox 193 4939 359 4991; x_wconf 84' lang='lat' dir='ltr'><strong>sunt,</strong></span> <span class='ocrx_word' id='word_1_687' title='bbox 397 4934 635 4997; x_wconf 83' lang='lat' dir='ltr'><strong>quamvis</strong></span> <span class='ocrx_word' id='word_1_688' title='bbox 661 4932 723 4984; x_wconf 87' lang='lat' dir='ltr'><strong>ad</strong></span> <span class='ocrx_word' id='word_1_689' title='bbox 753 4947 932 4986; x_wconf 88' lang='lat' dir='ltr'><strong>eorum</strong></span> <span class='ocrx_word' id='word_1_690' title='bbox 970 4934 1182 5000; x_wconf 73' lang='lat' dir='ltr'><strong>praemia</strong></span> <span class='ocrx_word' id='word_1_691' title='bbox 1210 4949 1315 4987; x_wconf 86' lang='lat' dir='ltr'><strong>non</strong></span> <span class='ocrx_word' id='word_1_692' title='bbox 1350 4944 1648 5003; x_wconf 73' lang='lat' dir='ltr'><strong>assurgunt.</strong></span> 
     </span>
    </p>
   </div>
   <div class='ocr_carea' id='block_1_95' title="bbox 287 5019 1766 5091">
    <p class='ocr_par' dir='ltr' id='par_1_95' title="bbox 287 5019 1766 5091">
     <span class='ocr_line' id='line_1_95' title="bbox 287 5019 1766 5091; baseline 0.005 -20"><span class='ocrx_word' id='word_1_693' title='bbox 287 5019 537 5088; x_wconf 74' lang='lat' dir='ltr'><strong>Virgines</strong></span> <span class='ocrx_word' id='word_1_694' title='bbox 561 5023 693 5074; x_wconf 81' lang='lat' dir='ltr'><strong>enim</strong></span> <span class='ocrx_word' id='word_1_695' title='bbox 719 5033 857 5085; x_wconf 83' lang='lat' dir='ltr'><strong>sunt,</strong></span> <span class='ocrx_word' id='word_1_696' title='bbox 888 5029 991 5076; x_wconf 86' lang='lat' dir='ltr'><strong>etc.</strong></span> <span class='ocrx_word' id='word_1_697' title='bbox 1023 5022 1143 5077; x_wconf 70' lang='lat' dir='ltr'><strong>Haec</strong></span> <span class='ocrx_word' id='word_1_698' title='bbox 1184 5025 1397 5091; x_wconf 82' lang='lat' dir='ltr'><strong>pulchre</strong></span> <span class='ocrx_word' id='word_1_699' title='bbox 1445 5029 1622 5078; x_wconf 80' lang='lat' dir='ltr'><strong>beatus</strong></span> <span class='ocrx_word' id='word_1_700' title='bbox 1661 5026 1766 5079; x_wconf 78' lang='lat' dir='ltr'><strong>Au-</strong></span> 
     </span>
    </p>
   </div>
   <div class='ocr_carea' id='block_1_96' title="bbox 196 5113 1762 5185">
    <p class='ocr_par' dir='ltr' id='par_1_96' title="bbox 196 5113 1762 5185">
     <span class='ocr_line' id='line_1_96' title="bbox 196 5113 1762 5185; baseline 0.001 -19"><span class='ocrx_word' id='word_1_701' title='bbox 196 5115 467 5185; x_wconf 75' lang='lat' dir='ltr'><strong>gustinus</strong></span> <span class='ocrx_word' id='word_1_702' title='bbox 511 5114 741 5179; x_wconf 71' lang='lat' dir='ltr'><strong>Virgines</strong></span> <span class='ocrx_word' id='word_1_703' title='bbox 790 5113 1122 5167; x_wconf 87' lang='lat' dir='ltr'><strong>admonendo</strong></span> <span class='ocrx_word' id='word_1_704' title='bbox 1170 5116 1430 5182; x_wconf 79' lang='lat' dir='ltr'><strong>exposuit.</strong></span> <span class='ocrx_word' id='word_1_705' title='bbox 1488 5134 1505 5166; x_wconf 87' lang='grc'><strong><em>‹</em></strong></span> <span class='ocrx_word' id='word_1_706' title='bbox 1539 5116 1762 5183; x_wconf 87' lang='lat' dir='ltr'><strong>Pergite,</strong></span> 
     </span>
    </p>
   </div>
   <div class='ocr_carea' id='block_1_97' title="bbox 195 5200 1767 5274">
    <p class='ocr_par' dir='ltr' id='par_1_97' title="bbox 195 5200 1767 5274">
     <span class='ocr_line' id='line_1_97' title="bbox 195 5200 1767 5274; baseline -0.002 -14"><span class='ocrx_word' id='word_1_707' title='bbox 195 5205 488 5274; x_wconf 84' lang='lat' dir='ltr'><strong>inquiens.</strong></span> <span class='ocrx_word' id='word_1_708' title='bbox 519 5201 687 5254; x_wconf 79' lang='lat' dir='ltr'><strong>sancti</strong></span> <span class='ocrx_word' id='word_1_709' title='bbox 719 5200 813 5255; x_wconf 84' lang='lat' dir='ltr'><strong>Dei</strong></span> <span class='ocrx_word' id='word_1_710' title='bbox 841 5204 982 5270; x_wconf 88' lang='lat' dir='ltr'><strong>pueri</strong></span> <span class='ocrx_word' id='word_1_711' title='bbox 1011 5213 1065 5257; x_wconf 87' lang='lat' dir='ltr'><strong>et</strong></span> <span class='ocrx_word' id='word_1_712' title='bbox 1088 5205 1296 5272; x_wconf 57' lang='lat' dir='ltr'><strong>puellm,</strong></span> <span class='ocrx_word' id='word_1_713' title='bbox 1325 5218 1498 5257; x_wconf 88' lang='lat' dir='ltr'><strong>mares</strong></span> <span class='ocrx_word' id='word_1_714' title='bbox 1530 5219 1592 5256; x_wconf 91' lang='lat' dir='ltr'><strong>ac</strong></span> <span class='ocrx_word' id='word_1_715' title='bbox 1621 5205 1767 5258; x_wconf 71' lang='lat' dir='ltr'><strong>leuti-</strong></span> 
     </span>
    </p>
   </div>
   <div class='ocr_carea' id='block_1_98' title="bbox 195 5291 1763 5363">
    <p class='ocr_par' dir='ltr' id='par_1_98' title="bbox 195 5291 1763 5363">
     <span class='ocr_line' id='line_1_98' title="bbox 195 5291 1763 5363; baseline -0.002 -14"><span class='ocrx_word' id='word_1_716' title='bbox 195 5313 318 5360; x_wconf 62' lang='lat' dir='ltr'><strong>sus},</strong></span> <span class='ocrx_word' id='word_1_717' title='bbox 371 5291 572 5346; x_wconf 80' lang='lat' dir='ltr'><strong>celibes</strong></span> <span class='ocrx_word' id='word_1_718' title='bbox 618 5301 669 5344; x_wconf 88' lang='lat' dir='ltr'><strong>et</strong></span> <span class='ocrx_word' id='word_1_719' title='bbox 726 5292 976 5359; x_wconf 74' lang='lat' dir='ltr'><strong>innuptae,</strong></span> <span class='ocrx_word' id='word_1_720' title='bbox 1029 5296 1225 5363; x_wconf 76' lang='lat' dir='ltr'><strong>pergite</strong></span> <span class='ocrx_word' id='word_1_721' title='bbox 1270 5306 1671 5362; x_wconf 77' lang='lat' dir='ltr'><strong>perseveranter</strong></span> <span class='ocrx_word' id='word_1_722' title='bbox 1713 5295 1763 5347; x_wconf 91' lang='lat' dir='ltr'><strong>in</strong></span> 
     </span>
    </p>
   </div>
   <div class='ocr_carea' id='block_1_99' title="bbox 196 5381 1766 5454">
    <p class='ocr_par' dir='ltr' id='par_1_99' title="bbox 196 5381 1766 5454">
     <span class='ocr_line' id='line_1_99' title="bbox 196 5381 1766 5454; baseline -0.001 -13"><span class='ocrx_word' id='word_1_723' title='bbox 196 5381 680 5441; x_wconf 81' lang='lat' dir='ltr'><strong>ﬁnem.&#39;Laudate</strong></span> <span class='ocrx_word' id='word_1_724' title='bbox 732 5382 1004 5439; x_wconf 83' lang='lat' dir='ltr'><strong>Dominum</strong></span> <span class='ocrx_word' id='word_1_725' title='bbox 1050 5387 1271 5446; x_wconf 87' lang='lat' dir='ltr'><strong>dulcius.</strong></span> <span class='ocrx_word' id='word_1_726' title='bbox 1327 5401 1483 5453; x_wconf 84' lang='lat' dir='ltr'><strong>quem</strong></span> <span class='ocrx_word' id='word_1_727' title='bbox 1528 5387 1766 5454; x_wconf 84' lang='lat' dir='ltr'><strong>cngitatis</strong></span> 
     </span>
    </p>
   </div>
   <div class='ocr_carea' id='block_1_100' title="bbox 195 5455 1761 5543">
    <p class='ocr_par' dir='ltr' id='par_1_100' title="bbox 195 5455 1761 5543">
     <span class='ocr_line' id='line_1_100' title="bbox 195 5455 1761 5543; baseline 0 -12"><span class='ocrx_word' id='word_1_728' title='bbox 195 5477 458 5531; x_wconf 85' lang='lat' dir='ltr'><strong>uberius.</strong></span> <span class='ocrx_word' id='word_1_729' title='bbox 507 5476 728 5543; x_wconf 87' lang='lat' dir='ltr'><strong>Sperate</strong></span> <span class='ocrx_word' id='word_1_730' title='bbox 781 5475 1021 5539; x_wconf 75' lang='lat' dir='ltr'><strong>felicius,</strong></span> <span class='ocrx_word' id='word_1_731' title='bbox 1071 5478 1154 5530; x_wconf 88' lang='lat' dir='ltr'><strong>cui</strong></span> <span class='ocrx_word' id='word_1_732' title='bbox 1211 5478 1421 5530; x_wconf 83' lang='lat' dir='ltr'><strong>servitis</strong></span> <span class='ocrx_word' id='word_1_733' title='bbox 1455 5455 1761 5531; x_wconf 53' lang='lat' dir='ltr'><strong>Iinstaulius.</strong></span> 
     </span>
    </p>
   </div>
   <div class='ocr_carea' id='block_1_101' title="bbox 201 5566 1766 5632">
    <p class='ocr_par' dir='ltr' id='par_1_101' title="bbox 201 5566 1766 5632">
     <span class='ocr_line' id='line_1_101' title="bbox 201 5566 1766 5632; baseline 0 -12"><span class='ocrx_word' id='word_1_734' title='bbox 201 5574 414 5620; x_wconf 75' lang='lat' dir='ltr'><strong>Arnate</strong></span> <span class='ocrx_word' id='word_1_735' title='bbox 460 5566 777 5630; x_wconf 78' lang='lat' dir='ltr'><strong>ardentius,</strong></span> <span class='ocrx_word' id='word_1_736' title='bbox 822 5566 904 5618; x_wconf 88' lang='lat' dir='ltr'><strong>cui</strong></span> <span class='ocrx_word' id='word_1_737' title='bbox 956 5567 1178 5632; x_wconf 84' lang='lat' dir='ltr'><strong>placetis</strong></span> <span class='ocrx_word' id='word_1_738' title='bbox 1230 5569 1497 5621; x_wconf 74' lang='lat' dir='ltr'><strong>attentius.</strong></span> <span class='ocrx_word' id='word_1_739' title='bbox 1556 5567 1766 5620; x_wconf 79' lang='lat' dir='ltr'><strong>Lumbis</strong></span> 
     </span>
    </p>
   </div>
   <div class='ocr_carea' id='block_1_102' title="bbox 192 5655 1768 5725">
    <p class='ocr_par' dir='ltr' id='par_1_102' title="bbox 192 5655 1768 5725">
     <span class='ocr_line' id='line_1_102' title="bbox 192 5655 1768 5725; baseline -0.003 -13"><span class='ocrx_word' id='word_1_740' title='bbox 192 5655 469 5712; x_wconf 82' lang='lat' dir='ltr'><strong>accinctis</strong></span> <span class='ocrx_word' id='word_1_741' title='bbox 515 5667 572 5708; x_wconf 86' lang='lat' dir='ltr'><strong>et</strong></span> <span class='ocrx_word' id='word_1_742' title='bbox 618 5656 847 5710; x_wconf 79' lang='lat' dir='ltr'><strong>lucernis</strong></span> <span class='ocrx_word' id='word_1_743' title='bbox 895 5656 1197 5709; x_wconf 85' lang='lat' dir='ltr'><strong>ardentibus</strong></span> <span class='ocrx_word' id='word_1_744' title='bbox 1242 5667 1545 5725; x_wconf 76' lang='lat' dir='ltr'><strong>exspectate</strong></span> <span class='ocrx_word' id='word_1_745' title='bbox 1597 5658 1768 5708; x_wconf 73' lang='grc' dir='ltr'><strong>υυηιί-</strong></span> 
     </span>
    </p>
   </div>
   <div class='ocr_carea' id='block_1_103' title="bbox 194 5745 1768 5813">
    <p class='ocr_par' dir='ltr' id='par_1_103' title="bbox 194 5745 1768 5813">
     <span class='ocr_line' id='line_1_103' title="bbox 194 5745 1768 5813; baseline -0.001 -10"><span class='ocrx_word' id='word_1_746' title='bbox 194 5764 369 5810; x_wconf 83' lang='lat' dir='ltr'><strong>nnut,</strong></span> <span class='ocrx_word' id='word_1_747' title='bbox 421 5745 641 5812; x_wconf 86' lang='lat' dir='ltr'><strong>quando</strong></span> <span class='ocrx_word' id='word_1_748' title='bbox 693 5750 869 5799; x_wconf 84' lang='lat' dir='ltr'><strong>veniat</strong></span> <span class='ocrx_word' id='word_1_749' title='bbox 915 5762 942 5799; x_wconf 90' lang='lat' dir='ltr'><strong>a</strong></span> <span class='ocrx_word' id='word_1_750' title='bbox 1002 5747 1211 5813; x_wconf 88' lang='lat' dir='ltr'><strong>nuptiis.</strong></span> <span class='ocrx_word' id='word_1_751' title='bbox 1267 5746 1372 5800; x_wconf 78' lang='lat' dir='ltr'><strong>Vos</strong></span> <span class='ocrx_word' id='word_1_752' title='bbox 1425 5749 1654 5800; x_wconf 77' lang='lat' dir='ltr'><strong>atl‘eretis</strong></span> <span class='ocrx_word' id='word_1_753' title='bbox 1704 5747 1768 5801; x_wconf 89' lang='lat' dir='ltr'><strong>ad</strong></span> 
     </span>
    </p>
   </div>
   <div class='ocr_carea' id='block_1_104' title="bbox 196 5835 1765 5908">
    <p class='ocr_par' dir='ltr' id='par_1_104' title="bbox 196 5835 1765 5908">
     <span class='ocr_line' id='line_1_104' title="bbox 196 5835 1765 5908; baseline -0.001 -14"><span class='ocrx_word' id='word_1_754' title='bbox 196 5839 434 5908; x_wconf 75' lang='lat' dir='ltr'><strong>nuptias</strong></span> <span class='ocrx_word' id='word_1_755' title='bbox 493 5835 621 5905; x_wconf 74' lang='lat' dir='ltr'><strong>Agni</strong></span> <span class='ocrx_word' id='word_1_756' title='bbox 667 5837 923 5891; x_wconf 85' lang='lat' dir='ltr'><strong>canticum</strong></span> <span class='ocrx_word' id='word_1_757' title='bbox 967 5853 1181 5904; x_wconf 78' lang='lat' dir='ltr'><strong>novum,</strong></span> <span class='ocrx_word' id='word_1_758' title='bbox 1218 5838 1354 5907; x_wconf 89' lang='lat' dir='ltr'><strong>quod</strong></span> <span class='ocrx_word' id='word_1_759' title='bbox 1399 5839 1674 5893; x_wconf 83' lang='lat' dir='ltr'><strong>cantabitis</strong></span> <span class='ocrx_word' id='word_1_760' title='bbox 1715 5839 1765 5892; x_wconf 93' lang='lat' dir='ltr'><strong>in</strong></span> 
     </span>
    </p>
   </div>
   <div class='ocr_carea' id='block_1_105' title="bbox 1872 4665 3410 4733">
    <p class='ocr_par' dir='ltr' id='par_1_105' title="bbox 1872 4665 3410 4733">
     <span class='ocr_line' id='line_1_105' title="bbox 1872 4665 3410 4733; baseline 0.001 -16"><span class='ocrx_word' id='word_1_761' title='bbox 1872 4665 1970 4718; x_wconf 87' lang='lat' dir='ltr'><strong>hoc</strong></span> <span class='ocrx_word' id='word_1_762' title='bbox 2000 4666 2338 4733; x_wconf 84' lang='lat' dir='ltr'><strong>Evangeliutu</strong></span> <span class='ocrx_word' id='word_1_763' title='bbox 2389 4666 2440 4717; x_wconf 87' lang='lat' dir='ltr'><strong>in</strong></span> <span class='ocrx_word' id='word_1_764' title='bbox 2491 4674 2601 4718; x_wconf 90' lang='lat' dir='ltr'><strong>toto</strong></span> <span class='ocrx_word' id='word_1_765' title='bbox 2646 4665 2793 4727; x_wconf 84' lang='lat' dir='ltr'><strong>orbe,</strong></span> <span class='ocrx_word' id='word_1_766' title='bbox 2847 4674 2900 4718; x_wconf 90' lang='lat' dir='ltr'><strong>et</strong></span> <span class='ocrx_word' id='word_1_767' title='bbox 2933 4677 3052 4716; x_wconf 89' lang='lat' dir='ltr'><strong>tunc</strong></span> <span class='ocrx_word' id='word_1_768' title='bbox 3085 4665 3253 4717; x_wconf 81' lang='lat' dir='ltr'><strong>veniet</strong></span> <span class='ocrx_word' id='word_1_769' title='bbox 3285 4681 3410 4718; x_wconf 90' lang='lat' dir='ltr'><strong>con-</strong></span> 
     </span>
    </p>
   </div>
   <div class='ocr_carea' id='block_1_106' title="bbox 1865 4756 2164 4808">
    <p class='ocr_par' dir='ltr' id='par_1_106' title="bbox 1865 4756 2164 4808">
     <span class='ocr_line' id='line_1_106' title="bbox 1865 4756 2164 4808; baseline -0.007 0"><span class='ocrx_word' id='word_1_770' title='bbox 1865 4756 2164 4808; x_wconf 74' lang='lat' dir='ltr'><strong>eumntatio.</strong></span> 
     </span>
    </p>
   </div>
   <div class='ocr_carea' id='block_1_107' title="bbox 1938 4840 3409 4906">
    <p class='ocr_par' dir='ltr' id='par_1_107' title="bbox 1938 4840 3409 4906">
     <span class='ocr_line' id='line_1_107' title="bbox 1938 4840 3409 4906; baseline -0.001 -12"><span class='ocrx_word' id='word_1_771' title='bbox 1938 4841 2127 4894; x_wconf 75' lang='lat' dir='ltr'><strong>Timete</strong></span> <span class='ocrx_word' id='word_1_772' title='bbox 2160 4841 2336 4906; x_wconf 89' lang='lat' dir='ltr'><strong>Deum,</strong></span> <span class='ocrx_word' id='word_1_773' title='bbox 2365 4851 2412 4894; x_wconf 85' lang='lat' dir='ltr'><strong>et</strong></span> <span class='ocrx_word' id='word_1_774' title='bbox 2439 4843 2551 4893; x_wconf 85' lang='lat' dir='ltr'><strong>date</strong></span> <span class='ocrx_word' id='word_1_775' title='bbox 2573 4841 2645 4893; x_wconf 87' lang='lat' dir='ltr'><strong>illi</strong></span> <span class='ocrx_word' id='word_1_776' title='bbox 2672 4843 2927 4903; x_wconf 81' lang='lat' dir='ltr'><strong>honorem,</strong></span> <span class='ocrx_word' id='word_1_777' title='bbox 2965 4849 3064 4894; x_wconf 90' lang='lat' dir='ltr'><strong>etc.</strong></span> <span class='ocrx_word' id='word_1_778' title='bbox 3098 4840 3262 4892; x_wconf 89' lang='lat' dir='ltr'><strong>Tanto</strong></span> <span class='ocrx_word' id='word_1_779' title='bbox 3289 4855 3409 4893; x_wconf 83' lang='lat' dir='ltr'><strong>rna-</strong></span> 
     </span>
    </p>
   </div>
   <div class='ocr_carea' id='block_1_108' title="bbox 1863 4932 3412 5004">
    <p class='ocr_par' dir='ltr' id='par_1_108' title="bbox 1863 4932 3412 5004">
     <span class='ocr_line' id='line_1_108' title="bbox 1863 4932 3412 5004; baseline -0.006 -15"><span class='ocrx_word' id='word_1_780' title='bbox 1863 4940 1961 5004; x_wconf 85' lang='lat' dir='ltr'><strong>gis,</strong></span> <span class='ocrx_word' id='word_1_781' title='bbox 2015 4936 2216 5003; x_wconf 86' lang='lat' dir='ltr'><strong>inquit,</strong></span> <span class='ocrx_word' id='word_1_782' title='bbox 2266 4937 2416 4988; x_wconf 81' lang='lat' dir='ltr'><strong>soluti</strong></span> <span class='ocrx_word' id='word_1_783' title='bbox 2466 4944 2654 4988; x_wconf 58' lang='lat' dir='ltr'><strong>vestras</strong></span> <span class='ocrx_word' id='word_1_784' title='bbox 2702 4932 3003 4999; x_wconf 90' lang='lat' dir='ltr'><strong>prospicite,</strong></span> <span class='ocrx_word' id='word_1_785' title='bbox 3061 4941 3256 4998; x_wconf 87' lang='lat' dir='ltr'><strong>quanto</strong></span> <span class='ocrx_word' id='word_1_786' title='bbox 3319 4947 3412 4987; x_wconf 65' lang='lat' dir='ltr'><strong>Vos</strong></span> 
     </span>
    </p>
   </div>
   <div class='ocr_carea' id='block_1_109' title="bbox 1864 5022 3415 5092">
    <p class='ocr_par' dir='ltr' id='par_1_109' title="bbox 1864 5022 3415 5092">
     <span class='ocr_line' id='line_1_109' title="bbox 1864 5022 3415 5092; baseline -0.004 -16"><span class='ocrx_word' id='word_1_787' title='bbox 1864 5026 2020 5079; x_wconf 80' lang='lat' dir='ltr'><strong>citinr</strong></span> <span class='ocrx_word' id='word_1_788' title='bbox 2049 5034 2317 5092; x_wconf 78' lang='lat' dir='ltr'><strong>exspectat</strong></span> <span class='ocrx_word' id='word_1_789' title='bbox 2352 5023 2648 5086; x_wconf 85' lang='lat' dir='ltr'><strong>retributio,</strong></span> <span class='ocrx_word' id='word_1_790' title='bbox 2678 5037 2793 5089; x_wconf 68' lang='lat' dir='ltr'><strong>qua:</strong></span> <span class='ocrx_word' id='word_1_791' title='bbox 2823 5022 2874 5073; x_wconf 91' lang='lat' dir='ltr'><strong>in</strong></span> <span class='ocrx_word' id='word_1_792' title='bbox 2924 5030 3177 5074; x_wconf 73' lang='lat' dir='ltr'><strong>aeternum</strong></span> <span class='ocrx_word' id='word_1_793' title='bbox 3220 5034 3415 5081; x_wconf 69' lang='lat' dir='ltr'><strong>muta&quot;</strong></span> 
     </span>
    </p>
   </div>
   <div class='ocr_carea' id='block_1_110' title="bbox 1868 5105 3419 5182">
    <p class='ocr_par' dir='ltr' id='par_1_110' title="bbox 1868 5105 3419 5182">
     <span class='ocr_line' id='line_1_110' title="bbox 1868 5105 3419 5182; baseline -0.001 -14"><span class='ocrx_word' id='word_1_794' title='bbox 1868 5131 1969 5168; x_wconf 87' lang='lat' dir='ltr'><strong>non</strong></span> <span class='ocrx_word' id='word_1_795' title='bbox 2001 5127 2188 5182; x_wconf 86' lang='lat' dir='ltr'><strong>potest,</strong></span> <span class='ocrx_word' id='word_1_796' title='bbox 2223 5111 2493 5167; x_wconf 83' lang='lat' dir='ltr'><strong>Dominum</strong></span> <span class='ocrx_word' id='word_1_797' title='bbox 2525 5105 2704 5165; x_wconf 90' lang='lat' dir='ltr'><strong>mundi</strong></span> <span class='ocrx_word' id='word_1_798' title='bbox 2746 5112 2992 5163; x_wconf 75' lang='lat' dir='ltr'><strong>factorem</strong></span> <span class='ocrx_word' id='word_1_799' title='bbox 3015 5151 3030 5175; x_wconf 92' lang='lat'><strong>,</strong></span> <span class='ocrx_word' id='word_1_800' title='bbox 3061 5119 3113 5164; x_wconf 86' lang='lat' dir='ltr'><strong>et</strong></span> <span class='ocrx_word' id='word_1_801' title='bbox 3151 5127 3253 5166; x_wconf 92' lang='lat' dir='ltr'><strong>non</strong></span> <span class='ocrx_word' id='word_1_802' title='bbox 3291 5126 3419 5170; x_wconf 84' lang='lat' dir='ltr'><strong>tem-</strong></span> 
     </span>
    </p>
   </div>
   <div class='ocr_carea' id='block_1_111' title="bbox 1872 5200 3056 5275">
    <p class='ocr_par' dir='ltr' id='par_1_111' title="bbox 1872 5200 3056 5275">
     <span class='ocr_line' id='line_1_111' title="bbox 1872 5200 3056 5275; baseline -0.003 -18"><span class='ocrx_word' id='word_1_803' title='bbox 1872 5207 2101 5275; x_wconf 85' lang='lat' dir='ltr'><strong>poralem</strong></span> <span class='ocrx_word' id='word_1_804' title='bbox 2135 5205 2312 5257; x_wconf 75' lang='lat' dir='ltr'><strong>bestia:</strong></span> <span class='ocrx_word' id='word_1_805' title='bbox 2335 5202 2660 5270; x_wconf 81' lang='lat' dir='ltr'><strong>tyrannidem</strong></span> <span class='ocrx_word' id='word_1_806' title='bbox 2692 5200 3056 5253; x_wconf 76' lang='lat' dir='ltr'><strong>formidantes.</strong></span> 
     </span>
    </p>
   </div>
   <div class='ocr_carea' id='block_1_112' title="bbox 1939 5291 3416 5361">
    <p class='ocr_par' dir='ltr' id='par_1_112' title="bbox 1939 5291 3416 5361">
     <span class='ocr_line' id='line_1_112' title="bbox 1939 5291 3416 5361; baseline 0.001 -13"><span class='ocrx_word' id='word_1_807' title='bbox 1939 5296 1999 5348; x_wconf 85' lang='lat' dir='ltr'><strong>Et</strong></span> <span class='ocrx_word' id='word_1_808' title='bbox 2026 5297 2153 5347; x_wconf 79' lang='lat' dir='ltr'><strong>altus</strong></span> <span class='ocrx_word' id='word_1_809' title='bbox 2173 5295 2380 5361; x_wconf 82' lang='lat' dir='ltr'><strong>angelus</strong></span> <span class='ocrx_word' id='word_1_810' title='bbox 2401 5303 2591 5345; x_wconf 83' lang='lat' dir='ltr'><strong>secutus</strong></span> <span class='ocrx_word' id='word_1_811' title='bbox 2618 5300 2708 5356; x_wconf 88' lang='lat' dir='ltr'><strong>est,</strong></span> <span class='ocrx_word' id='word_1_812' title='bbox 2739 5293 2905 5344; x_wconf 83' lang='lat' dir='ltr'><strong>dicens</strong></span> <span class='ocrx_word' id='word_1_813' title='bbox 2935 5308 2955 5345; x_wconf 80' lang='lat'><strong>.&#39;</strong></span> <span class='ocrx_word' id='word_1_814' title='bbox 2985 5291 3200 5360; x_wconf 83' lang='lat' dir='ltr'><strong>Cecidit,</strong></span> <span class='ocrx_word' id='word_1_815' title='bbox 3241 5298 3416 5350; x_wconf 80' lang='lat' dir='ltr'><strong>cecidit</strong></span> 
     </span>
    </p>
   </div>
   <div class='ocr_carea' id='block_1_113' title="bbox 1871 5381 3412 5454">
    <p class='ocr_par' dir='ltr' id='par_1_113' title="bbox 1871 5381 3412 5454">
     <span class='ocr_line' id='line_1_113' title="bbox 1871 5381 3412 5454; baseline -0.005 -16"><span class='ocrx_word' id='word_1_816' title='bbox 1871 5387 2100 5454; x_wconf 76' lang='lat' dir='ltr'><strong>Babylon</strong></span> <span class='ocrx_word' id='word_1_817' title='bbox 2131 5387 2218 5436; x_wconf 86' lang='lat' dir='ltr'><strong>illa</strong></span> <span class='ocrx_word' id='word_1_818' title='bbox 2248 5401 2449 5451; x_wconf 83' lang='lat' dir='ltr'><strong>magna.</strong></span> <span class='ocrx_word' id='word_1_819' title='bbox 2480 5382 2754 5435; x_wconf 77' lang='lat' dir='ltr'><strong>ClVilalem</strong></span> <span class='ocrx_word' id='word_1_820' title='bbox 2787 5381 2979 5436; x_wconf 83' lang='lat' dir='ltr'><strong>diaboli</strong></span> <span class='ocrx_word' id='word_1_821' title='bbox 3016 5387 3278 5438; x_wconf 78' lang='lat' dir='ltr'><strong>ruinosam</strong></span> <span class='ocrx_word' id='word_1_822' title='bbox 3308 5386 3412 5452; x_wconf 79' lang='lat' dir='ltr'><strong>jam</strong></span> 
     </span>
    </p>
   </div>
   <div class='ocr_carea' id='block_1_114' title="bbox 1868 5474 3417 5547">
    <p class='ocr_par' dir='ltr' id='par_1_114' title="bbox 1868 5474 3417 5547">
     <span class='ocr_line' id='line_1_114' title="bbox 1868 5474 3417 5547; baseline -0.002 -15"><span class='ocrx_word' id='word_1_823' title='bbox 1868 5477 2120 5532; x_wconf 88' lang='lat' dir='ltr'><strong>cecidisse</strong></span> <span class='ocrx_word' id='word_1_824' title='bbox 2163 5476 2310 5529; x_wconf 90' lang='lat' dir='ltr'><strong>dicit.</strong></span> <span class='ocrx_word' id='word_1_825' title='bbox 2369 5475 2488 5530; x_wconf 83' lang='lat' dir='ltr'><strong>Sive</strong></span> <span class='ocrx_word' id='word_1_826' title='bbox 2538 5490 2686 5528; x_wconf 92' lang='lat' dir='ltr'><strong>more</strong></span> <span class='ocrx_word' id='word_1_827' title='bbox 2736 5474 3066 5547; x_wconf 59' lang='lat' dir='ltr'><strong>Scriptura,</strong></span> <span class='ocrx_word' id='word_1_828' title='bbox 3114 5494 3228 5545; x_wconf 58' lang='lat' dir='ltr'><strong>quae.</strong></span> <span class='ocrx_word' id='word_1_829' title='bbox 3283 5480 3417 5530; x_wconf 90' lang='lat' dir='ltr'><strong>solet</strong></span> 
     </span>
    </p>
   </div>
   <div class='ocr_carea' id='block_1_115' title="bbox 1874 5566 3416 5638">
    <p class='ocr_par' dir='ltr' id='par_1_115' title="bbox 1874 5566 3416 5638">
     <span class='ocr_line' id='line_1_115' title="bbox 1874 5566 3416 5638; baseline -0.002 -15"><span class='ocrx_word' id='word_1_830' title='bbox 1874 5569 2188 5638; x_wconf 71' lang='lat' dir='ltr'><strong>praeteritum</strong></span> <span class='ocrx_word' id='word_1_831' title='bbox 2234 5584 2444 5636; x_wconf 84' lang='lat' dir='ltr'><strong>ponere,</strong></span> <span class='ocrx_word' id='word_1_832' title='bbox 2479 5567 2613 5635; x_wconf 83' lang='lat' dir='ltr'><strong>quod</strong></span> <span class='ocrx_word' id='word_1_833' title='bbox 2646 5566 2788 5617; x_wconf 82' lang='lat' dir='ltr'><strong>novit</strong></span> <span class='ocrx_word' id='word_1_834' title='bbox 2844 5569 3222 5622; x_wconf 78' lang='lat' dir='ltr'><strong>inevitabiliter</strong></span> <span class='ocrx_word' id='word_1_835' title='bbox 3248 5567 3416 5620; x_wconf 86' lang='lat' dir='ltr'><strong>adiut-</strong></span> 
     </span>
    </p>
   </div>
   <div class='ocr_carea' id='block_1_116' title="bbox 1873 5655 3413 5728">
    <p class='ocr_par' dir='ltr' id='par_1_116' title="bbox 1873 5655 3413 5728">
     <span class='ocr_line' id='line_1_116' title="bbox 1873 5655 3413 5728; baseline -0.001 -18"><span class='ocrx_word' id='word_1_836' title='bbox 1873 5659 2134 5728; x_wconf 87' lang='lat' dir='ltr'><strong>plendum.</strong></span> <span class='ocrx_word' id='word_1_837' title='bbox 2176 5657 2298 5712; x_wconf 80' lang='lat' dir='ltr'><strong>Sive</strong></span> <span class='ocrx_word' id='word_1_838' title='bbox 2328 5658 2462 5724; x_wconf 89' lang='lat' dir='ltr'><strong>quod</strong></span> <span class='ocrx_word' id='word_1_839' title='bbox 2493 5655 2704 5721; x_wconf 81' lang='lat' dir='ltr'><strong>superbi</strong></span> <span class='ocrx_word' id='word_1_840' title='bbox 2747 5674 2869 5714; x_wconf 78' lang='lat' dir='ltr'><strong>tunc</strong></span> <span class='ocrx_word' id='word_1_841' title='bbox 2898 5677 2923 5711; x_wconf 84' lang='lat' dir='ltr'><strong>a</strong></span> <span class='ocrx_word' id='word_1_842' title='bbox 2967 5661 3182 5712; x_wconf 83' lang='lat' dir='ltr'><strong>Domino</strong></span> <span class='ocrx_word' id='word_1_843' title='bbox 3206 5655 3413 5723; x_wconf 81' lang='lat' dir='ltr'><strong>dejecti,</strong></span> 
     </span>
    </p>
   </div>
   <div class='ocr_carea' id='block_1_117' title="bbox 1869 5743 3421 5816">
    <p class='ocr_par' dir='ltr' id='par_1_117' title="bbox 1869 5743 3421 5816">
     <span class='ocr_line' id='line_1_117' title="bbox 1869 5743 3421 5816; baseline 0.001 -18"><span class='ocrx_word' id='word_1_844' title='bbox 1869 5749 2076 5816; x_wconf 88' lang='lat' dir='ltr'><strong>quando</strong></span> <span class='ocrx_word' id='word_1_845' title='bbox 2113 5763 2139 5800; x_wconf 87' lang='lat' dir='ltr'><strong>a</strong></span> <span class='ocrx_word' id='word_1_846' title='bbox 2184 5746 2390 5802; x_wconf 84' lang='lat' dir='ltr'><strong>diabolo</strong></span> <span class='ocrx_word' id='word_1_847' title='bbox 2426 5756 2548 5800; x_wconf 85' lang='lat' dir='ltr'><strong>sunt</strong></span> <span class='ocrx_word' id='word_1_848' title='bbox 2592 5743 2798 5816; x_wconf 72' lang='lat' dir='ltr'><strong>inflati,</strong></span> <span class='ocrx_word' id='word_1_849' title='bbox 2853 5745 2984 5803; x_wconf 86' lang='lat' dir='ltr'><strong>sicut</strong></span> <span class='ocrx_word' id='word_1_850' title='bbox 3033 5748 3306 5801; x_wconf 81' lang='lat' dir='ltr'><strong>Psaltnista</strong></span> <span class='ocrx_word' id='word_1_851' title='bbox 3348 5748 3421 5800; x_wconf 82' lang='lat' dir='ltr'><strong>in-</strong></span> 
     </span>
    </p>
   </div>
   <div class='ocr_carea' id='block_1_118' title="bbox 1867 5837 3414 5911">
    <p class='ocr_par' dir='ltr' id='par_1_118' title="bbox 1867 5837 3414 5911">
     <span class='ocr_line' id='line_1_118' title="bbox 1867 5837 3414 5911; baseline 0.003 -21"><span class='ocrx_word' id='word_1_852' title='bbox 1867 5839 1977 5908; x_wconf 88' lang='lat' dir='ltr'><strong>quit</strong></span> <span class='ocrx_word' id='word_1_853' title='bbox 2010 5855 2021 5889; x_wconf 92' lang='lat'>:</span> <span class='ocrx_word' id='word_1_854' title='bbox 2070 5837 2305 5908; x_wconf 76' lang='lat' dir='ltr'><strong>Dejecisti</strong></span> <span class='ocrx_word' id='word_1_855' title='bbox 2344 5855 2423 5894; x_wconf 83' lang='lat' dir='ltr'><strong>eos</strong></span> <span class='ocrx_word' id='word_1_856' title='bbox 2462 5840 2577 5892; x_wconf 74' lang='lat' dir='ltr'><strong>dum</strong></span> <span class='ocrx_word' id='word_1_857' title='bbox 2622 5839 2960 5897; x_wconf 80' lang='lat' dir='ltr'><strong>aUerarentur</strong></span> <span class='ocrx_word' id='word_1_858' title='bbox 2999 5839 3183 5911; x_wconf 76' lang='lat' dir='ltr'><strong>(Psal,</strong></span> <span class='ocrx_word' id='word_1_859' title='bbox 3236 5842 3414 5901; x_wconf 74' lang='lat' dir='ltr'><strong>usu).</strong></span> 
     </span>
    </p>
   </div>
  </div>
