3934 6222
555 452 688 534 ’ίιῖδ

973 478 1204 556 ruente
1247 461 1682 534 vascosanus
1719 477 1871 530 ore.
1913 474 2084 529 rans
2112 472 2410 530 usam.
2447 473 2482 524 I.
2511 500 2572 510 —
2617 466 2994 523 EXEGETICA
3031 466 3348 522 acamas.
3663 468 3738 520 ne

662 597 786 661 Qum
815 609 845 645 a
884 594 996 644 vino
1043 595 1132 644 iur
1185 592 1529 659 fornicationis
1580 607 1686 642 sua:
1731 589 1915 659 potavit
1962 602 2133 639 onum
2165 593 2208 648 Α
2239 584 2444 656 mortis,
2468 580 2792 648 requiescere
2821 578 2991 630 docet.
3037 576 3160 661 (Eum
3185 579 3323 629 enim
3365 579 3552 630 dederit
3578 582 3742 635 dilectis

589 697 774 754 gentes.
828 683 1020 738 Civitas
1071 681 1345 744 impiorum
1401 695 1464 734 ex
1520 680 1764 733 omnibus
1819 686 2130 746 congregata

595 776 857 842 gentibus,
891 773 1002 838 ipsa
1032 782 1238 838 gentes,
1271 768 1320 821 id
1351 780 1452 833 est,
1495 783 1586 821 sua
1635 767 1865 820 membra
1899 767 2017 817 vino
2046 765 2135 817 de-

594 864 729 915 briat
775 862 990 914 erroris.

600 964 851 1004 exercens
897 964 999 1000 non
1032 947 1137 997 vult
1169 946 1410 998 inebriari
1444 946 1562 996 vino
1589 945 1640 996 in
1690 958 1792 1010 quo
1823 950 1902 994 est
1935 942 2135 994 luxuria

596 1039 811 1107 (Ephes.
847 1033 902 1104 v)
923 1076 936 1098 ,
966 1053 1029 1088 ne
1054 1034 1308 1103 promisso
1339 1035 1455 1085 vita:
1488 1033 1719 1099 privetur
1759 1032 1993 1085 denario.

671 1131 733 1182 Et
767 1131 972 1200 angelus
1022 1128 1192 1180 tertius
1219 1140 1238 1177 :
1270 1125 1329 1178 Si
1356 1125 1464 1192 quis
1516 1123 1796 1175 adoraverit
1844 1122 2045 1173 bestiam
2093 1129 2137 1172 et

600 1219 865 1287 imaginem
913 1218 1040 1286 ejus.
1094 1215 1144 1267 ld
1200 1223 1318 1277 est,
1369 1211 1661 1272 diabolum,
1697 1219 1747 1263 et
1787 1218 1944 1276 caput
1994 1208 2136 1260 vituli

599 1314 844 1364 occisum.

672 1395 989 1463 Etacreperit
1018 1393 1348 1447 characterem
1369 1392 1420 1449 in
1448 1391 1606 1459 fronte
1628 1405 1741 1451 sua,
1765 1395 1866 1441 etc.
1893 1386 1944 1440 lu
1971 1387 2138 1440 fronte

603 1498 691 1541 aut
720 1489 770 1540 in
820 1500 972 1538 manu
1011 1484 1222 1543 dicens,
1253 1479 1507 1548 significat
1560 1477 1824 1531 diabolum
1886 1476 2136 1544 quosdam

607 1579 931 1646 professione
960 1575 1200 1636 nefanda,
1245 1573 1496 1642 quosdam
1538 1585 1661 1624 vero
1709 1578 1904 1622 tantum
1949 1583 2134 1636 opera-

603 1673 742 1724 tione
777 1679 978 1721 notare.

682 1759 745 1811 Et
771 1759 850 1810 hic
877 1758 1000 1808 bibet
1025 1757 1083 1806 de
1105 1755 1216 1807 eine
1245 1755 1331 1805 ἔγω
1360 1752 1470 1816 Dei,
1490 1761 1590 1805 etc.
1618 1752 1746 1804 Dum
1777 1750 1932 1816 dicitf:
1971 1750 2034 1803 Et
2055 1750 2136 1801 hic

613 1850 772 1915 bibet,
797 1847 1022 1900 ostendit
1050 1859 1164 1896 esse
1193 1854 1242 1895 et
1271 1844 1423 1895 alitnn
1453 1842 1541 1908 qui
1574 1842 1761 1894 biberit
1787 1884 1799 1905 ,
1835 1857 1900 1894 ne
1932 1849 2138 1905 separet

1049 858 1250 910 Dmuiui
1311 873 1431 909 vero
1489 855 1674 908 civitas
1720 855 1922 907 vineam
1972 853 2168 906 Sorec‘

2233 676 2336 727 suis
2363 652 2610 734 mutuum,
2637 671 2741 723 haec
2768 679 2839 721 est
2867 650 3130 720 hazredtias
3167 667 3364 719 Domini
3385 666 3548 735 (Psal.
3569 677 3741 734 cxx").

2236 766 2453 832 Propter
2479 763 2638 828 frigus
2666 770 2840 812 autem
2889 760 3030 826 piger
3070 774 3219 812 arare
3249 760 3429 824 uoluit,
3462 762 3744 817 mendicabit

2237 872 2359 924 ergo
2387 862 2566 906 testate
2587 897 2600 919 ,
2624 863 2676 906 et
2709 866 2809 904 non
2837 850 3042 903 dabitur
3070 849 3137 903 ei.

2310 943 2375 996 Et
2401 944 2519 1004 uidi,
2565 951 2611 994 et
2636 957 2744 994 ecce
2788 940 2964 992 nubem
3010 940 3275 992 candidam
3301 980 3316 1003 ,
3360 947 3465 994 etc.
3517 939 3746 996 [lactentis

2239 1048 2541 1101 pratcouum
2572 1046 2698 1083 voce
2752 1029 3058 1097 pra'missa,
3109 1043 3244 1081 nunc
3284 1039 3566 1096 personam
3613 1042 3746 1084 restat

2240 1128 2401 1194 ipsius
2455 1127 2815 1178 demonstrare
2870 1122 3073 1188 iudicis.
3127 1122 3226 1187 Qui
3279 1121 3343 1175 ad
3389 1122 3632 1188 judicium
3676 1137 3747 1174 ve-

2240 1217 2414 1278 niens,
2443 1215 2660 1284 gloriam
2704 1212 2991 1265 divinitatis
3020 1212 3156 1264 nube
3182 1196 3356 1264 carnis
3382 1212 3666 1275 obumbrat,
3705 1221 3749 1263 nt

2240 1305 2448 1359 videant
2477 1303 2619 1370 impii
2651 1317 2801 1370 quem
2834 1308 3254 1367 compunxerunt
3296 1299 3470 1368 (Joan.
3502 1301 3628 1366 xix).

2309 1396 2586 1447 Habentem
2616 1394 2666 1444 in
2694 1392 2853 1458 capite
2871 1406 2961 1442 sua
2987 1405 3219 1443 coronam
3243 1402 3465 1442 auream.
3495 1389 3662 1454 Qualis
3695 1391 3751 1444 sit

2242 1484 2352 1537 btec
2379 1497 2589 1544 corona,
2624 1481 2860 1546 superius
2890 1480 2939 1531 in
2979 1479 3208 1531 mulieris
3250 1477 3426 1529 habitu
3454 1479 3709 1542 descripsit
3737 1496 3745 1528 :

2241 1574 2305 1628 Et
2349 1575 2398 1626 in
2449 1574 2607 1642 capite
2633 1575 2740 1641 ejus
2782 1585 2967 1622 corona
3009 1552 3264 1621 stellarum
3310 1570 3562 1620 duodecim
3591 1569 3746 1635 (Apoc.

2240 1665 2368 1732 xn).
2408 1663 2658 1729 Quamvis
2709 1669 2762 1714 ct
2819 1659 3088 1712 victoriam
3143 1658 3305 1724 possit
3355 1658 3634 1724 significare
3683 1674 3750 1710 re-

2238 1756 2462 1825 guantis.

2316 1843 2377 1908 Et
2407 1844 2458 1894 in
2482 1857 2630 1893 manu
2661 1855 2752 1892 sua
2784 1837 2964 1906 falcem
2992 1844 3206 1888 aculam.
3251 1833 3546 1888 iudicialem
3572 1833 3748 1887 scilicet

607 1955 726 1994 eum
782 1938 868 2006 qui
920 1938 1042 1989 licet
1088 1933 1325 2002 gentibus
1378 1931 1648 1984 visibiliter
1716 1945 1815 1982 non
1870 1930 2138 1992 miscetur,
2171 1911 2215 1968 Β
2250 1931 2530 1988 dirimendi
2599 1931 2947 1992 sententiam,
3003 1941 3119 1996 qua:
3182 1923 3473 1980 nullatenus
3532 1925 3747 1978 evitstnr.

613 2028 847 2082 eamdem
876 2035 1046 2077 tamen
1093 2022 1189 2074 sub
1223 2020 1413 2074 Christi
1461 2021 1669 2071 nomine
1700 2021 1883 2071 adorat
1905 2018 2140 2069 bestiam.

615 2117 764 2170 Juste
811 2124 982 2165 autem
1032 2110 1115 2176 qui
1165 2108 1377 2162 calicem
1426 2106 1515 2159 ira:
1567 2106 1922 2159 fornicationis
1969 2106 2142 2170 propi-

612 2213 736 2257 naut
763 2203 921 2257 calice
951 2201 1154 2254 Domini
1205 2207 1527 2260 sternuntur,
1573 2211 1673 2248 non
1700 2205 1752 2247 ttt
1773 2235 1788 2257 ,
1827 2195 1971 2262 juxta
2001 2194 2146 2246 .lere-

612 2293 788 2357 uiam,
838 2292 1084 2344 malitiam
1131 2288 1303 2342 cordis
1331 2294 1576 2340 evomant
1618 2276 1921 2347 mundandi,
1953 2283 2044 2336 sed
2094 2294 2144 2334 ut

600 2382 836 2435 damnati
871 2387 1081 2446 pereant
1106 2389 1297 2429 (eterna
1343 2384 1508 2428 morte
1545 2373 1845 2442 superandi.

687 2471 750 2522 Et
777 2471 1076 2520 cructabitur
1113 2467 1216 2536 igni
1243 2475 1285 2518 et
1333 2470 1594 2533 sulphure,
1624 2475 1722 2517 etc.
1777 2464 1986 2516 Plenam
2040 2478 2147 2515 ma-

611 2564 777 2612 lorum
806 2558 973 2611 sancti
1014 2572 1130 2610 eum
1172 2556 1391 2608 Domino
1437 2563 1711 2620 regnantes
1740 2567 1948 2618 semper
1973 2553 2148 2604 videre

579 2671 584 2676 ~
615 2659 850 2717 po-sunt,
877 2655 931 2698 ut
964 2645 1083 2697 hinc
1113 2642 1342 2710 majores
1385 2643 1611 2715 ereptori
1635 2655 1729 2692 suo
1773 2649 1888 2703 grat
1908 2653 1967 2692 as
1994 2655 2146 2717 agen-

616 2749 712 2798 tes,
739 2733 1120 2788 misericordias
1148 2730 1350 2784 Domini
1383 2729 1432 2781 in
1477 2711 1727 2782 tete-roum
1776 2736 2005 2780 cantent.
2029 2711 2146 2779 [Non

615 2828 754 2880 enim
783 2840 874 2877 eos
909 2825 1049 2891 justo
1088 2821 1248 2886 judici
1286 2821 1662 2873 concordantes
1714 2818 1823 2869 visa
1875 2831 2147 2884 pravorum

617 2927 871 2971 tormenta
897 2914 1224 2975 contristant,
1253 2914 1386 2963 sicut
1419 2924 1516 2961 nec
1562 2909 1775 2961 divitem
1831 2907 1881 2958 iu
1931 2905 2150 2958 flammis

615 3008 871 3073 sepultura
903 3004 1010 3057 visa
1044 3002 1226 3055 Lazari
1269 3000 1473 3066 requies
1504 2997 1814 3065 refrigerare
1836 2996 2062 3049 valebat.

685 3094 792 3146 Nec
820 3092 1000 3144 habent
1038 3091 1252 3158 requiem
1292 3091 1372 3140 die
1399 3083 1458 3139 ac
1486 3096 1643 3150 nocte,
1676 3097 1776 3150 etc.
1811 3081 2038 3140 Leonem
2066 3084 2148 3138 di-

619 3193 743 3240 cunt
773 3185 974 3237 homini
999 3193 1258 3248 prostrato
1291 3195 1526 3250 parcere,
1555 3180 1644 3232 sed
1677 3181 1787 3232 huic
1815 3180 1976 3233 bestia
1999 3181 2146 3233 leone

615 3276 871 3338 ferocior,
919 3287 1021 3339 quo
1071 3271 1233 3339 magis
1284 3271 1550 3334 adorator,
1600 3284 1663 3323 eo
1692 3271 1912 3337 majores
1952 3271 2185 3338 irrogat‘,

614 3379 812 3434 pinnas.

687 3453 811 3505 Etsi
849 3452 958 3518 quis
1002 3450 1240 3517 acceperit
1269 3450 1596 3502 characterem
1639 3453 1852 3504 nomian
1878 3452 2008 3519 ejus.
2050 3453 2144 3506 De-

616 3546 766 3596 stiam
800 3552 1010 3595 sanctus
1051 3538 1367 3607 Augustinus
1398 3540 1608 3605 impiam
1637 3539 1932 3605 civitatem,
1965 3542 2144 3608 imagi-

620 3651 734 3687 nem
772 3649 896 3686 vero
950 3633 1062 3698 ejus
1115 3631 1496 3683 simulationem
1528 3631 1638 3684 avis
1665 3672 1680 3693 ,
1734 3632 1780 3683 id
1811 3641 1926 3696 est,
1981 3633 2146 3686 fallaci

624 3723 845 3790 imagine
878 3722 1224 3783 Christianos,
1268 3719 1621 3794 characterem
1652 3733 1820 3774 autem
1852 3733 2024 3774 notam
2049 3723 2149 3776 cri-

622 3816 772 3866 minis
829 3815 1194 3880 interpretatur
1219 3851 1234 3873 ,
1294 3828 1444 3877 quam
1496 3813 1722 3875 adorari,
1762 3825 1813 3865 et
1854 3813 2038 3880 subjici
2077 3816 2144 3877 ei,

626 3919 670 3954 es
701 3902 1005 3964 consentiri,
1038 3903 1181 3953 dicit.

689 3990 786 4040 llic
825 3991 1061 4056 patientia
1091 3999 1370 4040 sanctorum
1417 4001 1504 4042 est.
1538 3991 1672 4043 Licet
1708 3990 1866 4045 bestia
1898 3994 2146 4056 Stet/ierit,

624 4096 723 4132 non
757 4088 926 4132 tamen
958 4088 1162 4130 sanctos
1193 4081 1360 4144 passio
1390 4081 1662 4131 contristet
1692 4083 2010 4148 temporalis,
2035 4099 2149 4151 qua:
2207 4107 2226 4127 ο

620 4181 811 4223 aeterna
837 4168 1152 4221 beatitudine
1176 4171 1551 4221 remuneranda
1574 4179 1669 4230 est,
1689 4184 1804 4221 cum
1830 4186 1858 4222 c
1885 4174 2149 4224 contrario

622 4267 980 4324 persecutores
1007 4270 1081 4307 sui
1104 4271 1129 4308 s
1160 4259 1517 4321 tcnporatiter
1547 4257 1904 4323 superbientes
1924 4269 2148 4311 aeternas

619 4363 733 4398 cum
769 4347 929 4396 bestia
959 4342 1179 4394 viderint
1209 4345 1347 4395 luere
1379 4359 1576 4408 (mutas.

686 4435 748 4485 Et
791 4434 957 4485 audivi
988 4448 1148 4484 vocem
1180 4433 1241 4483 de
1269 4434 1389 4484 coelo
1419 4433 1654 4484 dicentem
1678 4433 1903 4487 :Scribc.
1931 4437 2145 4490 Pulchra

2246 2025 2383 2077 intra
2415 2025 2576 2087 ipsam
2614 2022 2805 2090 quippe
2834 2033 3035 2082 sumus,
3063 2018 3288 2085 quolibet
3314 2017 3480 2084 fugere
3505 2030 3746 2068 conemur.

2245 2115 2298 2168 In
2336 2114 2468 2166 falce
2494 2112 2630 2165 enim
2653 2108 2897 2179 quidquid
2930 2106 3226 2168 includitur,
3260 2107 3399 2158 intus
3435 2106 3582 2157 cadit.

2321 2203 2384 2255 Et
2416 2203 2562 2254 aliter
2610 2201 2815 2270 angelus
2858 2201 3004 2250 exivit
3042 2199 3100 2248 de
3130 2197 3330 2261 templo,
3386 2197 3615 2256 clamans,
3660 2203 3747 2248 etc.

2246 2294 2454 2360 Angeli,
2487 2305 2618 2357 quos
2650 2300 2802 2342 terrae
2835 2302 3093 2340 messores
3135 2287 3185 2338 in
3220 2286 3494 2351 Evangelio
3532 2283 3746 2349 legimus,

2246 2392 2299 2435 et
2345 2382 2429 2448 qui
2460 2394 2643 2432 omnes
2669 2389 2787 2430 sunt
2828 2378 2878 2429 in
2926 2376 3248 2427 ministerium
3295 2375 3432 2425 missi
3461 2381 3650 2437 prapter
3683 2388 3750 2422 eos

2246 2474 2330 2534 qui
2374 2470 2713 2524 luereditatem
2757 2467 2954 2529 capiunt
3005 2465 3176 2518 salutis
3232 2462 3411 2537 (Hebr.
3460 2466 3530 2526 t),
3573 2463 3750 2526 singula

2248 2568 2527 2629 pensantes
2561 2556 2806 2609 Emlesim
2835 2553 3040 2617 merita,
3087 2551 3316 2620 quotidie
3346 2551 3556 2603 Domino
3596 2564 3751 2601 renar-

2248 2662 2384 2708 ῐςιιιῑ.

2322 2742 2463 2795 Mitte
2513 2739 2692 2807 falcem
2743 2746 2902 2800 tuam,
2944 2743 2988 2787 et
3035 2741 3180 2802 mete,
3216 2743 3316 2785 etc.
3358 2732 3525 2797 Ecce,
3571 2732 3754 2799 inquit.

2253 2830 2548 2884 abundante
2599 2827 2911 2892 iniquitate,
2971 2822 3174 2875 refrixit
3227 2823 3450 2874 Charitas
3502 2821 3754 2873 multorum

2250 2918 2458 2987 (Matth.
2482 2916 2626 2985 xxxv)
2645 2954 2659 2979 ,
2705 2925 2755 2969 et
2781 2922 2908 2967 testu
2935 2913 3185 2965 malmutn
3219 2912 3559 2974 incumbente,
3590 2913 3758 2962 messis

2248 3008 2429 3064 tnuudi
2458 3021 2588 3075 pene
2622 3008 2728 3073 jam
2758 3006 2924 3058 virere
2954 3003 3197 3057 cessavit.
3231 3002 3305 3055 Ne
3335 3016 3457 3068 ergo
3482 3013 3629 3068 grana
3662 2997 3756 3066 jatn

2251 3113 2450 3156 matura
2498 3100 2770 3165 decidant,
2825 3109 3034 3167 propter
3085 3097 3280 3150 electos
3334 3096 3619 3148 breviantur
3658 3093 3756 3145 dies

2255 3193 2414 3264 (Ibid.
2439 3193 2458 3262 )
2481 3200 2571 3259 ,et
2595 3191 2790 3246 zizania
2831 3189 3038 3259 quidem
3079 3188 3353 3256 paleasque
3395 3189 3633 3255 ﬂammis,
3666 3189 3759 3238 fru-

2248 3295 2387 3340 ctum
2446 3297 2569 3337 vero
2643 3280 2909 3335 caelestem
2987 3279 3189 3334 horreis
3263 3279 3484 3333 reconde
3544 3277 3759 3331 felicibus

2246 3373 2454 3443 (Matth.
2483 3371 2618 3438 xm).

2315 3463 2380 3514 Et
2409 3464 2540 3514 alius
2580 3463 2802 3528 angelus,
2835 3467 2963 3524 etc.,
3016 3459 3197 3510 habens
3226 3468 3271 3509 et
3311 3459 3418 3525 ipse
3446 3457 3612 3524 [alt-em
3657 3472 3761 3506 acu-

2250 3560 2370 3605 tam.
2408 3551 2459 3605 Si
2488 3549 2725 3603 Christus
2754 3549 2891 3602 visus
2919 3559 2998 3601 est
3038 3549 3087 3599 in
3132 3550 3268 3601 nube
3307 3548 3519 3600 candida
3558 3561 3757 3602 messor.

2247 3644 2362 3710 quis
2389 3651 2469 3694 est
2496 3640 2870 3700 vindemiator,
2919 3637 3015 3690 nisi
3073 3639 3206 3691 idem
3263 3649 3471 3705 prOpter
3525 3635 3760 3705 geminum

2248 3731 2494 3784 Ecclesia».
2528 3730 2750 3783 fructum
2794 3729 3058 3795 eleganter
3089 3728 3382 3792 repetitus?
3430 3728 3552 3793 Quia
3581 3731 3662 3794 qui
3692 3742 3763 3779 se-

2249 3820 2467 3873 minavit
2502 3821 2694 3872 bonum
2727 3833 2905 3872 semen
2936 3818 2986 3870 in
3017 3831 3142 3885 agro
3191 3831 3287 3869 suo
3347 3817 3565 3883 (.tlattlt.
3610 3817 3761 3880 xm).

2251 3909 2362 3975 ipse
2420 3921 2626 3975 quoque
2656 3908 2856 3956 vineam
2915 3904 2965 3955 in
3024 3905 3138 3955 loco
3191 3905 3335 3955 uberi
3386 3904 3642 3969 plantavit,
3681 3908 3761 3955 scd

2255 4005 2472 4064 utraque
2496 3997 2698 4049 cultura
2731 3994 2998 4047 custodum
3041 3993 3238 4045 incuria
3267 3993 3618 4062 degeneravit.

2320 4082 2384 4134 Et
2410 4084 2538 4134 alius
2567 4082 2773 4149 angelus
2801 4082 2949 4132 exivit
2976 4082 3036 4132 de
3063 4079 3232 4143 altari,
3287 4082 3372 4146 qui
3400 4081 3536 4131 habet
3562 4090 3763 4148 potesta-

2250 4186 2346 4226 tem
2366 4190 2516 4242 supra
2545 4173 2730 4239 ignem.
2751 4185 2852 4224 etc.
2886 4172 3076 4249 Duplex
3100 4180 3181 4222 est
3200 4209 3213 4230 ,
3243 4180 3296 4220 ut
3327 4171 3662 4238 Hieronymus
3687 4172 3768 4228 ait,

2249 4266 2554 4334 angelorum
2585 4260 2836 4314 officium.
2871 4261 3100 4334 Aliorum
3133 4259 3218 4326 qui
3255 4262 3462 4325 ptmmia
3498 4259 3649 4328 juStis
3688 4260 3770 4312 tri-

2251 4354 2439 4412 buant,
2498 4349 2715 4402 aliorum
2767 4349 2854 4416 qui
2900 4331 3115 4416 singulis
3171 4359 3401 4414 prmsuut
3451 4349 3768 4401 cruciatibus.

2250 4444 2399 4498 Sicut
2424 4440 2609 4494 dicitur
2637 4460 2650 4493 :
2682 4440 2781 4503 Qui
2830 4441 2949 4506 facit
2995 4443 3208 4506 angelos
3259 4456 3374 4493 suos
3424 4443 3642 4511 spiritus,
3676 4452 3770 4496 etc.

620 4526 725 4589 jam
760 4524 1145 4587 pt'wdiCalorttttt
1180 4523 1471 4575 concordia.
1508 4523 1639 4575 Ecce
1665 4525 1799 4575 euiut
1834 4526 2034 4578 Domini
2063 4529 2143 4582 hic

2252 4534 2474 4586 Possunt
2506 4531 2608 4584 duo
2630 4530 2823 4598 angeli,
2854 4531 2939 4597 qui
2969 4531 3418 4613 aridam.messem
3453 4540 3507 4585 et
3528 4543 3770 4584 maturant

626 4628 840 4680 regnum
872 4616 1063 4675 venire,
1097 4616 1179 4666 ille
1220 4613 1476 4665 civitatem
1508 4614 1696 4667 diaboli
1727 4617 2006 4680 cecidisse;
2052 4619 2147 4670 iste

629 4708 864 4761 ﬂatmnas
919 4709 1230 4771 impiorum,
1283 4709 1413 4758 alios
1469 4708 1732 4760 beatorum
1780 4710 2023 4773 prardicat
2072 4725 2151 4763 re-

624 4803 812 4873 quiem,
845 4804 929 4871 qtti
971 4817 1114 4854 suam
1170 4816 1349 4854 vocem
1399 4809 1450 4852 et
1489 4801 1553 4853 de
1598 4805 1731 4853 caelo
1762 4806 1966 4868 emittit,
1999 4818 2049 4858 et
2074 4807 2151 4858 di-

619 4909 771 4960 gnam
825 4890 1072 4944 metunt-ia
1120 4898 1309 4941 aeterna
1368 4890 1553 4940 litteris
1603 4890 1840 4942 mandari
1897 4895 2146 4960 prmcipit.

626 4986 860 5038 Gaudent
892 4985 1028 5036 enim
1058 4981 1203 5048 justi,
1227 4981 1343 5047 quia
1373 4982 1579 5032 nomina
1608 4996 1784 5033 eorum
1814 4984 2003 5049 scripta
2033 4995 2152 5037 sunt

623 5081 672 5128 in
722 5077 890 5136 caelo;
939 5073 1179 5124 delentur
1209 5087 1329 5122 vero
1378 5072 1516 5136 impii
1566 5071 1629 5123 de
1672 5071 1801 5123 libro
1847 5073 2146 5126 viventium.

693 5163 834 5214 Beati
863 5161 1040 5210 mortui
1069 5161 1151 5222 qui
1177 5161 1226 5209 in
1257 5159 1465 5210 Domino
1505 5162 1797 5212 moriuntur.
1830 5164 2033 5215 Gratias
2065 5165 2149 5216 tibi

633 5269 746 5318 ago,
778 5251 919 5309 Joso,
953 5250 1037 5311 qui
1071 5248 1332 5300 beatiﬁcas
1357 5250 1513 5299 cosio
1560 5251 1708 5318 coelo,
1749 5253 1833 5314 qui
1887 5253 1935 5304 in
1969 5263 2014 5304 te
2045 5270 2152 5304 ruo-

636 5339 831 5390 rinntur
859 5339 908 5391 in
954 5351 1106 5390 terra.
1149 5339 1348 5399 Quanto
1380 5340 1541 5403 magis
1573 5339 1688 5389 illos
1710 5341 1794 5407 qui
1824 5354 1874 5393 et
1906 5343 1954 5392 in
1981 5354 2067 5394 tua
2101 5353 2150 5394 et

633 5442 724 5493 pro
757 5436 837 5480 tua
868 5430 965 5480 fide
989 5429 1163 5478 felices
1194 5435 1388 5491 ponunt
1415 5429 1646 5479 animas!
2097 5438 2100 5442 '

699 5521 888 5571 Amodo
920 5522 1046 5585 jam,
1072 5517 1189 5566 dicit
1230 5514 1464 5583 Spiritus,
1489 5526 1540 5568 ut
1571 5519 1872 5586 requiescant
1900 5534 1930 5569 a
1967 5519 2156 5570 labori-

632 5612 721 5662 bus
769 5612 902 5669 suis,
946 5620 1045 5660 etc.
1104 5606 1245 5658 Sicut
1301 5608 1483 5673 impios
1520 5593 1721 5660 dixerat
1779 5617 2027 5674 perpetuo
2075 5621 2156 5659 re-

632 5702 800 5765 quiem
850 5714 947 5751 non
1011 5699 1201 5749 habere
1225 5736 1237 5756 ,
1272 5697 1348 5747 sic
1383 5711 1412 5748 θ
1457 5700 1718 5750 contrario
1767 5698 1946 5750 fideles
1975 5697 2157 5763 priscis

628 5789 837 5854 adiutos
889 5790 1126 5855 operibus
1176 5785 1361 5840 amodo
1407 5786 1551 5854 jam,
1605 5786 1654 5840 id
1685 5796 1803 5852 est,
1845 5801 1871 5839 a
1916 5795 2151 5852 tempore

2255 4624 2541 4691 pra-dicant
2589 4635 2815 4684 Vaneatn,
2876 4621 3118 4674 Ecclesia:
3165 4637 3349 4688 preces
3401 4623 3633 4690 intelligi,
3666 4639 3772 4690 qum

2256 4728 2439 4782 magna
2471 4726 2614 4775 voce,
2647 4705 2824 4774 idest,
2877 4724 3064 4777 magno
3113 4711 3346 4774 quotidie
3393 4711 3647 4765 desiderio
3697 4730 3772 4765 re-

2255 4819 2408 4868 gnum
2437 4802 2633 4852 Domini
2659 4799 2908 4850 advenire
2933 4809 3192 4865 precatur,
3216 4801 3399 4854 dicens

2325 4889 2468 4940 Mitte
2495 4887 2674 4955 falcem
2697 4898 2829 4940 luant
2858 4899 3074 4954 aculam,
3094 4900 3198 4944 etc.
3229 4892 3374 4946 Sicut
3401 4895 3598 4954 messis,
3628 4898 3703 4947 sic
3740 4911 3780 4945 t‘t

2255 4981 2510 5032 vindemia
2566 4983 2750 5046 partim
2823 4991 3073 5046 terrena,
3133 4987 3318 5050 partim
3388 4987 3616 5041 celestis
3686 5003 3777 5040 cst.

2258 5071 2532 5138 Utriusque
2561 5080 2732 5145 autem
2757 5073 3024 5124 maturitas
3049 5072 3200 5124 finem
3232 5074 3424 5127 indicat
3446 5079 3645 5129 saeculi.

2325 5163 2570 5224 Quoniam
2622 5172 2830 5212 maturae
2872 5175 2983 5213 sunt
3015 5177 3122 5214 uvte
3163 5166 3288 5232 ejus.
3325 5165 3375 5217 Id
3407 5177 3502 5227 est,
3536 5179 3777 5218 consum-

2256 5263 2389 5301 mata
2436 5262 2552 5300 sunt
2603 5259 2828 5314 peccata.
2875 5249 3121 5315 Quamvis
3169 5263 3219 5305 et
3272 5254 3528 5309 bonorum
3576 5273 3780 5324 quoque

2258 5338 2504 5405 perfectio
2528 5336 2799 5390 maturitas
2823 5338 2922 5391 dici
2954 5341 3132 5406 possit.
3164 5343 3313 5407 Nam,
3338 5355 3390 5395 ut
3417 5355 3629 5399 sanctus
3660 5362 3778 5414 papa
3858 5347 3859 5414 l

2256 5428 2535 5496 Gregorius
2563 5428 2663 5493 ait,
2701 5445 2721 5478 ι
2751 5431 3034 5495 quamlibet
3063 5433 3237 5486 mundi
3281 5435 3396 5487 finis
3427 5451 3490 5488 ex
3535 5436 3652 5504 ipso
3698 5451 3782 5489 suo

2257 5519 2441 5571 ordine
2492 5519 2742 5583 pendeat,
2792 5526 3141 5588 perversiores
3190 5533 3364 5577 tamen
3392 5540 3624 5594 quosque
3657 5529 3782 5579 inve-

2259 5609 2425 5669 niens,
2455 5608 2570 5673 quia
2613 5609 2768 5678 digne
2814 5613 2979 5666 ruinis
3026 5612 3163 5665 illius
3209 5616 3593 5682 opprimantur,
3640 5616 3780 5669 iuno-

2261 5696 2424 5746 tescit.
2453 5712 2471 5745 ι

2329 5781 2392 5837 Et
2423 5786 2551 5838 misit
2583 5789 2786 5856 angelus
2819 5789 2993 5857 falcem
3042 5805 3180 5842 suam
3228 5792 3279 5846 in
3328 5802 3536 5861 terram,
3563 5803 3665 5847 etc.
3702 5794 3786 5860 Qui
