3934 6222
217 300 311 352 177

1152 303 1583 358 EXPLANATIO
1625 307 2092 363 APOCALYPSIS.
2127 339 2191 348 -—
2233 308 2352 362 LIB.
2397 307 2482 361 lil.

3309 306 3408 362 I78

215 406 372 461 habet
408 406 591 460 talem
624 409 950 474 messoriam,
981 411 1090 476 ipse
1125 409 1283 464 habet
1325 422 1378 466 et
1410 415 1755 467 vindemiatu-
1788 419 1832 478 Δ
1863 421 2102 482 peccasti,
2133 429 2178 471 et
2212 420 2414 487 sanguis
2445 430 2488 470 te
2523 419 2848 486 persgqttitur.
2885 422 3085 476 Dii-tum
3131 430 3211 474 est
3255 437 3409 489 supra

216 499 365 550 riam.
398 497 567 552 Unum
597 507 678 551 est
720 501 862 552 enim
888 499 1138 567 judicium
1172 512 1226 554 et
1255 517 1357 554 uno
1388 512 1621 572 tempore
1654 506 1760 560 lict.

214 585 317 640 Sed
350 587 401 639 in
433 602 603 640 messe
631 597 683 641 et
709 589 989 655 vindemia,
1017 589 1219 644 initiltm
1247 593 1496 655 ostendit,
1525 605 1577 648 et
1606 596 1759 649 linem

214 676 454 744 ejusdem
489 692 766 744 pressurae.

289 763 352 817 Et
383 767 516 818 misit
543 768 592 818 in
624 769 784 820 lacum
815 768 905 821 irte
935 768 1024 822 Dei
1064 785 1320 840 magnum,
1349 778 1451 824 etc.
1482 771 1533 824 Si
1564 772 1626 824 ad
1659 786 1766 824 ma-

219 853 294 906 lus
316 861 518 908 tantum
550 859 736 910 messis
765 859 898 922 hzec,
929 868 982 912 et
1011 860 1076 913 de
1101 861 1356 913 vindemia
1387 863 1633 928 pertinet,
1666 873 1770 914 tor-

217 941 364 995 cular
403 957 608 1008 penam
636 947 911 1012 signilicat.
951 947 1004 1002 Si
1049 959 1221 1002 autem
1252 958 1305 1003 et
1344 951 1408 1004 ad
1441 951 1627 1012 bonos.
1660 955 1769 1004 cal-

217 1033 355 1084 eatio
385 1034 662 1087 torcularis
689 1045 743 1088 et
771 1038 960 1089 tribula
994 1055 1128 1093 arcte
1161 1041 1357 1093 inutilia
1386 1043 1633 1106 conterit,
1669 1045 1769 1096 uti-

221 1119 283 1172 lia
315 1122 520 1187 probat.
545 1124 690 1177 Sicut
718 1127 791 1179 ait
819 1127 1122 1195 Apostolus,
1152 1132 1380 1197 pretiosa
1409 1135 1619 1187 metalla
1653 1135 1769 1203 igne

223 1209 452 1274 probari,
489 1210 680 1280 lignum
733 1230 877 1278 vero,
915 1216 1090 1270 fenum
1136 1219 1491 1287 stipulamque
1534 1223 1768 1275 consumi

221 1296 274 1366 (I
301 1297 422 1351 Cor.
449 1304 548 1368 ιιι).
575 1303 722 1368 Quod
755 1315 1034 1374 utrumque
1074 1319 1220 1361 extra
1251 1309 1518 1362 caelestem
1558 1310 1768 1363 Jerusa-

227 1387 327 1440 lem
359 1391 550 1456 agitur.
581 1393 748 1447 Lacus
773 1403 946 1448 autem
981 1398 1070 1449 ira:
1098 1411 1162 1451 eo
1191 1399 1432 1465 loquendi
1462 1415 1652 1466 genere
1683 1415 1772 1452 no-

223 1479 455 1533 minatur
485 1496 588 1547 quo
617 1482 812 1536 dicitur
840 1503 850 1535 :
887 1484 951 1539 ln
978 1487 1058 1539 die
1089 1489 1224 1541 mala
1252 1488 1478 1542 liberavit
1508 1507 1623 1544 eum
1669 1490 1774 1544 Do-

221 1569 391 1620 minus
421 1569 439 1636 (
459 1568 598 1623 Psal.
623 1574 733 1641 XL).

293 1657 360 1709 Et
390 1661 511 1712 exiit
537 1667 743 1731 sanguis
770 1666 830 1719 de
856 1667 992 1731 lacu,
1021 1678 1122 1722 etc.
1169 1669 1305 1724 Exiit
1350 1670 1476 1724 ultio
1519 1687 1680 1740 usque
1709 1672 1772 1725 ad

1863 508 1925 560 dc
1958 511 2102 573 cquis
2131 527 2140 559 :

1938 599 2037 650 l’cr
2071 600 2234 651 stadia
2265 599 2400 651 mille
2431 609 2677 654 sexcenta.
2711 596 2763 652 id
2795 610 2893 658 est,
2930 614 3020 666 per
3060 613 3243 653 omnes
3287 616 3414 668 qua-

1868 698 1982 740 tuor
2011 690 2189 740 mundi
2234 698 2427 755 partes.
2458 688 2792 754 Quaternitas
2823 691 2961 742 enim
2993 697 3071 742 est
3099 699 3412 756 conquater-

1867 790 2006 840 nata,
2026 782 2158 832 sient
2186 781 2235 832 in
2253 791 2470 846 quatuor
2489 779 2715 832 laciebus
2733 779 3172 856 quadriforntibus
3187 789 3239 832 et
3266 781 3410 833 rutis.

1867 870 2060 934 Quater
2087 870 2226 920 enim
2254 869 2686 936 quadringenteni
2709 912 2723 933 ,
2752 869 2892 921 mille
2920 871 3174 944 sexcenti.
3209 870 3413 940 Tycha-

1869 962 1986 1012 nius
2032 973 2316 1011 messorem
2346 969 2395 1010 et
2424 957 2854 1021 vindemiatorem
2911 958 3198 1011 Ecclesium
3248 961 3414 1012 inter-

1872 1058 2122 1116 pretatur,
2154 1057 2269 1114 post
2297 1047 2715 1116 persecutionum
2749 1047 2989 1100 llaimnas
3013 1048 3418 1112 clarescentem,

1869 1154 1922 1200 et
1951 1153 2260 1211 potestatem
2293 1140 2484 1208 ligandi
2532 1138 2872 1204 solvendique
2916 1147 3208 1191 tenentem.
3243 1140 3418 1207 Auge-

1873 1236 1951 1288 lus
1982 1235 2046 1286 de
2091 1233 2284 1298 templo
2312 1231 2392 1285 vel
2421 1230 2576 1283 altari
2618 1231 2857 1282 rubentis
2904 1229 3178 1296 imperium
3235 1229 3420 1283 dicens

1876 1323 2103 1386 Domini,
2136 1339 2236 1375 non
2278 1322 2550 1390 perspicua
2581 1336 2730 1383 voce,
2763 1321 2852 1374 sed
2883 1320 3217 1387 suggestione
3247 1320 3417 1387 Spiri-

1874 1425 1954 1467 Ius
1984 1413 2166 1475 sancti,
2194 1414 2283 1482 qui
2312 1423 2562 1481 operatur
2593 1415 2644 1466 in
2692 1429 2787 1466 suo
2815 1426 3056 1480 corpore,
3091 1411 3288 1465 docens
3313 1412 3422 1477 iam

1874 1514 2074 1571 tempus
2103 1518 2221 1557 esse
2250 1503 2507 1556 malorum
2551 1502 3181 1569 anathematizandorum,
3220 1502 3418 1556 habens

1876 1600 2182 1660 potestatem
2213 1606 2367 1660 super
2399 1578 2604 1660 ignem,
2649 1592 2826 1658 utique
2863 1589 3008 1642 illum
3052 1590 3140 1656 qui
3191 1589 3322 1644 exiit
3359 1606 3422 1643 ex

1873 1695 1967 1735 ore
1997 1681 2227 1745 testium,
2258 1689 2313 1734 et
2347 1679 2577 1734 comedit
2623 1679 2864 1733 inimicos
2892 1693 3095 1732 eorum.
3147 1675 3426 1746 llucusquo

219 1754 461 1838 τθοίίξτθε
491 1753 821 1818 ΡσΡυιοτυητο
851 1756 1025 1824 usque
1045 1759 1182 1811 ειιίῐη
1205 1761 1268 1811 δά
1299 1759 1560 1813 diabolum
1589 1771 1637 1814 Cl
1663 1761 1776 1828 eius
1811 1769 1854 1826 Β
1881 1769 1946 1823 de
1975 1768 2214 1823 conﬂictu
2246 1768 2491 1823 Ecclesia:
2523 1777 2573 1822 ct
2601 1769 2869 1838 utriusque
2897 1777 3099 1822 maturo
3123 1767 3223 1823 line
3253 1776 3424 1822 certa-

219 1834 442 1901 angelos
491 1839 778 1896 novissimo
821 1847 1106 1900 certamine
1162 1847 1287 1900 exiit
1336 1846 1463 1900 ultio
1506 1851 1772 1915 sanguinis

213 1935 528 1981 sanctorum
574 1930 747 1987 elIusi.
777 1933 923 1988 Sicut
969 1938 1218 2005 scriptum
1263 1947 1377 1992 est:
1415 1937 1477 1992 In
1529 1941 1772 2008 sanguine

387 2090 2188 2117 _.__________________________

1870 1858 2046 1914 minis.

2193 2105 2540 2118 “—

1442 2230 1734 2304 LIBER
1789 2228 2249 2304 TERTIUS.

1604 2386 1966 2398 .—.—.—.———u—

811 2466 1032 2523 CAPUT
1072 2469 1182 2526 XV.

299 2553 365 2606 Et
393 2553 491 2605 vidi
531 2553 668 2605 aliud
695 2555 891 2624 signum
932 2559 984 2610 in
1021 2561 1140 2611 cazlo
1171 2576 1406 2628 magnum
1437 2567 1492 2612 'et
1535 2560 1780 2613 mirabile.

219 2641 524 2695 instaurato
563 2657 772 2698 'rursus
819 2647 1038 2708 ordine,
1084 2649 1304 2702 easdem
1364 2649 1541 2717 plagas
1609 2665 1784 2716 perse-

219 2733 457 2786 cutionis
495 2733 794 2788 novissimae
843 2748 1171 2800 narraturus,
1218 2738 1477 2792 intentum
1529 2739 1641 2792 fieri
1695 2754 1786 2792 vo-

223 2826 326 2879 luit
379 2826 665 2881 auditorem
711 2827 931 2881 dicendo
965 2846 978 2882 :
1009 2829 1225 2898 Signum
1262 2845 1496 2897 magnum
1540 2841 1585 2882 et
1632 2831 1786 2884 mira-

225 2913 347 2966 bile.

1971 2387 2067 2398 .—

1893 2467 2099 2523 cunctis
2128 2472 2304 2534 posset
2347 2460 2592 2532 gentibus
2635 2459 2860 2522 adorari,
2898 2457 3148 2525 templum
3193 2455 3318 2509 illud
3348 2471 3431 2511 se-

1887 2566 2145 2613 cretorum
2212 2554 2340 2620 Dei,
2397 2553 2549 2608 unius
2606 2551 2869 2620 quondam
2948 2550 3092 2602 urbis
3165 2547 3426 2602 nitentibus

1887 2647 2175 2711 inclusum,
2221 2653 2330 2697 toto
2368 2643 2477 2711 jam
2531 2642 2872 2709 spiritualiter
2911 2640 3074 2706 coepit
3120 2639 3466 2700 urbi'rese-g

1888 2736 2015 2790 rari.

1961 2813 2036 2877 Et
2063 2825 2288 2877 exierunt
2335 2833 2520 2892 septem
2548 2821 2731 2891 angeli,
2761 2819 2996 2872 habentes
3026 2827 3209 2888 septem
3256 2817 3434 2886 plagas

1890 2915 1951 2966 de
1979 2915 2178 2980 templo.
2210 2913 2316 2966 Hoc
2343 2921 2443 2975 est,
2473 2911 2611 2978 quod
2640 2909 2840 2963 Marcus
2864 2908 2934 2960 ait
2960 2926 2971 2959 :
2998 2907 3074 2960 llli
3101 2917 3275 2961 autem
3309 2922 3431 2974 pro-

301 3003 522 3070 Angelos
548 3005 753 3069 septem.
791 3004 841 3058 ld
883 3013 982 3068 est,
1020 3004 1305 3082 Ecclesiam
1331 3004 1622 3074 septiformi
1659 3019 1779 3074 gra-
1803 2994 1850 3056 C
1882 3003 2003 3056 lecti
2035 3001 2448 3070 praedicaverunt
2477 3000 2690 3066 ubique.

222 3091 298 3145 tia
307 3107 359 3143 ιιι
393 3093 619 3159 plenam.

309 3179 566 3235 [labentes
593 3181 765 3250 plagas
785 3193 967 3252 septem
997 3183 1309 3238 novissimos.
1327 3183 1582 3250 Quoniam
1613 3183 1664 3237 in
1688 3184 1788 3237 illis

227 3282 596 3324 consummata
627 3282 708 3325 est
735 3273 807 3326 ira
839 3273 952 3337 Dei,
975 3275 1284 3330 novissimas
1309 3276 1439 3330 dixit
1464 3294 1476 3328 :
1509 3277 1628 3342 quia
1657 3290 1787 3328 sem-

229 3380 336 3433 per
364 3365 441 3416 ira
492 3364 582 3417 Dei
632 3366 878 3434 populum
929 3368 1154 3432 percutit
1181 3376 1540 3420 contumacem
1586 3376 1784 3434 septem

229 3453 430 3520 plagis,
461 3453 511 3505 id
536 3463 611 3506 est
646 3453 910 3520 perlectis,
943 3456 1078 3508 sicut
1109 3456 1408 3524 frequenter
1437 3457 1485 3507 in
1519 3455 1783 3508 Leviiicn:

227 3541 297 3593 Et
333 3542 626 3606 percutiam,
655 3543 839 3610 inquit,
868 3560 951 3597 ros
981 3555 1167 3611 septem
1222 3547 1385 3614 plagis
1413 3545 1592 3606 (Leuit.
1620 3547 1783 3610 xxvi).

225 3630 364 3694 Quae.
392 3630 688 3684 novissima:
718 3630 906 3686 futura:
931 3643 1075 3699 sunt,
1103 3649 1219 3688 cum
1253 3635 1486 3689 Ecclesia
1519 3636 1582 3688 de
1612 3635 1788 3689 medio

229 3723 356 3785 ejus
378 3723 588 3771 exierit.

305 3804 378 3857 Et
403 3806 503 3858 ridi
535 3814 770 3874 tanquam
797 3824 930 3861 mare
954 3811 1162 3862 vitreum
1189 3811 1386 3863 mistum
1418 3813 1540 3880 igni.
1571 3811 1784 3864 Fontem

227 3897 486 3952 videlicet
530 3898 771 3965 baptismi
803 3899 1147 3967 perlucidum,
1178 3900 1300 3967 igne
1342 3902 1510 3955 sancti
1557 3899 1790 3968 Spiritus

233 3997 635 4042 consecratum.
671 3988 758 4042 Vel
790 3993 948 4042 etiam
979 3988 1116 4057 quod
1146 3990 1374 4058 adignis
1405 3991 1632 4058 pertinet
1659 4006 1789 4060 qua-

227 4079 464 4140 litatem,
491 4079 740 4147 martyrio
768 4081 1104 4133 rubricatum.

305 4165 375 4218 Et
405 4169 490 4219 eos
521 4168 606 4232 qui
649 4168 871 4220 vicerunt
914 4167 1118 4220 bestiam
1158 4178 1203 4222 et
1232 4169 1496 4238 imaginem
1524 4173 1651 4241 ejus,
1682 4178 1783 4224 etc.

234 4256 340 4321 Qui
399 4255 610 4308 fraudes
663 4257 875 4308 vincunt
928 4257 1137 4319 bestiae,
1193 4270 1577 4326 consequenter
1635 4260 1787 4327 igneo

1967 3095 2141 3149 Vestiti
2177 3094 2346 3157 lapide
2385 3091 2572 3145 mundo
2601 3088 2833 3143 candido.
2880 3087 3133 3156 Quotquot
3165 3089 3262 3151 (ait
3287 3089 3430 3155 Apo-

1887 3183 2073 3252 stolus)
2111 3187 2163 3237 in
2205 3183 2400 3236 Christo
2443 3183 2678 3250 baptisati
2705 3183 2841 3247 estis,
2888 3179 3140 3233 Christum
3195 3179 3434 3233 induistis

1896 3281 2089 3348 (Colat.
2118 3281 2226 3350 ιιι).
2273 3279 2384 3345 Ιιεῡ
2408 3288 2488 3331 est
2530 3279 2668 3332 enim
2714 3292 2947 3330 summus
2993 3266 3122 3343 lapis
3167 3275 3434 3344 angularis

1892 3374 2107 3426 electus.
2139 3370 2231 3423 Vel
2259 3370 2303 3422 si
2334 3382 2605 3422 numerum
2634 3367 2950 3434 singularem
2989 3381 3081 3432 pro
3120 3364 3303 3432 plurali
3335 3377 3429 3431 po-

1889 3462 2044 3513 situm
2073 3460 2357 3526 intelligas,
2384 3457 2523 3510 varia
2551 3457 2799 3510 virtutum
2823 3463 3126 3508 ornamenta
3153 3451 3431 3521 significat.

1890 3553 2000 3602 Alia
2043 3550 2313 3602 translatio
2352 3547 2632 3602 linteamen
2690 3548 2970 3601 candidum
3002 3547 3177 3609 habet,
3211 3542 3433 3597 mut-tili-

1892 3642 2153 3691 cationem
2199 3638 2375 3692 cordis
2422 3638 2723 3691 doctoribus
2765 3638 3024 3698 indicens,
3064 3636 3209 3702 juxta
3261 3634 3431 3688 illud:

1889 3728 2088 3798 Castigo
2110 3744 2290 3798 corpus
2319 3744 2480 3780 meum
2500 3737 2545 3780 et
2575 3728 2793 3779 servituti
2820 3725 3054 3796 subjicio,
3081 3741 3144 3776 ne
3171 3725 3300 3792 forte
3323 3725 3439 3777 aliis

1888 3817 2187 3882 praedicans,
2218 3817 2322 3882 ipse
2347 3814 2589 3879 reprobus
2617 3814 2842 3866 inveniar
2873 3813 2918 3882 (Ι
2947 3813 3032 3865 σοι
3051 3852 3064 3866 .
3097 3815 3192 3879 ιι).

1957 3903 2020 3956 Et
2051 3904 2302 3970 pracincti
2329 3905 2462 3956 circa
2491 3914 2690 3968 pectora
2720 3905 2857 3954 zonis
2887 3903 3071 3953 aureis.
3105 3902 3201 3965 Qui
3243 3901 3432 3966 pradi-

1886 4007 2008 4046 care
2056 3990 2210 4046 fortia
2252 3991 2395 4055 velit,
2429 4007 2532 4043 non
2565 3991 2732 4043 solum
2783 3990 3062 4042 mortilicet
3099 4002 3310 4054 corpus,
3338 3988 3431 4040 sed

1887 4091 1938 4135 et
1980 4089 2160 4148 pectus
2191 4097 2319 4135 auro
2364 4081 2638 4147 sapientia:
2685 4081 2928 4145 stringat.
2961 4079 3051 4132 Vel
3103 4088 3244 4131 certe
3287 4077 3437 4130 mntis

1888 4171 2058 4224 aureis
2087 4179 2295 4236 pectora
2327 4170 2585 4237 stringere
2612 4180 2689 4221 est
2719 4177 2934 4222 cunctos
2965 4168 3296 4220 mutabilium
3343 4181 3435 4220 co-

1886 4261 2192 4328 gitationum
2225 4268 2394 4322 motus
2435 4272 2526 4326 per
2554 4258 2716 4312 solius
2748 4259 2835 4312 Dei
2872 4252 3066 4312 amoris
3097 4258 3302 4311 vincula
3353 4273 3440 4312 re-

231 4346 502 4414 baptismo
527 4356 823 4412 superstare
853 4346 1112 4410 videntur,
1144 4347 1436 4412 studentes,
1466 4346 1612 4415 juxta
1640 4350 1784 4410 Apo-
1820 4352 1869 4410 Ι)
1890 4349 2167 4417 stringere.

231 4437 480 4500 stolam,
530 4436 878 4501 supercertari
933 4436 1100 4490 semel
1152 4436 1353 4489 traditae
1410 4438 1604 4490 sanctis
1669 4436 1788 4490 tldci

235 4523 391 4590 (λεια.
419 4523 525 4588 ιιι).

313 4611 566 4662 [labentes
611 4609 829 4663 citharas
878 4609 999 4675 Dei,
1045 4621 1089 4663 et
1130 4622 1405 4676 cantantes,
1433 4621 1535 4666 etc.
1581 4613 1632 4665 Id
1677 4622 1786 4676 est,

232 4702 398 4756 corda
446 4703 762 4756 laudantium
797 4704 906 4758 Deo
936 4705 1104 4757 dicata
1149 4715 1410 4772 gerentes,
1438 4717 1488 4759 et
1519 4709 1790 4775 utriusque

232 4790 568 4846 'l‘cstamcnli
608 4795 829 4847 veritate
874 4811 1083 4848 canora.
1114 4795 1207 4850 Vel
1238 4813 1450 4851 carnem
1483 4800 1620 4867 ligno
1667 4814 1788 4866 pas-

231 4884 405 4935 sionis
451 4891 740 4938 extentam.
775 4878 1018 4939 Ubi‘nnn
1054 4897 1250 4939 tantum
1301 4901 1461 4942 sonus
1506 4889 1787 4954 voci_s*sed

229 4975 398 5026 etiam
435 4972 554 5022 boni
580 4976 753 5039 operis
785 4975 1107 5042 signiﬁcatur
1132 4976 1372 5031 cﬂ'ectus.

311 5061 504 5128 Magna
535 5069 578 5112 et
606 5062 852 5112 mirabilia
880 5079 1028 5130 opera
1072 5073 1159 5115 tua
1177 5108 1190 5128 ,
1225 5062 1440 5118 Domine
1469 5065 1604 5118 Deus
1630 5070 1790 5120 omni-

233 5161 436 5218 potens,
467 5161 569 5204 etr.
590 5151 698 5204 lloc
723 5161 932 5205 Carmen
965 5155 1013 5204 in
1038 5163 1257 5222 utroque
1285 5157 1452 5220 reperi
1480 5156 1792 5208 Testamen-

238 5251 320 5302 to,
351 5241 438 5292 ubi
489 5240 742 5292 Dominus
787 5250 839 5293 et
877 5256 1033 5293 verax
1066 5248 1120 5293 ct
1167 5241 1485 5304 misericors,
1517 5258 1544 5294 a
1590 5247 1791 5296 cunctis

236 5331 452 5382 canitur
476 5329 684 5381 sarculis
722 5328 880 5396 judex
912 5330 1229 5383 adorandus.
1264 5329 1472 5398 Repetit
1499 5331 1637 5398 quod
1674 5347 1787 5398 pru-

238 5428 516 5487 pusuerat,
545 5418 727 5471 dicens
751 5434 765 5470 :

316 5505 380 5558 Et
426 5521 536 5556 ecce
563 5517 788 5572 apertum
818 5495 891 5560 est.
918 5508 1156 5573 templum
1187 5507 1493 5559 tabernaculi
1522 5508 1790 5560 testimonii

246 5609 297 5653 lu
337 5599 482 5652 (σξιο.
509 5595 753 5652 Concinit
794 5599 1011 5654 carmini
1043 5598 1188 5653 visio.
1223 5599 1287 5655 Ut
1313 5602 1450 5654 enim
1482 5598 1732 5653 Dominus
1761 5614 1787 5651 a

1959 4439 2024 4491 Et
2066 4454 2221 4490 unum
2261 4453 2324 4490 ex
2360 4445 2570 4504 quatuor
2615 4435 2920 4486 animalibus.
2948 4435 3081 4486 dedit
3109 4444 3296 4500 septem
3332 4451 3432 4487 ano

1890 4532 2032 4599 gelis,
2060 4539 2162 4584 etc.
2196 4528 2311 4580 Istae
2354 4537 2473 4578 sunt
2521 4525 2708 4591 phiala:
2737 4539 2866 4592 quas
2897 4538 3016 4576 cum
3065 4523 3315 4576 odoribus
3359 4523 3433 4574 fe-

1891 4629 2012 4687 runt
2053 4619 2293 4670 animalia
2325 4626 2375 4670 et
2406 4617 2660 4678 seniores,
2689 4620 2774 4682 qui
2816 4622 2935 4666 sunt
2983 4614 3235 4675 Ecclesia,
3267 4614 3352 4678 qui
3383 4623 3438 4664 et

1889 4715 2087 4772 septem
2116 4706 2306 4768 angeli.
2341 4704 2547 4756 Eaadem
2582 4705 2773 4772 quippe
2805 4703 3008 4769 phialae.
3042 4710 3094 4753 et
3123 4700 3430 4752 suavitatem

1889 4794 2337 4860 supplicationum
2369 4803 2420 4845 et
2462 4795 2590 4847 iram
2641 4793 3012 4862 suppliciorum
3052 4792 3322 4844 continere
3350 4790 3431 4843 di-

1889 4897 2105 4948 cantur,
2133 4900 2249 4937 cum
2277 4900 2304 4937 a
2349 4884 2544 4938 sanctis
2587 4900 2680 4952 pro
2724 4886 2866 4952 regni
2914 4883 3004 4936 Dei
3051 4881 3274 4952 adventu
3318 4881 3433 4932 furt-

1891 4975 2107 5038 duntur,
2134 4975 2346 5042 quando
2373 4975 2568 5041 judicia
2623 4975 2709 5026 Dei
2760 4989 2860 5026 non
2898 4974 3006 5042 jam
3050 4972 3250 5045 occulta
3299 4973 3435 5024 sicut

1889 5065 2146 5130 zibyssus,
2188 5061 2278 5114 sed
2324 5071 2502 5127 aperta
2550 5069 2606 5113 ut
2653 5061 2837 5127 phialae
2863 5101 2875 5124 ,
2919 5062 3073 5130 justis
3104 5063 3269 5112 latura
3296 5061 3435 5112 salu-

1893 5164 2026 5215 tem,
2079 5150 2253 5216 impiis
2298 5164 2423 5200 vero
2475 5149 2829 5216 pt'attlicutttur
2876 5149 3065 5203 inferre
3116 5148 3433 5214 perniciem,

1889 5239 2321 5305 sicutApostolus
2364 5241 2469 5289 ait:
2503 5237 2631 5300 Quia
2662 5237 2848 5289 Christi
2895 5239 3049 5289 bonus
3096 5237 3223 5289 odor
3268 5253 3439 5291 sumus

1893 5329 1998 5381 Deo
2044 5331 2095 5380 in
2144 5329 2219 5379 his
2272 5328 2356 5396 qui
2407 5329 2527 5378 salvi
2574 5328 2730 5392 ﬁunt,
2787 5338 2833 5379 et
2877 5328 2928 5378 in
2973 5327 3050 5380 his
3108 5330 3191 5396 qui
3241 5344 3435 5394 pereunt

1819 5421 1824 5424 ’
1893 5418 1985 5486 (ll
2018 5418 2138 5471 Cor.
2170 5421 2250 5487 ιι).

1964 5510 2026 5562 Et
2071 5511 2328 5580 impletum
2370 5520 2440 5563 est
2487 5505 2722 5578 templum
2757 5510 2913 5578 fumo,
2945 5520 3048 5562 etc.
3093 5506 3435 5561 Prmdicatura

1895 5600 2133 5667 gentibus
2173 5601 2425 5666 Ecclesia,
2479 5602 2616 5667 prius
2663 5601 2771 5668 ipa
2819 5599 3084 5650 cliaritalis
3134 5597 3180 5664 ig
3208 5612 3250 5649 .e
3299 5599 3437 5649 calc-
