3934 6222
495 296 597 350 179
925 289 1125 346 BEDAE
1168 290 1603 345 VENEliABlLlS
1638 290 1785 345 OPP.
1832 288 2002 343 PARS
2043 287 2101 340 ll.
2135 286 2319 345 SECT.
2364 291 2399 344 l.
2444 320 2509 329 —
2548 291 2930 347 EXEGETICA
2970 291 3283 351 GENUINA.
3604 280 3729 342 180

495 421 669 469 scene,
712 404 906 458 lumum
953 408 1049 473 piae
1078 404 1421 457 confessionis
1452 404 1671 470 emittit,
1697 403 1890 472 gratias
1934 402 2041 456 Deo
2069 406 2117 463 Α
2144 415 2266 456 sunt
2292 407 2483 475 angeli,
2520 409 2619 461 hoc
2644 416 2726 461 est
2751 416 2805 462 et
2840 408 3007 462 altare
3034 408 3145 462 Deo
3173 408 3369 478 gratias
3398 419 3575 475 agens
3601 445 3617 468 .
3654 406 3709 456 id

496 512 655 561 super
678 495 1009 549 inenarrabili
1036 496 1175 548 dono
1203 496 1313 561 ejus
1337 510 1518 563 agens.
2141 504 2245 559 est,
2277 496 2494 550 interior
2519 498 2738 552 allectus
2764 507 3086 562 sanctorum,
3107 500 3190 564 vel
3219 500 3538 567 angelorum
3570 538 3588 561 ,
3625 498 3717 549 vel

568 584 634 637 Et
681 600 823 637 nemo
870 590 1062 652 poterat
1105 584 1312 636 introire
1353 583 1403 636 in
1444 582 1703 651 templum,
1728 592 1830 637 etc.
1875 583 2040 637 Nemo
2143 584 2433 648 hominum,
2465 587 2553 654 qui
2575 586 2816 640 docendo
2844 587 3055 655 populis
3092 597 3341 652 prasunt.

496 684 665 741 potest
713 675 960 728 Ecclesia:
1000 673 1250 727 membris
1288 673 1633 742 iucorporari,
1664 674 1761 727 nisi
1803 674 1889 742 qui
1918 690 2041 745 my-
2212 673 2274 727 Et
2300 684 2509 744 quartus
2527 675 2706 752 eﬂ'udit
2730 675 2956 745 phialam
2980 692 3123 730 suam
3149 677 3201 729 in
3222 676 3397 741 solent,
3426 685 3535 731 etc.
3580 675 3717 729 Per-

493 765 657 818 steria
686 763 803 843 fidei
829 763 1049 817 audiens
1080 762 1233 815 discit
1259 777 1285 813 a
1321 763 1769 829 praedicatoribus,
1797 764 1917 832 quia
1946 764 2041 818 .lc-
2140 775 2414 817 secuturos
2440 763 2714 827 Ecclesiae,
2746 766 2856 832 qui,
2883 764 3010 819 solis
3039 766 3201 819 instar
3224 766 3476 830 ardentis,
3505 779 3719 820 semen

493 870 583 921 sus
610 857 922 909 constitutus
949 865 1030 909 est
1071 870 1099 908 a
1132 856 1237 907 Deo
1263 855 1424 920 judex
1454 855 1687 909 vivorum
1719 866 1771 910 et
1800 866 2038 910 mortuo-
2142 854 2290 907 verbi
2326 855 2421 908 Dei
2450 852 2719 908 arefacere
2746 854 3054 919 moliuntur,
3078 853 3251 908 futuro
3269 855 3545 909 cremandi
3580 857 3721 906 sunt

493 960 629 998 rum.
661 944 809 1011 Quod
838 944 881 999 si
930 944 1124 997 l'umum
1153 944 1324 997 abdita
1369 940 1685 1017 iudiciorum
1734 947 1823 1000 Dei
1872 949 2037 1003 iuter-
2137 946 2326 1000 ardore
2353 944 2630 1013 gehennas.
2663 943 2761 998 Vel
2802 946 2855 999 si
2876 945 3076 1013 solem,
3115 946 3448 1014 splendorem
3476 945 3723 1012 sapien-

495 1037 715 1101 pretaris
742 1050 951 1098 arcana,
997 1036 1303 1088 mortalibus
1335 1034 1446 1089 brc
1476 1036 1902 1104 impenetrabilia
1929 1054 2037 1091 ma-
2139 1034 2266 1088 tium
2302 1035 2705 1101 interpretaris,
2736 1048 2840 1088 non
2888 1036 3078 1102 angelo
3116 1034 3281 1093 solem
3314 1032 3672 1103 perfundenli
3700 1069 3717 1092 ν

494 1137 619 1182 nent
649 1136 701 1181 et
740 1125 940 1190 clausa,
970 1125 1161 1192 donec,
1196 1124 1357 1179 [initis
1398 1128 1672 1192 prmsentis
1713 1126 1892 1181 saeculi
1924 1128 2035 1193 pla-
2136 1124 2231 1179 sed
2270 1126 2443 1179 eidem
2484 1126 2582 1180 soli
2608 1125 2793 1180 datum
2821 1136 2901 1180 est
2926 1137 3056 1179 astu
3100 1125 3315 1179 allicere
3354 1126 3611 1177 homines
3661 1130 3731 1174 et-

492 1218 592 1286 gis,
620 1216 863 1271 adveniat
912 1217 1185 1280 Dominus,
1215 1216 1303 1283 qui
1332 1223 1389 1269 et
1420 1216 1675 1269 illuminet
1715 1226 1768 1270 et
1810 1216 2033 1272 abscon-
2140 1218 2269 1287 igni,
2297 1219 2413 1287 quia
2449 1219 2571 1274 dum
2602 1220 2872 1288 sapientes
2900 1220 3021 1284 viri,
3044 1217 3361 1271 cruciatibus
3381 1217 3529 1279 victi,
3564 1215 3727 1268 male

490 1306 598 1359 dita
630 1304 965 1360 tenebrarum
1000 1304 1047 1373 (Ι
1083 1302 1202 1357 Cor.
1226 1302 1400 1370 tv),.et
1442 1303 1737 1367 manilestet
1778 1315 2037 1375 quantum.
2140 1310 2323 1377 agendi
2354 1324 2537 1363 errore
2568 1317 2852 1377 tanguntur
2874 1348 2891 1375 ,
2924 1309 3128 1362 illorum
3157 1310 3400 1375 exemplo
3428 1306 3719 1373 persuasi,

491 1396 576 1451 vel
620 1396 859 1452 utilitatis
886 1394 953 1449 ad
1000 1393 1319 1462 probandam
1353 1391 1600 1447 Ecclesia:
1631 1391 1814 1456 fidem,
1844 1394 1923 1447 vel
1951 1393 2037 1461 ju-
2138 1400 2331 1455 initi-ini
2383 1400 2575 1468 quique
2603 1398 2979 1468 temporalibus
3015 1397 3293 1452 desideriis
3322 1398 3708 1452 inardescunt.

492 1484 645 1539 stitiae
670 1484 736 1539 ad
764 1482 1107 1538 excaecandos
1128 1481 1337 1538 Judtcos
1360 1480 1775 1550 qui‘charitatem
1798 1481 2037 1538 veritatis

496 1589 600 1629 non
636 1581 947 1641 receperunt
967 1611 982 1637 ,
1012 1581 1070 1628 ut
1107 1570 1239 1627 salvi
1284 1570 1492 1635 tierent,
1520 1570 1772 1627 adventus
1803 1570 2039 1626 conferat

497 1665 826 1724 Antichristi.

1057 1756 1275 1812 CAPUT
1305 1755 1451 1811 XVI.

564 1846 629 1899 Et
673 1848 843 1901 audivi
871 1863 1036 1901 vocem
1079 1864 1313 1919 magnam
1339 1864 1358 1901 :
1387 1846 1465 1901 Ite
1509 1854 1562 1900 et
1586 1847 1826 1913 eﬂ'undite
1852 1857 2039 1913 septem

492 1938 713 2005 phialas,
758 1948 861 1993 etc.
905 1938 1041 1992 Data
1081 1947 1163 1991 est
1209 1946 1438 2005 potestas
1490 1936 1739 1991 Ecclesia:
1782 1936 2038 2005 judicium

494 2029 724 2097 irrogare
756 2027 1085 2091 damnandis,
1118 2034 1175 2080 ct
1198 2026 1580 2079 absolutionem
1625 2024 2039 2080 misericorditer

492 2118 616 2171 dare
639 2118 932 2172 conversis.
951 2117 1013 2170 Et
1034 2118 1275 2170 omnibus
1298 2116 1509 2183 quidem
1534 2115 1733 2183 angelis
1759 2115 1819 2169 in
1835 2127 2035 2191 ierram

493 2203 711 2258 fundere
750 2204 1047 2259 mandatum
1081 2214 1191 2268 est;
1231 2204 1324 2271 sed
1364 2204 1519 2257 iidem
1563 2203 1757 2255 terreni
1800 2203 2073 2257 homines

499 2310 594 2365 pro
637 2295 887 2363 varietate
934 2304 1269 2362 peccatorum
1322 2294 1467 2345 varia
1520 2306 1729 2359 quoque
1787 2291 2039 2346 vocabula

495 2386 808 2449 sortiuntur,
849 2394 906 2437 ut
944 2384 1081 2437 sicut
1116 2381 1508 2450 praedicationis
1547 2388 1601 2434 et
1655 2380 1923 2443 vindictm,
1965 2383 2042 2434 sic

493 2477 649 2530 ctiam
691 2489 845 2528 noxae
900 2473 1175 2541 plenitudo
1224 2472 1529 2537 septenario
1574 2483 1797 2523 numero
1850 2483 2037 2523 cense-

496 2576 663 2621 retur.

567 2655 635 2708 Et
661 2654 781 2713 abiit
808 2653 1019 2720 primus,
1046 2662 1090 2706 et
1119 2651 1300 2719 effudit
1333 2652 1557 2719 phialam
1579 2667 1721 2704 suam
1751 2652 1803 2705 in
1833 2659 2037 2703 tetram.

494 2748 697 2816 Duplici
727 2746 882 2801 modo
925 2747 1294 2816 praedicatores
1342 2746 1542 2812 phialas
1593 2745 1683 2796 ira:
1732 2744 1824 2796 Dei
1868 2743 2038 2797 cﬂ‘un-

497 2836 646 2901 dunt,
678 2835 799 2889 dum
828 2849 1009 2903 poenas
1038 2836 1312 2899 impiorum
1347 2834 1429 2887 vel
1457 2832 1659 2886 eisdem
1693 2830 1869 2898 impiis
1902 2832 2041 2884 irro-

495 2932 620 2992 gant
646 2923 981 2992 spiritualiter
1010 2922 1315 2991 indicando,
1346 2931 1402 2975 ut
1433 2921 1618 2976 Petrus
1657 2921 1856 2974 Simoni
1885 2937 1898 2973 :
1937 2918 2036 2972 Pe-

496 3015 663 3082 cunia,
693 3014 877 3083 inquit,
910 3023 997 3066 tua
1025 3023 1184 3066 tecum
1206 3014 1267 3066 sit
1293 3015 1345 3066 in
1377 3012 1699 3079 perditionem
1729 3013 1865 3079 (Act.
1888 3010 2035 3077 vui);

498 3106 580 3158 vel
632 3114 827 3159 sancta
883 3104 1131 3158 Ecclesiae
1180 3104 1513 3155 manifestam
1567 3100 1934 3166 praedicando,
1987 3100 2080 3170 ut:

495 3196 637 3249 idem
666 3195 830 3249 dixit:
868 3194 1055 3257 Quibus
1077 3193 1325 3261 judicium
1345 3193 1457 3262 jam
1489 3191 1613 3242 olim
1651 3206 1751 3241 non
1779 3198 1957 3251 cessat,
1988 3196 2034 3239 et

499 3287 714 3356 perditio
744 3302 916 3340 eorum
948 3302 1046 3338 non
1086 3284 1323 3337 dormitat
1370 3281 1456 3353 (Il
1486 3282 1624 3335 Petr.
1650 3286 1734 3347 tt).
1771 3282 1950 3333 Potest
1992 3288 2044 3332 ct

500 3378 684 3430 tertius
721 3376 910 3430 modus
958 3374 1206 3441 intelligi,
1239 3387 1344 3439 quo
1388 3372 1611 3440 quisque
1655 3378 1920 3437 peccator,
1950 3382 2043 3420 au-

499 3468 606 3519 dita
638 3462 1010 3533 praedicatione
1056 3464 1307 3523 veritatis,
1336 3459 1565 3529 graviori
1612 3457 2041 3512 contradictionis

498 3552 718 3605 vulnere
766 3549 1140 3618 corrumpitur.
1171 3548 1244 3603 De
1289 3565 1390 3612 quo
1426 3547 1673 3602 Dominus
1696 3560 1716 3600 .'
1747 3547 1805 3600 Si
1837 3563 1934 3597 non
1964 3562 2041 3598 ve-

499 3641 703 3705 nissem,
732 3639 930 3706 inquit,
963 3648 1008 3691 et
1048 3639 1240 3690 locutus
1269 3638 1338 3690 eis
1384 3638 1611 3706 fuissem,
1652 3645 1905 3703 peccatum
1946 3649 2044 3685 non

501 3729 737 3783 haberent
769 3727 943 3792 (Joan.
976 3726 1089 3794 xv).

574 3814 640 3866 Et
676 3815 864 3881 factum
892 3826 961 3867 est
986 3815 1166 3867 vulnus
1191 3830 1398 3879 meum,
1428 3822 1528 3869 etc.
1562 3814 1683 3881 Qui,
1710 3813 1930 3869 Domino
1957 3816 2047 3868 de-

504 3904 723 3968 relicto,
771 3903 1039 3957 diabolum
1085 3914 1422 3967 venerantur,
1468 3904 1702 3970 ejusdem
1762 3904 2046 3970 impietatis

507 3994 724 4048 vulnere
756 3994 984 4060 pessimo
1010 3994 1349 4059 spiritualiter
1375 3994 1681 4046 interibunt.

578 4085 642 4137 Et
685 4086 930 4137 secundus
975 4085 1154 4149 e/fudit
1205 4084 1427 4148 phialam
1470 4101 1613 4138 suam
1650 4085 1705 4135 in
1740 4100 1896 4146 mare,
1942 4091 2046 4137 etc.

508 4176 605 4239 Qui
638 4191 745 4229 non
777 4177 947 4230 solum
976 4178 1283 4230 charactere
1319 4187 1565 4230 n0tautur
1595 4177 1924 4240 Antichristi,
1956 4179 2047 4230 sed

510 4278 564 4318 et
627 4280 898 4321 servorum
962 4267 1178 4331 Christi,
1243 4268 1579 4321 stabilitatem
1644 4268 1796 4320 undis
1860 4281 2050 4321 amara:

2138 1495 2388 1559 Quamvis
2416 1503 2468 1548 et
2494 1503 2676 1559 aestus,
2706 1502 2762 1547 ut
2789 1492 3038 1555 diximus,
3070 1493 3235 1562 possit
3263 1490 3508 1557 intelligi,
3547 1488 3708 1555 quod

2140 1584 2332 1659 diaboli
2363 1598 2556 1653 corpus
2581 1584 2647 1638 de
2676 1584 2968 1647 stabilitate
2985 1590 3286 1637 sanctorum
3321 1579 3711 1634 irremediabi—

2144 1676 2261 1731 liter
2289 1677 2557 1732 cruciatur
2578 1713 2593 1739 ,
2626 1685 2679 1729 et
2716 1675 2779 1728 ad
2812 1674 3277 1740 blasphemandum
3310 1674 3579 1726 incitatur.
3632 1669 3718 1725 De

2141 1780 2246 1832 quo
2274 1766 2556 1831 propheta:
2594 1762 2784 1826 Zelus,
2832 1763 3029 1831 inquit,
3075 1760 3400 1831 apprehendit
3446 1757 3713 1825 populum

2140 1854 2475 1916 ineruditum;
2499 1862 2545 1904 et
2567 1868 2700 1905 nunc
2721 1852 2849 1922 ignis
2874 1850 3183 1904 adversarios
3207 1848 3438 1902 comedit.
3469 1846 3531 1900 Et
3556 1860 3712 1900 nunc

2142 1946 2323 2011 utique
2355 1951 2597 2011 excepto,
2629 1942 2828 1997 scilicet
2860 1942 3025 1994 ultimi
3059 1940 3198 1994 illius
3230 1940 3346 2007 igne
3367 1938 3575 2007 judicii.

2203 2034 2280 2086 Et
2305 2043 2634 2087 a'stuarerunt
2661 2032 2888 2085 homines
2915 2042 3041 2085 aestu
3080 2046 3281 2099 magno.
3316 2026 3711 2095 Inprazsentia-

2122 2138 2258 2177 .rum
2287 2122 2495 2191 quidem
2524 2163 2539 2183 ,
2569 2133 2822 2191 quantum
2866 2118 3184 2188 permittitur
3207 2159 3223 2182 ,
3267 2117 3520 2170 clarificat
3569 2128 3711 2167 suos

2146 2212 2401 2264 diabolus.
2431 2212 2595 2277 Quam
2625 2211 2916 2264 claritatem
2956 2218 3021 2262 et
3046 2208 3277 2261 laetitiam
3306 2205 3532 2274 Spiritus
3574 2217 3706 2258 san—

2146 2310 2259 2353 ctus
2286 2302 2463 2368 plagas
2485 2299 2720 2353 deﬁnivit
2739 2308 2792 2351 et
2813 2297 3048 2351 dolores.
3072 2296 3197 2349 Nam
3220 2304 3273 2347 et
3293 2310 3445 2362 supra
3476 2290 3711 2360 legimus

2146 2391 2433 2445 exercitum
2462 2390 2657 2444 diaboli
2689 2387 2945 2442 occidisse
2977 2387 3214 2439 homines
3238 2386 3353 2452 igne
3376 2426 3390 2448 ,
3451 2383 3600 2435 fumo
3648 2390 3709 2435 et

2146 2480 2420 2548 sulphure.
2467 2478 2579 2531 Non
2629 2479 2766 2545 quod
2818 2477 3091 2544 perspicue
3138 2474 3429 2537 occiderit,
3476 2472 3569 2525 sed
3619 2470 3711 2524 his

2150 2573 2317 2640 pinnis
2346 2568 2740 2623 consentientes
2769 2567 3133 2623 destinaverit.

2224 2659 2284 2712 Et
2312 2659 2514 2728 quintus
2540 2658 2714 2725 effudit
2742 2658 2963 2723 phialam
2986 2671 3128 2707 suam
3156 2664 3256 2708 etc.
3293 2652 3458 2707 Sedes
3486 2650 3704 2713 bestia,

2150 2749 2197 2803 id
2227 2760 2305 2803 eat
2331 2788 2349 2814 ,
2380 2762 2594 2817 regnum
2625 2747 2737 2814 ejus
2762 2786 2776 2809 ,
2828 2757 3075 2811 tauquam
3116 2743 3391 2811 judiciaria
3426 2749 3664 2806 potestas
3689 2781 3703 2801 ,

2150 2838 2447 2908 hujusmodi
2482 2838 2643 2906 plagis
2672 2877 2687 2899 ,
2720 2836 2771 2890 id
2814 2844 2934 2899 eSt.
2984 2844 3208 2887 terrente
3256 2830 3519 2884 felicitatis
3568 2829 3709 2881 falsa

2148 2931 2552 2985 contenebratur
2584 2927 2761 2981 Iustitia
2788 2968 2804 2992 ,
2838 2937 2891 2979 et
2942 2925 3072 2978 lucis
3118 2921 3347 2976 efﬁcitur
3377 2920 3546 2971 aliena
3574 2959 3592 2987 ,
3646 2927 3704 2969 ot

2151 3022 2430 3074 Psa'mus:
2484 3015 2759 3087 Dejecisti,
2808 3014 3018 3082 inquit,
3064 3024 3155 3064 eos
3196 3012 3317 3062 dum
3364 3010 3711 3061 alienarentur

2149 3106 2318 3173 (Psal.
2351 3112 2539 3176 Lxxtt).
2566 3106 2679 3159 Non
2708 3103 2849 3156 enim
2876 3101 3025 3163 dixit,
3050 3109 3320 3173 postquam
3342 3097 3528 3153 elevati
3552 3105 3706 3149 sunt.

2217 3198 2279 3251 Et
2295 3197 2829 3250 commanducaverunt
2852 3192 3050 3261 linguas
3072 3206 3189 3243 suas
3210 3203 3314 3256 pra:
3336 3185 3526 3238 dolore.
3546 3185 3709 3238 Sicut

2139 3288 2312 3358 justus
2342 3286 2551 3339 labores
2582 3283 2839 3337 fructuum
2867 3294 3080 3335 suorum
3111 3275 3563 3338 manducabit,‘ita
3601 3274 3707 3325 im-

2147 3377 2260 3442 pius
2289 3388 2497 3443 quoque
2530 3372 2700 3441 dignis
2728 3370 3071 3439 blasphemia:
3101 3382 3211 3421 sure
3232 3365 3400 3434 poenis
3426 3364 3711 3430 expositus

2144 3466 2292 3533 quasi
2326 3465 2499 3532 lingua
2541 3476 2633 3515 sua
2679 3470 2964 3515 saturatur.
2996 3458 3106 3511 Sibi
3139 3471 3265 3524 ergo
3294 3454 3551 3509 nocebant
3582 3453 3711 3505 bla-

2144 3556 2481 3621 Sphemantes
2510 3568 2575 3606 ex
2605 3553 2681 3606 ira
2710 3551 2798 3604 Dei
2824 3590 2838 3614 ,
2869 3564 2967 3617 qua
2999 3546 3332 3615 transpuncti
3371 3544 3554 3612 gaudia
3585 3543 3714 3595 exi-

2146 3643 2447 3696 stimabant.

2222 3730 2283 3781 Et
2305 3728 2763 3795 blasphemaverunt
2792 3725 2950 3778 Deum
2974 3724 3103 3788 caeli,
3122 3732 3224 3776 etc.
3245 3720 3354 3775 Non
3376 3720 3438 3773 ad
3460 3719 3719 3788 ipsorum

2150 3821 2393 3873 duritiam
2426 3818 2602 3871 retulit
2628 3855 2645 3879 .
2684 3815 2777 3870 sed
2808 3814 2870 3867 ad
2901 3816 3096 3880 justam
3131 3810 3538 3879 indignationem
3578 3807 3707 3872 Dei,

2150 3912 2233 3976 qui
2267 3911 2367 3964 tale
2397 3923 2561 3978 genus
2589 3908 2753 3977 plaga:
2781 3904 2949 3965 dedit,
2981 3906 3029 3956 in
3063 3918 3166 3970 quo
3196 3916 3296 3953 non
3336 3899 3710 3953 recordentur.

2152 4001 2277 4053 Nam
2307 4000 2421 4067 quis
2449 3996 2793 4065 corporaliter
2833 3995 3091 4067 amictus,
3125 4007 3228 4043 non
3266 3990 3451 4043 sentiat
3482 4001 3710 4040 manum

2153 4090 2244 4142 Dei
2273 4091 2408 4141 sicut
2438 4085 2767 4140 Antiochus?
2795 4060 3301 4148 Blastihemaverunt
3338 4080 3473 4132 enim
3495 4116 3510 4142 ,
3542 4076 3715 4142 dixit,

2154 4196 2253 4231 nun
2283 4186 2485 4244 aperte,
2513 4175 2604 4227 sed
2639 4175 2688 4226 in
2722 4171 2946 4241 peccatis
2976 4169 3320 4223 luxuriantes.

2225 4268 2287 4321 Et
2318 4278 2482 4319 sextus
2508 4266 2714 4334 angelus
2755 4262 2929 4327 elfudit
2976 4263 3197 4330 phialam
3241 4274 3382 4312 suam
3418 4258 3468 4309 in
3508 4258 3711 4324 ﬂumen

509 4355 884 4423 persecutionis
948 4355 1294 4419 insectantur;
1337 4355 1592 4423 spirituali
1642 4356 1751 4423 jam
1813 4356 2043 4420 ultione,
2082 4383 2126 4441 ο
2153 4360 2279 4413 illud
2306 4373 2537 4426 magnum
2567 4354 2887 4422 Euphraten,
2922 4361 3023 4405 etc.
3060 4352 3317 4404 Pereunte
3347 4349 3569 4416 populo,
3602 4347 3711 4398 3.:-

507 4465 661 4517 quam
726 4449 1033 4525 sanguinem
1098 4459 1287 4511 vocat,
1342 4449 1673 4516 punientur;
1732 4458 1785 4501 et
1842 4450 1929 4516 qui
1993 4463 2050 4502 se

509 4543 687 4593 \‘ivcre
736 4538 1035 4607 jactabaut,
1078 4538 1653 4605 mimisprobabuutur
1700 4538 1900 4589 auctori
1940 4552 2050 4591 ser-

510 4631 686 4681 \‘iisse.

582 4718 643 4770 Et
670 4717 843 4770 tertius
871 4715 1046 4780 effudit
1076 4713 1299 4785 phialam
1326 4729 1465 4764 suam
1495 4727 1643 4779 super
1672 4710 1902 4776 ﬂumina,
1946 4719 2046 4761 etc.

513 4812 574 4864 Et
605 4810 653 4861 hi
684 4824 889 4876 quoque
917 4809 1029 4874 qui,
1063 4814 1117 4857 ut
1146 4821 1294 4857 suum
1322 4808 1462 4855 virus
1493 4802 1717 4855 incautis
1746 4799 2015 4852 infundant
2037 4838 2051 4860 ,

511 4901 681 4954 dulcia
727 4914 785 4952 se
824 4902 1097 4965 propinare
1144 4900 1364 4966 lingunt,
1408 4896 1562 4964 digna
1610 4896 1770 4964 plaga:
1805 4892 2052 4961 perennis

511 4993 705 5043 ultione
734 4993 1047 5057 plcctentnr.

582 5084 645 5136 Et
666 5082 834 5134 audivi
858 5081 1088 5148 angelum
1112 5096 1348 5145 aquarum
1374 5081 1637 5139 dicentem,
1660 5077 1835 5130 Justus
1857 5093 1925 5135 es,
1948 5063 2067 5127 etc...

513 5171 568 5223 in
597 5174 782 5241 angelo
816 5183 1087 5237 aquarum,
1118 5183 1301 5219 omnes
1330 5170 1540 5234 angelos
1572 5170 1883 5233 populorum
1904 5166 2051 5225 dicit,

516 5263 747 5314 interimi
776 5260 959 5314 allecto
989 5258 1180 5311 divinis
1214 5256 1453 5309 laudibus
1485 5265 1881 5320 concrepantes,
1913 5255 2052 5321 quod

519 5350 784 5402 vindicans
829 5349 1134 5415 sanguinem
1185 5360 1451 5399 servorum
1498 5358 1711 5396 suorum
1765 5344 2053 5397 homicidas

516 5450 681 5493 morte
714 5448 828 5505 pota
838 5441 985 5493 verit.

590 5529 651 5579 Et
682 5530 847 5582 audivi
875 5534 1089 5582 alterum
1120 5532 1179 5582 ab
1208 5530 1360 5582 altari
1389 5532 1631 5583 dicentem
1655 5545 1673 5582 :
1714 5527 1902 5591 Etiam,
1951 5524 2056 5575 Do-

518 5615 644 5669 mine
678 5616 809 5669 Deus
841 5620 1167 5688 omnipotens,
1195 5620 1738 5690 t'eraetjustajudicia
1766 5628 1872 5669 tua.
1904 5613 2053 5681 Quod

2161 4448 2364 4515 bylonis
2393 4446 2656 4498 afﬂuentia
2684 4484 2698 4507 ,
2732 4443 2783 4496 in
2812 4456 2915 4509 quo
2947 4442 3070 4493 nihil
3099 4440 3272 4493 vivum
3298 4478 3311 4501 ,
3331 4437 3466 4491 .nihil
3495 4436 3669 4488 viride
3694 4475 3710 4496 ,

2157 4540 2291 4605 quod
2323 4537 2427 4609 igni
2457 4546 2632 4604 aptqu
2678 4551 2782 4588 non
2827 4535 2927 4594 sit,
2961 4532 3269 4585 remanebit.
3315 4529 3422 4581 lloc
3450 4537 3529 4580 est
3555 4528 3707 4595 quod

2156 4644 2312 4696 supra
2342 4627 2472 4678 dixit
2500 4643 2513 4677 :
2554 4624 2696 4676 Aruit
2736 4624 2907 4675 messis
2948 4633 3095 4674 terra
3124 4620 3309 4687 (Apoc.
3342 4618 3447 4682 xtv)
3474 4657 3488 4680 ,
3531 4618 3709 4670 sancti

2157 4718 2296 4784 regis
2322 4714 2528 4767 obviam
2575 4714 2682 4767 Soli
2717 4712 2934 4780 justiti.e
2976 4718 3281 4776 properant.
3332 4708 3516 4764 Aliter.
3550 4708 3709 4762 Sicut

2140 4808 2280 4882 ‘dUlll
2311 4802 2543 4871 superbit
2571 4802 2761 4870 impius
2787 4843 2801 4867 ,
2846 4800 3135 4852 incenditur
3164 4813 3376 4865 pauper.
3422 4798 3486 4850 ita
3531 4797 3707 4865 pessii-

2160 4898 2297 4949 lente
2339 4893 2600 4961 ﬂagellato
2650 4893 2859 4959 sapiens
2890 4888 3108 4939 astutior
3156 4888 3265 4941 liet.
3316 4885 3480 4941 Solito
3528 4896 3707 4939 autem

2159 5002 2304 5039 more
2350 4983 2700 5051 praetermisso
2726 5020 2741 5045 ,
2792 4980 3015 5049 septimo
3057 4978 3243 5045 angelo
3284 4976 3589 5043 recapitulat
3635 4976 3709 5027 ab

2158 5079 2358 5145 origine
2385 5075 2633 5127 breviter.

2228 5168 2293 5220 Et
2322 5168 2418 5219 vidi
2448 5165 2508 5215 de
2547 5177 2629 5212 ore
2657 5159 2884 5211 draconis
2929 5169 2975 5209 et
3004 5158 3064 5208 de
3098 5172 3181 5209 ore
3210 5156 3374 5208 bestia
3397 5194 3412 5214 .
3453 5162 3553 5206 etc.
3584 5153 3709 5221 Spi-

2159 5261 2289 5312 ritus
2310 5253 2523 5315 diaboli,
2554 5262 2607 5305 et
2632 5232 2952 5309 Antichristi,
2977 5260 3025 5299 et
3051 5246 3445 5314 prapositorum
3467 5248 3707 5306 corporis

2158 5354 2291 5411 ejus,
2314 5346 2401 5413 qui
2431 5358 2524 5410 pro
2556 5354 2773 5393 numero
2795 5342 3012 5407 partium
3040 5338 3194 5390 unius
3214 5336 3447 5398 corporis
3471 5336 3707 5394 trilarius

2159 5440 2347 5492 dicitur
2372 5477 2385 5497 ,
2417 5434 2558 5486 ranis
2587 5433 2847 5485 similatur
2872 5450 2889 5493 ς
2919 5428 3271 5483 animantibus
3294 5428 3495 5481 scilicet
3538 5429 3658 5480 loco
3688 5468 3703 5489 ,

2159 5528 2312 5585 visu,
2364 5510 2687 5587 molesteque
2732 5521 2949 5585 strepitu
3004 5517 3357 5571 horrentibus.
3406 5518 3533 5583 Qua
3581 5529 3705 5568 cum

2158 5628 2408 5683 aquarum
2458 5612 2642 5668 incola
2681 5611 2987 5673 vidcantur,
3040 5608 3089 5660 in
3138 5607 3379 5662 sordibus
3421 5616 3603 5661 tamen
3651 5614 3709 5659 et
