3934 6222
264 302 354 354 181

1209 301 1633 359 EXPLANATIO
1671 301 2140 382 APOCALYPSIS.
2179 337 2244 348 —
2281 309 2404 363 Lib.
2448 310 2531 364 lll.

3356 322 3450 376 i8!

262 427 418 465 caeno
445 411 769 464 volutantur.
801 409 1094 476 Hypocrita:
1123 411 1317 479 quippe
1341 427 1532 479 aquam
1557 414 1676 466 vitae
1705 412 1814 466 suis
1843 417 1887 471 Α
1919 416 2080 481 pesci.
2129 416 2454 486 Recapitulat
2483 423 2552 472 ab
2577 419 2758 472 eadem
2806 426 3163 486 persecutione
3187 468 3200 493 ,
3244 432 3445 486 ruinam

261 501 672 567 promittentes,
724 499 774 552 in
822 499 1061 552 sordibus
1090 514 1221 566 quas
1263 499 1536 553 credentes
1582 501 1634 553 in
1682 516 1811 568 aqua

260 587 534 655 deponunt
577 590 769 640 mortui
821 587 1151 650 delitescunt.
1199 587 1286 642 Sic
1336 588 1580 654 Pharao,
1627 591 1714 655 qui
1760 597 1815 642 ut

264 677 516 743 pepnlnm
567 675 810 744 perderet
839 677 891 728 in
925 677 1186 743 baptismo
1213 716 1230 742 ,
1277 686 1392 744 po:t
1437 691 1556 731 eum
1602 678 1813 731 introire

259 778 443 826 ausus,
477 762 673 816 ibidem
704 770 922 816 necatus
949 771 1052 816 est.
1227 768 1229 770 ’

335 852 467 905 Sunt
496 852 628 904 enim
650 852 854 919 spiritus
883 851 1242 903 demoniorum
1271 852 1509 920 facientes
1538 853 1699 920 signa.
1740 852 1810 904 Ita

262 954 491 1008 namque
519 939 657 993 sicut
692 939 850 993 etiam
899 955 991 1006 per
1031 955 1208 1009 magos
1261 941 1543 994 Pharaonis
1568 941 1809 994 credendi

259 1038 387 1082 sunt
429 1030 578 1097 signa
629 1028 835 1082 facturi.
886 1028 990 1082 Nec
1036 1030 1300 1085 immerito
1343 1043 1522 1083 eorum
1574 1029 1811 1084 meminit

261 1118 408 1172 facta
437 1118 706 1172 mentione
733 1132 976 1172 ranarum
1002 1157 1019 1184 ,
1067 1119 1167 1172 nisi
1198 1128 1254 1172 ut
1299 1119 1564 1172 ministros
1604 1119 1810 1172 Satanze

264 1219 396 1264 tunc
422 1223 632 1278 quoque
659 1207 846 1263 similia
868 1209 1177 1277 prcedicaret
1195 1210 1341 1278 signa
1362 1209 1610 1264 facturos.
1639 1211 1811 1278 Usque

257 1299 326 1350 ad
359 1299 564 1366 signum
609 1298 746 1352 enim
786 1313 1029 1352 ranarum
1073 1299 1184 1352 Suis
1211 1298 1344 1368 magi
1373 1299 1808 1352 incantationibus

255 1387 439 1439 valere
470 1387 709 1455 permissi
740 1396 881 1441 sunt.

331 1475 400 1527 Et
428 1474 691 1539 precedent
714 1475 780 1527 ad
807 1476 1126 1549 regestotins
1148 1486 1292 1528 terra:
1315 1516 1331 1538 ,
1370 1491 1668 1545 congregare
1695 1476 1808 1528 illos

254 1566 309 1618 in
343 1567 596 1634 pra’liunt,
622 1572 726 1619 etc.
752 1564 898 1618 Sicut
928 1567 1094 1618 sancti
1128 1581 1276 1634 rcges
1299 1577 1436 1629 sunt,
1464 1568 1670 1634 quibus,
1703 1568 1806 1618 En-

259 1657 450 1724 pbrate
481 1657 697 1720 siccato,
731 1657 808 1708 via
841 1655 1080 1725 panditur
1100 1655 1350 1720 Orientis,
1381 1655 1448 1707 ita
1477 1647 1632 1708 etiam
1664 1655 1805 1721 pravi

1914 505 2215 559 describens
2245 507 2417 576 impia!
2441 508 2685 562 civitatis.

1983 592 2048 645 Et
2078 597 2210 661 facta
2234 605 2351 648 sunt
2374 599 2575 666 fulgura
2597 611 2641 652 et
2670 617 2826 662 voces,
2852 613 2951 656 etc.
2993 607 3120 660 Cum
3150 610 3198 661 iu
3226 612 3326 666 line
3351 631 3448 668 sm.

1903 663 2017 734 lculi
2067 684 2185 738 talis
2208 663 2382 738 .l’uerit
2423 663 2678 741 tribulatio
2702 730 2716 752 ,
2759 694 2924 759 qualis
2953 710 3049 746 non
3079 699 3174 764 fuit

1912 769 2124 839 (Matth.
2157 775 2335 843 xxiv),
2364 775 2508 843 signa
2551 778 2744 844 pariter
2770 784 2993 835 maxima
3024 787 3306 843 clarebunt.
3340 792 3442 846 Sed

1911 862 2084 912 utr‘um
2107 875 2134 910 a
2167 872 2312 927 parte
2344 862 2618 925 bonorum.
2654 881 2718 918 an
2745 883 2771 919 a
2803 882 2946 936 parte
2976 874 3256 941 malorum,
3287 895 3350 932 an
3379 899 3440 934 ex

1913 955 2130 1011 utraque
2172 959 2315 1012 parte
2350 950 2447 1003 sibi
2488 953 2795 1008 altrinsecus
2823 972 3024 1023 coeant,
3063 979 3164 1016 non
3212 969 3290 1020 hic
3319 971 3444 1022 satis

1910 1034 2097 1088 elucet.
2133 1036 2279 1090 Sicut
2307 1039 2471 1106 Moysi
2501 1051 2553 1093 et
2581 1045 2740 1109 magis
2773 1046 2960 1099 factum
2993 1060 3072 1103 est
3112 1050 3276 1106 Phara
3318 1059 3415 1111 nis.

1946 1139 1951 1144 ‘
1980 1123 2045 1174 Et
2068 1125 2200 1190 facta
2231 1135 2301 1178 est
2329 1128 2499 1180 civitas
2530 1144 2711 1200 magna
2750 1134 2798 1184 in
2842 1144 2936 1187 tres
2965 1149 3149 1200 partes.
3184 1142 3439 1200 Triforine

1910 1211 2103 1264 bellum
2145 1215 2300 1281 impia
2340 1217 2520 1269 civitas
2550 1218 2703 1272 infert
2745 1221 2988 1276 Ecclesiae
3020 1227 3232 1280 ϐιιτὶείὶ.
3273 1232 3438 1294 Quam

1908 1300 2131 1368 gentiles
2165 1311 2217 1354 et
2243 1302 2405 1356 Judaei
2434 1316 2614 1372 aperto
2641 1310 2941 1373 certamine,
2976 1311 3202 1368 haeretici
3224 1319 3436 1372 subdola

1908 1389 2203 1444 defectione
2229 1432 2258 1454 ,.
2287 1393 2399 1446 falsi
2446 1394 2626 1448 fratres
2670 1400 2843 1463 pravis
2887 1398 3129 1454 infestant
3168 1410 3438 1472 exemplis.

1908 1481 2054 1545 Quod
2083 1491 2137 1534 et
2168 1497 2324 1548 supra
2353 1484 2400 1535 in
2429 1486 2592 1538 tribus
2613 1486 2760 1552 equis
2799 1489 2965 1553 malis,
2998 1505 3169 1551 roseo.
3209 1495 3353 1562 nigro
3390 1508 3441 1549 et

1910 1569 2122 1634 pallido,
2153 1570 2424 1638 ﬁguratum
2449 1584 2547 1626 est.
3298 1591 3303 1595 '

1976 1658 2041 1710 Et
2068 1662 2292 1714 civitates
2319 1663 2536 1732 gentium
2565 1664 2866 1718 ceciderunt.
2901 1666 2950 1718 Id
2975 1678 3072 1729 est,
3105 1683 3256 1724 omne
3284 1674 3439 1724 robur

256 1759 417 1814 reges
448 1756 600 1800 terra:
630 1746 902 1808 dicuntur,
926 1745 1012 1812 qui
1037 1759 1138 1796 non
1169 1759 1232 1797 ex
1263 1751 1372 1797 tcto
1399 1742 1527 1796 orbe
1556 1743 1619 1794 ad
1648 1756 1803 1793 unum
1835 1732 1880 1791 Β
1907 1747 2198 1816 ﬁduciaque
2219 1751 2471 1817 gentium.
2496 1751 2798 1808 Jucnnditas
2821 1757 2956 1807 enim
2987 1757 3261 1825 impiorum
3293 1762 3436 1814 ruina

251 1834 434 1908 locum
462 1834 780 1902 congregati,
808 1835 899 1887 sed
928 1847 1023 1886 suo
1053 1846 1271 1900 qumque
1298 1844 1428 1898 gens
1461 1831 1511 1882 in
1537 1833 1651 1883 loco
1681 1844 1805 1882 san-

249 1933 378 1976 ctos
405 1923 724 1991 impugnent.
755 1923 899 1975 Diem
923 1929 1096 1973 autem
1123 1920 1324 1972 Domini
1349 1933 1616 1986 magnum,
1643 1926 1806 1970 totum

253 2021 470 2077 tempus
499 2012 621 2064 dicit
650 2027 677 2063 a
709 2011 913 2065 Domini
944 2011 1203 2077 passione.
1229 2008 1406 2061 Potest
1429 2017 1481 2062 et
1506 2008 1615 2060 dies
1645 2009 1805 2074 accipi

241 2099 471 2167 jndicii;
501 2113 619 2154 cum
646 2101 907 2152 exercitus
928 2097 1121 2152 diaboli
1152 2112 1243 2164 per
1270 2105 1433 2149 totum
1463 2105 1667 2164 tempus
1690 2098 1807 2149 vitae

255 2191 540 2257 piamentis
584 2199 930 2259 congregatus
979 2189 1201 2243 Domino
1242 2187 1351 2256 regi
1400 2189 1807 2256 prosternendus

252 2287 520 2332 οςεηιτει.

334 2371 470 2424 Ecce
496 2372 634 2449 venio
662 2373 788 2426 sicut
814 2372 918 2440 fur.
953 2373 1068 2426 Alia
1101 2371 1259 2425 editio
1287 2371 1685 2437 consequentius
1718 2373 1805 2423 lia-

249 2461 349 2513 bct
378 2480 392 2515 :
423 2463 500 2514 Ad
521 2466 652 2516 diem
681 2478 915 2532 magnum
955 2460 1050 2514 Dei
1091 2463 1458 2529 omnipotentis.
1508 2459 1638 2514 Ecce
1678 2464 1804 2514 venit

247 2564 306 2601 ut
339 2552 446 2618 fur.
712 2615 718 2623 ἱ

322 2641 513 2696 Beatus
540 2644 626 2712 qui
655 2644 825 2714 vigilat
867 2652 912 2697 et
956 2642 1172 2696 custodit
1210 2641 1501 2694 vestimenta
1539 2656 1630 2693 sna
1654 2679 1668 2702 ,
1700 2649 1799 2693 etc.

235 2732 400 2784 Beati
424 2748 631 2799 quorum
662 2741 792 2784 tecta
819 2741 930 2784 sunt
961 2741 1161 2800 peccata
1190 2729 1354 2799 (Psal.
1384 2730 1549 2797 snt),
1575 2731 1658 2796 qui
1689 2738 1802 2783 tur-

229 2822 538 2889 pitudinem
567 2831 686 2876 vitae
713 2823 1146 2890 repreliensibilis
1170 2831 1293 2875 ante
1318 2823 1580 2888 justorum
1617 2822 1800 2876 oculos

228 2912 294 2964 in
324 2911 527 2978 judicio
555 2913 923 2982 subsequentis
962 2912 1080 2965 boni
1125 2911 1298 2977 operis
1345 2912 1573 2978 tegmine
1604 2911 1796 2964 velant.

231 2999 310 3053 Et
344 3000 398 3053 in
428 3001 729 3069 Evangelio,
760 3001 1032 3067 Dominus,
1058 3001 1109 3054 in
1129 3002 1371 3068 exemplo
1397 2999 1527 3053 furis
1555 3000 1797 3064 cavendi,

225 3104 431 3143 servos
460 3090 673 3157 vigilare
702 3091 954 3166 praecipit.

314 3179 388 3232 Et
416 3180 725 3250 congregabit
752 3180 866 3232 illos
917 3182 968 3232 in
1007 3181 1169 3233 locum
1209 3181 1293 3247 qui
1316 3187 1522 3232 uocatur
1553 3180 1796 3231 Hebraice

226 3269 625 3334 Hermrgedon.
660 3267 808 3321 llunc
825 3267 996 3320 locum
1027 3269 1146 3320 alibi
1171 3269 1402 3335 exponit,
1433 3269 1649 3320 dicens:
1676 3266 1799 3319 Con-

223 3360 467 3427 gregavit
490 3357 606 3410 illos
634 3358 687 3410 in
713 3355 942 3424 prelium
967 3395 984 3420 ,
1024 3366 1070 3408 et
1097 3356 1455 3409 circumierunt
1492 3365 1655 3408 castra
1684 3373 1802 3408 san-

227 3457 464 3506 ctorum,
489 3455 534 3498 et
564 3446 810 3498 civitatem
839 3446 1042 3497 electam
1064 3445 1246 3511 (Apoc.
1271 3446 1386 3510 xx),
1413 3444 1463 3496 id
1490 3453 1590 3505 est.
1615 3445 1798 3498 Eccle-

219 3533 399 3587 siam.
433 3533 609 3587 Potest
636 3542 688 3586 et
727 3548 757 3587 e
785 3532 1047 3587 contrario
1079 3534 1223 3587 locus
1254 3533 1532 3601 impiorum
1557 3533 1799 3588 diabolus

224 3622 489 3689 intelligi,
536 3622 622 3690 qui
671 3621 721 3675 in
764 3622 974 3676 homine
1011 3621 1258 3690 perdito,
1289 3632 1492 3676 tumore
1536 3631 1797 3689 usurpata

232 3714 468 3766 Deitatis
499 3713 695 3774 inflato,
727 3715 930 3780 priores
952 3753 966 3775 ,
999 3711 1049 3765 id
1079 3722 1182 3776 est,
1212 3715 1472 3780 quondam
1517 3727 1546 3763 a
1575 3713 1799 3765 Domino

226 3803 573 3864 interdictas.
611 3815 922 3867 recuperare
950 3815 1009 3855 se
1034 3802 1278 3868 gaudebit
1309 3803 1544 3855 insidias.
1579 3801 1795 3854 llerma-

221 3895 415 3961 gedon
446 3894 584 3946 enim
613 3893 1003 3945 conresurrectio
1030 3892 1082 3944 in
1116 3893 1285 3959 priora
1306 3935 1323 3959 ,
1367 3893 1479 3947 sive
1522 3909 1664 3945 mons
1691 3894 1796 3961 glo.

221 3987 391 4036 bosus
419 3985 804 4051 interpretatur.

310 4071 381 4125 Et
422 4074 661 4136 septimus
703 4071 874 4138 effudit
903 4072 1128 4139 phialam
1167 4087 1309 4126 suam
1352 4072 1408 4124 in
1445 4087 1648 4137 aerem,
1688 4081 1794 4125 etc.

216 4162 384 4216 Sicut
411 4174 565 4226 supra
595 4161 807 4230 sanguis
837 4161 1049 4214 ultionis
1096 4174 1256 4227 usque
1307 4159 1372 4212 ad
1421 4159 1594 4213 frenos
1635 4173 1795 4226 equo-

223 4267 379 4314 rum,
413 4251 712 4308 immundos
744 4252 986 4305 videlicet
1016 4249 1231 4318 spiritus
1261 4249 1461 4314 exivit,
1506 4249 1582 4302 sic
1619 4259 1670 4303 et
1710 4250 1792 4302 hic

1903 1847 1982 1890 est
2004 1852 2210 1906 magna,
2232 1827 2292 1892 et
2310 1839 2551 1908 gaudium
2576 1842 2735 1910 iniqui
2761 1845 3003 1910 perditio.

1975 1945 2038 1997 Et
2069 1945 2296 2015 Babylon
2322 1965 2503 2018 magna
2529 1951 2580 2002 in
2611 1954 2894 2004 memoriam
2938 1957 3065 2006 venit
3093 1966 3208 2008 ante
3247 1957 3398 2008 Deum
3422 1997 3436 2020 ,

1905 2043 2006 2086 etc.
2034 2034 2178 2087 Tunc
2224 2037 2450 2104 Babylon
2489 2039 2661 2102 cadit,
2693 2050 2780 2091 aut
2820 2044 2946 2092 iram
2995 2043 3078 2095 Dei
3121 2045 3275 2107 bibit,
3318 2061 3436 2098 cum

1907 2134 2213 2191 potestatem
2269 2129 2456 2195 accipit
2506 2129 2756 2182 adversus
2806 2131 3135 2195 Jerusalem,
3181 2135 3436 2200 przrcipue

1907 2216 2262 2269 novissimam.
2306 2218 2583 2285 Propterea
2627 2220 2790 2284 ipsam
2828 2221 2959 2293 dixit
3001 2225 3251 2277 cecidisse
3288 2234 3437 2280 terra:

1906 2313 2047 2355 motu
2084 2319 2237 2371 quem
2264 2303 2386 2358 facit
2413 2308 2677 2360 Ecclesiae.
2707 2310 2851 2373 Quod
2893 2311 2934 2362 si
2981 2313 3044 2363 ad
3088 2314 3224 2364 diem
3261 2314 3436 2380 judn-ii

1904 2391 2124 2458 referas,
2147 2393 2212 2444 ibi
2241 2394 2432 2461 impius
2455 2396 2502 2446 in
2523 2398 2826 2449 memoriam
2851 2398 2957 2472 Deo
2985 2404 3174 2468 veniet,
3194 2405 3278 2470 qui
3303 2419 3435 2457 nunc

1904 2479 2101 2532 diclt‘in
2124 2481 2282 2535 corde
2301 2496 2423 2535 suo:
2460 2482 2657 2537 Oblitus
2677 2496 2748 2537 est
2782 2485 2931 2539 Deus.

1971 2595 2039 2657 Et
2087 2599 2244 2649 omnis
2283 2600 2445 2650 insula
2475 2600 2619 2666 fugit,
2646 2611 2692 2651 et
2738 2610 2923 2652 montes
2951 2617 3049 2652 non
3089 2613 3202 2654 sunt
3227 2603 3426 2654 inventi.

1905 2688 2156 2751 Ecclesia,
2206 2703 2342 2753 «inae,
2376 2699 2587 2756 pr0pter
2638 2688 2936 2741 stabilitatis
2963 2691 3321 2748 eminentiam.
3355 2695 3434 2742 in-

1902 2779 2034 2830 sulis
2076 2787 2408 2846 comparatur
2452 2793 2512 2831 ac
2544 2778 2824 2844 montibus,
2875 2794 2904 2831 a
2943 2789 3333 2847 persecutor-um
3378 2795 3433 2832 se

1902 2877 2052 2918 canta
2084 2867 2326 2919 ﬂuctibus
2346 2867 2638 2920 abscondit.

1972 2953 2035 3006 Et
2061 2954 2256 3022 grando
2275 2970 2459 3022 magna
2481 2955 2606 3007 sicut
2628 2956 2865 3006 talentum
2886 2956 3133 3006 descendit
3164 2955 3225 3008 de
3245 2956 3366 3007 calo
3384 2957 3433 3006 in

1825 3047 1871 3110 ο
1904 3042 2147 3096 homines.
2199 3041 2408 3096 Grande
2443 3041 2533 3095 ira:
2562 3041 2650 3095 Dei
2682 3042 2875 3094 talento
2921 3042 3195 3104 similatnr,
3226 3057 3341 3108 quae
3378 3058 3431 3095 et

1902 3130 2133 3198 pondere
2155 3133 2324 3199 gravis
2349 3139 2404 3183 et
2428 3146 2570 3198 requa
2599 3129 2813 3197 judicio,
2830 3145 2924 3196 pro
2940 3130 3242 3184 diversitate
3257 3131 3434 3196 culpa-

1899 3237 2034 3282 rum,
2064 3221 2279 3284 singulis
2309 3221 2591 3288 inﬂigatur.
2618 3221 2684 3273 Et
2711 3236 2893 3272 omnes
2922 3220 3083 3288 plagre
3115 3218 3338 3287 IEgypti
3361 3222 3424 3271 li-

1896 3325 2039 3379 gurae
2067 3303 2552 3377 fueruiitplagarnrn
2576 3309 2945 3377 spiritualium.

1969 3397 2035 3452 Et
2066 3400 2523 3468 blasphemaverunt
2551 3399 2774 3450 homines
2808 3397 2984 3463 Deum,
3027 3408 3130 3452 etc.
3161 3399 3292 3463 Quia
3332 3399 3430 3450 alia

1903 3500 2113 3556 peccata
2143 3503 2299 3541 causa
2328 3497 2446 3540 sunt
2491 3488 2712 3555 peccati,
2742 3487 2840 3538 alia
2870 3503 3020 3552 poena
3069 3490 3286 3554 peccati,
3333 3489 3429 3542 alia

1899 3590 2193 3643 utrumque.
2219 3577 2362 3628 Sicut
2393 3575 2581 3627 Isaias:
2615 3572 2745 3626 Ecce
2767 3586 2816 3625 tu
2846 3575 3057 3644 (inquit)
3086 3580 3240 3627 iratus
3281 3592 3352 3637 es,
3385 3587 3431 3626 et

1897 3670 2204 3738 peccavimus
2260 3665 2413 3733 (lsai.
2471 3663 2636 3732 utr).
2701 3665 2794 3718 llic
2849 3665 3209 3731 blaSpbemare
3267 3665 3431 3719 Deum

1897 3767 2110 3826 propter
2129 3755 2456 3824 grandinem,
2487 3764 2540 3808 et
2567 3763 2837 3822 peccatum
2862 3757 3179 3823 agnoscitur,
3203 3763 3256 3808 et
3276 3770 3429 3821 pinna

1898 3844 2119 3915 peccati.

2446 3928 2664 3983 CAPUT
2695 3929 2848 3982 χνιν.

1974 4064 2114 4130 Veni,
2145 4064 2400 4116 ostendam
2421 4063 2510 4114 tibi
2530 4063 2899 4114 damnationem
2921 4074 3184 4114 meretrtcrs
3203 4077 3420 4130 magum.

1897 4167 1996 4207 etc.
2059 4154 2388 4207 Perditorum
2444 4151 2741 4216 multitudo,
2773 4166 2912 4219 quae,
2946 4153 3128 4205 relicto
3154 4150 3423 4211 Creatore,

1895 4241 2227 4296 daemonibus
2256 4255 2314 4295 se
2359 4241 2646 4307 prostravit
2689 4240 3149 4308 constuprandam,
3178 4241 3226 4292 in
3259 4239 3431 4292 ﬂucti-

226 4359 361 4396 cnnr
392 4341 607 4394 easdem
639 4349 921 4407 potestates
950 4342 1121 4395 aerias
1146 4340 1428 4392 novissima
1452 4339 1790 4406 perfunderet

1902 4333 2011 4394 bus,
2059 4332 2108 4385 id
2139 4340 2237 4394 est,
2271 4333 2318 4382 in
2361 4329 2622 4382 discordia
2675 4331 2982 4395 populorum
3013 4331 3194 4381 sedere
3235 4343 3428 4380 memo-

219 4433 367 4485 ultio
393 4471 407 4493 ,
453 4429 647 4483 factum
678 4444 816 4491 esse.
865 4429 916 4482 id
959 4439 1084 4492 est,
1131 4429 1250 4481 linis
1296 4429 1480 4481 adesse
1510 4439 1749 4482 narratur
1772 4470 1787 4494 ,

214 4523 443 4590 quando
470 4521 552 4586 (ut
582 4518 859 4586 Apostolus
883 4518 978 4586 ait)
1000 4519 1270 4571 nouissima
1294 4518 1496 4571 inimica
1517 4520 1794 4571 destruetur

220 4624 371 4660 mors
421 4606 476 4674 (Ι
508 4605 624 4660 Cor.
659 4606 767 4676 xv).
814 4607 1074 4660 Hactenus
1126 4608 1228 4660 sub
1273 4608 1541 4677 plagarum
1587 4608 1795 4662 nomine

218 4699 538 4768 persecutio
581 4698 866 4750 nevissima
912 4696 1227 4749 describitur
1255 4735 1270 4759 ,
1317 4710 1447 4763 quas
1495 4695 1795 4765 Tyclionins

217 4801 423 4839 omnes
454 4800 484 4836 a
514 4786 778 4839 contrario
804 4787 911 4837 vult
941 4784 1177 4849 intelligi.
1214 4782 1378 4851 Plaga
1402 4791 1495 4844 est,
1529 4783 1789 4850 inquiens,

217 4873 552 4933 insanabilis,
573 4881 623 4924 et
645 4874 718 4924 ira
742 4888 928 4940 magna
945 4873 1188 4938 accipere
1215 4880 1523 4937 potestatem
1548 4871 1793 4936 peccandi

223 4963 475 5019 maxime
522 4963 572 5014 in
621 4975 831 5015 sanctos
857 5003 870 5026 ,
905 4979 1000 5016 nec
1037 4962 1229 5027 corripi
1275 4961 1446 5013 adhuc
1485 4959 1680 5026 majnre
1719 4960 1799 5012 ira

221 5056 354 5110 hei.
390 5055 676 5107 Proventus
701 5052 838 5104 enim
870 5051 1202 5105 beatitudinis
1231 5049 1482 5102 malorum
1513 5064 1654 5100 mors
1691 5058 1792 5114 est,

227 5153 383 5198 Sicut
427 5158 458 5196 e
501 5141 765 5195 contrario
803 5149 1059 5193 tormento
1109 5151 1163 5192 et
1209 5137 1498 5191 humiliatio
1547 5138 1794 5191 Ecclesia:

229 5234 461 5289 claritas
507 5244 608 5287 est.
660 5231 789 5284 Nam
822 5231 934 5294 ipso
966 5240 1201 5293 tempore
1247 5229 1438 5279 illa-sus
1485 5228 1583 5279 erit
1624 5228 1795 5279 omnis

226 5322 467 5393 populus
503 5323 697 5388 impius
723 5321 789 5373 ab
815 5319 955 5372 omni
997 5319 1144 5384 plaga
1189 5317 1427 5385 corporis
1451 5355 1466 5382 ,
1517 5317 1662 5382 quasi
1707 5318 1796 5382 qui

223 5411 504 5476 acceperit
530 5420 692 5461 totam
719 5405 964 5462 saeviendi
1014 5415 1349 5472 potestatem.
1382 5405 1487 5459 Nec
1527 5420 1657 5473 opus
1697 5408 1798 5459 erit

227 5517 364 5558 'unc
395 5499 774 5566 adimpletione
804 5509 1138 5565 peccatorum
1165 5536 1179 5558 ,
1226 5507 1280 5550 ct
1328 5499 1415 5550 ine
1463 5511 1797 5550 consumam-

225 5597 383 5652 tionc
409 5592 638 5659 aliquem
670 5589 924 5642 malorum
965 5587 1211 5655 ﬂagellari
1241 5628 1256 5652 ,
1304 5597 1356 5640 et
1386 5603 1414 5639 a
1446 5586 1618 5640 furore
1647 5600 1792 5640 corn-

1895 4428 2060 4471 ratur.
2131 4418 2169 4469 Ε
2241 4418 2504 4468 contrario
2562 4425 2733 4466 autem
2801 4415 3144 4466 multitudinis
3208 4415 3430 4467 creden-

1895 4506 2021 4559 tium
2053 4513 2166 4559 erat
2191 4519 2281 4557 cor
2310 4518 2471 4555 unum
2499 4511 2554 4556 et
2598 4502 2770 4554 anima
2810 4517 2930 4554 una.
2977 4503 3118 4567 Quos
3149 4503 3428 4568 deSpondit

1891 4595 2173 4660 Apostolus
2235 4590 2322 4645 uni
2391 4589 2502 4644 viro
2573 4591 2825 4659 virginem
2902 4597 3098 4644 castam
3175 4590 3426 4644 exhibere

1891 4683 2114 4737 Christo.

1961 4772 2088 4826 Cum
2117 4788 2214 4840 qua
2239 4772 2470 4839 fornicati
2491 4771 2604 4824 sunt
2625 4779 2949 4840 regesterre,
2977 4779 3078 4824 etc.
3106 4769 3440 4825 Universitas'

1895 4863 2127 4931 partibus
2175 4863 2503 4928 praeminet.
2560 4861 2728 4928 [teges
2778 4861 2917 4914 enim
2965 4872 3018 4914 et
3059 4861 3462 4938 inhabitatores.

1895 4965 2048 5007 terra:
2072 4963 2191 5007 sunt
2216 4954 2406 5019 singuli
2436 4963 2639 5005 terrena
2667 4952 2892 5018 superbe
2930 4960 3181 5018 petentes,
3213 4963 3347 5019 quos
3361 4946 3431 5002 'il-

1899 5046 2104 5098 locebra
2136 5044 2337 5106 saeculi,
2369 5043 2614 5094 vitiorum
2659 5041 2871 5094 libidine
2919 5049 3242 5106 constuprat,
3272 5048 3325 5092 et
3349 5039 3435 5091 in.-

1895 5135 2040 5188 sania
2068 5131 2260 5185 mentis
2289 5131 2516 5185 debriat.

1965 5224 2028 5276 Et
2076 5225 2277 5276 abstulit
2323 5238 2400 5275 me
2452 5223 2502 5273 in
2541 5222 2790 5274 desertum
2828 5220 2879 5271 in
2919 5221 3114 5288 spiritu.
3162 5216 3433 5269 Desertum

1898 5316 2041 5381 ponit
2073 5313 2362 5366 divinitatis
2394 5312 2706 5372 absentiam,
2733 5310 2882 5375 cujus
2931 5308 3202 5376 praesentia
3235 5308 3438 5373 paradi-

1895 5418 1984 5456 SllS
2015 5412 2117 5454 est.
2747 5416 2755 5419 “

1967 5492 2029 5543 Et
2055 5493 2155 5543 vidi
2183 5496 2440 5543 mulierem
2467 5490 2712 5542 sedentem
2735 5505 2881 5558 super
2905 5489 3105 5542 bestiam
3133 5488 3431 5549 coccineum,

1893 5598 1994 5641 etc.
2053 5585 2296 5638 Diabolus
2328 5585 2595 5652 impietate
2624 5595 2887 5642 cruentus,
2941 5579 3294 5646 blasphemus,
3355 5582 3435 5632 in-
