3934 6222
535 440 638 497 183

945 440 1141 492 ill-301E
1186 435 1629 490 VENERABILXS
1663 434 1808 489 Ol’l’.
1854 432 2025 516 PARS
2067 429 2124 482 ll.
2157 426 2344 487 SECT,
2388 428 2426 482 l‘.
2463 455 2534 465 —
2574 425 2954 480 EXEGETICA
2995 425 3309 480 GENUINA.

3633 426 3730 477 1⁵91

538 564 711 623 ﬂatus,
757 558 1110 625 corruptelam
1171 568 1446 622 pravorum
1489 551 1621 618 fastu
1655 547 2077 620 prmsumptiouis
2108 549 2150 602 Α
2180 543 2499 598 adi-ersitate
2538 552 2812 609 temporis,
2840 547 2906 593 et
2942 537 3302 592 inﬁrmitatem"
3354 538 3614 599 reiuveat,
3673 537 3732 588 de

537 651 756 704 extollit.

611 739 1094 805 Habentemjcapita
1139 744 1327 802 septem
1359 745 1402 786 et
1429 747 1616 785 cornua
1645 731 1835 783 decem.
1888 725 1938 779 Id
1983 733 2083 783 est,

545 833 823 884 habentem
854 844 1004 898 reges
1035 827 1212 880 mundi
1236 834 1286 878 et
1325 838 1504 892 regna,
1536 835 1754 890 quorum
1782 826 1834 872 et
1861 816 2087 870 Domino

543 923 763 992 gloriam
816 922 867 972 in
922 928 1097 972 incute
1144 916 1469 968 monstravit.
1510 914 1573 964 Et
1604 908 1902 977 septenario
1946 905 2085 959 enim

550 1025 688 1077 stepe
717 1016 771 1062 et
792 1007 1013 1060 denario
1042 1018 1280 1065 numero,
1314 1011 1369 1053 ut
1396 1014 1549 1066 supra
1597 998 1846 1072 diximus,
1884 998 2089 1046 univer-

541 1103 669 1156 sitas
698 1100 980 1154 indicatur.
1175 1080 1188 1088 ’

541 1248 552 1252 _
617 1190 683 1242 Et
720 1190 895 1241 mulier
926 1195 1029 1238 crat
1072 1187 1376 1236 circumdata
1425 1195 1654 1250 purpura
1693 1187 1738 1229 et
1784 1177 2002 1228 coccino.
2035 1173 2088 1225 In

548 1294 771 1346 jurpura
801 1277 946 1330 locus
975 1274 1201 1328 simulati
1234 1272 1528 1341 regiminis,
1574 1269 1625 1320 in
1654 1267 1871 1320 coccino
1901 1276 2092 1315 cruen-

547 1384 627 1424 tus
658 1370 867 1423 habitus
894 1365 1177 1435 impietatis
1205 1364 1613 1416 demonstratur.

619 1459 682 1513 Et
724 1460 954 1511 inaurata
995 1470 1122 1508 auro
1161 1463 1206 1503 et
1247 1451 1412 1518 lapide
1455 1446 1668 1515 pretioso
1711 1450 1758 1494 et
1783 1438 2088 1508 margaritis.

554 1551 609 1606 Id
635 1560 712 1603 est
742 1548 986 1601 omnibus
1017 1540 1278 1597 illecebris
1303 1538 1559 1590 simulata‘
1583 1531 1831 1586 veritatis.
1863 1525 1994 1592 Quid
2025 1526 2095 1578 sit

548 1639 774 1708 denique
814 1637 948 1689 intra
1003 1632 1136 1684 hanc
1178 1625 1642 1698 pufcltritodinem,
1701 1617 1957 1687 exponit,
2016 1615 2095 1667 di—

547 1742 701 1782 CODSI

2185 635 2454 689 brevitate.

2255 725 2318 778 Et
2342 724 2496 777 bestia
2525 737 2635 789 qua
2657 728 2783 782 erat,
2814 727 2860 772 et
2890 734 2988 771 non
3011 727 3102 782 est,
3128 725 3175 771 et
3197 717 3305 784 ipsa
3331 727 3504 768 octava
3523 726 3611 776 est,
3630 723 3729 766 etc.

2157 861 2162 867 .
2186 813 2537 865 Antichristus
2558 811 2646 878 qui
2666 811 2714 863 in
2739 810 2840 862 line
2862 807 3037 862 saeculi
3063 817 3371 872 regnaturus
3393 814 3496 868 est,
3522 821 3567 871 p:
3582 817 3734 870 opter

2187 903 2421 978 ejusdem
2462 901 2670 970 quidem
2699 899 2936 965 corporis
2968 897 3244 963 impiOrum
3275 935 3291 960 ,
3339 894 3420 947 cui
3452 903 3606 961 caput
3633 901 3734 953 est,

2190 992 2440 1044 unitatem
2464 1030 2477 1052 ,
2532 988 2596 1040 ad
2632 1001 2912 1054 regnorum
2958 983 3139 1037 mundi
3168 984 3395 1053 pertinet
3427 996 3731 1041 numerum;

2188 1083 2277 1132 sed
2310 1089 2521 1146 propter
2549 1077 2867 1146 singularem
2891 1073 3139 1141 nequitia:
3162 1071 3563 1138 potentiam,sui
3579 1072 3730 1124 etiam

2191 1169 2288 1220 loci
2318 1166 2513 1233 proprii
2534 1165 2838 1218 continetur
2862 1163 3066 1216 ordine.

2262 1255 2326 1307 Et
2349 1257 2522 1308 decem
2541 1269 2729 1306 cornua
2758 1267 2869 1318 quae
2893 1251 3086 1312 vidisti,
3117 1250 3284 1302 decem
3304 1264 3441 1317 reges
3467 1256 3608 1308 sunt,
3637 1253 3734 1298 etc.

2191 1345 2428 1400 Nondum
2484 1357 2640 1412 regna
2693 1341 2875 1394 mundi
2928 1340 2978 1392 in
3035 1337 3398 1406 persequendo
3429 1335 3735 1397 Ecelesiam,

2193 1450 2338 1490 suam
2390 1434 2540 1501 plene
2598 1431 2882 1500 potentiam
2937 1427 3392 1481 demonstrarunt:
3450 1437 3567 1488 qua:
3623 1425 3735 1473 licet

2194 1542 2331 1580 nunc
2358 1537 2562 1590 quoque
2591 1520 2830 1590 plurimis
2855 1519 3215 1581 dominentur,
3235 1517 3405 1568 acrior
3433 1525 3603 1567 tamen
3629 1524 3738 1566 erat

2195 1614 2524 1686 gloriatioais
2555 1612 2751 1664 insana:
2782 1609 3036 1677 potentia,
3063 1622 3181 1660 cum
3222 1607 3376 1658 etiam
3407 1603 3570 1670 signis
3594 1603 3739 1655 dece-

2200 1707 2370 1775 perint
2429 1703 2705 1771 plurimos.
2747 1699 3001 1764 Quidam,
3060 1695 3419 1761 persecutione
3466 1693 3738 1744 novissima

622 1816 823 1870 Habetis
867 1813 1098 1882 poculum
1137 1823 1383 1870 aureum,
1431 1816 1531 1863 etc.
1581 1805 1811 1856 Aureum
1854 1797 2095 1864 poculum
2131 1823 2169 1882 ἦ
2200 1796 2604 1865 prepinquante,
2637 1791 2816 1843 decem
2846 1802 2999 1854 reges
3028 1784 3250 1847 futuros,
3296 1783 3382 1850 qui
3411 1784 3588 1834 orbem
3614 1781 3742 1831 inter

622 1857 823 1870 ..πως
868 1857 1097 1882 ,μνη-η.--
1137 1857 1286 1861 πη
1333 1857 1383 1870 ν,
1444 1857 1484 1863 ν.
1856 1857 1867 1864 .
2203 1857 2214 1865 ,
2302 1857 2310 1860 .
2408 1857 2417 1860 -

548 1908 760 1977 plenum
802 1901 1247 1957 immunditiarum
1291 1895 1580 1965 hypocrisis
1605 1902 1707 1956 est,
1766 1893 1887 1961 quia
1933 1890 2094 1958 liypo-
2129 1861 2171 1922 Β
2200 1898 2259 1937 se
2288 1881 2546 1940 dividant,
2577 1878 2721 1943 juxta
2744 1874 2976 1928 Danielis
2994 1888 3196 1944 quoque
3221 1872 3414 1935 prnpltc
3442 1857 3739 1930 iam,int5ro

551 1996 695 2049 eritae
734 1991 862 2046 foris
899 1992 1108 2061 quidem
1151 1993 1339 2053 parent
1383 1984 1687 2038 hominibus
1740 1982 1886 2048 quasi
1938 1979 2095 2048 justi,

556 2087 696 2139 intus
721 2096 892 2138 autem
936 2080 1077 2148 pleni
1125 2086 1246 2131 sunt
1287 2075 1428 2130 omni
1460 2072 1731 2142 spurcitia.
1779 2069 1926 2137 Quod
1959 2069 2099 2121 enim

557 2179 700 2230 νει-ης
747 2174 799 2230 in
830 2186 977 2236 auro,
1009 2169 1108 2223 hoc
1147 2176 1249 2233 est,
1276 2165 1443 2234 bestia
1472 2163 1571 2218 sub
1601 2163 1775 2216 habitu
1809 2158 2102 2213 meretricis

556 2268 744 2321 latens.
763 2271 776 2281 '
819 2280 823 2284 ·

630 2376 696 2429 Et
739 2377 790 2427 in
821 2374 981 2442 fronte
1023 2380 1129 2442 ejus
1156 2385 1334 2423 nomen
1380 2367 1622 2435 scriptum
1653 2363 1967 2434 mysterium,
1999 2368 2102 2413 etc.

559 2467 683 2519 lltec
712 2465 920 2532 quidem
962 2461 1258 2527 Corruptela
1289 2459 1464 2511 statim
1497 2458 1547 2508 in
1601 2456 1712 2523 ipsa
1769 2450 1901 2505 facie
1933 2449 2103 2502 nutrix

560 2554 853 2608 ostenditur
899 2567 1014 2605 esse
1045 2551 1310 2613 vitioruu,
1341 2546 1434 2600 sed
1467 2543 1586 2613 quia
1619 2541 1860 2609 punienti
1904 2548 2105 2591 tantum

531 2645 771 2700 ’ratione-
792 2642 1126 2705 discernitur,
1158 2639 1386 2691 maxime
1427 2636 1655 2703 pretiose
1680 2643 1890 2695 ornata,
1924 2629 2108 2700 mysti—

564 2749 683 2789 cum
715 2733 815 2788 hoc
845 2745 965 2786 esse
993 2744 1182 2783 nomen
1215 2726 1497 2781 iudicatur.

633 2840 708 2896 Et
726 2841 822 2895 ridi
841 2838 1096 2893 mulierem
1118 2837 1307 2892 ebriam
1334 2836 1394 2888 de
1420 2834 1664 2904 sanguine
1676 2841 1981 2893 sanctorum,
2000 2839 2108 2882 etc.

566 2935 738 2989 llnum
789 2940 872 2988 est
919 2945 1111 2999 corpus
1154 2929 1433 2982 adversum
1479 2927 1618 2978 intus
1657 2938 1718 2976 ae
1757 2923 1911 2974 foris:
1975 2918 2110 2986 quod

564 3026 688 3081 licet
735 3026 970 3078 videatur
1011 3023 1126 3076 loco
1159 3029 1482 3089 separatum,
1527 3018 1579 3072 in
1613 3031 1895 3071 commune
1938 3023 2113 3066 tamen

569 3119 767 3172 unitate
796 3117 1010 3185 spiritus
1039 3127 1303 3183 operatur.
1339 3112 1428 3168 Sic
1473 3120 1793 3179 pronepotes
1833 3120 2111 3176 pravorum

2201 1966 2595 2040 pretantur,qui
2628 1966 2691 2018 de
2720 1965 2880 2017 bestia
2907 1973 3088 2031 quarta
3117 1960 3276 2013 dixit:
3306 1958 3370 2011 Et
3397 1959 3604 2010 habebat
3627 1973 3737 2009 cor-

2198 2075 2298 2110 nua
2320 2057 2524 2119 decem;
2555 2061 2598 2105 et
2623 2069 2734 2106 ecce
2761 2067 2916 2103 cornu
2942 2050 3083 2102 aliud
3104 2049 3365 2118 parvulum
3402 2056 3560 2101 ortum
3590 2058 3660 2099 est
3683 2049 3740 2098 de

2199 2147 2364 2199 medio
2388 2159 2556 2197 eorum
2577 2157 2596 2206 ;
2621 2152 2665 2194 et
2711 2141 2806 2193 tria
2831 2140 2894 2192 de
2927 2138 3160 2190 cornibus
3187 2137 3362 2206 primis
3389 2136 3552 2189 evulsa
3580 2144 3688 2189 sunt
3711 2152 3738 2185 a

2202 2237 2330 2305 facie
2353 2237 2462 2300 eius
2494 2231 2654 2300 (Dan.
2704 2227 2826 2296 vn);
2859 2238 2911 2282 et
2939 2227 3343 2290 Antichristum,
3390 2226 3454 2279 de
3488 2226 3740 2294 Babylone

2204 2333 2402 2383 natum,
2436 2319 2643 2388 Λεωτριὶ
2694 2331 2871 2386 regem
2902 2326 2953 2368 et
2983 2315 3170 2368 Africa:
3202 2325 3250 2368 et
3277 2313 3554 2380 Ethiopia:
3594 2330 3738 2376 supc-

2206 2421 2456 2472 raturum,
2490 2407 2678 2475 quibus
2721 2404 3046 2470 interfectis,
3077 2407 3234 2457 etiam
3265 2413 3464 2470 septem
3493 2403 3576 2453 alii
3601 2417 3740 2467 reges

2209 2500 2388 2554 victori
2416 2499 2551 2553 colla
2581 2498 2910 2550 submittant.
2940 2496 3039 2547 Alii
3070 2507 3241 2546 autem
3271 2495 3333 2544 ad
3369 2492 3739 2559 praevaricmio-

2208 2607 2326 2646 nem
2353 2587 2751 2658 signiﬁcandam
2781 2586 2830 2637 in
2857 2583 3145 2637 undenario
3170 2597 3390 2643 numero
3428 2596 3462 2651 p
3485 2580 3645 2633 vsitnm
3673 2581 3742 2632 di-

2210 2694 2332 2738 cout
2355 2678 3026 2736 Antichristum.Undeeim
3057 2677 3197 2731 enim
3221 2677 3452 2730 denaria:
3481 2675 3742 2743 perfectio.

2215 2771 2304 2825 nis'
2324 2770 2793 2838 transgressionem
2825 2768 3122 2834 designant.

2284 2859 2388 2915 Sed
2431 2867 2718 2928 potestatem
2771 2866 3008 2922 tanquam
3055 2870 3192 2924 reges
3233 2870 3333 2906 una
3361 2856 3482 2904 liora
3511 2851 3746 2916 accipient

2213 2959 2322 3021 post
2372 2950 2596 3002 bestiam.
2645 2947 2914 3009 Tanquam
2958 2960 3110 3012 reges
3152 2945 3323 3006 dixit,
3374 2944 3488 3008 quia
3528 2941 3667 2992 velut
3699 2942 3751 2988 in

2215 3040 2416 3100 somnis
2437 3046 2676 3105 regnant,
2702 3036 2786 3101 qui
2812 3033 3006 3088 Christi
3036 3048 3194 3100 regno
3224 3032 3578 3084 aduersarum.

2293 3131 2342 3184 Η
2349 3132 2366 3184 i
2392 3147 2546 3182 unum
2575 3127 2841 3182 concilium
2862 3126 3062 3187 habent,
3084 3135 3188 3179 etc.
3205 3123 3256 3175 ld
3273 3123 3480 3190 est-puri
3505 3132 3755 3173 consensu

569 3223 727 3262 sensu
756 3207 1059 3263 zachariam
1091 3204 1350 3274 lapidum
1378 3208 1715 3263 accusamurt
1739 3212 1854 3251 cum
1885 3195 1982 3264 ίβδί
2011 3210 2113 3246 ¹¹⁰¹¹
2143 3188 2191 3248 c
2223 3229 2328 3274 tota
2386 3219 2672 3272 intentione
2701 3215 2909 3269 diabolo
2954 3213 3200 3276 militant,
3247 3212 3346 3263 hoc
3371 3188 3449 3264 est
3478 3209 3611 3262 enim
3643 3214 3755 3270 post

571 3296 810 3349 fecerint.

643 3402 710 3458 Et
744 3404 953 3456 miratus
994 3419 1136 3467 sum,
1176 3417 1286 3454 cum
1329 3399 1546 3453 uiderem
1581 3398 1722 3452 illam
1745 3439 1757 3459 ,
1788 3395 2122 3450 admiratione

573 3510 776 3564 magna.
798 3491 865 3545 Et
889 3491 1016 3545 dixit
1038 3493 1161 3545 mihi
1189 3488 1395 3560 angelus
1413 3506 1431 3543 :
1463 3489 1628 3555 Quare
1669 3488 1866 3539 miraris
1889 3488 1911 3539 ?
1935 3497 2039 3538 etc.
2068 3484 2122 3536 ld

579 3594 680 3646 est,
708 3581 951 3634 diabolus
977 3581 1236 3648 quondam
1259 3581 1308 3630 in
1339 3579 1534 3632 mundo
1576 3576 1900 3644 priueipabat
1924 3590 1985 3639 :r,
2012 3573 2123 3642 qui,

583 3671 805 3725 Domino
848 3671 1094 3723 crueilixo
1126 3711 1139 3733 ,
1171 3669 1368 3736 ejectus
1396 3676 1476 3721 est
1507 3667 1675 3730 foras;
1708 3667 1758 3717 in
1807 3665 1909 3718 line
1951 3674 2124 3715 autem

584 3762 784 3829 mundi,
818 3761 889 3816 de
907 3762 1135 3814 careeris
1161 3762 1238 3812 sui
1270 3759 1474 3812 laxatur
1497 3757 1778 3825 ergastulo,
1804 3756 1986 3821 spiritu
2020 3753 2128 3807 oris

587 3851 791 3906 Domini
822 3849 1007 3918 peribit
1038 3849 1088 3902 in
1114 3857 1364 3901 internum
1395 3844 1480 3917 (ll
1514 3845 1685 3897 Thess.
1720 3842 1798 3909 ιι).
1828 3840 2130 3910 Tychonius

594 3946 814 3998 bestiam
872 3941 936 3994 ad
968 3954 1121 3992 omne
1151 3953 1340 4005 corpus
1368 3936 1556 3989 diaboli
1600 3934 1778 3996 refert,
1806 3930 1944 4000 quod
1975 3930 2130 3982 dece-

590 4035 828 4088 dcntium
875 4041 929 4085 et
981 4030 1374 4082 succedentium
1429 4026 1525 4080 sibi
1576 4022 1971 4092 generationunt
2039 4035 2131 4085 pro

589 4141 742 4179 cursu
795 4123 1116 4192 suppleatur.
1169 4121 1424 4186 Maxime,
1460 4119 1576 4185 quia
1618 4116 1890 4168 mulierem
1917 4152 1930 4176 ,
1975 4125 2129 4176 quam

590 4236 746 4287 super
805 4233 967 4284 aquas
1033 4217 1259 4277 multas,
1313 4213 1361 4264 id
1414 4221 1537 4274 est,
1595 4208 1813 4276 populos
1861 4205 2131 4256 sedentem

591 4307 870 4362 ostendere
907 4305 1250 4374 promiserat,
1293 4315 1451 4367 super
1501 4297 1721 4351 bestiam
1777 4292 2009 4345 OStentlit
2055 4305 2136 4340 se-

595 4400 823 4452 denbsn.

667 4489 865 4556 Septem
914 4486 1107 4552 capita,
1157 4489 1337 4548 septem
1367 4486 1551 4528 montes
1592 4482 1740 4537 sunt,
1781 4480 1884 4524 etc.
1919 4468 2132 4534 Capita.

598 4578 788 4643 inquit,
820 4575 1024 4636 bestiae,
1056 4585 1204 4637 reges
1237 4567 1411 4620 mundi
1462 4572 1603 4623 sunt,
1652 4561 1720 4612 ob
1749 4570 2006 4612 tumorem
2051 4571 2136 4608 su-
2173 4569 2176 4572 λ

599 4664 791 4729 peritia:
828 4657 1088 4713 montibus
1138 4653 1393 4721 aquuati
1425 4649 1710 4717 praecelsis.
1755 4648 1806 4698 In
1839 4646 2024 4710 quibus
2072 4645 2144 4693 la-

598 4735 738 4807 sciva
769 4748 1049 4818 requiescit
1074 4745 1332 4810 impietas,
1363 4749 1418 4791 ut
1447 4748 1500 4790 et
1529 4737 1577 4788 vi
1605 4744 1845 4803 premant
1872 4745 1924 4787 et
1965 4732 2144 4785 lraude

598 4845 878 4908 decipiant.

676 4939 907 5018 Quinque
931 4948 1233 5006 ceciderunt,
1277 4956 1404 4992 unus
1431 4946 1522 5000 est,
1576 4946 1622 4987 et
1650 4936 1777 4985 "lius
1808 4932 2023 4983 nondum
2066 4945 2148 4980 rc-

606 5043 698 5092 nit.
741 5040 870 5090 Cum
919 5037 968 5086 in
997 5033 1294 5099 septenario
1324 5044 1543 5080 intuit-ro
1578 5023 1952 5089 plenitudinem
2004 5037 2150 5070 lltlttt-

607 5133 725 5184 dani
759 5126 1117 5189 descripsisset
1153 5121 1372 5183 imperti,
1399 5120 1544 5184 cujus
1569 5118 1745 5168 ultima
1796 5129 1937 5179 pars,
1972 5111 2020 5161 id
2052 5118 2152 5171 est,

613 5216 919 5273 Antichristi
970 5211 1198 5263 nendum
1245 5220 1455 5259 venerat
1503 5212 1735 5270 regnum,
1774 5207 2155 5264 Consequenter

612 5313 837 5376 quinque
858 5318 1006 5371 reges
1038 5298 1373 5367 praeteriisse,
1405 5308 1610 5347 sextum
1643 5291 1846 5350 adesse,
1876 5288 2157 5353 septimum

616 5411 880 5452 venturum
901 5412 1019 5450 esse
1051 5401 1289 5444 testatur.

692 5489 752 5540 lit
783 5503 896 5538 cum
928 5483 1130 5542 venerit,
1163 5483 1354 5545 oportet
1395 5489 1506 5524 eum
1535 5469 1666 5522 brevi
1697 5479 1915 5528 tempore
1943 5477 2158 5514 munere.

620 5580 748 5645 Quia
781 5585 832 5627 et
863 5572 1120 5636 superbos
1151 5583 1249 5621 nos
1280 5577 1328 5617 et
1355 5563 1590 5615 inﬁrmos
1617 5557 1869 5626 Dominus
1890 5551 2161 5620 conspicit,

624 5672 733 5722 dies
766 5681 898 5736 quos
924 5659 1259 5729 singulariter
1290 5657 1456 5707 malos
1510 5651 1704 5713 intulit,
1765 5645 2166 5699 misericorditer

629 5731 885 5814 bt‘ctiatos
919 5749 1061 5804 dicit.
1088 5743 1328 5800 Profecto
1359 5751 1412 5794 ut
1445 5752 1492 5792 et
1524 5737 1819 5806 superbiam
1869 5740 2077 5796 terreat,
2104 5731 2167 5784 de

2221 3309 2446 3364 bestiam
2470 3306 2711 3374 accipere
2734 3317 2975 3372 regnum,
2990 3301 3251 3354 diabolum
3269 3293 3751 3362 imitando,Christo

2221 3397 2511 3453 adversari.

2293 3486 2364 3539 lli
2393 3501 2502 3537 cum
2532 3485 2674 3554 Agno
2719 3483 3027 3551 pugnabunt,
3073 3491 3175 3532 etc.
3207 3477 3281 3531 Ne
3308 3475 3554 3530 smitiam
3601 3468 3763 3523 hostis.

2224 3577 2421 3646 antiqui
2472 3579 2698 3631 humana
2755 3576 2966 3628 timeret
3026 3573 3355 3634 inﬁrmitas,
3421 3567 3758 3636 septieipitem

2225 3671 2474 3725 describit
2501 3669 2723 3723 bestiam
2747 3665 3018 3720 saecularis
3039 3662 3184 3730 regni
3224 3660 3472 3715 cornibus
3495 3665 3755 3718 auratam,

2228 3761 2438 3817 Christo
2470 3760 2826 3825 triumphante
2870 3755 3095 3818 dovinei,
3134 3766 3284 3822 quem
3325 3753 3376 3804 in
3433 3750 3538 3802 suis
3585 3749 3755 3798 trium-

2231 3854 2389 3923 phare
2417 3849 2696 3917 designans
2724 3847 2949 3914 adjecit:

2301 3940 2363 3993 Et
2391 3940 2479 4010 qui
2518 3954 2631 3991 cum
2659 3936 2750 3990 illo
2775 3945 2911 4000 sunt,
2934 3934 3112 3993 vocati,
3151 3931 3318 3992 electi,
3343 3940 3395 3982 ει·
3417 3928 3600 3995 fdeles.
3631 3924 3758 3976 Prt-

2233 4031 2371 4084 misit
2397 4030 2526 4084 bene
2551 4028 2726 4094 electi,
2757 4025 2902 4079 multi
2934 4025 3074 4076 enim
3107 4031 3226 4072 sunt
3255 4019 3444 4081 vocati,
3473 4013 3617 4082 μιυεί
3641 4026 3755 4065 vero

2232 4121 2400 4175 electi.

2310 4210 2372 4261 Et
2399 4208 2569 4260 decem
2598 4220 2786 4257 cornua
2815 4217 2924 4268 qua:
2963 4199 3148 4262 vidisti,
3179 4207 3282 4252 etc.
3314 4192 3540 4249 Gloriam
3571 4189 3758 4247 mundi,

2235 4315 2389 4368 quam
2447 4312 2585 4350 nunc
2641 4295 2836 4345 lascivo
2881 4291 3297 4360 complectuntur
3325 4298 3517 4347 amore,
3548 4282 3762 4334 maximo

2237 4399 2359 4441 tunc
2400 4386 2646 4451 incipient
2677 4383 2797 4436 odio
2838 4382 3106 4440 detestari,
3130 4393 3246 4429 cum
3287 4390 3343 4426 se
3366 4375 3509 4441 Agno
3537 4374 3763 4424 vincente

2243 4481 2468 4533 viderint
2494 4480 2543 4529 in
2578 4476 2680 4528 ﬁne
2709 4474 3052 4528 damnandos.
3081 4469 3257 4521 Potest
3278 4478 3329 4518 et
3370 4467 3516 4517 aliter
3542 4461 3765 4525 intelligi,

2243 4569 2354 4621 sive
2400 4565 2536 4631 quod
2591 4565 2724 4616 inter
2771 4560 3021 4627 superbos
3052 4571 3260 4623 semper
3283 4555 3450 4622 jnrgia
3493 4553 3615 4612 sint,
3669 4549 3768 4598 sive

2244 4656 2380 4723 quod
2410 4655 2568 4705 omnis
2607 4654 2691 4721 qui
2731 4650 2893 4717 diligit
2920 4647 3228 4714 iniquitatem
3260 4645 3364 4694 odit
3391 4643 3604 4692 animant
3642 4651 3772 4688 suam

2247 4746 2416 4816 (Psnl.
2450 4744 2526 4810 x).

2323 4834 2382 4886 Et
2405 4834 2676 4885 desolatam
2705 4829 2884 4895 facient
2907 4828 3050 4878 illam
3079 4832 3126 4874 et
3164 4822 3374 4872 nmium.
3408 4818 3508 4885 Ipsi
3529 4817 3667 4870 enim
3698 4828 3778 4878 per

2250 4927 2378 4977 iram
2422 4923 2512 4976 Dei
2545 4921 2810 4972 desertum
2861 4915 3053 4969 faciunt
3095 4909 3370 4973 mundum,
3396 4911 3516 4960 dum
3559 4908 3607 4958 ei
3629 4905 3775 4957 dediti

2254 5025 2391 5075 sunt,
2425 5024 2477 5066 et
2509 5011 2696 5078 injuste
2727 5017 2959 5060 utuntur.

2326 5100 2388 5156 Et
2409 5118 2579 5156 carnes
2610 5103 2717 5162 eius
2747 5095 3139 5156 manducabunt,
3173 5102 3277 5144 etc.
3311 5089 3531 5144 Luxibus
3561 5100 3676 5139 eam
3703 5096 3778 5133 sn-

2254 5195 2357 5247 litis
2383 5192 2680 5244 destitutam
2703 5187 2952 5254 gehenna:
2972 5183 3174 5249 ignibus
3189 5183 3517 5232 enmburent.

2327 5283 2462 5334 Deus
2511 5280 2643 5331 enim
2688 5277 2824 5328 dedit
2869 5277 2918 5325 in
2947 5273 3098 5325 corda
3129 5285 3324 5327 eorum,
3373 5281 3474 5320 etc.
3523 5265 3682 5322 Deus,
3711 5262 3778 5313 in-

2258 5377 2386 5442 quit.
2409 5373 2566 5439 judex
2592 5370 2761 5436 justus
2789 5365 2957 5426 furtis,
2982 5374 3031 5414 et
3056 5362 3135 5413 cui
3157 5359 3358 5427 justitia
3382 5369 3586 5421 semper
3607 5355 3776 5419 placita

2260 5474 2358 5525 est,
2393 5462 2512 5513 talia
2547 5458 2778 5524 permisit
2808 5454 2980 5518 impiis
3029 5465 3119 5519 pro
3161 5463 3315 5516 ptena
3364 5445 3554 5512 peccati
3617 5441 3788 5508 prioris
3878 5489 3879 5494 η

2262 5552 2498 5619 operari:
2558 5562 2653 5622 pro
2705 5545 2892 5612 quibus
2925 5543 3113 5596 merito
3139 5544 3292 5592 linem
3327 5538 3483 5588 totius
3512 5536 3790 5601 imponeret

2265 5641 2431 5701 orbis,
2463 5619 2606 5690 sicut
2631 5638 2680 5692 in
2714 5635 2958 5690 Sodomis
2989 5641 3041 5687 ct
3085 5630 3279 5684 diluvio
3309 5626 3497 5680 factum
3528 5619 3788 5688 Evangelia

2269 5736 2536 5782 ιεδιιιῐιιυτ.
