3934 6222
251 369 351 424 183

1189 345 1613 404 ΕΧΡΙΛΝΑΤΙΟ
1652 331 2125 395 APOCALYPSIS.
2166 357 2235 369 —-
2273 325 2400 381 LIB.
2441 324 2526 379 Ill.

3342 302 3441 356 180

320 472 386 524 Ut
418 473 531 524 dent
564 481 772 536 regnum
816 478 957 515 suum
991 460 1176 517 bestiar,
1205 467 1304 510 etc.
1340 455 1390 504 Id
1437 460 1537 517 est,
1584 446 1790 501 diabolo
1823 446 1867 502 Α
1899 440 2063 491 teritze
2101 437 2217 489 vita:
2246 433 2522 502 praesentia
2565 424 2896 483 remanserit,
2928 418 3221 472 dicentibus
3253 433 3265 467 :
3303 413 3436 476 Quid

1975 527 2012 536 “
2168 527 2186 536 -
2222 524 2251 536 ’λ
2447 519 2521 536 ιυκ
2546 519 2568 536 ιι
2596 524 2673 536 --.ι
2707 514 2819 536 --.ελ
2865 509 3148 536 -.οι-ειέηνυ...
3198 501 3434 536 .‘m-umn'n
3469 489 3489 501 ’

251 572 489 632 pareant,
546 561 715 611 donec
766 563 1200 608 consummentur
1251 546 1553 617 Scriptum,
1611 541 1797 607 quibus

219 702 222 704 _
255 653 390 704 Deus
415 650 548 702 dixit
606 656 791 712 quarto
823 659 984 709 regno
1034 653 1222 693 terram
1247 635 1635 696 consummare,
1666 630 1798 681 sicut

253 743 305 792 in
356 739 571 791 Danieic
603 737 849 802 legimus:
899 737 1142 794 Quartum
1183 715 1283 780 eril
1302 741 1506 793 regnum
1529 736 1679 786 super
1704 730 1798 770 ter-

252 848 382 892 ram,
414 831 545 896 quod
573 829 678 878 istis
702 825 927 876 omnibus
957 820 1120 887 regnis
1152 815 1450 884 pra'valebit.
1499 811 1561 862 Ει
1602 810 1798 860 univer—

253 935 362 971 sam
390 894 571 969 terram
601 912 870 971 devorabit,
899 920 943 960 et
971 916 1176 967 evertet,
1206 913 1249 954 et
1270 901 1451 954 delebit
1493 897 1649 966 (Dan.
1682 894 1798 958 vn).

330 1005 392 1056 Et
417 1003 592 1054 mulier
632 1016 783 1070 quant
811 998 972 1050 vidisti
1001 1005 1074 1048 est
1097 995 1266 1045 civitas
1293 1007 1490 1057 magna,
1516 1000 1614 1037 etc.
1639 985 1726 1036 Sic
1750 992 1804 1034 et

257 1092 392 1146 infra
420 1104 668 1155 sponsam
704 1086 834 1153 Λευὶ
869 1083 1208 1148 contemplari
1236 1079 1435 1147 jussus,
1465 1075 1592 1126 vidit
1619 1072 1798 1124 civita-

258 1195 362 1234 tem
386 1190 621 1233 sanctam
652 1176 1057 1231 descendentem
1100 1172 1164 1224 de
1191 1171 1346 1224 caelo.
1372 1169 1537 1231 Quam
1567 1178 1684 1214 cum
1712 1164 1806 1212 de-

255 1269 537 1321 scriberet:
590 1266 654 1318 Et
695 1281 835 1333 reges
878 1262 1088 1330 (inquit)
1143 1269 1286 1333 te‘rrte
1335 1254 1544 1320 aﬂ'erent
1594 1249 1804 1317 gloriam

255 1377 404 1411 suam
436 1362 485 1410 in
514 1359 654 1409 illaut
695 1356 871 1422 (Apoc.
898 1352 1031 1420 ut).
1058 1327 1198 1401 Dum~
1220 1358 1338 1398 sunt
1363 1347 1498 1398 enim
1531 1342 1581 1393 in
1614 1339 1806 1391 mundo

257 1451 530 1503 civitates:
556 1463 652 1499 una
685 1448 750 1498 de
777 1446 991 1513 abysso,
1015 1443 1176 1493 altera
1195 1439 1260 1490 de
1281 1436 1583 1489 t-mlestib-is
1605 1430 1805 1482 oriens.

260 1539 415 1592 Unde
439 1545 488 1589 ct
520 1535 755 1588 eamdem
776 1533 1117 1595 impietatem,
1136 1542 1286 1592 quam
1309 1528 1407 1577 sub
1431 1522 1605 1573 liabitu
1641 1533 1803 1569 mori--

259 1626 407 1678 tricis
461 1625 668 1675 nudata:
709 1631 866 1688 atque
919 1619 1208 1670 combusta:
1258 1612 1628 1678 descripseat,
1673 1618 1809 1658 nunc

258 1716 488 1766 desertae
518 1710 746 1763 civitatis
767 1715 1035 1773 conparat
1064 1703 1247 1754 ruinis.

820 1803 1042 1858 CAPUT
1081 1801 1258 1855 XVlll.
1788 1851 1792 1855 _

337 1890 402 1942 Et
445 1899 552 1954 post
596 1887 700 1939 lites
745 1885 845 1936 vidi
874 1885 1032 1934 alium
1060 1881 1293 1949 angelum
1323 1874 1698 1928 descendentem
1750 1874 1812 1921 de

258 1981 406 2041 caelo,
438 1978 695 2028 habentem
724 1981 1013 2042 potestatein
1043 1983 1294 2034 magnam,
1332 1975 1433 2017 etc.
1469 1962 1696 2028 Angelus
1729 1958 1814 2010 hic

262 2072 419 2121 fortis
457 2079 507 2120 et
539 2067 836 2118 illuminans
867 2076 1082 2123 terram,
1129 2069 1180 2111 et
1211 2060 1320 2122 ipse
1351 2057 1606 2108 Dominus
1642 2054 1816 2109 incar:

187 2221 200 2234 ν
263 2169 443 2220 natus,
490 2166 540 2208 et
573 2153 816 2208 Ecclesia:
861 2153 1103 2203 doctores
1167 2155 1383 2211 possunt
1415 2143 1678 2210 intelligi;
1729 2137 1814 2205 qui

259 2248 470 2301 cale-ti
495 2246 690 2296 lumine
722 2241 947 2309 praediti,
973 2253 1155 2313 casum
1191 2237 1365 2287 mundi
1401 2234 1707 2299 pra-dicant,
1737 2228 1814 2278 til-

263 2346 478 2389 ceutes:
502 2332 923 2402 App'bpinquauit
939 2343 1148 2396 regnum
1163 2328 1393 2377 calorum
1410 2322 1614 2390 (Matth,
1634 2324 1816 2386 ttt,tv).

339 2425 554 2483 Cecidit,
580 2419 760 2474 cecidit
788 2419 1012 2487 Babylon
1041 2432 1244 2484 magna,
1275 2423 1374 2466 etc.
1401 2411 1475 2464 Nc
1506 2413 1689 2462 timeas
1719 2409 1821 2476 (in-

266 2515 433 2582 quit),
464 2529 493 2564 o
518 2512 838 2574 Jerusalem,
863 2519 1088 2560 terrena:
1122 2504 1407 2569 potentiam
1431 2503 1681 2565 civitatis,
1707 2514 1821 2565 qua:

273 2623 342 2659 eo
374 2603 845 2673 ipSOSpiritualiter
872 2599 1033 2660 cadit,
1071 2614 1171 2664 quo
1190 2597 1282 2649 tibi
1311 2595 1654 2647 nefandorum
1688 2607 1820 2657 pra:-

275 2699 441 2771 valet_
469 2684 802 2747 infestat’ione
856 2692 1068 2744 civzum.
1123 2688 1279 2738 Isaias
1325 2700 1532 2754 quoque
1578 2682 1825 2736 describit

272 2788 605 2856 Babylonem
639 2782 883 2836 monstris
917 2780 1306 2832 inhabitandam
1339 2774 1639 2828 immundis.
1677 2772 1823 2825 Nulla

269 2891 354 2933 est
404 2880 544 2932 enim
577 2876 674 2928 nisi
700 2873 892 2927 diaboli
942 2871 1158 2930 civitas,
1199 2882 1316 2933 quae
1357 2880 1565 2916 omnem
1597 2864 1822 2913 animam

272 2970 452 3033 capiat
499 2964 856 3027 immundam,
900 2963 949 3014 in
999 2974 1098 3027 qua
1130 2960 1304 3011 omnis
1351 2953 1681 3007 immunditia
1735 2965 1829 3019 per

274 3060 461 3111 orbem
493 3063 864 3108 commoratur.

353 3146 422 3198 Et
464 3155 762 3199 mercatores
801 3151 943 3194 terra
973 3139 1034 3190 de
1063 3138 1239 3205 virtute
1268 3135 1563 3186 deliciarum
1621 3132 1728 3199 ejus
1753 3130 1831 3181 di-

274 3241 403 3293 vites
432 3238 550 3306 {acti
579 3243 714 3287 sunt.
750 3233 940 3285 Divites
958 3227 1180 3296 peccatis
1203 3227 1302 3278 dici
1333 3238 1422 3277 eos
1441 3224 1525 3289 qui
1552 3238 1648 3290 pro
1669 3222 1833 3272 abun-

279 3330 459 3384 dantia
486 3324 756 3390 temporali
782 3336 901 3374 suas
945 3321 1138 3372 infelici
1172 3324 1402 3368 mercatu
1434 3316 1633 3363 annuas
1681 3325 1831 3366 com-3

281 3430 512 3471 mutant.
534 3415 660 3468 Nam
685 3412 924 3465 nimietas
949 3407 1169 3460 luxuria:
1197 3417 1453 3471 pattpcres
1482 3398 1651 3466 potius
1674 3412 1829 3464 (tinam

279 3508 474 3560 divites
506 3506 645 3555 facit.
1035 3505 1042 3509 ‘
1481 3487 1502 3505 '

359 3597 509 3648 Exite
547 3595 609 3644 de
648 3591 761 3652 illa,
809 3585 1024 3656 papultts
1064 3597 1238 3644 meus,
1284 3587 1383 3632 etc.
1418 3575 1503 3628 Sic
1532 3582 1585 3627 et
1641 3571 1833 3624 lsaias:

285 3688 439 3741 Exite
479 3687 540 3735 de
571 3681 731 3732 medio
765 3693 934 3730 eorum
960 3715 974 3738 ,
1019 3684 1064 3725 et
1105 3671 1416 3722 immundum
1457 3681 1516 3716 ne
1556 3661 1834 3730 tetigeritis.

287 3774 611 3830 Mundamini
632 3772 714 3836 qui
736 3770 826 3837 [ert
849 3785 872 3818 ,ς
892 3782 1010 3818 vasa
1037 3763 1232 3815 Domini
1261 3758 1408 3827 (Isai.
1443 3757 1557 3821 LII).
1593 3754 1841 3805 Prae-utt-

289 3867 418 3920 tiata
453 3861 725 3932 Babylonis
757 3860 926 3920 ruina,
960 3853 1158 3907 inducit
1189 3850 1588 3908 discessionem,
1616 3856 1730 3908 quae
1760 3848 1843 3892 est

289 3931 574 4026 Babylonis
613 3953 777 4006 ruina.
830 3949 956 4002 Cum
987 3949 1122 3998 enim
1154 3938 1454 3994 discesserit
1497 3936 1589 3988 Lot
1619 3950 1644 3985 a
1679 3931 1845 3987 Sodo-

289 4048 412 4110 mis,
445 4042 676 4095 lunditus
705 4038 968 4090 tollentur.
1016 4041 1021 4047 ‘

363 4107 581 4188 Reddite
618 4128 694 4181 un
729 4128 858 4180 sicut
896 4128 1004 4193 ipsa
1032 4121 1258 4174 reddidit
1303 4119 1453 4170 vobis.
1490 4115 1562 4167 De
1608 4107 1843 4164 Ecclesia

295 4227 438 4282 enim
473 4227 664 4275 exeunt
714 4215 767 4270 in
816 4215 1064 4266 mundum
1097 4213 1257 4278 plaga:
1307 4206 1534 4258 vi~ibiles
1579 4215 1632 4255 et
1663 4199 1853 4252 invisi--

295 4318 450 4371 biles.

373 4404 441 4455 Et
465 4398 716 4468 duplicate
739 4393 962 4463 duplicia
993 4387 1263 4443 secundum
1293 4400 1444 4453 apera
1477 4385 1605 4452 ejus.
1637 4378 1700 4433 Ut
1729 4391 1842 4444 qua:

299 4491 679 4562 temporalibus
723 4485 994 4539 fruebatur
1036 4478 1234 4533 deliciis
1275 4474 1547 4530 tormentis
1587 4471 1850 4524 crucietur

299 4598 533 4638 ωιετηιε.
884 4615 886 4618 τ

376 4675 510 4738 Quia
537 4672 589 4723 in
611 4669 757 4722 corde
787 4680 876 4719 suo
904 4663 1024 4715 dicit
1049 4676 1068 4713 :
1091 4659 1254 4714 Sedeo
1284 4658 1476 4727 regina,
1508 4664 1552 4706 et
1571 4654 1720 4706 vidua
1751 4667 1855 4704 non

307 4781 439 4826 sum,
470 4773 576 4815 etc.
604 4760 734 4823 Quia
764 4753 1110 4824 praesentibus
1156 4748 1410 4802 delectata
1447 4745 1664 4798 quuriis
1693 4743 1849 4795 ultio-

309 4869 429 4910 nem
451 4851 618 4905 noluit
646 4859 835 4917 praecax
848 4859 938 4898 ere
962 4843 1213 4904 laturam,
1238 4838 1354 4891 ideo
1378 4835 1427 4886 in
1450 4836 1590 4888 brevi
1616 4843 1856 4900 tempore

311 4956 363 4998 et
383 4939 636 5010 spirituali
658 4946 710 4991 et
725 4931 920 4990 carnali
940 4931 1089 4984 clade
1118 4929 1380 4994 punietur.
1411 4928 1447 4978 E
1473 4919 1735 4976 contraria
1764 4922 1858 4971 au-

315 5049 418 5092 tem
447 5033 590 5088 cives
631 5029 860 5082 celestis
890 5025 1087 5093 patriae,
1117 5021 1208 5089 qui
1237 5027 1532 5088 pr0ponunt
1566 5013 1857 5068 Jerusalem

314 5129 366 5180 in
395 5119 653 5194 principio
681 5114 872 5170 laetitia:
901 5130 1008 5167 sure
1030 5153 1045 5176 ,
1081 5112 1268 5164 nolunt
1296 5107 1346 5160 in
1381 5117 1516 5158 terra
1547 5105 1712 5156 aliena
1737 5115 1861 5152 can-

317 5216 474 5268 ticum
503 5207 702 5264 Domini
729 5217 977 5258 resonare
1005 5196 1436 5266 (Psal.cxuvi),
1464 5193 1513 5245 id
1536 5203 1634 5254 est,
1660 5190 1710 5242 in
1737 5202 1865 5254 pra:-

315 5303 453 5358 senti
481 5299 746 5369 percipere
770 5289 1012 5362 gaudium
1041 5287 1213 5341 futuro
1239 5283 1433 5338 satculo
1459 5280 1713 5332 debitum.

391 5392 456 5444 Et
483 5391 669 5456 ﬂebunt
723 5394 767 5437 et
811 5381 1047 5450 plangant
1078 5394 1129 5430 se
1169 5390 1318 5444 super
1345 5372 1485 5424 illam
1514 5382 1651 5432 reges
1695 5374 1861 5425 term,

320 5493 425 5538 etc.
466 5479 560 5531 llic
590 5478 742 5529 ﬂetus
774 5476 976 5540 regum,
1031 5476 1083 5521 et
1133 5474 1479 5518 mercatorum
1509 5467 1560 5509 et
1591 5465 1862 5520 nautarmu

327 5571 628 5642 Babylonis,
659 5567 935 5634 dupliciter
963 5558 1179 5626 intelligi
1213 5562 1405 5624 potest,
1438 5552 1520 5603 vel
1548 5563 1664 5601 cum
1696 5546 1747 5597 in
1778 5543 1864 5594 die

327 5641 524 5734 iudicii,
555 5670 660 5716 tota
696 5659 872 5714 mundi
898 5655 1059 5725 gloria
1097 5659 1366 5721 pereunte,
1399 5644 1568 5713 impiis
1599 5641 1706 5729 sol/.1
1731 5653 1863 5709 pra:-

1877 4402 1925 4459 D

1901 527 2040 578 nobis
2063 501 2259 592 profuit
2293 519 2522 588 superbia
2545 519 2673 569 I’aut
2702 514 2819 580 quid
2861 509 3151 561 divitiarum
3190 501 3435 571 jactantia

1868 628 1870 631 ’
1900 619 2107 670 contulit
2134 617 2273 667 nobis
2303 611 2673 664 ?Transierunt
2715 607 2818 657 Itatc
2845 598 3033 663 omnia,
3061 607 3295 663 tanquam
3327 608 3438 644 ωηι-
3503 597 3506 600 ’

1902 711 1988 759 bra
2019 706 2169 772 (Sap.
2199 715 2275 768 ν).
2311 701 2398 753 Vel
2445 714 2563 751 cum
2595 697 2645 747 in
2676 690 2942 760 prmseuti,
2970 700 3142 738 rerum
3173 680 3441 736 afﬂuentia

1903 806 2162 857 cessante,
2186 804 2238 846 et
2265 789 2577 844 eunti-itione
2599 785 2826 852 gentium
2847 779 3170 832 diversarum
3192 773 3413 824 instante
3433 807 3448 829 ,

1914 901 2187 956 pravorum
2242 880 2594 933 voluntatibus
2637 869 2986 933 adimi-laudis
3029 864 3394 919 circumﬂuens
3426 899 3443 924 ,

1906 974 2196 1027 carnalium
2229 971 2535 1022 deliciarum
2562 965 2732 1014 ablata
2764 960 2918 1011 fuerit
2955 954 3181 1009 occasio.

1977 1061 2098 1114 Cum
2124 1060 2330 1112 viderint
2357 1059 2550 1126 fumum
2575 1051 2788 1103 incendii
2817 1054 2939 1115 ejus.
2968 1046 3018 1098 ιδ
3051 1054 3154 1105 est,
3194 1040 3443 1094 indicium

1866 1179 1871 1185 -
1911 1149 2239 1218 perditionis,
2269 1144 2513 1213 quoniam
2544 1142 2712 1192 iunius
2744 1139 2911 1205 ignem
2950 1136 3116 1201 pra-it.
3149 1129 3279 1195 Quid
3309 1128 3448 1181 enim

1908 1250 1987 1293 cst
2018 1237 2154 1289 aliud
2186 1233 2445 1302 grassatio
2476 1232 2574 1283 ista
2606 1229 2780 1280 mundi
2812 1237 2861 1279 et
2883 1222 3153 1282 contritio,
3185 1233 3336 1286 quam
3370 1217 3450 1268 fu-

1910 1345 2025 1382 mus
2055 1327 2292 1378 instantis
2320 1319 2614 1390 gehennae?

1982 1422 2147 1486 Longe
2187 1427 2369 1470 stantes
2425 1421 2627 1481 propter
2659 1410 2881 1460 timorem
2926 1411 3278 1456 tormentorum
3326 1399 3451 1465 ejus.

1912 1511 2086 1576 Lor-ge
2123 1516 2323 1558 stantes
2353 1517 2454 1554 non
2483 1511 2723 1566 corpore,
2774 1495 2865 1545 sed
2896 1493 3088 1550 animo,
3121 1490 3242 1538 dum
3293 1498 3451 1536 unus-

1912 1575 2131 1666 quisque
2163 1594 2260 1646 sibi
2314 1592 2483 1649 timet,
2513 1584 2649 1653 quod
2691 1583 2910 1634 alterum
2963 1592 3052 1645 per
3084 1575 3371 1628 calumnias
3405 1581 3456 1624 ct

1919 1685 2201 1755 potentiun
2246 1680 2347 1747 pa'i
2375 1679 2528 1730 videt.

1843 1760 1889 1817 Β
1922 1752 1932 1755 ν
1993 1777 2257 1826 Dicentes:
2292 1768 2398 1830 ναι,
2430 1781 2522 1826 rte,
2552 1763 2722 1814 civitas
2745 1759 2835 1812 illa
2873 1769 3051 1824 magna
3077 1752 3320 1820 Babylon,
3351 1758 3453 1803 etc.
3511 1776 3513 1778 -

1913 1866 2136 1932 Spiritus
2167 1861 2296 1913 dicit
2344 1872 2531 1909 nomen
2564 1852 2822 1914 civuatis,
2874 1861 3055 1898 verum
3104 1845 3178 1895 illi
3215 1841 3459 1894 mundum

1918 1957 2164 2024 plangunt
2203 1949 2387 2014 exiguo
2418 1941 2700 1996 admodum
2733 1948 2968 2005 tempore
3005 1950 3157 2002 pmtta
3204 1934 3465 1998 intercep-

1920 2053 2046 2104 lunt,
2076 2056 2386 2105 mttnemque
2418 2037 2721 2088 industriam
2757 2033 2871 2083 labe
2886 2030 3129 2081 iactatam
3161 2039 3391 2079 cessare.

1993 2129 2054 2179 Et
2080 2128 2408 2195 negotiatores
2437 2123 2780 2187 teri'wﬂebmtl
2803 2126 2845 2190 et
2870 2115 3106 2184 lugebant
3126 2127 3274 2178 super
3303 2111 3467 2172 illam,

1920 2229 2022 2273 etc.
2057 2218 2284 2270 Cuumas
2310 2214 2487 2266 mundi
2524 2226 2759 2278 pompas,
2791 2219 2843 2261 et
2869 2222 2932 2260 ea
2958 2221 3075 2274 (pta:
3104 2205 3183 2256 vel
3224 2203 3465 2255 sensibus

1919 2307 2157 2375 corporis
2177 2303 2378 2363 suavia,
2400 2301 2477 2353 vel
2501 2299 2733 2352 externis
2760 2304 2881 2349 sunt
2905 2295 3083 2348 usibus
3105 2289 3462 2350 accommoda.

1921 2399 2144 2450 deiicere
2170 2397 2362 2458 lugent.
2400 2390 2614 2456 Species
2645 2387 2782 2440 enim
2819 2385 3148 2438 metallorum
3179 2381 3244 2436 ad
3276 2383 3466 2440 visum,

1922 2487 2260 2538 odoramcnla
2283 2483 2344 2533 ad
2361 2479 2607 2534 olfactum
2659 2484 2916 2541 unguenta
2945 2473 3006 2525 ad
3027 2482 3242 2538 tactum,
3269 2473 3467 2533 vinum,

1927 2575 2150 2626 triticum
2183 2582 2232 2624 et
2262 2572 2434 2624 oleum
2486 2567 2550 2621 ad
2583 2576 2814 2634 gustum,
2866 2561 3148 2629 pertinent.
3194 2561 3472 2615 Jumento-

1929 2677 2038 2712 rum
2068 2675 2220 2726 porro
2247 2669 2298 2710 et
2331 2656 2716 2722 mancipiorum
2743 2651 2994 2704 vocabulo
3013 2657 3206 2700 caetera
3231 2631 3475 2700 humani-

1929 2752 2046 2803 tatis
2091 2747 2283 2799 auxilia
2314 2744 2486 2812 perire
2515 2750 2850 2812 quaeruntur;
2900 2736 3098 2805 duplici
3141 2749 3371 2804 genere,
3419 2744 3478 2787 ut

1928 2840 2033 2890 dixi
2061 2880 2074 2901 ,
2104 2837 2242 2906 quod
2270 2836 2518 2889 deficiant
2548 2834 2645 2886 ista
2677 2830 2872 2885 mundo
2917 2830 3194 2893 moriente,
3226 2828 3306 2882 vel
3336 2827 3474 2895 quod

1931 2928 2105 2979 miseri
2137 2927 2446 2992 superstites
2474 2938 2653 2976 eorum
2682 2921 2951 2974 interitum
3004 2921 3094 2990 qui
3144 2919 3323 2972 mundi
3354 2932 3482 2988 gau-

1933 3018 2015 3069 dia
2044 3026 2212 3070 morte
2244 3013 2567 3083 reliquerunt
2615 3012 2762 3078 quasi
2792 3026 2901 3063 sum
2930 3011 3158 3063 civitatis
3189 3013 3364 3063 ruinas
3387 3011 3480 3064 de-

1939 3106 2160 3172 plorent,
2189 3105 2278 3173 qui
2302 3114 2356 3157 et
2383 3103 2524 3165 ideo,
2553 3107 2696 3154 metu
2726 3112 2892 3167 paenae
2914 3098 3118 3162 similis,
3151 3098 3304 3164 longe
3332 3105 3476 3151 stare

1935 3196 2196 3247 dicuntur.
2525 3247 2529 3254 ,

2009 3287 2107 3350 Qui
2133 3285 2307 3337 divites
2336 3282 2457 3350 facti
2482 3289 2615 3342 sunt,
2639 3279 2699 3330 ab
2722 3294 2778 3331 ea
2812 3279 2958 3346 longe
2994 3274 3211 3345 stabunt.
3239 3272 3471 3327 Ubicun-

1939 3392 2039 3447 que
2071 3374 2198 3428 dicit
2222 3371 2449 3438 Spiritus
2488 3367 2680 3422 ditatos
2726 3369 2790 3419 ab
2818 3381 2902 3430 ca,
2936 3364 3246 3416 delictorum
3269 3361 3486 3413 divitias

1940 3464 2220 3532 signiﬁcat.
2271 3457 2492 3514 lulerius
2521 3458 2659 3510 enim
2702 3456 2785 3505 ubi
2830 3456 3139 3518 injustarum
3168 3463 3266 3502 vox
3310 3448 3489 3501 estdi-

1941 3554 2206 3607 centium:
2246 3551 2355 3614 Vw,
2385 3564 2479 3611 vce,
2510 3547 2680 3600 civitas
2730 3544 2820 3595 illa
2869 3556 3069 3607 magna,
3102 3541 3152 3590 in
3197 3554 3294 3608 qua
3346 3539 3491 3589 dilati

1943 3656 2055 3697 sunt
2079 3659 2244 3695 omnes
2267 3641 2351 3708 qui
2391 3638 2569 3690 habent
2598 3651 2746 3688 navet
2789 3633 2842 3685 in
2885 3632 3035 3697 mari,
3081 3645 3252 3682 rerum
3300 3629 3493 3680 divitia:

1946 3733 2322 3798 intelliguntur.
2370 3723 2724 3781 Putantenim
2766 3719 3149 3776 suaefactionis
3191 3716 3409 3771 solertia
3437 3731 3496 3770 se

1947 3839 2064 3877 esse
2092 3823 2302 3874 ditatos.

2021 3913 2142 3978 Qua:
2166 3911 2348 3962 amicta
2373 3916 2480 3960 erat
2504 3907 2702 3975 byssina
2731 3914 2774 3957 et
2801 3917 3025 3971 purpura
3062 3908 3107 3950 et
3136 3914 3300 3951 cocco.
3352 3897 3496 3948 Nun-

1949 4004 2069 4073 quid
2111 4001 2294 4054 civitas
2319 3998 2563 4050 amicitur
2593 3996 2751 4062 bysso
2777 4001 2867 4042 aut
2898 4003 3149 4056 purpura,
3181 3997 3233 4038 et
3264 4001 3365 4036 non
3397 3985 3496 4035 lio-

1952 4090 2154 4146 mines?
2185 4088 2284 4157 lpsi
2315 4089 2489 4153 itaque
2516 4097 2575 4138 se
2605 4084 2875 4151 plangant,
2909 4080 3031 4130 dum
3060 4075 3375 4145 supradictis
3403 4090 3495 4128 ex-

1951 4182 2260 4249 spoliantur.

2024 4270 2087 4323 Et
2114 4268 2273 4320 omnis
2295 4264 2617 4335 gubernator,
2645 4269 2689 4315 et
2716 4267 2880 4312 nauta:
2900 4257 3347 4326 longe-steterunt,
3393 4263 3496 4308 etc.

1955 4359 2193 4428 Nunquid
2237 4371 2425 4409 omnes
2473 4369 2618 4406 mare
2661 4349 2963 4414 navigantes
2995 4347 3180 4399 adesxe
3232 4354 3494 4409 poterunt,

1957 4458 2013 4504 ut
2037 4449 2244 4502 videant
2286 4443 2580 4498 incendium
2635 4436 2897 4491 civitatis?
2944 4436 3046 4488 Sed
3090 4449 3273 4485 omnes
3319 4434 3495 4484 smculi

1956 4543 2182 4595 cultores
2209 4549 2261 4592 et
2290 4533 2558 4604 Operarios
2589 4531 2717 4584 dicit
2756 4529 2943 4582 timere
2970 4525 3091 4590 sibi,
3124 4525 3358 4575 videntes
3383 4521 3494 4586 spei

1959 4648 2066 4687 sua:
2090 4632 2309 4683 ruinam.

2029 4722 2297 4774 Dicentes:
2344 4717 2468 4780 Qua:
2496 4725 2566 4768 est
2591 4713 2769 4766 similis
2799 4710 2982 4768 civitati
3024 4707 3138 4756 huic
3170 4701 3404 4769 m-ignte?
3449 4699 3503 4752 Id

1959 4821 2059 4874 est,
2092 4827 2192 4861 non
2227 4821 2378 4874 posse
2417 4804 2665 4857 mundum
2697 4802 2747 4853 in
2780 4802 3036 4864 integrum
3071 4792 3272 4846 restitui

2033 4899 2096 4952 Et
2125 4900 2361 4950 miserunt
2389 4895 2633 4965 puluerem
2661 4905 2808 4960 super
2832 4890 2997 4953 capita
3023 4903 3137 4938 sua.
3184 4885 3233 4937 Id
3266 4891 3347 4937 est
3371 4881 3510 4948 prin-

1962 4996 2132 5060 cipum
2158 5006 2370 5044 suorum
2395 4987 2576 5038 faciem
2599 4983 3008 5049 exprobrantes;
3037 4994 3063 5029 a
3093 4977 3281 5044 quibus
3303 4970 3503 5025 seducti

1966 5085 2236 5152 peribant;
2269 5081 2348 5131 vcl
2380 5075 2551 5131 cordis
2581 5074 2682 5138 sui,
2723 5067 2860 5138 quod
2904 5077 2982 5120 est
3015 5065 3298 5132 principale
3334 5060 3500 5112 ltomi-

1967 5176 2064 5236 nis,
2117 5185 2232 5224 sera
2278 5163 2583 5235 pmnitentia
2611 5159 2872 5214 vesaniam
2905 5165 3230 5209 accusantes.

2039 5262 2288 5327 Quoniam
2327 5273 2428 5309 una
2459 5257 2585 5305 liora
2613 5250 2836 5303 desolata
2866 5256 2956 5299 est.
2997 5245 3125 5296 Nota
3165 5240 3397 5306 singulas
3429 5238 3512 5288 lu-

1969 5355 2195 5422 gentium
2246 5361 2498 5418 personas
2545 5359 2647 5396 non
2697 5340 2862 5394 Solum
2893 5337 3148 5406 jacturam
3182 5330 3501 5389 ditilinrnttl,

1971 5449 2059 5501 sed
2102 5458 2151 5500 ct
2198 5445 2520 5513 repentinam
2580 5433 3021 5506 improvisamque
3068 5425 3259 5478 deﬂere
3309 5423 3513 5475 ruinam

1972 5539 2146 5592 saeculi
2201 5535 2447 5588 fallentis.

2045 5629 2258 5683 Exsulta
2293 5642 2441 5695 st'ptr
2472 5639 2598 5691 cam,
2623 5620 2816 5685 caelum,
2838 5626 2880 5672 et
2909 5613 3065 5670 sancti
3088 5608 3302 5680 apostoli
3334 5618 3376 5658 et
3400 5621 3518 5672 pro-
