3934 6222
519 252 615 305 187

967 256 1161 312 DEDA‘J
1202 262 1639 324 VENERABILIS
1674 273 1821 329 OPP.
1864 274 2039 333 PARS
2077 278 2140 332 ll.
2181 280 2370 337 SECT.
2410 283 2451 339 l.
2499 315 2559 329 --
2600 286 2975 345 EXEGETICA
3016 293 3324 349 GENUtNA.

3604 301 3712 353 ’88

518 369 699 428 pheta.
744 364 831 417 Sic
858 374 910 417 et
942 368 1189 423 Dominus
1216 372 1264 424 in
1314 374 1597 443 Evangelia
1624 382 1826 436 ruinam
1867 388 2042 441 mundi
2072 389 2116 444 A
2150 374 2330 453 psalmi
2374 394 2462 461 qui
2502 396 2815 464 principium
2870 403 3062 457 habent
3111 405 3337 461 Laudate
3394 408 3709 473 hominum,

514 453 799 517 praedicens
825 456 1055 511 addidit:
1084 461 1206 515 Cum
1234 464 1451 518 videritis
1469 468 1576 521 Iure
1591 472 1721 537 ﬁeri,
1747 477 1972 543 respicite
2004 485 2049 530 et

512 541 664 593 levate
706 545 872 611 capita
924 558 1083 602 vestra
1144 551 1289 621 (Luc.
1340 556 1471 623 ut),
1530 558 1580 611 id
1634 569 1731 625 est,
1763 541 2048 620 exibilarate

506 633 683 685 corda.

576 741 823 804 Quoniam
857 746 1098 811 judicavit
1134 749 1265 802 Deus
1289 753 1529 817 iudicium
1569 767 1786 809 vestrum
1828 762 1889 813 de
1934 763 2043 815 illa.

505 828 613 880 lloc
643 840 723 884 est
769 833 891 885 illud
933 838 1067 903 quod
1092 839 1341 905 judicium
1372 844 1556 903 animxe
1584 858 1887 902 sanctorum
1925 868 2035 905 ma-

503 936 603 985 gno
631 924 858 978 clamore
884 930 1224 994 quaerebant:
1274 932 1561 1003 Usqttequo,
1620 937 1829 991 Domine
1874 941 2033 1006 Deus,

502 1019 703 1063 sanctus
750 1022 793 1063 et
836 1030 999 1076 verus,
1036 1033 1132 1068 non
1170 1019 1371 1086 judicas
1401 1032 1450 1073 et
1496 1026 1717 1077 vindicas
1747 1031 2039 1097 sanguinem

500 1106 719 1148 nostrum
747 1098 923 1166 (Apoc.
956 1102 1064 1169 v1)?

568 1183 631 1235 Et
660 1189 859 1239 sustulit
907 1206 1036 1242 unus
1078 1195 1288 1263 angelus
1338 1200 1479 1264 fortis
1511 1200 1726 1267 lapidem
1755 1208 1899 1273 quasi
1927 1224 2032 1261 mo-

499 1271 654 1322 larem
682 1289 942 1341 magnum;
971 1287 1017 1329 et
1046 1281 1176 1332 misit
1204 1283 1253 1336 in
1285 1302 1439 1349 mare,
1465 1290 1634 1343 dicens
1656 1307 1674 1343 :
1706 1293 1815 1345 Hoc
1846 1298 2031 1363 impetu

496 1358 715 1409 mittetur
746 1359 989 1429 Babylon.
1022 1366 1144 1420 Sive
1187 1372 1264 1439 (ut
1291 1372 1384 1423 alia
1412 1374 1530 1427 dicit
1564 1379 1756 1449 Editio)
1782 1398 1793 1433 :
1825 1358 2033 1449 Sicim-

496 1455 610 1510 petu
639 1446 900 1514 dejicielur
930 1452 1155 1523 Babylon
1198 1458 1377 1529 magna
1405 1465 1597 1528 civitas.
1636 1446 1830 1523 Civitas
1856 1477 2029 1528 smculi

496 1547 589 1598 pro
618 1545 944 1601 peccatorum
990 1546 1218 1609 pondere
1263 1558 1316 1601 et
1345 1563 1544 1617 errore,
1596 1555 1824 1611 instabili
1875 1563 2027 1616 molas

495 1634 843 1689 comparatur.
875 1629 929 1681 In
960 1632 1183 1687 circuitu
1224 1638 1361 1690 enim
1395 1640 1536 1707 impii
1583 1645 1871 1700 ambulant.
1900 1650 2026 1715 Quae

487 1709 605 1776 jure
632 1714 867 1768 lluctibus
897 1718 1103 1772 ultionis
1132 1725 1459 1791 absorbetur,
1493 1732 1613 1797 quia
1643 1734 1785 1789 cives
1814 1738 2025 1794 Jerusa-

491 1798 593 1849 lem
622 1798 863 1854 ﬂuctibns
903 1809 1162 1880 oppressit
1202 1810 1542 1882 inlidelitatis,
1586 1834 1702 1873 cum
1745 1838 1901 1890 super
1930 1828 2025 1879 ﬂu-

490 1885 626 1936 mina
671 1886 945 1957 Babyloais
985 1895 1250 1962 sedentes,
1303 1903 1534 1957 ctelestis
1564 1907 1685 1961 Sion
1735 1912 2022 1971 absentiam

488 1971 691 2027 ﬂerent.
741 1977 993 2033 Aitenim
1045 1982 1302 2041 Dominus
1356 2001 1595 2048 auctores
1645 2001 1873 2059 scandali
1931 2007 2020 2059 tali

486 2075 636 2127 paena
668 2066 987 2131 plectendos.
1024 2072 1084 2125 Et
1112 2074 1345 2131 Ecclesia
1374 2083 1581 2148 quidem
1633 2087 1793 2154 lapidi
1824 2093 2023 2146 simila~
2077 2126 2081 2130 -

485 2161 586 2212 tur,
637 2155 727 2207 sed
767 2158 939 2211 stabili
987 2170 1041 2213 et
1071 2164 1242 2229 ﬁrmo,
1293 2171 1381 2235 qui
1415 2180 1777 2239 tempestatum
1808 2188 2026 2246 spernat

484 2239 741 2295 incursus.
768 2242 946 2299 Potest
974 2250 1108 2301 mola
1126 2253 1280 2306 etiam
1306 2262 1721 2322 procontritione
1747 2280 2016 2331 poenarum

484 2328 721 2398 intelligi.
773 2335 897 2386 Nam
929 2344 985 2390 et
1012 2338 1193 2393 beatus
1237 2343 1461 2411 lgnatius
1493 2348 1655 2404 fertur
1683 2328 1879 2409 dixisse
1903 2373 2017 2423 pas-

480 2434 669 2473 surus:
704 2440 722 2472 ι
760 2423 1093 2481 Frumentum
1144 2430 1233 2484 Dei
1262 2450 1397 2497 sum,
1443 2438 1727 2494 bestiarum
1774 2445 2017 2503 dentibus

483 2510 667 2571 molar,
698 2519 752 2562 ut
781 2516 925 2578 panis
952 2518 1177 2572 mundus
1204 2522 1424 2577 efliciar.
1464 2546 1481 2578 ι

524 2638 532 2652 .,
554 2594 664 2648 Vua:
686 2599 1068 2655 cit/tarwdorum
1094 2615 1138 2658 et
1161 2611 1481 2680 musicorum,
1511 2630 1613 2671 etc.
1640 2620 1712 2675 De
1740 2622 1843 2679 illis
1863 2628 2014 2695 quin-

475 2697 576 2749 que
616 2689 855 2744 sensibus
901 2707 1088 2747 sonum
1137 2697 1429 2766 distulerat,
1482 2720 1632 2771 quem
1689 2725 1823 2765 nunc
1875 2716 2011 2769 inter

473 2774 568 2823 alia
601 2776 665 2828 de
690 2780 880 2831 mundo
903 2782 1022 2833 dicit
1046 2786 1258 2839 auferri.
1288 2792 1361 2840 Ac
1387 2792 1429 2843 si
1458 2793 1651 2848 diceret
1678 2814 1690 2848 :
1724 2800 1869 2865 Quod
1899 2805 2009 2857 visu

474 2863 762 2929 pulchrum,
811 2870 987 2922 auditu
1037 2887 1310 2943 canorum,
1344 2889 1479 2933 tactu
1525 2886 1753 2953 planum,
1787 2893 2006 2948 odoratu

472 2963 656 3016 δυηνει
687 2965 836 3021 gustu
868 2959 1193 3030 delectabile,
1228 2970 1294 3021 de
1318 2974 1510 3025 smculo
1539 2980 1873 3034 transiturum
1902 2994 2000 3037 est.
2028 3007 2073 3067 ρ

548 3038 603 3067 υ,
639 3047 791 3067 -...--:-
828 3049 963 3067 -_.:p,
994 3066 997 3067 ,
1152 3055 1162 3065 .
1314 3061 1322 3067 .
1556 3065 1563 3067 .

540 3038 603 3090 Et
635 3047 791 3095 omnis
820 3049 1000 3115 artifex
1029 3055 1185 3105 omnis
1229 3061 1348 3109 artis
1399 3076 1498 3112 non
1550 3065 1820 3119 invenietur
1862 3072 1913 3122 in
1961 3084 2005 3126 te

468 3129 702 3193 amplius,
751 3142 852 3183 etc.
905 3139 1108 3199 Utnnia,
1167 3141 1350 3207 inquit,
1382 3160 1494 3210 quae
1523 3150 1584 3199 ad
1618 3165 1762 3205 usum
1808 3159 1888 3209 vel
1917 3158 2003 3224 ju-

466 3217 778 3272 cunditatcm
835 3222 1071 3280 humanae
1132 3231 1251 3284 vita:
1302 3238 1585 3305 pertinent,
1637 3245 1883 3302 tolluntur
1937 3253 2001 3305 ab

470 3306 660 3373 itnpiis.
696 3309 753 3361 Et
792 3315 978 3381 adjecit
1004 3334 1234 3388 causam,
1264 3326 1478 3382 dicens:

536 3394 779 3457 Quoniam
812 3415 1100 3459 mercatores
1145 3412 1217 3461 tui
1261 3425 1403 3465 erant
1442 3422 1693 3489 principes
1732 3433 1895 3483 terra.
1942 3431 1995 3486 id

469 3492 566 3541 cst,
596 3488 831 3549 quoniam
860 3492 907 3542 in
938 3495 1035 3548 vita
1066 3508 1148 3548 tua
1181 3506 1439 3569 percepisti
1467 3506 1594 3562 bona
1621 3514 1767 3581 (Luc.
1799 3521 1905 3587 xvt)

539 3568 591 3587 η-
632 3574 641 3582 -
952 3584 959 3587 ι

1626 3568 1636 3581 1
1804 3568 1821 3569 η
1870 3568 1921 3587 _,_

532 3568 591 3621 Et
625 3574 673 3623 in
704 3592 759 3627 ea
785 3584 986 3648 sanguis
1013 3588 1365 3653 prophetarum
1390 3604 1435 3646 et
1460 3612 1742 3653 mactarunt
1769 3607 1991 3661 inventus

457 3667 549 3721 est,
592 3670 692 3714 etc.
734 3654 980 3733 Nunquid
1032 3674 1211 3727 eadem
1260 3680 1436 3732 civitas
1488 3687 1677 3739 occidit
1712 3695 1989 3758 apostolos,

456 3760 570 3812 qnzu
610 3759 660 3800 et
690 3756 989 3822 prophetas,
1020 3772 1106 3813 aut
1134 3777 1315 3818 omnes
1360 3776 1607 3825 sanctos?
1646 3777 1745 3831 Sed
1780 3781 1887 3835 lucc
1916 3795 1992 3837 cst

454 3837 637 3890 civitas
670 3856 821 3906 quam
855 3844 979 3899 Cain
1024 3849 1197 3904 fratris
1228 3858 1304 3907 sui
1356 3864 1608 3928 Sanguine
1654 3865 1908 3936 fundavit,
1938 3884 1990 3928 et

459 3925 656 3978 vocavit
690 3933 898 3987 nomine
930 3936 1021 3988 lilii
1052 3942 1129 3992 sui
1180 3941 1375 4009 Enoch,
1427 3925 1478 4002 id
1524 3963 1621 4020 est,
1674 3962 1989 4022 posteritatis

454 4026 563 4063 sum
584 4020 765 4069 omnis.
796 4020 922 4075 Nam
954 4040 1148 4093 septem
1176 4038 1538 4096 generationes
1561 4044 1841 4111 descriptae
1866 4064 1987 4105 sunt

451 4099 597 4151 Cain.
629 4102 680 4153 in
718 4105 835 4173 ‘cjus
866 4111 1087 4166 civitatis
1112 4119 1389 4175 mdilicium
1416 4129 1644 4192 funditur
1675 4137 1834 4186 omnis
1863 4154 1984 4190 son-

451 4190 560 4251 guis
586 4193 747 4255 justus
784 4212 815 4246 α
844 4202 1085 4269 sanguine
1114 4205 1233 4258 Abel
1254 4212 1381 4277 justi
1408 4229 1560 4281 usque
1598 4220 1665 4269 ad
1689 4229 1982 4294 sanguinem

450 4276 707 4334 Zacharite
756 4285 973 4351 (Matth.
1008 4300 1191 4363 χχιιι),
1227 4276 1276 4350 id
1322 4310 1421 4366 est,
1476 4276 1647 4374 populi
1700 4320 1753 4365 et
1782 4276 1981 4372 “sacer-
2010 4314 2058 4375 D

449 4366 601 4417 tlltlls‘.
1850 4408 1851 4411 “

1013 4488 1230 4546 CAPUT
1272 4495 1409 4550 XIX.

518 4609 634 4661 Post
656 4612 759 4666 Itazc
778 4616 947 4669 audivi
974 4623 1116 4687 quasi
1138 4638 1300 4679 vocem
1326 4646 1558 4699 magnam
1583 4638 1815 4693 tubarum
1844 4645 1976 4696 mul-

441 4704 601 4747 tarunt
630 4700 679 4749 in
706 4702 827 4754 caelo
856 4705 1161 4763 dicentium:
1196 4712 1433 4783 Alleluia,
1464 4728 1566 4785 etc.
1599 4724 1719 4778 Hth
1750 4742 1885 4781 nunc
1906 4745 1971 4784 es

443 4796 585 4845 parte
616 4787 741 4839 dicit
782 4790 1045 4861 Ecclesia;
1089 4806 1209 4855 tunc
1250 4814 1421 4857 autem
1464 4809 1694 4875 perfecte
1722 4828 1841 4868 cum
1870 4817 1977 4871 dis-
2036 4823 2047 4829 “

440 4874 606 4923 cessio
634 4874 763 4926 facta
796 4877 965 4945 fuerit,
997 4895 1049 4937 et
1076 4901 1193 4941 cum
1223 4895 1452 4959 apertius
1481 4899 1763 4957 vindicata.

515 4963 635 5025 Qua:
661 4970 881 5033 corrupit
910 4980 1091 5029 terram
1122 4981 1171 5032 in
1198 4987 1544 5049 prostitutione
1572 5007 1684 5057 sua,
1716 5004 1819 5051 etc.
1857 4998 1974 5053 Duo

442 5054 723 5107 meretricis
755 5055 888 5109 facta
917 5074 1311 5134 commemorat,
1344 5088 1457 5142 qua:
1484 5092 1545 5134 se
1585 5082 1827 5140 videlicet
1853 5104 1969 5141 ma-

461 5136 501 5187 is
529 5147 837 5211 corruperit,
864 5158 914 5201 et
944 5148 1107 5207 bonos
1136 5148 1403 5225 persecuta
1435 5152 1525 5230 sit,
1552 5170 1741 5235 quibus
1770 5174 1971 5232 duobus

440 5239 620 5281 Ctltlcla
653 5248 770 5288 reor
796 5251 1072 5302 pravorum
1104 5250 1321 5302 crimina
1342 5256 1758 5321 comprehendit.

512 5316 572 5367 Et
602 5320 777 5374 iterant
814 5329 1046 5385 dixerunt
1078 5349 1096 5385 :
1129 5334 1363 5393 Alleluia.
1415 5342 1643 5399 Ecclesia
1693 5348 1964 5406 Dominum

434 5415 587 5468 super
609 5409 815 5472 judiciis
844 5415 967 5481 ejus
1002 5418 1313 5479 indesinenti
1347 5428 1535 5485 affectu
1570 5436 1850 5495 collaudal.
1882 5444 1968 5493 AI-

439 5488 589 5546 Icluia
648 5506 785 5556 cnim
840 5506 1031 5562 dicitur
1095 5510 1318 5567 Laudato
1372 5517 1660 5574 Dominum.
1738 5524 1967 5596 Denique

2153 478 2287 541 apud
2322 481 2567 538 Hebraeos
2596 488 2662 540 ab
2691 490 2899 545 alleluia
2927 494 3195 559 incipiunt.

2220 566 2287 618 Et
2349 569 2518 634 furnus
2571 575 2684 643 ejus
2732 581 2955 632 ascendit
3014 582 3065 633 in
3129 586 3314 635 stecula
3373 588 3703 641 sa'culsntm.

2149 655 2383 709 Ascendit
2406 659 2557 724 dixit,
2594 678 2694 716 non
2716 669 2965 719 ascendet.
2999 655 3218 734 Semper
3254 684 3430 726 autem
3483 674 3531 726 in
3562 690 3701 741 per-

2147 744 2397 800 ditionem
2424 750 2567 804 vadit
2609 746 2861 822 Babylon,
2896 765 2949 809 et
2990 758 3097 824 jam
3131 773 3395 842 crematur
3428 766 3477 818 in
3521 776 3703 833 parte,

2144 836 2278 887 sicut
2305 836 2597 893 Jerusalem
2630 847 2815 896 transit
2844 846 2896 897 in
2920 848 3234 915 paradisum,
3268 836 3490 908 Domino
3515 858 3699 911 taeni-

2146 919 2365 976 festante
2390 925 2438 975 in
2471 942 2697 991 paupere
2722 941 2773 983 et
2802 932 2987 988 divite.
3394 940 3395 943 ’

2214 1009 2278 1061 Et
2320 1012 2493 1081 viginti
2521 1028 2736 1079 quatuor
2775 1023 2988 1076 seniores
3042 1028 3339 1093 ceciderunt,
3382 1042 3429 1084 et
3471 1045 3701 1098 quatuor

2138 1099 2382 1153 animalia
2404 1105 2744 1161 adoraverunt
2780 1110 2962 1166 Deum.
3016 1116 3127 1168 Non
3177 1119 3428 1173 labiorum
3480 1135 3696 1176 tantum

2136 1188 2331 1254 ofﬁcio,
2380 1195 2470 1247 sed
2516 1211 2733 1253 summa
2776 1202 3051 1259 dulcedine
3098 1206 3391 1263 devotionis
3446 1214 3691 1269 Ecclesia

2138 1280 2299 1333 Deum
2334 1297 2630 1341 veneratur.

2204 1368 2478 1423 Dicentes:
2527 1374 2699 1437 Amen,
2743 1377 2971 1434 alleluia.
3020 1381 3145 1435 Haac
3170 1385 3326 1437 verba
3355 1403 3474 1441 cum
3518 1392 3690 1445 inter-

2134 1456 2321 1518 pretari
2353 1468 2544 1523 queant
2577 1462 2717 1527 (nam
2749 1465 2799 1517 in
2831 1467 2983 1519 tidem
3024 1469 3137 1523 sive
3166 1475 3437 1527 veritatem
3482 1486 3536 1530 et
3562 1479 3685 1531 lau-

2130 1548 2247 1599 dem
2295 1549 2519 1610 Domini.
2566 1561 2623 1605 ut
2659 1554 2793 1619 dixi,
2817 1559 3246 1630 transferuntur),
3288 1577 3497 1633 propter
3524 1585 3683 1627 reve-

2119 1620 2349 1687 rentiam
2390 1648 2562 1692 tamen
2592 1644 2884 1713 sanctitatis
2919 1650 3098 1714 primae
3136 1650 3243 1704 illis
3268 1653 3456 1722 lingunt
3487 1673 3685 1725 serva:

2130 1733 2211 1777 tur
2253 1729 2555 1784 auctoritas.
2608 1732 2736 1784 Nam
2786 1744 2839 1786 et
2892 1737 3095 1791 alleluia
3151 1740 3433 1798 Dominicis
3483 1747 3678 1802 diebus

2128 1821 2337 1880 totoque
2368 1816 2808 1885 Quinquagesimo
2831 1832 3063 1891 tempore
3083 1838 3295 1896 propter
3316 1847 3465 1899 spem
3489 1851 3673 1890 resur-

2125 1902 2388 1966 rectionis,
2422 1920 2539 1974 qua:
2567 1908 2617 1961 in
2661 1910 2863 1966 Domini
2894 1922 2976 1967 est
3004 1916 3157 1972 laude
3186 1920 3380 1990 futura,
3412 1928 3673 1982 continue

2122 1988 2262 2041 ennit
2301 1992 2554 2049 Ecclesia.

3174 2109 3194 2147 :
3242 2095 3467 2151 Laudem
3512 2102 3669 2157 dicite

2120 2164 2228 2217 Deo
2269 2178 2462 2229 nostra,
2492 2159 2591 2223 etc.
2636 2172 2766 2226 Cum
2821 2175 2918 2229 ltoc
2967 2178 3185 2245 imperat
3236 2182 3558 2253 faciendum,
3604 2200 3666 2245 et

2118 2266 2373 2309 memorat
2395 2257 2603 2325 factum,
2645 2267 2983 2331 approbatam
3011 2285 3281 2327 servorum
3323 2276 3529 2330 laudem
3572 2281 3662 2333 in-

2117 2342 2251 2396 dicat
2276 2344 2576 2403 electorum.
2612 2351 2817 2417 Pusilli,
2849 2355 3039 2423 inquit,
3078 2370 3125 2411 et
3153 2365 3343 2431 magni,
3371 2368 3488 2432 quia
3535 2383 3660 2433 par-

2116 2430 2247 2483 vitas
2277 2448 2380 2487 non
2411 2448 2563 2491 nocet
2601 2440 2811 2508 ingenii,
2844 2445 2993 2512 cujus
3022 2462 3115 2501 eor
3151 2458 3205 2504 et
3236 2453 3406 2522 lingua
3451 2454 3662 2511 Domitii

2114 2520 2266 2574 laude
2296 2524 2489 2590 repleta
2516 2538 2618 2580 est.

2183 2609 2247 2660 Et
2269 2612 2434 2664 audivi
2458 2617 2602 2680 quasi
2628 2634 2791 2670 vocem
2820 2621 2949 2675 tuba:
2986 2640 3200 2691 magum.
3250 2640 3295 2681 et
3321 2634 3466 2697 quasi
3491 2648 3659 2686 recens

2110 2708 2353 2757 aquarum
2384 2701 2669 2765 multarum,
2698 2718 2798 2759 etc.
2830 2709 3013 2779 Magna
3046 2729 3139 2766 vox
3172 2720 3495 2779 canentium,
3546 2738 3661 2774 nta-

2109 2798 2205 2849 gna
2238 2786 2407 2841 cordis
2436 2799 2516 2842 est
2549 2793 2787 2861 devotio;
2817 2815 2933 2863 qua:
2984 2805 3255 2870 multiplici
3290 2808 3511 2872 repetitu
3545 2812 3659 2863 lau-

2108 2870 2186 2923 dis
2211 2869 2263 2924 et
2293 2875 2494 2929 ruinam
2544 2882 2840 2948 impiorum,
2888 2898 2941 2940 et
2980 2890 3220 2954 egloiam
3273 2894 3479 2949 Domini
3532 2914 3658 2951 suo-

2106 2973 2325 3026 rumque
2356 2969 2687 3022 cnncelebrat
2716 2983 2991 3030 aeternam.

2176 3045 2239 3098 Et
2266 3051 2439 3104 demus
2466 3056 2674 3121 gloriam
2716 3063 2781 3122 ei,
2812 3064 2932 3130 quia
2983 3080 3219 3121 venerunt
3260 3076 3448 3141 nuptia:
3496 3079 3653 3147 Agni.

2104 3132 2303 3201 Nuptias
2332 3149 2455 3192 sunt
2500 3145 2650 3211 Agni,
2706 3162 2823 3200 cum
2870 3152 3102 3208 Ecclesia
3155 3132 3378 3214 Domitio
3426 3164 3475 3215 in
3527 3132 3650 3218 tita-

2104 3221 2239 3275 lamu
2269 3229 2411 3293 regni
2449 3236 2677 3287 cmlcstis
2708 3240 3017 3296 sociabitur.

2172 3308 2234 3364 Et
2262 3330 2390 3367 uxor
2423 3321 2531 3383 eius
2551 3330 2847 3392 pra’paravit
2880 3346 2951 3381 se.
2984 3331 3242 3398 Operibus
3266 3337 3486 3405 justitire
3506 3355 3652 3395 sent-

2100 3410 2191 3461 per
2212 3400 2495 3456 insistendo
2524 3412 2777 3473 spiritu’ali
2809 3428 2865 3468 se
2891 3418 3130 3473 convivio
3153 3434 3204 3475 et
3233 3430 3447 3492 perenni
3480 3446 3648 3499 regno

2096 3486 2301 3551 dignam
2333 3493 2585 3546 exhibuit.
2616 3496 2794 3553 Potest
2838 3514 2889 3555 et
2916 3506 3060 3568 juxta
3107 3486 3379 3581 Evangelii
3423 3486 3650 3583 ραι-δῑο-

2098 3574 2196 3624 lant
2228 3578 2411 3643 accipi,
2444 3597 2559 3646 qua:
2591 3585 2818 3654 virgines
2850 3608 3027 3648 narrat
3049 3601 3292 3655 veniente
3314 3620 3507 3668 sponso
3528 3623 3651 3661 sur~

2094 3675 2294 3728 gentes,
2340 3682 2459 3722 suas
2505 3690 2692 3729 ornare
2722 3680 3012 3748 lampadas,
3064 3688 3113 3740 id
3162 3700 3262 3756 est,
3314 3710 3406 3745 sua
3459 3711 3649 3752 secum

2093 3766 2246 3816 Opera
2296 3770 2590 3826 numerare,
2637 3780 2731 3831 pro
2795 3772 2983 3837 quibus
3046 3788 3300 3832 atteruatu
3366 3786 3648 3851 percipere

2094 3841 2464 3900 beatitudinem
2504 3866 2830 3921 exspectant.

2163 3932 2225 3982 Et
2248 3936 2420 3987 datum
2443 3948 2511 3989 est
2541 3941 2636 4005 illi,
2670 3954 2722 3996 ut
2753 3954 3006 4030 cooperiat
3042 3970 3094 4007 se
3116 3955 3313 4023 byssina
3343 3963 3649 4030 splendente

2088 4024 2324 4076 candido.
2357 4026 2540 4081 Datum
2564 4042 2641 4085 est
2676 4035 2748 4087 illi
2778 4038 2925 4092 factis
2948 4024 3056 4096 tiuis
3082 4045 3245 4101 indui.
3276 4024 3392 4116 Quo
3421 4068 3639 4122 contra,

2089 4111 2253 4178 impii,
2290 4117 2397 4182 qui,
2442 4121 2590 4183 juxta
2623 4123 2823 4194 Isaiam,
2857 4132 2985 4186 telas
3012 4149 3222 4192 aranea:
3271 4151 3477 4206 texunt,
3524 4161 3639 4200 non

2085 4203 2384 4267 operiuntur
2412 4212 2658 4276 operibus
2696 4217 2821 4272 suis.
2870 4220 3041 4288 Opera
3068 4226 3208 4278 enim
3242 4244 3425 4283 eorum
3464 4247 3640 4300 Opera.

2088 4290 2308 4345 inutilia.

2157 4379 2223 4432 Et
2253 4383 2373 4437 dicit
2396 4388 2550 4441 mihi:
2578 4390 2750 4446 Scribe
2776 4410 2796 4448 :
2830 4394 2975 4450 Beati
2987 4401 3073 4466 qui
3100 4404 3167 4454 ad
3202 4422 3395 4460 canam
3425 4415 3637 4476 nuptia-

2087 4484 2196 4520 rum
2227 4472 2355 4537 Agni
2381 4478 2542 4528 vocati
2562 4489 2696 4532 sunt.
2728 4481 2836 4535 Non
2866 4485 2930 4538 ad
2970 4491 3266 4554 prandium,
3299 4498 3390 4547 sed
3418 4472 3633 4555 adtem-

2085 4572 2201 4610 nam
2227 4571 2433 4615 vocatos
2465 4578 2657 4630 narrat,
2687 4572 2808 4635 quia
2851 4576 3094 4632 nimirum
3125 4582 3173 4632 in
3219 4582 3322 4636 line
3353 4585 3454 4638 diei
3487 4604 3621 4642 con-

2084 4648 2278 4699 vivium
2334 4665 2483 4704 crena
2510 4664 2610 4707 est.
2661 4658 2759 4724 Qui
2806 4676 2949 4731 ergo,
2999 4668 3146 4721 linito
3190 4678 3469 4736 praesentis
3500 4680 3627 4735 vita

2082 4742 2336 4802 tempore,
2374 4740 2439 4793 ad
2497 4744 2830 4804 refectionem
2882 4767 3121 4820 supernae
3168 4766 3628 4831 contemplationis

2082 4827 2315 4894 veniunt,
2355 4834 2587 4898 proiecto
2614 4837 2678 4891 ad
2700 4854 2901 4894 cmnam
2934 4846 3064 4912 Δειιί
3096 4861 3364 4907 vocantur.

2152 4915 2277 4971 Ha'c
2294 4922 2436 4973 verba
2464 4940 2577 4977 vera
2605 4926 2694 4981 Dei
2718 4941 2851 4983 sunt.
2883 4930 2937 4984 Μ
2962 4946 3062 5000 est,
3092 4941 3348 4996 veraciter
3372 4948 3628 5001 evenient

2081 5018 2195 5069 qua:
2226 5006 2393 5062 futura
2436 5015 2676 5079 praadixi.

2155 5092 2282 5147 Vide
2310 5113 2372 5149 ne
2424 5103 2619 5167 feceris.
2668 5102 2945 5163 Consonus
3000 5120 3115 5168 tuus
3162 5134 3294 5180 sum,
3322 5127 3369 5170 et
3399 5122 3626 5188 fratrum

2078 5189 2296 5236 tuorum.
2326 5185 2489 5251 Supra
2518 5188 2717 5244 dixerat
2748 5209 2761 5246 :
2793 5195 2902 5265 Ego
2927 5215 3038 5252 sunt
3080 5204 3275 5268 primus
3315 5215 3363 5256 et
3400 5185 3627 5263 inanissi-

2080 5286 2187 5321 mus
2217 5271 2394 5340 (Apoc.
2438 5279 2499 5340 l).
2541 5276 2781 5336 Ostendit
2810 5300 2935 5355 ergo
2962 5290 3205 5355 angelum
3236 5294 3449 5348 missurn
3489 5313 3621 5354 esse

2079 5359 2127 5409 in
2161 5360 2373 5436 figuram
2406 5365 2605 5423 Domini
2628 5382 2680 5425 et
2712 5374 2978 5432 Ecclesiae.
3008 5378 3137 5433 Nam
3166 5391 3219 5434 et
3246 5383 3297 5435 in
3328 5386 3429 5441 line
3449 5388 3579 5444 dicit
3604 5409 3622 5441 ;

2076 5443 2184 5510 Ego
2213 5447 2359 5500 Jesus
2386 5454 2497 5507 mii
2520 5461 2754 5527 angelum
2779 5481 2940 5520 meum
2981 5470 3237 5537 testificari
3274 5476 3411 5529 vobis
3432 5476 3541 5530 lues
3559 5480 3622 5532 in

2076 5534 2291 5589 ecclesiis
2320 5538 2497 5607 (Apoc.
2529 5551 2675 5620 ult).
