3934 6222
246 315 348 372 189

1181 314 1608 367 ΕΧΡΙΑΝᾹΤΙΟ
1649 314 2120 369 APOCALYPSIS.
2161 343 2231 354 -ο
2268 314 2390 368 LIB.
2438 313 2520 367 Ill.

3329 312 3430 367 190

317 423 624 476 Habentinm
666 423 999 475 testimonium
1029 420 1174 474 Iesu.
1209 423 1489 489 Postquam
1532 422 1789 474 Dominus
1816 429 1862 483 Α
1890 425 2129 489 exposuit
2167 423 2565 491 iustiﬁcationes
2599 435 2720 476 esse
2763 428 3086 488 sanctorum,
3115 420 3262 490 juxta
3292 423 3428 492 quod

246 513 403 567 .lesus
443 514 707 567 hominem
755 521 1079 576 assumptum
1125 527 1283 579 super
1332 513 1494 564 cmlos
1537 513 1786 576 elevavit,

246 604 466 670 angelus
485 603 553 654 ab
575 601 783 655 homine
815 600 994 653 timuit
1016 601 1244 667 adorari,
1271 615 1428 663 super
1467 614 1523 653 se
1547 599 1789 652 videlicet

245 691 475 744 adorans
507 690 772 743 hominem
821 688 1006 753 Betim,
1051 687 1189 755 quod
1218 697 1344 740 ante
1375 687 1790 741 lucarnationem

251 781 458 836 Domini
489 782 556 834 ab
581 780 880 834 hominibus
911 779 1125 841 factum,
1157 789 1211 832 et
1243 793 1567 847 nequaquam
1608 777 1674 831 ab
1705 791 1797 830 an.

246 871 380 938 gelis
401 871 720 939 prohibitum
745 885 862 924 esse
894 870 1131 937 legimus.

322 958 680 1032 Testimonium
707 957 829 1010 Jesu
854 967 928 1010 est
967 957 1172 1024 spiritus
1215 957 1504 1026 prophetia.
1535 952 1794 1022 Quidquid

251 1048 392 1100 enim
421 1047 631 1114 spiritus
667 1046 954 1113 prophetia:
982 1046 1130 1107 dixit,
1161 1046 1516 1098 testimonium
1541 1053 1621 1096 est
1645 1043 1792 1108 Jesn,

253 1137 341 1203 qui
372 1136 530 1190 habet
557 1135 913 1189 testimonium
961 1147 990 1186 a
1038 1132 1150 1201 lege
1177 1142 1230 1185 et
1271 1133 1561 1200 prophetis.
1605 1130 1678 1184 Ne
1713 1145 1796 1183 me

254 1239 403 1293 ergo,
450 1225 636 1290 inquit,
664 1239 759 1292 pro
791 1225 894 1276 Deo
919 1224 1125 1287 adcres,
1150 1238 1266 1275 cum
1299 1221 1438 1274 illius
1467 1235 1564 1288 ego
1594 1220 1797 1272 virtuti-

255 1313 352 1363 bus
403 1313 754 1366 testimonium
803 1312 1074 1386 perhibere
1119 1313 1377 1365 venerim.
1437 1310 1695 1362 llactenus
1733 1310 1798 1362 de

254 1399 402 1452 ruina
436 1401 730 1470 Babylonis,
763 1402 955 1455 abhinc
983 1401 1048 1454 de
1079 1401 1238 1468 gloria
1282 1401 1570 1454 Jerusalem
1603 1398 1797 1451 futura.

328 1488 394 1540 Et
423 1490 523 1541 vidi
551 1489 726 1542 caelum
771 1499 1016 1558 apertum,
1046 1499 1090 1543 et
1130 1505 1241 1542 ecce
1281 1505 1436 1559 equus
1480 1490 1644 1554 albus,
1690 1497 1797 1540 etc.

257 1578 508 1631 Dominus
537 1580 731 1648 quiest
776 1581 878 1643 via,
910 1580 1100 1633 veritas
1148 1589 1202 1632 et
1228 1580 1332 1632 vita
1364 1579 1540 1647 (Joan.
1588 1584 1716 1640 xtv‘,
1748 1585 1802 1631 et

253 1669 339 1720 cui
363 1683 454 1735 per
482 1670 784 1738 pr0pbetam
808 1670 998 1722 dicitur
1027 1686 1039 1721 :
1073 1668 1318 1734 Quoniam
1343 1670 1500 1734 fecisti
1529 1668 1797 1730 mirabilia,

1891 513 2156 565 Psalmista
2213 513 2285 568 ait
2341 530 2352 564 :

1888 599 2053 668 (Psal.
2077 597 2280 666 cxxxt).

1959 689 2022 740 Et
2072 689 2134 741 de
2183 704 2268 741 ore
2294 689 2453 756 ipsius
2499 688 2722 753 procedit
2759 688 2959 758 gladius
3002 695 3202 741 acutus.
3250 687 3336 742 Sic
3382 699 3436 742 et

1890 776 2048 829 Isaias
2092 793 2108 832 :
2167 776 2230 829 Et
2259 777 2442 843 posuit,
2491 777 2678 845 inquit,
2727 792 2780 829 os
2823 793 2984 830 meum
3026 778 3166 844 quasi
3207 777 3432 846 gladium

1890 876 2092 916 acutum
2120 865 2269 934 (lsai.
2303 867 2466 931 sua).
2502 866 2564 917 Et
2605 865 2918 932 Apostolus:
2954 863 3016 917 Et
3055 865 3280 934 gladium
3306 865 3431 933 Spi-

1892 959 2017 1008 ritus
2037 956 2169 1024 quod
2197 965 2268 1008 est
2290 957 2489 1008 verbum
2522 954 2612 1007 Dei
2645 955 2859 1023 (Epiros.
2888 956 2984 1023 vt).

1942 1045 2030 1121 _Et
2055 1047 2158 1113 ipse
2180 1046 2338 1098 calcat
2362 1046 2579 1096 torcular
2602 1045 2700 1096 vini
2738 1045 2922 1112 furoris
2959 1053 3005 1098 et
3036 1046 3127 1098 ira:
3157 1042 3252 1097 Dei
3277 1045 3435 1097 omni-

1897 1137 2126 1201 potentis.
2156 1132 2332 1186 Calcat
2373 1133 2515 1186 enim
2546 1146 2685 1186 nunc
2714 1146 2943 1201 quoque,
2973 1133 3142 1188 donec
3180 1143 3332 1188 extra
3360 1134 3434 1187 ci-

1899 1223 2108 1274 vitatem
2137 1222 2323 1274 calcet.

1969 1309 2032 1361 Et
2070 1311 2214 1362 habet
2242 1311 2292 1362 in
2317 1310 2602 1363 vestimento
2641 1319 2686 1363 et
2718 1310 2769 1363 in
2800 1314 2984 1379 femore
3019 1327 3109 1363 suo
3152 1312 3392 1377 scriptum
3419 1327 3435 1363 :

1901 1397 2008 1450 Rea:
2036 1414 2206 1466 regunt
2244 1408 2292 1452 et
2317 1398 2555 1452 Dominus
2595 1400 2976 1452 dominantium.
3009 1399 3115 1452 lloc
3138 1407 3223 1453 est
3249 1414 3436 1454 nomen

1900 1488 2034 1554 quod
2065 1502 2218 1540 nemo
2248 1487 2590 1553 superborum
2636 1489 2920 1556 cognoscit.
2978 1491 3226 1544 Ecclesia:
3267 1499 3438 1544 autem

1903 1588 2004 1625 non
2034 1585 2342 1638 atramento,
2379 1575 2469 1627 sed
2501 1574 2682 1642 spiritu
2715 1576 2803 1628 Dei
2834 1577 2963 1641 vivi,
2997 1579 3047 1629 itt
3081 1578 3271 1630 tabulis
3298 1579 3442 1630 scili-

1902 1672 1987 1716 Cct
2027 1662 2201 1716 eordis
2251 1662 2549 1717 inscribitur
2589 1662 2668 1732 (Il
2723 1663 2834 1718 Cor.
2886 1670 2986 1729 ιιι).
3035 1663 3254 1718 Femore
3301 1666 3438 1718 enim

2421 513 2716 566 Sacerdotes
2776 511 2849 564 tui
2911 512 3183 565 induantur
3230 513 3433 582 justitia

255 1757 578 1826 cogitationes
626 1759 854 1825 antiquas
899 1757 1092 1822 ﬁdeles,
1141 1773 1284 1809 amen
1324 1757 1473 1826 (lsai.
1522 1757 1688 1823 xxv):
1739 1758 1802 1809 ad
1838 1748 1876 1804 Β
1907 1753 2182 1816 poeteritzts
2242 1752 2459 1805 seminis
2496 1752 2813 1819 designatur.
2873 1752 3020 1807 Unde
3064 1764 3116 1806 et
3157 1753 3439 1816 Abraham,

257 1844 601 1898 debellandas
648 1859 827 1899 aereas
879 1855 1160 1912 potestates
1204 1846 1409 1898 candidi
1452 1843 1708 1912 corporis,
1751 1844 1798 1897 id

253 1946 352 1997 est,
387 1937 704 1990 immaculati
735 1936 1046 1989 conscendit
1075 1936 1274 1988 sedem.

328 2023 394 2074 Et
425 2025 478 2074 in
499 2025 700 2092 justitia
727 2018 1239 2091 judicat'et'pugnat.
1269 2024 1473 2077 Judicat
1501 2034 1554 2076 ut
1585 2041 1672 2078 rex
1704 2040 1804 2078 8:1:-

256 2111 514 2164 culorum.
544 2111 764 2179 Pugnat,
790 2113 909 2181 quia
942 2113 992 2165 in
1023 2113 1133 2165 suis
1160 2113 1407 2167 membris
1429 2127 1638 2183 semper
1655 2129 1800 2172 com-

259 2215 446 2270 passus
475 2201 714 2255 dimicat.

327 2293 478 2346 Oculi
518 2303 682 2346 autem
722 2295 830 2362 ejus
878 2295 1003 2345 sicut
1029 2297 1232 2362 ﬂamma
1275 2294 1423 2363 ignis.
1472 2293 1663 2347 Oculos
1707 2292 1800 2346 Dei

253 2383 540 2453 aliquando
571 2392 823 2451 precepts
869 2383 1015 2447 dicit,
1062 2384 1342 2451 aliquando
1387 2382 1648 2449 spiritum.
1699 2380 1804 2435 Lu-

252 2488 406 2526 cerna
458 2472 666 2541 (inquit)
709 2472 915 2540 pedibus
960 2474 1080 2526 meis
1127 2472 1329 2524 verbum
1383 2479 1546 2534 tuum,
1595 2470 1806 2525 Domino

253 2562 427 2630 (Ptol.
458 2561 656 2630 cxvttt).
701 2562 764 2615 Et
807 2564 874 2618 de
910 2563 1141 2632 Spiritu:
1176 2561 1352 2631 Ignem
1379 2563 1488 2614 veni
1524 2565 1719 2615 mittere
1751 2563 1804 2614 in

249 2665 442 2706 terram
469 2653 615 2725 (Luc.
642 2655 758 2723 xtl).

329 2742 394 2794 Et
426 2745 474 2795 in
501 2745 661 2810 capite
680 2747 789 2814 ejus
819 2745 1100 2797 diademata
1123 2746 1301 2798 multa.
1335 2744 1388 2797 ln
1417 2760 1519 2812 quo
1549 2744 1803 2799 faciemus

250 2835 523 2898 virtutem,
566 2835 617 2886 in
659 2823 776 2898 ipso
820 2834 1097 2910 multitudo
1147 2846 1442 2887 sanctorum
1490 2843 1798 2886 coronatum

247 2923 452 2975 dicitur
480 2925 670 2976 habere
702 2925 964 2976 decorem.

329 3007 530 3062 Habetis
559 3027 731 3062 nomen
759 3013 992 3077 scriptum
1020 3011 1153 3077 quod
1198 3026 1340 3062 nemo
1381 3011 1512 3064 novit
1550 3011 1645 3064 nisi
1674 3013 1798 3076 ipse.

248 3097 370 3150 Nisi
400 3099 528 3164 ipse,
561 3100 650 3161 ait,
683 3102 798 3166 quia
827 3101 878 3152 in
910 3100 996 3152 illo
1032 3112 1111 3152 est
1146 3102 1316 3152 omnis
1359 3102 1610 3155 Ecclesia.
1645 3102 1798 3156 Verbi

249 3180 401 3239 enim
457 3187 544 3238 Dei
595 3187 819 3252 perlecta
874 3187 1100 3251 cognitio
1142 3189 1242 3239 illis
1284 3190 1666 3251 manifestatur,
1713 3193 1801 3258 qui

246 3289 450 3340 corpus
493 3276 682 3330 Christi
713 3286 765 3329 et
805 3276 1035 3329 membra
1073 3289 1188 3328 esse
1236 3290 1559 3331 meruerunt.
1609 3281 1800 3334 Eodem

251 3365 422 3416 modo
461 3376 510 3416 et
545 3365 787 3416 Dominus
813 3367 918 3416 ait:
955 3363 1116 3416 Nemo
1143 3366 1365 3418 ascendit
1401 3365 1451 3420 ist
1483 3368 1680 3431 calum,
1708 3365 1802 3420 nisi

247 3453 348 3515 qui
375 3453 436 3502 de
465 3453 588 3504 caelo
617 3453 888 3517 descendit,
922 3450 1086 3504 Filius
1116 3453 1329 3506 hominis
1373 3456 1459 3522 qui
1486 3465 1556 3510 est
1604 3457 1654 3509 in
1683 3459 1802 3510 coelo

249 3537 435 3608 (Joan.
467 3542 568 3605 ιιι).

329 3627 394 3680 Et
418 3632 618 3681 vestitus
641 3639 742 3683 erat
772 3639 896 3683 veste
921 3647 1124 3696 aspersa
1151 3634 1413 3704 sanguine.
1448 3633 1618 3688 Vestis
1644 3633 1796 3688 Chri-

249 3721 322 3772 sti
361 3735 451 3783 pro
484 3721 611 3773 locis
658 3720 870 3786 intelligi
899 3722 1070 3774 debet.
1103 3723 1196 3777 llic
1225 3738 1348 3791 ergo
1377 3725 1578 3777 videtur
1628 3726 1799 3792 ipsum

225 3825 392 3877 opus
419 3811 651 3863 indicare
684 3811 953 3878 passionis,
987 3821 1043 3864 ut
1071 3813 1119 3864 in
1141 3827 1276 3880 equo
1301 3815 1421 3867 albo
1451 3816 1692 3869 nativitas
1725 3817 1805 3870 in-

254 3909 527 3964 corrupta,
556 3901 607 3954 in
639 3910 780 3955 veste
804 3901 1196 3969 sanguinolenta
1231 3917 1372 3956 mors
1400 3904 1628 3970 innoxia,
1658 3905 1802 3958 desi-

258 3996 474 4057 gnetur.

328 4074 396 4129 Et
423 4076 686 4127 vocabatur
711 4092 884 4128 nomen
907 4079 1018 4145 ejus
1042 4077 1250 4131 Verbum
1279 4078 1390 4134 Dei.
1413 4080 1538 4148 Quia
1566 4081 1700 4136 idem
1719 4082 1804 4151 qui

257 4167 416 4218 homo
440 4181 684 4235 passurus
712 4167 774 4217 ad
806 4175 1004 4232 tempus
1036 4172 1292 4236 apparuit,
1318 4171 1368 4222 in
1397 4172 1641 4241 principio
1671 4171 1805 4224 Deus

256 4259 396 4318 apud
421 4256 578 4308 Deum
597 4266 701 4308 erat
717 4255 887 4322 (Joan.
905 4256 1345 4322 t).\'erbumenim
1362 4261 1565 4325 dicitur,
1589 4261 1704 4328 quia
1729 4263 1806 4315 ni-

259 4345 330 4397 hil
351 4346 400 4397 in
418 4345 703 4398 substantia
721 4355 914 4398 natura;
931 4344 1042 4410 ejus
1059 4344 1257 4399 visibile
1272 4347 1351 4400 vel
1376 4362 1680 4412 corporeum
1703 4358 1801 4412 est,

256 4435 339 4488 vcl
365 4435 484 4500 quia
514 4448 605 4498 per
625 4449 742 4486 eum
772 4434 942 4486 omnia
965 4434 1195 4487 condidit
1214 4434 1381 4488 Pater.
1402 4435 1562 4502 Cujus
1588 4438 1649 4488 ad
1673 4438 1804 4490 inte-

193 4519 208 4523 ’
253 4539 404 4591 grmn
421 4521 601 4576 notitia
616 4535 808 4574 natura:
823 4522 920 4573 sibi
937 4535 1154 4587 tantum,
1173 4534 1226 4576 ut
1241 4526 1480 4592 superius
1493 4529 1582 4590 ait,
1596 4537 1645 4580 et
1664 4527 1805 4580 Patri

256 4613 466 4678 cognita
497 4621 598 4665 est.
636 4609 746 4663 Pax
783 4611 912 4662 enim
942 4609 1036 4664 Dei
1067 4624 1329 4680 exsuperat
1370 4631 1565 4669 omnem
1611 4633 1803 4670 sensum

255 4699 514 4768 (Philipp.
546 4698 637 4766 tv),
673 4699 719 4752 id
754 4713 855 4763 est,
885 4712 944 4751 ea
969 4714 1067 4766 pax
1095 4715 1192 4767 qua
1226 4701 1360 4754 Deus
1387 4701 1497 4768 ipse
1521 4704 1618 4760 sibi
1650 4719 1805 4769 paca-

254 4800 344 4843 tus
386 4799 462 4839 est
509 4803 719 4842 omnem
768 4799 1040 4865 creaturae,
1075 4789 1184 4841 sive
1211 4789 1475 4853 humanae,
1507 4794 1616 4848 sive
1647 4793 1804 4847 etiam

250 4877 531 4943 angelica,
575 4877 895 4930 transcendit
945 4876 1288 4932 intellectum.
1335 4877 1613 4943 Sapientia:
1662 4880 1801 4931 enint

249 4965 373 5034 ejus
413 4980 516 5017 non
561 4975 644 5017 est
687 4980 952 5020 numerus.
1000 4966 1128 5020 Nam
1171 4966 1308 5033 quod
1354 4967 1543 5018 dicitur
1577 4984 1589 5018 :
1627 4967 1690 5019 Et
1725 4971 1805 5022 cui

249 5054 465 5106 soluerit
488 5049 654 5104 Filius
681 5055 895 5106 revelare
916 5053 1129 5118 (Matth.
1162 5055 1257 5116 ιι).
1281 5053 1330 5106 id
1383 5061 1485 5116 est,
1535 5053 1722 5111 Filium
1749 5066 1806 5112 et

251 5141 466 5194 l‘atrem
499 5139 668 5203 novit,
696 5139 759 5192 ad
791 5142 999 5192 modum
1030 5152 1283 5196 creatura:
1309 5143 1543 5209 respicit.

327 5228 395 5280 Et
424 5231 668 5283 exercitus
705 5230 792 5298 qui
817 5239 928 5282 sttttt
973 5231 1022 5282 in
1067 5232 1206 5298 creto,
1237 5232 1567 5299 sequebantur
1612 5248 1722 5284 eum
1752 5235 1824 5287 in

245 5321 392 5384 equis
443 5321 591 5376 albis.
632 5319 686 5373 ld
731 5328 830 5384 est,
877 5321 1104 5373 Ecclesia
1139 5324 1190 5376 in
1235 5323 1542 5390 corporibus
1568 5325 1803 5378 candidis

253 5409 565 5462 imitabatur
605 5423 745 5473 eum,
804 5424 919 5478 qua:
969 5421 1180 5478 propter
1234 5428 1453 5482 agonem
1502 5413 1805 5468 certaminis

244 5498 332 5553 sui
359 5498 478 5560 jure
505 5511 698 5550 nomen
727 5498 914 5566 accipit
940 5499 1224 5560 exercitus.

327 5586 506 5641 Vestiti
553 5588 752 5655 byssino
790 5589 901 5644 albo
954 5591 1159 5646 mundo.
1202 5591 1350 5658 Quod
1404 5593 1515 5663 ipse
1567 5592 1803 5664 superius

1903 1855 1967 1894 ne
1997 1841 2275 1907 pesteritos
2322 1841 2435 1912 ejus
2483 1843 2789 1910 alienigenis
2826 1845 3156 1908 misceretur,
3206 1843 3340 1897 inter
3384 1859 3442 1898 se

1900 1947 2216 2002 servumque
2244 1948 2394 1986 suum
2435 1935 2642 1988 tertium
2696 1935 3047 1988 testimonium
3095 1935 3261 1989 lentur
3287 1935 3441 1988 adhi-

1900 2021 2034 2074 buit.
2063 2023 2136 2075 De
2159 2037 2262 2089 quo
2285 2024 2561 2090 Apostolus
2585 2033 2827 2092 tanquam
2853 2035 3059 2076 mortuo
3088 2023 3235 2076 fratri
3262 2039 3440 2076 semen

1899 2113 2179 2176 suscitans,
2222 2113 2291 2164 ait
2319 2129 2333 2163 :
2363 2111 2426 2164 In
2457 2111 2656 2166 Christo
2693 2115 2825 2165 enim
2851 2111 2971 2164 Iesu
2998 2129 3084 2180 per
3116 2111 3441 2181 Evangelium

1902 2217 1994 2271 ego
2021 2217 2104 2254 vos
2131 2202 2278 2270 genui
2305 2199 2357 2270 (l
2386 2200 2626 2268 Cora").
2654 2201 2830 2256 Potest
2861 2211 2912 2255 et
2940 2201 3017 2270 sic
3040 2201 3279 2270 intelligi,
3307 2203 3443 2268 quod

1905 2288 2135 2342 Ecclesia
2176 2290 2449 2344 serviendo
2476 2291 2525 2343 in
2552 2289 2760 2344 Christo
2809 2298 3009 2358 regnet,
3052 2297 3106 2342 et
3146 2289 3439 2344 dominetur

1906 2378 2312 2430 dominantium.
2345 2379 2396 2430 ln
2425 2380 2737 2431 vestiinento
2765 2379 2922 2432 etiam
2966 2379 3100 2432 idem
3132 2393 3321 2431 nomen
3352 2378 3441 2430 de-

1903 2467 2164 2529 scribitur,
2196 2468 2313 2532 quia
2344 2467 2592 2536 mysterio
2639 2466 2922 2520 nativitatis
2955 2475 3010 2521 et
3051 2482 3210 2536 opere
3249 2469 3445 2535 passio-

1903 2555 1981 2607 nis
2010 2555 2148 2607 illius
2177 2557 2323 2609 nobis
2355 2558 2599 2621 maiestas
2634 2573 2950 2626 regnumque
2981 2561 3229 2624 aperitur.
3264 2558 3439 2624 Expo-

1903 2642 1978 2694 nit
2007 2644 2056 2696 in
2086 2647 2424 2712 sequentibus
2445 2648 2567 2713 quid
2610 2647 2693 2699 hic
2722 2649 2923 2700 habitus
2953 2648 3088 2715 regis
3109 2657 3163 2701 et
3182 2649 3442 2702 exercitus

1903 2731 2178 2797 signiﬁcet,
2223 2734 2448 2786 laborem
2481 2734 2719 2786 videlicet
2766 2735 3032 2787 novissimi
3059 2736 3358 2788 certaminis
3388 2745 3440 2788 et

1902 2822 2118 2891 gloriam
2143 2823 2287 2889 regni
2320 2823 2604 2890 sequentis.

1971 2913 2038 2964 Et
2068 2915 2166 2966 vidi
2192 2931 2345 2967 unum
2382 2915 2614 2983 angelum
2647 2925 2854 2968 stantem
2901 2915 2950 2966 in
2977 2916 3098 2977 sole,
3125 2924 3226 2970 etc.
3258 2913 3308 2966 Id
3340 2925 3438 2978 est,

1901 3001 2321 3071 przedicationem
2363 3003 2412 3056 in
2467 3004 2718 3062 Ecclesia.
2751 3017 2865 3070 qua:
2907 3014 3100 3070 quinto
3138 3004 3299 3071 magis
3327 3021 3442 3071 pre-

1907 3091 2082 3153 mitur,
2110 3101 2254 3142 tanto
2276 3092 2412 3143 lucet
2434 3090 2647 3155 clarius,
2678 3101 2731 3144 et
2763 3091 2974 3142 liberius
3002 3091 3219 3144 intonat.

1977 3180 2158 3232 Dicens
2197 3181 2421 3232 omnibus
2447 3182 2640 3244 avibus,
2663 3194 2765 3234 etc.
2790 3185 2925 3233 Aves
2958 3179 3181 3246 appellat
3212 3191 3442 3245 sanctos,

1905 3268 1953 3320 in
1985 3269 2100 3321 eteli
2133 3270 2230 3319 vita
2260 3268 2507 3334 degentes
2536 3285 2550 3320 :
2587 3268 2876 3336 Ubicunque
2913 3270 3042 3321 enim
3067 3269 3216 3338 fuerit
3241 3285 3440 3339 corpus,

1904 3359 2023 3410 illuc
2064 3358 2490 3426 congregabuntur
2521 3356 2703 3424 aquila:
2746 3356 2954 3426 (Matth.
3010 3359 3172 3424 xxiv).
3211 3358 3350 3421 Quos
3389 3359 3442 3414 in

1906 3463 2064 3501 unum
2102 3462 2294 3513 corpus
2340 3448 2610 3518 redigens,
2663 3447 2862 3501 dixerat
2907 3448 3130 3516 aquilam
3183 3451 3440 3504 volantem

1905 3542 1954 3592 in
1980 3541 2152 3592 medio
2175 3539 2314 3591 ctrli.

1981 3627 2169 3693 Venite,
2197 3625 2559 3696 congregamini
2599 3627 2667 3678 ad
2699 3641 2886 3679 ctenam
2931 3641 3163 3696 magnam
3196 3627 3308 3690 Dei,
3339 3637 3441 3686 etc.

1914 3717 2121 3782 Venite,
2181 3717 2344 3783 inquit
2375 3753 2390 3778 ,
2450 3715 2536 3782 Qui
2601 3714 2811 3769 esuritis
2863 3711 3140 3769 et'sititis
3190 3715 3442 3782 justitiam

1903 3808 2111 3877 (.ltatth.
2137 3807 2211 3873 v),
2241 3807 2304 3858 ad
2333 3806 2513 3872 epulas
2543 3805 2686 3871 regni
2718 3805 2939 3870 venturi,
2967 3805 3074 3867 ubi.
3105 3809 3443 3871 superborum

1902 3898 2075 3951 l'urore
2097 3910 2357 3966 represso,
2387 3895 2576 3949 divinae
2605 3895 2818 3963 justitia:
2851 3897 2962 3948 luce
2990 3896 3270 3949 satiemini.

1975 3983 2037 4037 Et
2064 3999 2234 4037 carnes
2257 3998 2496 4051 equorum
2522 3995 2567 4034 et
2594 3982 2870 4033 sedentium
2903 3981 2956 4033 in
3000 3983 3144 4047 ipsis.
3195 3981 3299 4036 llos
3325 3996 3446 4037 reor

1903 4075 2108 4143 equites
2135 4072 2250 4127 illos
2271 4086 2386 4126 esse
2418 4063 2549 4140 quos
2579 4073 2628 4124 in
2654 4071 2920 4139 apex-tione
2947 4070 3232 4138 sigillorum
3263 4083 3441 4126 contra

1903 4180 2092 4232 equum
2116 4163 2320 4219 Domini
2352 4163 2529 4216 album
2563 4163 2768 4215 venisse
2791 4163 3156 4229 descripserat.

1979 4251 2041 4304 Et
2071 4253 2171 4302 vidi
2194 4251 2418 4316 bestiam,
2450 4261 2494 4302 et
2516 4265 2655 4319 reges
2685 4260 2892 4302 terra...
2917 4253 2982 4300 ad
3011 4250 3292 4317 faciendum
3313 4267 3447 4316 prte-

1907 4343 2051 4408 lium,
2083 4352 2185 4398 etc.
2231 4342 2392 4395 Cinna
2439 4342 2523 4394 illa
2556 4342 2645 4394 Dei
2693 4341 2954 4407 quomodo
2986 4351 3158 4404 parata
3189 4356 3215 4393 s
3239 4352 3258 4392 t
3285 4358 3445 4412 expu-

1911 4432 2023 4493 ttit,
2073 4429 2282 4483 diabolo
2329 4430 2526 4483 scilicet
2586 4428 2872 4484 Ecclesiam
2926 4433 3303 4499 impugnante,
3352 4433 3443 4488 sed

1907 4517 2064 4570 victo.

1985 4607 2096 4660 Vini
2126 4608 2262 4663 missi
2285 4617 2399 4660 sunt
2430 4608 2479 4659 Ιιὲ
2509 4607 2608 4659 duo
2638 4608 2688 4661 in
2719 4618 2951 4678 stagnum
2995 4609 3122 4677 ignis
3148 4609 3364 4662 ardentis
3399 4619 3446 4661 et

1906 4697 2184 4764 sulphuris,
2215 4705 2318 4750 etc.
2370 4697 2580 4751 Videtur
2627 4697 2918 4766 signilit-are
2948 4697 3207 4748 diabolum
3259 4703 3312 4748 et
3342 4697 3444 4749 An-

1908 4787 2200 4840 ticbristum
2225 4795 2369 4839 tanto
2399 4787 2595 4854 majore
2636 4801 2788 4855 quam
2829 4794 3044 4838 exteros
3090 4783 3325 4836 homines
3359 4786 3439 4836 Vel

1906 4877 2174 4928 d.t-mones
2219 4889 2367 4942 lamna
2397 4876 2723 4943 plectendos,
2765 4885 2957 4943 quanto
3001 4875 3207 4942 gravius
3250 4882 3330 4929 est
3377 4877 3444 4924 vi-

1909 4977 2117 5018 ventem
2163 4965 2387 5018 llamtnis
2430 4968 2748 5019 concremari
2795 4967 3105 5032 sulphureis,
3139 4981 3291 5032 quam
3336 4966 3441 5018 cito

1907 5054 2210 5104 moriturum
2242 5052 2344 5106 ictu
2368 5053 2522 5122 gladii
2551 5055 2816 5107 trucidari.
2861 5055 2967 5107 Nisi
3011 5057 3074 5105 tot
3090 5065 3139 5106 te
3177 5066 3441 5119 praecocia-

1906 5151 2075 5208 potam
2109 5143 2162 5195 in
2209 5158 2299 5195 eos
2342 5143 2572 5196 divinam
2620 5144 2873 5211 signiticat
2921 5142 3296 5198 adversionem.
3341 5143 3442 5206 Qui

1905 5235 2033 5284 enim
2057 5250 2156 5284 non
2182 5236 2466 5297 crediderit,
2487 5237 2596 5303 jam
2616 5235 2874 5304 judicatus
2895 5244 2965 5288 est
2983 5232 3159 5300 (Joan.
3191 5232 3289 5300 ιιι).
3319 5234 3441 5288 Sive

1904 5323 2276 5376 AllllCllt‘islllm
2309 5339 2340 5391 p
2370 5325 2807 5391 eudopt'opbetam
2835 5324 3060 5385 dictum,
3089 5322 3200 5378 sive
3233 5321 3441 5373 haereti-

1904 5426 1994 5464 cos
2028 5414 2307 5480 intelligas.
2337 5413 2516 5466 Nullus
2554 5414 2688 5467 enim
2723 5402 3014 5465 mortalium
3055 5411 3232 5464 durius
3261 5419 3443 5476 peccat

1907 5503 2182 5566 hazredcis,
2221 5506 2307 5574 qui
2338 5505 2598 5562 Cbrismm
2642 5516 2910 5574 p08tqnam
2952 5503 3306 5573 cognoverint,
3349 5517 3442 5556 ne-

1903 5601 2028 5662 gant
