3934 6222
280 377 414 432 195
1258 376 1683 433 ΕΧΡιΑΝΑΤιΟ
1721 375 2188 462 APOCALYPSIS.
2231 407 2294 420 -ι
2337 380 2459 433 LIB.
2503 381 2583 434 Ill.
3397 391 3494 444 itu

275 491 516 561 Magos,
551 492 626 545 vel
670 507 698 544 a
742 501 886 559 parte
917 499 1081 545 totum
1126 491 1439 560 significant,
1477 492 1574 552 vei,
1603 490 1746 557 juxta
1782 491 1850 539 iu-
1881 492 1922 546 A
1956 490 2094 554 prius
2123 491 2312 543 factum
2350 502 2431 544 est
2469 498 2620 559 quam
2665 503 2840 547 essent
2888 498 3074 550 mortui
3103 499 3336 564 judicati.
3375 501 3492 555 l'deo

281 583 742 649 lcrpretationem
774 582 1062 646 nominum,
1097 596 1208 648 qua:
1240 591 1429 633 lectum
1461 579 1596 631 etde
1628 587 1763 630 tecto
1786 577 1855 629 di-
1960 580 2316 645 recapitulavit
2348 583 2482 648 quod
2517 583 2887 649 illlClll'liSOl'al,
2931 595 2982 638 et
3012 593 3314 657 exsequitur
3357 594 3498 644 ordi-

278 684 520 738 cuutur,
552 676 781 728 occultos
826 682 878 725 et
927 682 1136 739 apertos
1195 671 1424 722 indicant
1457 670 1648 720 hostes.
1688 669 1751 720 Et
1782 677 1857 720 te—
1960 683 2099 733 nem,
2130 672 2308 724 dicens
2335 689 2357 748 τ’
2744 715 2754 724 .
3133 719 3141 727 .

275 778 451 819 ctum
479 768 621 818 enim
670 766 766 832 ipsi
816 774 957 828 sunt,
991 764 1108 832 quia
1151 763 1198 815 in
1244 762 1320 815 eis
1351 775 1486 813 nunc
1522 761 1779 812 clauditur
1805 768 1858 810 ει
1994 749 1996 752 ’
2028 757 2093 809 Et
2116 762 2395 826 judicatum
2443 772 2512 813 cst
2541 765 2600 814 de
2622 767 2851 831 singulis,
2884 777 2982 822 etc.
3019 770 3287 840 Significat
3317 785 3490 829 autem

281 858 512 924 regitur
537 856 816 910 inimicus:
859 864 911 908 et
959 854 1024 907 de
1055 861 1192 906 tecto
1237 851 1333 920 ipsi
1365 861 1537 914 erunt,
1568 851 1774 919 quando
1807 850 1854 902 in
1957 865 2176 916 corpora
2200 850 2266 903 de
2298 861 2458 914 terra,
2504 860 2557 906 et
2601 855 2800 906 animas
2831 856 2894 906 de
2925 859 3034 910 suis
3063 861 3186 913 locis
3226 877 3345 916 esse
3373 879 3501 916 con-

276 958 550 1012 apertum
581 933 817 1012 erupturi
856 954 978 996 sunt
1006 943 1208 996 odium.
1814 989 1821 997 .
1955 940 2263 1005 gregattdast
2294 939 2464 991 Bonas
2493 941 2629 992 enim
2662 945 2843 996 mortis
2868 949 3099 1011 nomine,
3132 965 3248 1016 qua:
3278 963 3502 1006 tantum-

380 1036 448 1088 Et
472 1041 797 1089 ascenderunt
839 1051 988 1101 super
1028 1035 1344 1086 latitudinem
1385 1042 1556 1095 (errat,
1601 1041 1702 1085 etc.
1743 1030 1847 1083 Non

1957 1028 2110 1078 modo
2135 1028 2450 1082 solutionem
2496 1034 2689 1095 carnis,
2741 1051 2839 1086 non
2871 1047 3040 1091 autem
3071 1049 3120 1092 et
3145 1056 3348 1108 poenam
3382 1061 3495 1112 pero

279 1128 490 1194 utique
518 1129 577 1177 ad
609 1143 763 1178 unum
796 1128 965 1178 locum
999 1126 1222 1186 venisse,
1267 1125 1343 1176 vel
1382 1126 1582 1176 venturi
1626 1136 1744 1175 esse
1787 1122 1855 1174 δί·
1958 1131 2121 1183 νεεςω
2152 1127 2289 1168 sunt.
2328 1117 2487 1170 Malas
2520 1130 2693 1173 autem
2725 1121 2925 1178 inferni
2952 1129 3204 1182 vocabulo
3234 1133 3494 1203 designat.

277 1219 538 1283 guilicati
569 1227 708 1279 sunt,
745 1217 893 1284 quasi
923 1232 1026 1268 uno
1076 1217 1249 1282 aliquo
1294 1217 1407 1268 loco
1438 1214 1751 1266 coarctanda
1789 1212 1855 1266 sit
1959 1207 2131 1258 POleSl
2178 1214 2230 1258 (’l
2277 1206 2340 1258 ad
2395 1207 2615 1261 “110mm
2649 1214 2833 1278 accipi,
2867 1229 3083 1281 corpora
3129 1221 3298 1272 omnia
3337 1225 3493 1277 etiam

277 1307 496 1358 dilecta
531 1309 734 1370 civitas,
783 1306 834 1358 id
883 1316 984 1369 est,
1036 1305 1290 1357 Ecclesia.
1331 1304 1496 1368 Quam
1542 1305 1711 1371 potius
1764 1316 1855 1353 no-
1954 1312 2066 1363 qua:
2096 1296 2277 1349 ﬂuetus
2300 1299 2591 1360 absorbuit,
2626 1302 2702 1352 vel
2736 1303 2903 1354 belfua
2927 1305 3216 1372 devoravit,
3258 1325 3376 1366 esse
3407 1329 3488 1366 re-

283 1399 454 1450 mine
508 1391 792 1449 latitudinis
839 1407 993 1448 tet-rte
1049 1397 1098 1448 in
1159 1396 1398 1448 omnibus
1447 1403 1569 1447 tunc
1618 1393 1847 1462 gentibus

1954 1397 2269 1438 surrtctura.
2314 1387 2460 1450 Quod
2504 1388 2803 1456 Tychonius
2850 1394 2924 1444 sic
2963 1398 3210 1461 exlionit:
3254 1417 3271 1448 ι
3300 1399 3492 1453 Gentes

284 1488 754 1554 pe:sequendam,
804 1495 856 1538 et
903 1501 1000 1540 nec
1044 1486 1282 1538 militiam
1329 1501 1473 1538 suam
1505 1486 1850 1550 deserturam,

285 1580 572 1631 Vocabula
601 1579 781 1630 tnaluit
812 1578 1052 1629 intimare
1076 1586 1385 1628 castrorum.

341 1664 350 1670 ’
388 1667 456 1720 Et
476 1669 722 1720 descendit
761 1668 888 1736 ignis
929 1685 959 1717 (ι
1001 1666 1105 1719 Deo
1129 1668 1190 1718 de
1217 1666 1359 1729 calo,
1399 1676 1442 1718 et
1477 1666 1723 1719 devoravit
1750 1683 1848 1718 eos.

281 1754 424 1809 Non
472 1767 761 1809 extremum
810 1757 1090 1822 putandum
1138 1766 1218 1807 est
1261 1756 1310 1807 id
1359 1771 1477 1808 esse
1518 1756 1848 1823 supplicium,

1955 1491 2084 1543 quas
2113 1476 2194 1527 hic
2223 1476 2454 1530 inveniet
2492 1483 2652 1541 vivas,
2690 1482 2782 1547 ipsi
2832 1493 2952 1535 sunt
2983 1487 3169 1539 mortui
3215 1493 3392 1540 maris.
3432 1492 3492 1542 lit

1954 1579 2096 1618 mors
2125 1577 2175 1618 et
2204 1565 2436 1619 infernus
2479 1568 2736 1621 dederunt
2785 1582 3018 1626 mortuos
3046 1589 3189 1637 suos,
3221 1577 3346 1643 ipch
3373 1593 3493 1632 sunt

1953 1666 2136 1723 gentes
2185 1659 2420 1726 sepultzn.
2454 1677 2472 1708 ι
2504 1661 2632 1711 Cum
2677 1673 2847 1714 autem
2891 1663 3112 1719 dixisset
3141 1685 3150 1717 :
3185 1667 3491 1739 Etjudicati

1954 1756 2066 1797 sunt
2103 1747 2296 1816 singuli
2325 1748 2593 1800 secundum
2643 1766 2811 1818 opera,
2846 1753 3070 1807 breviter
3099 1757 3320 1822 subjecit
3363 1778 3492 1828 quu-

288 1849 402 1900 sed
441 1847 573 1913 ignis
605 1849 774 1915 potius
802 1847 1102 1901 invidentia
1124 1861 1225 1913 quo
1247 1848 1583 1912 cruciabilur’
1616 1849 1849 1902 adversi-
1883 1829 1928 1887 Β
1957 1837 2112 1886 ῐΠΟιίΟ
2138 1847 2184 1886 ει
2219 1850 2358 1887 mors
2384 1837 2613 1888 illft'rttlls‘i
2645 1841 2787 1890 llllS~i
2828 1851 2946 1892 ευιιι
2981 1845 3028 1894 ιιι
3067 1856 3303 1912 stagnum
3338 1849 3492 1915 iglllS.

282 1943 386 1986 tas
430 1937 495 1988 de
529 1935 776 1986 ﬁrmitate
806 1931 1123 1987 sanctorum.
1160 1935 1562 1989 Firmamentum
1593 1948 1669 1990 est
1711 1939 1851 1992 enim

283 2024 526 2079 cmlum.
566 2024 655 2076 Hie
683 2035 763 2075 est
792 2023 923 2091 ignis
947 2025 1030 2088 qui
1055 2025 1180 2076 exiit
1207 2039 1268 2075 ex
1299 2037 1388 2076 ore
1419 2023 1625 2076 testium
1659 2025 1772 2087 Dei,
1799 2037 1852 2079 et

277 2113 583 2166 devorabit
612 2114 847 2165 inimicos
876 2127 1077 2165 cetum.
1104 2113 1228 2164 Nam
1259 2112 1308 2164 in
1335 2114 1617 2166 novissimo
1637 2113 1720 2167 die
1744 2131 1847 2168 non

277 2216 464 2270 super
493 2217 583 2254 eos
614 2202 753 2268 pluet
797 2204 988 2271 ignem,
1035 2201 1124 2254 sed
1170 2213 1512 2271 congregatos
1556 2215 1675 2256 ante
1705 2220 1765 2259 se
1796 2217 1849 2259 et

271 2291 564 2358 judicatos
609 2293 777 2344 mittet
824 2293 874 2344 in
917 2293 1081 2361 ignem
1111 2302 1384 2358 aeternum,
1412 2293 1478 2348 de
1513 2310 1615 2362 quo
1664 2305 1716 2349 et
1764 2296 1849 2350 hic

274 2375 539 2434 Subditur
569 2399 580 2431 :

374 2469 443 2520 Et
474 2469 723 2534 diabolus,
765 2469 847 2536 qui
885 2468 1147 2520 reducebat
1178 2485 1278 2529 eos,
1321 2469 1503 2522 minus
1545 2472 1706 2524 estin
1754 2480 1850 2523 sta-

280 2577 454 2626 gnum
494 2562 623 2629 ignis
667 2569 710 2611 et
739 2561 1017 2626 :ulplturia,
1050 2566 1152 2612 etc.
1187 2559 1237 2612 id
1279 2569 1374 2621 est,
1403 2559 1642 2613 diabolus
1669 2562 1849 2615 ultimo

284 2651 503 2716 judico
555 2650 602 2702 in
648 2651 820 2717 ignem
871 2651 1102 2701 mittetur
1138 2659 1412 2713 :eternum,
1449 2650 1532 2701 ubi
1581 2658 1634 2702 et
1665 2664 1850 2704 omnes

284 2756 437 2806 quos
472 2742 745 2807 pratmisit,
779 2740 826 2792 itl
858 2749 956 2802 est,
989 2741 1210 2791 maxima
1245 2753 1363 2806 pars
1393 2739 1567 2807 impiae
1598 2741 1845 2794 civitatis.

285 2830 471 2883 Bestia
504 2831 694 2896 quippe
719 2845 811 2895 pro
844 2829 967 2880 locis
1015 2828 1314 2894 accipienda
1359 2837 1458 2892 est,
1497 2844 1633 2883 nunc
1664 2830 1848 2883 diabo-

284 2922 398 2982 lus,
453 2935 592 2970 nunc
639 2915 1030 2980 Antichiistus,
1090 2931 1228 2968 nunc
1279 2916 1387 2984 ipsa
1436 2916 1619 2968 civitas
1671 2918 1846 2985 impii.

288 3010 480 3062 l'oti-st
513 3017 682 3059 autem
741 3007 872 3073 ignis
932 3005 1140 3057 nomine
1189 3004 1255 3057 de
1299 3002 1435 3056 caelo
1478 3005 1847 3058 descendentis

284 3103 455 3152 etiam
489 3098 792 3164 repentinus
825 3095 1101 3161 impiorum
1134 3094 1373 3146 interitus
1411 3093 1693 3159 designari,
1729 3109 1845 3146 cum

289 3188 556 3238 Dominus
609 3185 894 3236 adveniens
926 3185 1203 3236 interlicict
1233 3183 1615 3235 Anticliristutn
1659 3183 1847 3249 spiritu

286 3280 407 3327 oris
440 3276 518 3326 sui
553 3273 632 3342 (ll
672 3273 843 3325 Tlms.
877 3274 950 3339 ιι).
982 3273 1211 3340 Exponit
1236 3274 1388 3324 latius
1419 3272 1689 3340 quomodo
1710 3271 1849 3338 judi-

282 3377 450 3419 cunte
480 3365 692 3418 Christo
722 3365 956 3416 diabolus
982 3379 1100 3416 cum
1123 3365 1230 3415 suis
1258 3366 1322 3414 sit
1349 3363 1538 3415 missus
1570 3363 1618 3414 in
1648 3364 1840 3433 ignem.

368 3457 435 3508 Et
462 3457 561 3509 uidi
591 3457 822 3507 thronum
872 3471 1101 3522 magnum
1145 3455 1437 3517 candidum,
1482 3465 1582 3507 etc.
1622 3455 1750 3506 Eum
1791 3469 1848 3506 se

291 3546 434 3595 dixit
463 3545 514 3595 in
544 3544 729 3594 thrtno
760 3543 945 3593 vidisse
976 3543 1264 3601 sedentem,
1300 3557 1326 3593 a
1355 3542 1502 3608 cujus
1528 3552 1737 3607 aspectu
1770 3543 1847 3595 fu-

290 3637 369 3700 git
405 3644 539 3691 terra
566 3643 617 3685 ct
647 3633 856 3685 ctelmn.
896 3633 1112 3685 Peracto
1143 3635 1336 3700 quippe
1364 3633 1559 3699 judicio
1586 3648 1704 3686 esse
1748 3633 1838 3685 de.

290 3723 502 3789 signant
528 3721 719 3774 caelum
747 3735 795 3773 et
829 3731 985 3782 terra,
1022 3736 1136 3772 cum
1168 3721 1344 3787 incipit
1370 3736 1486 3773 esse
1515 3736 1595 3774 ea:
1619 3723 1720 3774 lum
1754 3737 1847 3774 no-

292 3827 422 3864 Vum
471 3821 522 3864 et
571 3822 709 3863 terra
760 3826 917 3871 nova,
975 3811 1257 3862 mutatione
1305 3813 1504 3864 Scilicet
1534 3827 1707 3864 rerum
1743 3827 1843 3865 non

295 3903 606 3954 omnimodo
640 3902 847 3953 interitu
895 3917 1094 3954 earum.
1136 3901 1357 3953 Prwterit
1404 3904 1532 3956 enim
1563 3906 1727 3972 ﬁgura
1757 3907 1847 3958 Im-

287 3994 379 4059 jus
411 3994 588 4042 mundi
617 3988 662 4056 (I
694 3991 808 4042 Cor.
849 3989 967 4057 vit);
1003 4004 1104 4041 non
1149 3990 1282 4042 dixit
1327 4000 1372 4042 et
1419 3993 1713 4044 substantia.
1751 3995 1848 4045 Ea-

294 4082 422 4134 detn
455 4096 679 4148 namque
730 4083 778 4133 in
823 4082 1008 4133 melius
1041 4081 1402 4133 Commutanda
1449 4097 1564 4135 esse
1591 4084 1842 4137 crt-dilttr.

377 4171 440 4222 Et
465 4171 567 4221 vidi
594 4181 816 4222 mortuos
863 4187 1066 4239 magnos
1104 4180 1147 4222 et
1178 4172 1384 4236 pusillos
1421 4179 1606 4223 stantes
1641 4173 1690 4223 in
1733 4188 1847 4224 ron-

301 4273 480 4326 spcctu
531 4261 720 4311 throni.
774 4259 900 4311 Cum
941 4260 1079 4311 enim
1111 4260 1302 4311 sederit
1343 4260 1504 4313 Filius
1535 4262 1757 4314 hominis
1797 4263 1846 4314 in

301 4351 432 4401 sede
479 4349 768 4415 majestatis
795 4364 924 4413 sum,
954 4360 1074 4402 tunc
1100 4338 1551 4418 cungregabuntur
1579 4361 1700 4407 ante
1729 4370 1846 4407 eum

297 4454 485 4492 tmtnt's
513 4454 715 4506 gentes.

377 4528 438 4580 Et
476 4527 588 4577 libri
625 4527 784 4592 aperti
828 4536 955 4587 siml,
1006 4539 1104 4579 etc.
1159 4527 1269 4579 Alia
1319 4527 1486 4581 Editio
1517 4530 1722 4590 liabet:
1749 4531 1844 4594 Qui

301 4620 526 4673 estvita:
563 4615 984 4682 uniuscujusque.
1040 4615 1220 4669 Libros
1251 4632 1375 4685 ergo
1420 4626 1628 4683 apertos
1658 4620 1845 4672 Testa-

304 4719 480 4760 menta
515 4709 607 4760 Dei
640 4688 783 4759 dicit.
836 4707 1130 4759 Secundum
1166 4708 1303 4761 enim
1345 4719 1618 4776 utrumque
1661 4710 1845 4763 Testa-

306 4807 540 4851 mentum
589 4798 905 4865 jndicabitur
935 4802 1179 4853 mundus.
1215 4799 1424 4854 Librum
1457 4802 1573 4855 vitae
1603 4804 1851 4857 uniuscu-

301 4892 493 4959 juSque
539 4893 844 4942 memoriam
891 4893 1017 4944 dicit
1059 4903 1319 4959 gestorum
1370 4905 1690 4958 nostrorum,
1744 4912 1845 4949 non

306 4979 442 5044 quod
477 4978 664 5028 librum
694 4979 882 5031 habeat
923 4984 1494 5047 commemoratorium,
1523 4987 1848 5038 occultorum

308 5071 569 5133 cognitor.

383 5156 441 5206 Et
465 5155 682 5223 jttdicati
717 5163 832 5204 sunt
866 5159 1047 5208 mortui
1074 5173 1134 5208 ex
1161 5157 1258 5219 Itis,
1289 5170 1388 5212 etc.
1424 5161 1476 5212 ld
1507 5170 1605 5225 est,
1651 5179 1713 5216 ex
1753 5165 1851 5216 Te-

309 5247 587 5296 Stamentis
614 5243 825 5311 judicati
855 5253 976 5295 sunt
1022 5251 1307 5300 seetindum
1337 5252 1474 5317 quod
1504 5268 1565 5304 ex
1601 5255 1678 5304 eis
1708 5253 1848 5307 fece-

313 5344 482 5400 runt,.
510 5345 598 5385 aut
643 5349 740 5384 neu
777 5336 1026 5385 iecerunt.
1077 5336 1294 5388 l'osswt
1341 5340 1498 5391 etiam
1552 5342 1687 5404 libri,
1722 5347 1849 5394 laeta

1953 1924 2220 1976 Diabolum
2245 1927 2373 1976 dicit
2411 1936 2458 1979 et
2489 1941 2632 1990 suos,
2676 1945 2826 1994 quem
2861 1946 3011 1995 supra
3049 1934 3096 1985 in
3133 1948 3268 2000 equo
3299 1937 3489 2002 pallido
3521 1963 3525 1967 -

1950 2019 2224 2070 sedentem
2279 2018 2509 2069 inl‘ernus
2581 2035 2847 2085 sequetur.
2913 2021 3114 2088 Repetit
3161 2027 3299 2076 enim
3351 2027 3487 2092 quod

1949 2105 2242 2156 evidentius
2274 2109 2686 2170 praeoccupando
2709 2108 2816 2173 jam
2861 2109 3081 2162 dixerat.
3141 2112 3200 2163 Et
3228 2112 3488 2176 diabolus,

1948 2193 2032 2260 qui
2069 2193 2350 2245 seducelrat
2394 2208 2504 2256 eos,
2549 2196 2737 2248 missus
2768 2208 2846 2249 est
2890 2200 2938 2250 in
2984 2208 3222 2266 Stagnum
3263 2203 3395 2271 ignis
3438 2214 3490 2258 ct

1948 2281 2235 2349 sulphuris.
2265 2283 2413 2348 Quod
2451 2299 2570 2336 vero
2602 2286 2670 2337 ibi
2705 2287 2974 2341 obscurius
3002 2291 3329 2358 adjunxerat,
3351 2300 3486 2361 quod

1947 2380 1999 2424 et
2034 2373 2196 2424 bestia
2240 2384 2290 2424 et
2324 2375 2819 2439 psemlojiropheta,’
2847 2377 2929 2430 hic
2969 2382 3200 2445 apertius
3228 2384 3486 2437 edisserit.

2021 2461 2082 2513 Et
2107 2464 2192 2529 qui
2214 2479 2310 2514 non
2335 2474 2404 2514 est
2433 2466 2654 2516 inventus
2687 2467 2735 2516 in
2767 2467 2893 2517 lbra
2918 2470 3029 2520 vita:
3047 2472 3276 2538 scriptus.
3317 2473 3368 2524 ld
3393 2484 3490 2538 est,

1949 2551 2036 2616 qui
2072 2564 2174 2601 non
2203 2559 2284 2603 est
2307 2550 2571 2618 j-adicatus
2593 2568 2620 2604 a
2654 2553 2757 2606 Deo
2785 2555 2949 2607 vivus.
2979 2556 3123 2609 Unde
3147 2560 3275 2611 mibi
3304 2562 3492 2612 rectius

1951 2636 2128 2690 dicere
2158 2639 2416 2701 videntur,
2451 2641 2538 2706 qui
2580 2656 2733 2708 sopra
2782 2643 2943 2696 libros
2969 2656 3176 2711 apertos
3213 2650 3491 2702 conscien-

1951 2726 2049 2779 tias
2093 2729 2418 2794 singulorum
2466 2740 2516 2781 et
2554 2744 2711 2796 opera
2760 2733 3013 2798 patefacta
3066 2735 3489 2804 interpretantur.

1951 2816 2160 2871 Librum
2186 2832 2359 2886 autem
2393 2821 2509 2873 vitae
2541 2821 2918 2889 praescientiam
2950 2824 3040 2878 Dei
3065 2826 3203 2894 (quae
3250 2827 3355 2882 falli
3387 2846 3488 2882 non

1951 2909 2149 2976 potest)
2179 2911 2242 2963 de
2285 2911 2386 2963 illis
2415 2912 2597 2978 quibus
2644 2921 2838 2965 aeterna
2889 2914 3096 2968 dabitur
3127 2922 3248 2980 vita,
3295 2919 3344 2970 in
3387 2935 3490 2987 quo

1951 3007 2072 3051 sunt
2112 3001 2312 3068 scripti,
2371 3002 2421 3053 id
2469 3013 2546 3054 est
2575 3015 2693 3056 ante
2735 3006 3054 3073 prtecogniti.
3103 3007 3272 3061 Finito
3296 3008 3491 3077 judicio

1953 3103 2055 3154 quo
2087 3090 2250 3143 malos
2282 3090 2410 3144 vidit
2434 3091 2782 3161 damnandos,
2814 3103 2974 3149 restat
2996 3104 3053 3149 ut
3075 3086 3315 3154 etiam‘de
3339 3103 3488 3157 bonis

1951 3177 2109 3232 dicat.

2525 3270 2741 3326 CAPUT
2783 3273 2916 3325 XXI.

2023 3359 2084 3410 Et
2113 3359 2213 3411 vidi
2234 3361 2409 3413 caelum
2435 3377 2615 3416 novum
2644 3373 2689 3413 et
2713 3373 2894 3413 terram
2924 3362 3118 3428 novam,
3148 3372 3249 3418 etc.
3280 3365 3381 3421 Isto
3406 3369 3493 3422 lict

1947 3451 2131 3501 ordine
2155 3489 2169 3510 ,
2200 3451 2336 3516 quod
2367 3450 2606 3516 superius
2640 3453 3048 3518 prazoccupando
3083 3454 3190 3520 jam
3237 3455 3384 3520 dixit,
3418 3455 3489 3509 iii~

1947 3537 2087 3589 disse
2113 3551 2169 3588 se
2197 3551 2352 3603 super
2382 3538 2622 3588 thronum
2654 3541 2944 3604 sedentem,
2968 3544 3117 3608 cujus
3147 3558 3172 3595 a
3209 3544 3336 3598 faeie
3366 3546 3490 3615 fugit

1947 3627 2134 3681 cmlum
2168 3638 2219 3679 et
2259 3636 2391 3678 terra
2414 3669 2426 3688 ,
2472 3627 2715 3694 judicatis
2743 3630 2982 3684 videlicet
3024 3634 3212 3700 impiis.
3259 3636 3402 3690 Tunc
3431 3641 3492 3691 ti-

1947 3730 2072 3783 gura
2101 3715 2253 3782 hujus
2276 3715 2452 3767 mundi
2491 3712 2834 3781 superuentu:
2866 3717 3056 3783 ignium
3086 3721 3492 3788 conﬂagratione

1951 3807 2232 3872 prmteribit
2255 3848 2268 3872 ,
2301 3815 2386 3866 ιιι,
2416 3805 2549 3856 etelo
2581 3815 2633 3857 et
2663 3815 2795 3856 terra
2830 3808 2878 3857 in
2912 3808 3092 3861 melius
3123 3815 3486 3879 commutatis,

1947 3895 2322 3962 incorruptioni
2365 3907 2417 3948 et
2462 3897 2833 3948 immortalitati
2884 3911 3178 3953 sanctorum
3209 3916 3485 3970 corporum

1947 4000 2175 4051 congrua
2204 3986 2468 4049 utriusque
2494 3990 2916 4038 continuationis
2946 3990 3166 4054 qualitas
3189 3994 3487 4046 conveniat.

1947 4074 2092 4137 Quod
2126 4082 2296 4124 autem
2327 4072 2396 4123 ait
2424 4089 2436 4123 :

2025 4161 2085 4212 Et
2118 4177 2252 4211 mare
2272 4165 2386 4230 jam
2429 4178 2522 4212 non
2553 4171 2645 4213 est.
2684 4161 2864 4215 Utrntn
2908 4179 3135 4218 maximo
3178 4167 3264 4221 illo
3303 4171 3491 4226 ardore

1949 4252 2194 4315 siccetur,
2228 4269 2290 4303 an
2322 4262 2372 4304 et
2417 4252 2586 4317 ipsum
2620 4257 2669 4304 in
2703 4257 2886 4308 melius
2918 4269 3167 4326 vertatur,
3199 4277 3300 4314 non
3336 4263 3487 4316 facile

1948 4344 2186 4395 dixerim.
2219 4342 2419 4394 titulum
2461 4343 2650 4409 quippe
2697 4360 2888 4397 novum
2930 4357 2982 4399 et
3023 4359 3210 4402 terram
3255 4366 3444 4405 novam
3473 4395 3488 4418 ,

1953 4450 2053 4483 non
2097 4445 2268 4485 autem
2317 4443 2369 4484 et
2407 4449 2549 4485 mare
2589 4450 2777 4486 novum
2828 4436 3051 4489 futurum
3095 4440 3334 4509 legimus.
3381 4443 3490 4496 Nisi

1953 4525 2084 4578 forte
2131 4536 2182 4575 ut
2224 4524 2414 4576 assolet
2469 4527 2766 4589 prophetica
2819 4527 3006 4577 locutio
3054 4531 3274 4598 propriis
3318 4535 3488 4588 verbis

1952 4617 2198 4669 translata
2235 4617 2476 4678 miscere,
2513 4617 2859 4668 turliuleutam
2893 4617 3043 4682 hujus
3082 4621 3256 4674 swculi
3290 4623 3483 4686 vitam,

1950 4726 2064 4778 qua:
2099 4721 2217 4762 tunc
2247 4710 2490 4767 cessum,
2524 4707 2681 4759 maris
2717 4711 2922 4759 nomine
2954 4709 3206 4773 ﬁguravit.

2021 4800 2085 4852 Et
2136 4803 2380 4852 civitatem
2429 4813 2652 4852 sanctam
2697 4797 2974 4850 Jerusalem
3020 4816 3213 4862 novam,
3263 4811 3364 4854 etc.
3417 4803 3489 4857 De

1950 4893 2085 4944 coelo
2115 4891 2433 4943 desetendere
2465 4889 2558 4942 ism
2607 4887 2790 4939 civitas
2817 4887 3024 4949 dicitur,
3064 4889 3307 4954 quoniam
3332 4893 3490 4944 cccle-

1951 4983 2044 5035 stis
2070 4989 2151 5032 cst
2176 4980 2359 5047 gratia,
2384 4994 2483 5045 qua
2515 4979 2647 5030 Deus
2665 4993 2776 5028 eam
2804 4976 2939 5028 fecit.
2961 4977 3321 5047 (.‘ompositam
3352 4983 3489 5034 sient

1866 5122 1870 5125 _
1951 5084 2193 5135 Sponsam
2227 5078 2278 5119 ιιι
2307 5077 2539 5119 ornatam
2573 5069 2680 5119 viro
2707 5081 2802 5119 suo
2828 5082 2841 5128 ;
2871 5077 2946 5118 est
2977 5072 3114 5119 enim
3144 5072 3304 5121 altera
3335 5069 3490 5122 Jeru-

1950 5159 2133 5217 salem,
2167 5171 2281 5221 qtnc
2311 5171 2410 5206 non
2442 5155 2552 5206 viro
2581 5169 2674 5205 suo
2705 5168 2936 5225 ornatur,
2970 5157 3058 5209 sed
3092 5159 3345 5208 adultero.

2024 5246 2149 5297 Ecce
2188 5242 2560 5297 tabernaculum
2595 5247 2682 5298 Dei
2727 5264 2836 5299 cum
2875 5249 3152 5299 hominibus
3176 5288 3189 5309 ,
3223 5260 3323 5299 etc.
3378 5250 3490 5317 Ipse

1955 5337 2090 5388 Deus
2110 5338 2208 5386 erit
2233 5337 2413 5388 elecds
2441 5347 2648 5388 a-teruzn
2681 5338 3011 5389 beatitudinis
3039 5340 3327 5401 praemium,
3353 5342 3488 5407 quod

309 5426 570 5486 justortnn
601 5423 726 5476 intel
751 5424 814 5490 igi
847 5437 1065 5488 quorum
1095 5423 1217 5474 dum
1253 5441 1316 5476 rx
1346 5430 1735 5494 comparatione
1774 5447 1852 5483 re-

314 5510 460 5575 probi
491 5511 829 5574 damnantur,
873 5511 1018 5578 quasi
1067 5511 1117 5561 in
1147 5518 1468 5576 expansione
1499 5520 1748 5570 librorum
1780 5520 1852 5571 le-

314 5607 441 5670 gunt
473 5599 663 5652 bonum
695 5602 831 5669 quod
860 5592 1012 5669 agere
1043 5601 1138 5668 ipsi
1170 5603 1450 5656 noluerunt

381 5692 449 5747 Et
470 5694 608 5746 dedit
638 5709 770 5747 mare
800 5705 1015 5746 mortuos
1039 5709 1173 5757 suos,
1225 5703 1326 5746 etc.
1361 5694 1465 5747 lluc
1495 5699 1670 5764 proczil
1699 5697 1856 5751 dubio

1952 5428 2016 5479 ab
2043 5440 2105 5477 co
2138 5440 2182 5490 ῃ.
2207 5426 2360 5476 ssessi
2395 5427 2734 5490 possidebunt
2762 5426 2810 5477 in
2843 5436 3114 5480 mlernum.

2027 5517 2084 5566 Et
2110 5517 2347 5581 ab;.crget
2373 5514 2502 5566 Dcus
2525 5505 2717 5565 omnem
2743 5517 3012 5582 lacrgmam
3039 5517 3096 5567 ab
3119 5519 3275 5569 oculis
3297 5534 3488 5571 eorum.

1955 5610 2115 5662 Tanta
2145 5607 2279 5659 illius
2305 5606 2525 5657 t-ivitatis
2561 5615 2609 5658 et
2640 5616 2741 5658 tam
2771 5611 2905 5660 celsa
2940 5611 3002 5662 de
3033 5611 3118 5661 Dei
3153 5627 3361 5661 munere
3389 5614 3496 5662 cla-

1955 5701 2080 5753 ritas
2125 5695 2390 5765 aipparebit
2417 5736 2430 5760 ,
2478 5695 2698 5747 utnulla
2742 5708 3038 5750 remaneant
3087 5700 3295 5766 vestigia
3348 5711 3492 5753 vetu-
