3934 6222
453 444 554 500 195

868 456 869 460 ‘
908 437 1103 493 BEDE
1148 436 1580 491 VENERABIIJS
1618 436 1765 489 OPP.
1810 432 1979 488 PARS
2020 429 2080 483 ll.
2132 428 2319 484 SECT.
2360 429 2402 485 l.
2441 457 2507 470 --
2540 426 2915 482 EXEGETICA
2953 423 3269 480 GENUINA.

3544 417 3647 473 ωε

446 559 616 613 statis.
639 552 1068 621 Quandoquidem
1090 560 1143 603 et
1166 565 1383 616 corpora
1406 552 1634 603 cmlestis
1662 546 1983 612 incorruptio
2022 545 2068 600 Α
2092 542 2328 595 Christus
2357 551 2457 607 est,
2488 540 2574 609 qui
2616 541 2688 594 ait
2718 558 2729 592 :
2764 539 3047 593 Claritatem
3075 554 3227 608 quam
3258 536 3444 591 dedisti
3491 538 3645 597 mihi,

448 645 769 704 sublimabit,
802 652 853 694 ct
884 651 1085 693 utentes
1114 639 1295 692 interni
1331 637 1487 703 [tegis
1515 644 1689 702 pascet
1718 635 1954 687 intuitus.

482 761 487 767 ο
520 735 585 788 Et
616 749 749 785 mors
774 732 906 783 ultra
936 746 1037 781 non
1063 730 1175 791 erit,
1200 734 1311 781 ‘etc.
1347 727 1667 779 Praedixerat
1689 726 1827 777 enim
1854 739 1993 776 mor-

454 836 554 880 tem
587 827 636 877 in
667 831 906 890 stagnum
933 822 1066 889 ignis
1096 819 1329 871 missam.
1363 818 1489 870 Nam
1518 819 1677 870 etiam
1707 818 1781 868 sic
1808 816 1991 869 eadem

456 925 627 984 potest
656 912 910 965 sententia
941 908 1153 975 intelligi
1180 947 1193 969 ,
1236 917 1291 960 ut
1313 947 1329 968 .
1375 918 1553 960 sancta
1582 908 1791 958 civitate
1822 905 1994 957 novis-

455 1010 587 1059 simo
617 1002 813 1069 judicio
843 998 1150 1067 glorificata,
1190 997 1358 1060 dolor,
1390 997 1577 1057 luctus,
1614 1003 1666 1049 et
1707 995 1995 1048 mortalitas

456 1106 650 1149 tantum
681 1093 732 1144 in
762 1091 994 1155 gelienna
1027 1096 1349 1141 remaneant.

525 1181 587 1233 Et
619 1182 740 1232 dixit
774 1179 895 1231 mihi
920 1194 938 1230 :
970 1177 1161 1241 Scribe,
1189 1186 1291 1229 etc.
1325 1176 1389 1228 Et
1421 1175 1550 1227 dixit
1580 1174 1704 1227 mihi
1739 1189 1754 1227 :
1785 1172 1996 1225 Factum

451 1282 542 1323 est.
575 1272 693 1323 Ilatc
724 1270 862 1322 credi
893 1276 1119 1334 oportet,
1172 1282 1274 1317 non
1316 1264 1525 1331 exponi,
1559 1266 1847 1331 praesertim
1877 1262 1994 1329 quia

454 1362 531 1416 sic
553 1360 677 1413 dicit
705 1358 896 1410 factum
924 1372 1037 1409 esse
1063 1356 1129 1408 de
1155 1356 1436 1423 praeterito,
1468 1365 1523 1407 ut
1549 1354 1788 1407 dubitare
1816 1368 1996 1421 quem-

452 1466 603 1519 quam
636 1464 737 1502 non
766 1453 900 1499 s'uat
928 1446 990 1497 de
1016 1444 1210 1497 futuro.

525 1538 633 1607 Ego
671 1552 777 1590 sum
814 1536 1009 1601 Alpha,
1050 1542 1151 1585 etc.
1188 1533 1331 1585 Sicut
1370 1531 1421 1583 iu
1460 1528 1607 1582 initio
1654 1529 1769 1581 libri
1816 1529 1912 1581 hoc
1942 1542 1998 1581 se

458 1634 821 1681 esse-testatus
848 1632 961 1683 est,
1005 1623 1070 1674 ita
1121 1622 1218 1672 hoc
1246 1620 1397 1672 tertio
1435 1618 1661 1685 oportuit
1709 1618 1913 1684 repeti,
1946 1627 2000 1669 ut

457 1731 612 1783 neque
632 1723 749 1766 ante
766 1728 885 1764 eum
915 1712 1069 1773 Deus,
1100 1711 1233 1763 sicut
1260 1708 1417 1761 Isaias
1446 1709 1593 1771 dicit,
1624 1722 1718 1760 nec
1743 1716 1858 1775 post
1879 1722 1996 1759 eum

459 1806 701 1859 credatur
743 1805 873 1856 alius
904 1800 1056 1871 (Isai.
1106 1800 1275 1867 sun).
1324 1799 1387 1852 Et
1412 1797 1529 1866 quia
1566 1800 1633 1852 de
1678 1798 1779 1852 fine
1821 1798 1997 1851 mundi

2096 630 2212 680 dedi
2237 630 2307 681 eis
2342 628 2515 698 (Joan.
2550 632 2695 693 svtt).

2167 716 2425 783 Tanquam
2453 715 2612 783 lapidi
2633 715 2829 785 jaspidi
2850 756 2864 777 ,
2892 715 3017 767 sicut
3048 714 3366 783 crystallum.
3398 712 3605 778 JaSpidi
3632 753 3648 771 ,

2096 819 2192 871 pro
2219 805 2449 858 candore
2479 806 2722 858 virtutum
2750 820 2765 867 ;
2797 804 3072 873 crystallo,
3102 820 3195 871 pro
3220 806 3423 857 interna
3452 802 3653 854 mentis

2099 896 2321 961 puritate
2346 907 2399 949 et
2427 896 2529 962 ﬁde
2553 912 2648 949 non
2677 897 2795 962 ﬁcta
2826 894 2877 965 (1
2908 895 3042 950 Tim.
3076 899 3140 962 ι).

2168 972 2232 1034 Et
2259 984 2463 1038 habebat
2491 999 2687 1038 murum
2715 1002 2946 1053 magnum
2974 994 3021 1038 et
3041 986 3222 1037 altum.
3249 984 3301 1037 Id
3327 993 3409 1038 est
3438 985 3657 1049 inexptn

2098 1073 2356 1141 gnabiletn
2406 1074 2551 1136 fidei,
2596 1075 2731 1141 spei,
2770 1075 3143 1139 charitatisque
3188 1074 3506 1128 ﬁrmitatem.
3546 1074 3653 1127 Po—

2102 1170 2199 1212 test
2229 1170 2281 1212 et
2325 1162 2434 1233 ipse
2464 1162 2711 1215 Dominus
2740 1161 3029 1218 Eoclesiam
3072 1164 3295 1232 undique
3327 1172 3609 1231 protegens
3635 1202 3651 1221 .

2101 1258 2279 1304 tn‘urus
2312 1269 2525 1314 tiiaguus
2553 1254 2766 1321 intelligi
2791 1294 2805 1317 ,
2841 1253 2905 1306 de
2932 1268 3032 1320 quo
3061 1263 3114 1307 et
3150 1253 3305 1306 Isaias
3334 1254 3403 1305 ait
3431 1270 3444 1305 ε
3478 1252 3654 1305 Porse-

2102 1352 2178 1391 tur
2212 1342 2260 1391 in
2291 1358 2349 1392 ea
2379 1358 2549 1393 murus
2576 1353 2621 1395 et
2667 1344 2982 1395 nntemurale
3009 1339 3161 1411 (Isai.
3196 1342 3338 1411 xxvi)
3364 1383 3380 1403 ,
3424 1342 3476 1395 id
3521 1352 3610 1395 est
3632 1379 3653 1404 .

2104 1430 2306 1483 Domini
2338 1433 2589 1497 protectio
2617 1441 2671 1485 et
2713 1433 3017 1486 intercessio
3046 1443 3346 1486 sanctorum
3374 1469 3392 1494 ,
3423 1433 3506 1499 qui
3551 1432 3656 1485 iter

2102 1517 2295 1572 faciunt
2322 1520 2370 1573 ei
2400 1521 2637 1575 docendo
2663 1524 2725 1574 ad
2757 1523 2912 1576 corda
2942 1523 3289 1577 credentium.

2174 1610 2375 1663 [labens
2406 1623 2574 1679 portas
2602 1614 2883 1668 duodecim.
2928 1614 3016 1666 Ilm
3046 1624 3208 1681 porta
3243 1615 3465 1683 apostoli
3493 1624 3651 1679 sunt,

2102 1697 2191 1765 qui
2220 1712 2314 1750 suo
2341 1701 2419 1751 vel
2465 1701 2659 1767 scripto
2689 1702 2768 1753 vel
2804 1716 2962 1769 opere
3006 1704 3209 1757 cunctis
3240 1704 3654 1770 pritnordisliter

2104 1790 2343 1856 gentibus
2376 1791 2617 1845 Ecclesia":
2648 1794 2941 1861 pandebant
2969 1796 3257 1848 introitum.

454 1912 629 1951 sermo
680 1906 760 1949 est
789 1937 804 1962 ’
859 1902 1028 1961 potest
1078 1894 1190 1962 ipse
1240 1890 1419 1945 seculi
1468 1899 1858 1943 consummator
1908 1888 1997 1957 qui
2037 1877 2075 1932 Β
2173 1879 2237 1931 Et
2275 1882 2325 1932 in
2363 1882 2518 1950 portis
2566 1884 2777 1950 angulos
2821 1884 3099 1938 duodecim.
3149 1885 3403 1937 Doctores
3450 1884 3658 1936 scilicet

456 1990 670 2041 Creator
699 1988 867 2039 dictus
898 1984 1130 2050 intelligi.

532 2077 640 2147 Ego
670 2076 853 2130 sitienti
890 2073 1049 2136 dabo,
1080 2084 1181 2125 etc.
1215 2071 1286 2125 De
1330 2071 1427 2122 hoc
1459 2069 1599 2122 fonte
1636 2052 1827 2121 irroiat
1866 2064 2033 2120 nunc'

461 2169 733 2221 credentes
761 2167 811 2218 in
838 2166 936 2228 via,
965 2178 1117 2229 quem
1149 2160 1481 2213 vincentibus
1506 2159 1729 2211 ubertim
1761 2157 2003 2208 haurien-

460 2258 583 2311 dum
615 2255 812 2323 praebet
832 2255 883 2305 in
906 2253 1090 2321 patria.
1117 2250 1401 2315 Utrumque
1425 2257 1596 2300 autem
1623 2248 1804 2313 gratis.
1828 2243 2003 2297 Gratia

460 2347 597 2399 enim
636 2345 726 2397 Dei
761 2344 864 2393 vita
910 2351 1105 2392 aeterna
1140 2336 1350 2391 Christo
1377 2336 1502 2389 Iesu
1544 2335 1760 2388 Domino
1806 2341 2004 2386 nostro.

465 2432 530 2483 Et
560 2433 619 2483 de
650 2429 953 2496 plenitudine
983 2426 1088 2493 ejus
1127 2437 1297 2475 omnes
1331 2422 1645 2488 accepimus,
1674 2420 1887 2488 gratiam
1915 2434 2007 2487 pro

467 2518 629 2588 gratia
663 2516 836 2586 (Joan.
868 2514 927 2581 t).
1918 2562 1921 2565 .

539 2606 747 2659 Titanis
772 2615 958 2665 autent,
986 2610 1028 2655 et
1050 2600 1341 2664 incredulis,
1368 2608 1411 2651 et
1437 2597 1699 2661 esecratis,
1726 2604 1827 2649 etc.
1858 2596 2009 2646 Blau-

467 2699 546 2752 dis
578 2712 807 2761 semper,
839 2696 902 2747 ad
932 2692 1188 2745 cautelam
1234 2688 1615 2747 insinuandam,
1654 2695 1861 2738 austera
1892 2698 2008 2749 per-

470 2791 673 2840 miscet.
718 2786 805 2840 Sic
847 2793 900 2837 et
948 2783 1177 2850 psalmus
1221 2776 1540 2833 centesimus
1580 2772 2011 2842 qniidragesimus

468 2886 681 2943 quartus
726 2888 841 2925 cum
880 2872 1101 2941 gratiam
1152 2869 1548 2921 miserationum
1604 2862 1805 2917 Domini
1845 2862 2013 2913 abun-

470 2964 651 3016 danter
684 2962 947 3015 intimaret
972 2998 984 3018 .
1030 2964 1245 3022 repente
1274 2954 1567 3008 districtutn
1607 2952 1718 3018 ejus
1758 2950 2010 3018 judicium

472 3051 646 3113 infert,
680 3050 859 3102 dieeus
887 3064 903 3097 τ
932 3046 1159 3099 Custodit
1189 3043 1432 3098 Dominus
1456 3055 1622 3093 omnes
1652 3040 1913 3108 diligentes
1938 3055 2009 3104 se,

470 3154 513 3195 et
545 3154 714 3193 omnes
749 3146 1027 3205 peccatores
1067 3134 1319 3203 disperdet
1350 3131 1517 3201 (Psal.
1548 3130 1742 3198 csuv).
1782 3130 2013 3183 Timidus

2102 1979 2457 2045 apostolorum
2511 1978 2731 2046 vestigia
2784 1980 2902 2033 ﬁdei
2956 1988 3009 2033 et
3060 1979 3203 2033 verbi
3260 1978 3509 2047 mysterio
3557 1990 3651 2030 se-

2103 2079 2345 2133 quentes.

2177 2152 2239 2205 Et
2263 2155 2465 2208 nomina
2490 2158 2696 2221 scripta,
2720 2169 2821 2211 etc.
2853 2157 3152 2212 Memoriam
3182 2170 3414 2211 veterum
3447 2168 3652 2223 patrum

2103 2245 2362 2314 significat
2412 2247 2811 2311 pradicatorum
2861 2250 3104 2302 cordibus
3148 2250 3377 2301 insitam.
3424 2248 3568 2302 Unde
3600 2255 3655 2301 et

2108 2336 2334 2402 pontifex
2362 2338 2749 2391 tabernaculum
2769 2340 3097 2405 ingressurus
3116 2340 3422 2393 memoriale
3444 2350 3650 2408 patrum

2084 2425 2155 2477 .in
2188 2424 2422 2477 rationali
2455 2426 2677 2493 pectoris
2709 2427 2842 2481 ferre
2866 2427 3099 2495 jubetur.

2176 2514 2250 2565 Ab
2278 2515 2471 2567 orien‘e
2497 2522 2655 2587 portis
2701 2527 2797 2568 tres
2824 2556 2837 2578 ,
2882 2528 2999 2569 εις..
3037 2518 3141 2571 llac
3172 2527 3276 2573 tam
3313 2518 3490 2573 solerti
3533 2534 3658 2571 reor

2108 2600 2461 2667 descriptione
2490 2614 2776 2669 portarum,
2810 2604 3118 2658 duodenarii
3152 2607 3352 2658 muneri
3383 2607 3544 2658 voluit
3572 2608 3656 2659 in-

2108 2690 2285 2745 dicare
2316 2689 2647 2759 mysterium,
2679 2707 2782 2759 quo
2812 2692 3007 2745 idc'rco
3034 2693 3111 2745 vel
3156 2709 3357 2745 summa
3390 2696 3657 2759 apostolo-

2110 2794 2223 2832 rum
2248 2818 2262 2842 ,
2305 2780 2386 2833 vel
2438 2779 2684 2833 Ecclesia:
2720 2782 2785 2831 sit
2830 2782 3044 2848 ligurata
3078 2781 3334 2849 perfectio
3362 2822 3375 2845 ,
3416 2783 3533 2850 quia
3568 2798 3661 2850 per

2112 2884 2226 2923 eam
2256 2870 2367 2922 orbi
2396 2871 2647 2938 quadrato
2677 2880 2871 2925 sanctie
2915 2871 3187 2925 Trinitatis
3215 2882 3329 2925 erat
3364 2874 3492 2927 ﬁdes
3532 2875 3660 2927 inti—

2115 2956 2322 3009 manda.

2185 3046 2247 3098 Et
2269 3064 2439 3101 murus
2462 3050 2675 3102 civitatis
2695 3049 2884 3103 habens
2901 3050 3230 3119 fundamenta
3251 3052 3532 3113 duodecim,
3559 3061 3662 3105 etc.

2116 3135 2262 3199 Quod
2288 3145 2408 3189 sunt
2435 3146 2619 3202 portat,
2649 3138 2748 3189 ltoc
2771 3136 3134 3201 fundamenta;
3160 3139 3298 3206 quod
3327 3140 3527 3201 civitas,
3563 3142 3665 3193 hoc

470 3238 640 3278 autem
670 3223 936 3291 COItjUDgll
968 3220 1247 3275 incredulis
1272 3258 1287 3281 ,
1320 3220 1438 3287 quia
1481 3219 1567 3270 ille
1602 3218 1750 3269 timet
1783 3217 2012 3282 experiri
2040 3194 2082 3255 ο
2116 3239 2316 3277 murus.
2367 3224 2594 3278 Possunt
2632 3233 2808 3278 autem
2852 3236 2902 3278 et
2947 3227 3257 3292 patriarcha:
3297 3228 3666 3282 fundamento.

474 3313 760 3380 peticulum
801 3309 1138 3372 certaminis,
1178 3305 1266 3374 qui
1312 3307 1508 3360 dubitat
1538 3306 1601 3359 dc
1643 3306 1856 3373 praemio
1902 3306 2015 3359 viu-

476 3402 662 3454 ceutis.
856 3458 861 3461 ν

550 3490 610 3545 Et
642 3489 869 3543 omnibus
894 3487 1215 3540 mendacibus
1244 3504 1363 3557 pars
1393 3486 1483 3539 erit
1512 3487 1563 3540 in
1590 3496 1764 3557 stagno
1802 3487 2018 3539 ardenti.

479 3583 717 3637 Ostendit
746 3580 906 3635 multa
936 3594 1053 3636 esse
1092 3594 1279 3647 genera
1313 3576 1597 3641 mendacii,
1643 3576 1734 3630 sed
1767 3577 2023 3643 periculo-

481 3674 744 3727 sissimum
788 3680 841 3727 ct
870 3672 1093 3725 maxime
1136 3671 1497 3726 detestandum
1540 3678 1620 3727 est
1662 3684 1768 3737 quo
1805 3670 1856 3723 in
1903 3670 2023 3723 reli-

486 3763 694 3831 gionem
726 3770 989 3827 peccatur,
1022 3759 1085 3811 de
1114 3775 1216 3826 quo
1259 3773 1435 3827 sopra.
1480 3760 1691 3823 Dicunt,
1730 3759 1896 3826 inquit
1918 3800 1933 3820 ,
1967 3774 2025 3813 se

488 3852 697 3904 Judmos
718 3862 846 3910 esse,
878 3857 930 3900 et
953 3861 1053 3901 non
1083 3857 1236 3913 sunt;
1259 3849 1349 3901 sed
1376 3850 1720 3915 mentiuntur,
1745 3858 1864 3901 sunt
1884 3850 2024 3903 enim

487 3953 744 4008 synagoga
776 3937 999 3989 Satanaz.

563 4028 628 4080 Et
658 4028 787 4081 venit
816 4042 941 4079 unus
969 4028 1030 4078 ds
1055 4034 1240 4094 septem
1263 4027 1452 4097 angelis
1472 4070 1484 4093 ,
1518 4036 1619 4080 etc.
1652 4026 2027 4081 Prazdicatoros

491 4120 644 4172 iidem
675 4118 759 4186 qui
794 4118 993 4185 plagam
1026 4126 1372 4181 septenariam
1398 4158 1413 4180 ,
1458 4115 1505 4167 id
1537 4125 1649 4173 est.
1681 4116 2026 4168 universalem

492 4211 725 4280 irrogant
756 4209 949 4278 impiis,
984 4208 1228 4262 Ecclesiae
1256 4220 1459 4275 quoque
1488 4205 1657 4258 futura
1685 4204 1867 4274 gaudia
1900 4219 2027 4273 pan-

488 4300 635 4353 dunL

571 4384 688 4444 Veni
710 4431 722 4453 ,
754 4388 1008 4442 ostendam
1040 4385 1127 4437 tibi
1155 4399 1387 4449 sponsam
1417 4398 1620 4438 uxorem
1667 4382 1814 4450 Agni.
1859 4380 2028 4449 Spon-

2118 3327 2230 3365 rum
2262 3312 2511 3366 vocabqu
2552 3312 2846 3381 designari,
2878 3316 2961 3382 Qui
2991 3316 3196 3369 nomina
3231 3318 3282 3368 in
3309 3332 3366 3370 se
3402 3320 3669 3383 apostolo-

2119 3416 2257 3466 rum,
2288 3400 2337 3454 id
2367 3410 2470 3466 est,
2504 3402 2745 3471 figuram,
2777 3413 3075 3457 tenuerunt.
3112 3404 3208 3457 Per
3236 3405 3353 3457 illos
3376 3407 3514 3457 enim
3545 3406 3668 3458 fun-

2117 3489 2360 3542 damenta
2391 3491 2502 3542 huic
2527 3493 2713 3545 civitas
2740 3531 2757 3555 ,
2788 3495 3028 3558 quamvis
3068 3507 3159 3559 per
3187 3492 3452 3559 apostolos
3474 3537 3488 3557 ,
3520 3497 3670 3561 quasi

2121 3596 2213 3649 per
2241 3589 2438 3648 portas,
2472 3582 2623 3634 latius
2650 3580 2718 3633 sit
2741 3582 3018 3636 credituris
3042 3589 3219 3647 aperta
3250 3580 3569 3636 nationibus.
3605 3583 3671 3635 Et

2122 3672 2405 3743 notandum
2476 3670 2853 3732 fundamenta,
2906 3684 3022 3723 cum
3073 3671 3341 3737 pluraliter
3406 3669 3670 3731 dicantur,

2122 3761 2360 3814 doctores
2383 3760 2461 3811 vel
2484 3761 2703 3812 virtutes
2728 3758 2994 3821 Ecclesia,
3017 3773 3135 3811 cum
3160 3773 3283 3811 vero
3304 3757 3669 3824 singulariter,

2126 3850 2289 3915 ipsum
2328 3848 2624 3916 signiﬁcare
2666 3848 2981 3913 Dominum,
3029 3847 3115 3916 qui
3156 3857 3235 3901 est
3277 3846 3676 3900 fundamentum

2124 3938 2599 3990 fundamentorum.

2194 4028 2261 4081 Et
2301 4028 2385 4092 qui
2425 4028 2717 4094 loquebatur
2757 4042 2949 4079 mecum
2974 4068 2989 4093 ,
3038 4035 3139 4079 etc.
3186 4023 3424 4079 Christus
3463 4027 3553 4092 qui
3595 4034 3679 4080 est

2126 4117 2379 4185 sapientia
2425 4118 2513 4169 Dei
2554 4117 2601 4185 (1
2637 4118 2751 4168 Cor.
2799 4116 2867 4183 t),
2909 4116 3166 4182 attingens
3195 4133 3224 4168 a
3276 4116 3373 4182 ﬁne
3414 4132 3565 4183 usque
3608 4118 3679 4166 ad

2128 4209 2277 4277 ﬁnem
2306 4208 2522 4276 fortiter,
2547 4217 2591 4260 et
2621 4208 2905 4274 disponens
2926 4208 3092 4257 omnia
3115 4207 3330 4257 suaviter
3356 4206 3509 4273 (δίη).
3540 4206 3677 4268 vtu),

2129 4305 2364 4351 sanctam
2395 4296 2604 4351 metitur
2631 4296 2913 4359 civitatem.
2944 4294 3073 4359 Quia
3105 4292 3277 4346 omnia
3326 4293 3377 4344 in
3409 4307 3635 4345 numero
3661 4333 3678 4360 ,

2132 4398 2183 4440 et
2212 4402 2453 4440 men~ura
2474 4428 2488 4451 ,
2518 4398 2570 4440 et
2599 4387 2829 4453 pondere
2869 4386 3209 4447 constituens,
3241 4385 3521 4453 unicuique
3552 4386 3687 4437 tide-

488 4494 597 4533 sam
628 4492 678 4531 et
720 4494 939 4533 uxorem
983 4476 1107 4529 dicit
1154 4473 1468 4535 Eaclesiam.
1516 4486 1663 4539 qttiﬁ.
1703 4473 2028 4524 immaculala
2141 4478 2265 4531 lium
2315 4478 2658 4545 spiritualium
2703 4477 2968 4530 distribuit
3010 4477 3147 4529 dona
3193 4479 3495 4545 gratiarum.
3553 4478 3684 4531 Poso

492 4582 838 4635 permanens,
881 4567 1176 4633 spirituales
1220 4578 1429 4631 semper
1461 4564 1567 4615 Deo
1615 4561 1747 4615 ﬁlios
1795 4571 2028 4630 generat.

501 4655 595 4711 Vel
622 4655 758 4723 quod
791 4669 926 4707 nunc
960 4654 1063 4706 Deo
1094 4654 1403 4720 desponsata
1423 4690 1439 4716 ,
1470 4661 1589 4704 tunc
1618 4650 1680 4703 ad
1712 4650 2031 4703 immortales

490 4757 569 4799 est
599 4743 926 4811 perducenda
966 4742 1191 4810 nuptias.

561 4835 625 4890 Et
653 4836 854 4888 sustulit
882 4850 956 4885 me
983 4834 1033 4885 in
1076 4834 1258 4901 spiritu
1286 4834 1337 4884 in
1366 4840 1579 4884 montem
1610 4848 1845 4901 magnum
1878 4841 1923 4885 et
1952 4832 2031 4885 al-

496 4939 619 4993 tum,
655 4941 758 4981 etc.
790 4927 915 4981 Post
944 4925 1146 4980 ruinam
1180 4923 1458 4993 Babylonis
1487 4924 1667 4977 civitas
1693 4933 1890 4985 sancta,
1920 4939 2035 4991 qua:

476 5037 687 5091 .sponsa
713 5029 793 5074 est
816 5021 969 5087 Agui,
998 5034 1153 5087 supra
1183 5026 1411 5071 montem
1445 5016 1610 5083 posita
1634 5015 1857 5069 videtur.
1880 5016 2035 5083 Lapis

494 5114 634 5167 enim
686 5110 932 5177 pracisns
971 5110 1035 5163 de
1082 5118 1259 5164 monte
1295 5109 1409 5161 sine
1456 5106 1697 5160 manibus
1733 5106 2039 5159 comminuit

497 5203 830 5257 simulacrum
864 5200 1038 5265 gloriae
1082 5200 1355 5252 mundanae
1379 5238 1391 5259 ,
1426 5207 1479 5251 ct
1507 5199 1670 5252 crevit
1718 5198 1767 5250 in
1810 5207 2037 5250 montem

505 5305 771 5356 magnum,
802 5289 1089 5353 orbemque
1123 5287 1353 5353 implevit
1380 5289 1681 5340 universum
1713 5284 1869 5353 (Dan.
1904 5290 1983 5352 tt).

570 5377 947 5429 Descendentem
987 5378 1047 5427 de
1076 5378 1196 5428 ratio
1235 5392 1265 5428 a
1297 5376 1400 5429 Deo
1421 5416 1434 5439 ,
1483 5376 1737 5429 habentem
1765 5378 2040 5427 claritatem

502 5466 615 5519 Dei.
648 5466 789 5517 Tunc
835 5466 973 5519 enim
1010 5466 1232 5531 amplius
1269 5466 1457 5518 decora
1507 5465 1789 5529 videbitur,
1833 5464 2043 5532 quando

506 5571 598 5623 per
627 5556 877 5623 Spiritum
910 5574 1012 5623 quo
1040 5558 1151 5621 ejus
1180 5570 1405 5621 sponsus
1430 5555 1660 5609 creditur
1686 5566 1968 5621 conceptus
1994 5562 2046 5607 et

503 5648 721 5715 genitus,
758 5645 1028 5714 imaginem
1062 5649 1213 5713 plene
1244 5648 1429 5701 meruit
1458 5656 1663 5715 portare
1690 5646 1978 5699 cmiestem.

575 5736 758 5791 Lumen
789 5741 895 5807 ejus
936 5740 1093 5792 simile
1124 5739 1279 5805 lapidi
1320 5743 1551 5806 pretioso.
1586 5737 1738 5805 Lapis
1787 5731 2043 5805 pretiosus

2134 4579 2253 4620 sunt
2292 4578 2344 4621 et
2390 4568 2639 4621 Ecclesim
2668 4566 2909 4619 doctores
2949 4582 3167 4635 corpore
3214 4567 3456 4635 fragiles,
3504 4577 3685 4619 mente

2133 4659 2376 4711 ctelestes
2407 4658 2648 4726 intelligi,
2680 4657 2765 4725 qui
2796 4656 2975 4710 merita
3002 4656 3229 4711 solerter
3254 4657 3553 4709 examinem
3576 4658 3683 4707 sin-

2134 4746 2389 4813 gulorutn.

2206 4836 2271 4889 Et
2314 4840 2485 4889 civitas
2524 4841 2576 4888 in
2616 4835 2807 4899 quadra
2837 4834 2999 4901 posita
3038 4846 3132 4889 est.
3178 4833 3375 4888 Idcirco
3400 4833 3582 4888 civitas
3626 4834 3682 4887 in

2137 4929 2332 4997 quadra
2370 4928 2536 4996 posita
2584 4936 2637 4980 et
2680 4943 2741 4981 es
2789 4929 2929 4980 omni
2975 4938 3121 4995 parte
3158 4929 3341 4995 aequali
3384 4928 3569 4983 dicitur
3597 4928 3685 4981 di-

2141 5021 2409 5075 tneusione
2440 5020 2605 5069 locata
2629 5056 2645 5082 ,
2674 5017 2793 5084 Quia
2827 5018 2965 5070 nulla
2997 5017 3181 5069 sinitur
3209 5017 3559 5085 inaequalitate
3587 5032 3687 5069 no-

2142 5110 2256 5161 tari.
2292 5108 2580 5161 l‘erlectum
2619 5110 2756 5162 enim
2790 5109 3077 5161 secundum
3124 5110 3413 5175 apostolum
3446 5124 3593 5170 esse,
3631 5109 3685 5159 id

2141 5212 2257 5259 eSt,
2302 5212 2483 5262 sapere
2510 5236 2524 5260 ,
2560 5213 2739 5265 pacem
2780 5197 3010 5263 habere,
3059 5212 3177 5251 vere
3206 5208 3287 5253 est
3330 5198 3382 5251 in
3420 5197 3687 5251 soliditate

2142 5287 2333 5355 quadra
2373 5289 2676 5340 subsiStere.

2214 5375 2276 5427 Et
2302 5393 2500 5429 mensus
2526 5387 2597 5428 Bal
2623 5378 2871 5428 civitatem
2892 5393 2981 5444 per
2999 5378 3161 5430 stadia
3185 5377 3463 5430 duodecim.
3494 5377 3547 5429 Id
3575 5389 3681 5442 est,

2147 5464 2430 5519 Ecclesium
2464 5467 2563 5518 [ide
2607 5469 2858 5535 factisque
2886 5470 3183 5535 conspexit.
3215 5469 3297 5521 vel
3328 5467 3534 5520 donavit
3562 5484 3686 5522 esse

2148 5557 2447 5625 perfecmm.
2481 5557 2708 5622 Quatuor
2732 5559 2869 5612 enim
2898 5556 3259 5623 principalium
3302 5555 3547 5622 perfectio
3575 5558 3683 5609 vir-

2148 5657 2313 5700 tutum
2339 5650 2437 5701 fide
2462 5659 2655 5701 sanctae
2681 5650 2949 5701 Trinitatis
2971 5647 3267 5711 sublimata,
3293 5648 3437 5718 quasi
3464 5661 3685 5704 numero

2148 5740 2360 5795 denario
2386 5742 2685 5810 dignitatem
2714 5741 2978 5810 componit
3010 5741 3277 5796 Ecclesia.
