3934 6222
241 465 344 525 19⁸1

1147 453 1572 512 EKPLANATIO
1616 434 2199 520 APOCAI.YPSIS._—¥
2237 443 2360 498 LIB.
2409 441 2487 495 Ill.

3327 435 3426 491 198

309 575 598 645 Longitudo
633 584 676 626 et
705 571 917 625 latitudo
941 576 988 620 et
1022 567 1237 620 altitudo
1264 566 1372 632 eius
1414 563 1627 632 qualia
1656 567 1791 612 sunt.
1822 559 1867 616 Α
1897 555 2026 645 pictis
2059 553 2351 645 sapphiri,—
2390 562 2462 645 ει-
2487 552 2628 645 quasi
2692 549 2875 645 caelum
3076 561 3306 645 serenum
3357 558 3426 645 est

244 668 367 723 Haec
394 674 475 719 est
507 666 591 716 illa
623 661 860 715 soliditas
886 657 1120 712 veritatis
1147 656 1352 710 invictae
1375 693 1390 718 ,
1421 668 1521 720 qua
1555 650 1786 704 Ecclesia

241 756 566 824 longitudine
590 752 729 815 ﬁdei,
757 749 1028 803 latitudine
1049 747 1338 810 cbaritatis,
1363 741 1635 797 altitudine
1654 741 1787 808 spei,

239 848 482 908 subnisa,
509 842 831 898 circumferri
855 854 956 893 non
979 837 1171 893 sinitur
1193 835 1336 889 omni
1356 845 1512 887 vento
1535 830 1788 885 doctrinae

240 934 461 1004 (Ephes.
490 932 593 1000 tv),
636 944 853 998 quarum
884 928 926 982 si
964 939 1120 980 unam
1156 923 1327 977 minus
1367 921 1630 994 habuerit,
1671 935 1789 988 per-

239 1023 378 1078 fectu
411 1022 658 1076 Ecclesiae
682 1017 940 1073 stabilitas
967 1031 1069 1069 non
1101 1014 1223 1068 erit.
1600 1028 1603 1030 ν

313 1109 380 1162 Et
409 1121 606 1161 mensus
632 1115 701 1159 est
735 1119 904 1157 muros
936 1103 1044 1173 ejus
1070 1112 1267 1153 centum
1295 1097 1629 1166 quadraginta
1657 1088 1788 1164 qua-

241 1209 356 1251 tuor
382 1199 679 1250 cubitorum.
711 1194 834 1246 llaac
859 1204 1058 1244 summa
1088 1189 1454 1257 quadraturam
1482 1184 1787 1238 duodenarii

242 1287 448 1340 numeri
478 1283 710 1338 continet
759 1278 1061 1349 (duodecies
1097 1277 1239 1329 enim
1270 1273 1495 1346 duodeni
1523 1313 1536 1335 ,
1578 1284 1788 1324 centum

240 1373 587 1444 quadraginta
614 1379 840 1440 quatuor
871 1366 1044 1434 fiunt),
1075 1364 1375 1434 signiﬁcans
1407 1371 1461 1417 et
1487 1362 1599 1429 ipsa
1627 1359 1791 1413 stabi-

242 1465 348 1518 lem
379 1461 609 1516 civitatis
644 1467 839 1512 sanctte
867 1455 1260 1524 perfectionem.

311 1554 555 1608 Mensura
588 1551 804 1604 hominis
841 1561 953 1614 qua:
991 1555 1061 1599 est
1100 1543 1290 1614 angeli.
1355 1542 1427 1595 Ex
1482 1539 1787 1595 hominibus

241 1646 382 1698 enim
412 1642 703 1709 conquisita
732 1646 938 1693 constet
965 1635 1226 1695 Ecclesia,
1259 1639 1313 1686 et
1331 1632 1528 1685 Christi
1565 1631 1789 1698 promis-

241 1735 486 1789 siooibus
530 1731 830 1793 sublimata,
856 1728 1205 1795 aequalitatem
1239 1729 1421 1791 sperat
1455 1720 1784 1788 angelorum.

240 1824 508 1891 Quantum
537 1831 714 1875 autem
744 1819 808 1872 ad
850 1819 1074 1872 litteram
1101 1853 1119 1879 ,
1161 1811 1472 1880 significavit
1500 1810 1600 1863 sibi
1628 1823 1788 1875 ange-

242 1917 349 1969 lum
375 1915 428 1965 in
460 1911 686 1965 hominis
712 1907 1019 1977 apparuisse
1044 1908 1228 1974 ﬁgura.

311 2002 378 2056 Et
421 2010 528 2055 erat
564 2009 817 2054 structura
853 1998 982 2050 muri
1022 2011 1084 2048 ea:
1121 1994 1292 2062 lapide
1312 1991 1537 2061 jaspide.
1579 1990 1688 2044 lloc
1711 1997 1795 2044 est

242 2091 384 2158 quod
429 2090 614 2143 Petrus
661 2086 930 2154 apostolus
970 2085 1210 2137 hortatur
1253 2098 1267 2134 :
1313 2079 1379 2133 Et
1427 2097 1510 2132 vos
1554 2089 1790 2146 tanquam

240 2179 437 2246 lapides
499 2177 596 2230 uiui
655 2171 1124 2241 supertediﬁcamini
1171 2171 1343 2222 domos
1407 2169 1690 2237 spirituales
1741 2164 1794 2235 (1

240 2265 386 2320 Petr.
430 2265 514 2334 ll).
1353 2259 1363 2268 ’

310 2355 437 2425 Ipsa
457 2372 574 2410 vero
597 2357 768 2408 civitas
789 2369 966 2407 aurum
991 2352 1236 2404 mundum
1265 2350 1422 2404 simile
1439 2351 1561 2403 vitro
1585 2351 1793 2405 mundo.

233 2433 481 2506 Ecclesia
525 2467 654 2504 auro
683 2445 936 2517 figuratur
962 2486 978 2511 ,
1009 2461 1123 2514 qua:
1155 2446 1205 2498 in
1236 2435 1568 2499 candelabris
1620 2446 1795 2497 aureis

247 2548 302 2592 et
329 2540 520 2607 phialis
544 2549 756 2605 prOpIer
775 2532 1044 2603 sapientia:
1073 2533 1269 2587 cultum
1291 2547 1429 2599 saepe
1453 2542 1661 2600 compta
1697 2533 1794 2586 de-

241 2631 511 2682 scribitur.
548 2627 749 2681 Vitrum
778 2635 953 2679 autem
982 2625 1046 2677 ad
1076 2624 1230 2677 ﬁdem
1262 2625 1368 2676 veri
1416 2624 1632 2686 retulit,
1675 2625 1794 2693 quia

239 2716 380 2784 quod
405 2715 534 2769 foris
563 2714 768 2768 videtur
787 2753 802 2779 ,
833 2714 932 2767 hoc
960 2721 1039 2766 est
1066 2722 1119 2766 et
1147 2711 1307 2773 intus,
1345 2704 1399 2775 et
1426 2710 1555 2764 nihil
1583 2711 1796 2763 simula-

241 2814 353 2859 tutn
383 2816 464 2860 est
493 2817 544 2857 et
573 2819 674 2857 non
712 2802 1042 2871 perspicuum
1074 2802 1123 2854 in
1160 2801 1355 2855 sanctis
1389 2800 1657 2854 Ecclesiae.
1693 2799 1793 2851 Po-

245 2903 350 2948 .est
373 2903 426 2946 et
455 2894 519 2946 ad
557 2893 681 2945 illud
711 2903 917 2959 tempus
943 2890 1125 2945 referri
1150 2931 1165 2955 ,
1197 2904 1300 2957 quo
1327 2889 1424 2944 sibi
1457 2891 1678 2943 invicem
1708 2904 1797 2942 co-

239 2983 528 3051 gitationes
552 2980 603 3033 in
627 2980 941 3032 alterutrum
972 2979 1340 3046 perspicaciter
1371 2979 1723 3031 declarantur.

315 3053 683 3124 Fundamenta
704 3069 835 3121 muri
850 3069 1059 3121 civitatis
1081 3068 1218 3120 omni
1259 3065 1428 3135 lapide
1464 3067 1686 3136 pretioso
1707 3082 1795 3118 or-

1893 641 2086 710 (Exod.
2113 641 2280 705 xxiv).
2317 638 2555 691 Ezechiel
2599 652 2807 703 quoque
2826 634 2955 688 dicit
3004 636 3141 703 quod
3173 636 3317 688 locus
3372 637 3422 686 in

1889 744 1992 796 quo
2019 729 2234 782 thronus
2260 728 2346 779 Dei
2382 727 2452 779 sit
2487 727 2719 794 sapphiri
2760 724 2948 777 habent
2999 723 3427 786 similitudinem;

1893 827 1945 871 ct
1970 818 2134 886 gloria
2171 816 2372 870 Doiniui
2403 817 2453 868 in
2486 816 2585 867 hoc
2607 816 2785 868 colore
2806 814 3085 876 consistat,
3121 812 3209 880 qui
3255 823 3427 879 portat

1898 906 2179 974 imaginem
2234 903 2660 972 supercmlestis,
2714 910 2771 955 ut
2819 900 2909 970 qui
2967 902 3084 954 talis
3139 909 3254 965 est,
3311 915 3428 953 cum

1889 993 2141 1060 Apostolo
2172 995 2336 1061 possit
2378 993 2590 1046 dicere:
2625 991 2812 1044 Nostra
2837 1000 3002 1043 autem
3030 991 3336 1042 conuersatio
3377 992 3428 1040 in

1890 1086 2023 1136 cwlts
2042 1094 2111 1136 est
2133 1082 2386 1152 (Philipp.
2431 1081 2528 1152 ιιι).
2563 1083 2659 1148 Qui
2683 1082 2838 1136 radiis
2861 1096 3141 1152 percussus
3162 1081 3309 1144 solis,
3341 1097 3428 1133 ar-

1889 1173 2095 1226 dentem
2143 1188 2210 1225 ex
2261 1174 2549 1238 seetnittit
2599 1173 2877 1238 fulgorem.
2940 1172 3068 1240 Quia
3125 1173 3431 1226 ccelestibut

1889 1275 2100 1327 semper
2121 1262 2354 1314 intentus
2384 1272 2682 1314 sanctorum
2706 1264 2910 1314 animus
2938 1302 2952 1324 ,
3003 1261 3168 1314 divini
3221 1263 3431 1313 luminis

1889 1353 2119 1420 quotidie
2144 1354 2304 1408 radiis
2335 1354 2631 1420 innovatus,
2657 1356 3021 1423 compunctior
3050 1356 3434 1424 quodammodo

1889 1454 2043 1513 atque
2063 1430 2328 1498 ardentior
2356 1460 2552 1512 αξιοι-ηε
2584 1447 2854 1516 perquirit,
2879 1448 3098 1515 aliisque
3123 1448 3430 1515 inquirenda

1890 1534 2092 1588 suadet.
2120 1535 2249 1588 Nam
2299 1536 2436 1604 quod
2468 1537 2518 1590 in
2574 1539 2704 1590 mari
2741 1537 2917 1591 llobro
2949 1538 3164 1604 reperiri
3219 1537 3438 1595 dicitur.

1888 1623 2149 1692 signiﬁcat
2175 1640 2266 1692 per
2299 1625 2503 1678 Domini
2534 1627 2830 1693 passionem
2859 1636 2911 1678 et
2943 1627 3078 1679 s‘acri
3110 1627 3437 1692 baptismatis

1891 1711 2153 1764 lavacrum
2185 1723 2389 1766 mentes
2420 1714 2714 1768 mortalium
2747 1715 2812 1767 ad
2855 1716 3214 1782 praesumenda
3237 1718 3426 1770 cccles-

1893 1804 1962 1857 tia
1987 1803 2281 1858 sublimiter
2308 1805 2458 1872 erigi.

1825 1878 1868 1935 Β
1963 1893 2188 1955 Tertium
2212 1896 2587 1950 cltalcedonius.
2617 1897 3001 1953 Chalcedonius
3027 1896 3175 1965 quasi
3200 1898 3330 1966 ignis
3355 1897 3433 1950 lu-

1892 1999 2066 2049 cerna;
2109 1985 2320 2053 pallenti
2375 1985 2550 2054 specie
2602 1987 2822 2050 renitet,
2877 1996 2931 2040 et
2976 1986 3131 2040 habet
3181 1988 3430 2054 fulgorem

1893 2071 1989 2125 sub
2011 2073 2127 2137 dio,
2151 2087 2252 2125 non
2284 2073 2334 2126 in
2359 2073 2532 2126 domo.
2559 2073 2672 2140 Quo
2694 2075 3118 2127 demonstrantur
3149 2076 3199 2125 hi
3224 2075 3310 2142 qui
3334 2089 3440 2127 ca:-

1893 2161 2011 2214 lesti
2045 2163 2310 2216 desiderio
2345 2165 2592 2227 subnixi,
2629 2164 2930 2217 hominibus
2963 2175 3136 2217 tamen
3167 2166 3361 2230 latent,
3387 2175 3441 2218 et

1893 2252 2042 2321 quasi
2078 2253 2128 2305 in
2150 2253 2456 2325 abscondito
2475 2295 2488 2319 ,
2512 2254 2773 2324 jejunium
2800 2295 2814 2318 ,
2846 2257 3210 2324 eleemosynas
3229 2271 3439 2322 preces-

1891 2360 1991 2411 que
2016 2358 2164 2408 suas,
2195 2354 2373 2414 agunt.
2405 2347 2506 2399 Sed
2542 2360 2659 2398 cum
2683 2387 2696 2410 ,
2726 2347 2808 2400 vel
2862 2348 3114 2398 doctrina:
3138 2387 3152 2411 ,
3210 2347 3291 2400 vel
3323 2347 3441 2400 aliis

1893 2426 2198 2486 sanctorum
2233 2435 2412 2488 usibus
2444 2436 2496 2488 in
2524 2436 2775 2490 servitute
2804 2478 2818 2502 ,
2850 2435 2914 2487 ad
2947 2436 3209 2504 publicum
3254 2451 3438 2503 proce-

1893 2523 2019 2578 dere
2065 2523 2338 2592 juhentur,
2388 2540 2506 2578 mox
2564 2524 2691 2592 quid
2736 2523 2950 2594 fulgoris
2998 2526 3138 2579 intus
3183 2528 3443 2592 gesserint

1896 2615 2204 2671 ostendunt.
2235 2612 2364 2667 Nam
2395 2613 2533 2681 quod
2563 2614 2846 2680 sculpturis
2873 2614 3135 2677 resistere,
3161 2615 3320 2666 radiis
3345 2629 3442 2666 au-

1896 2711 1999 2757 tem
2025 2703 2154 2756 solis
2178 2703 2306 2768 ictu,
2327 2703 2407 2755 vel
2431 2702 2709 2770 digitorum
2740 2703 2914 2756 attritu
2938 2704 2981 2756 si
3004 2704 3312 2768 excandeat,
3348 2719 3441 2771 pa~

1897 2793 2005 2847 leas
2029 2794 2094 2846 ad
2117 2808 2175 2847 se
2200 2808 2382 2862 rapere
2407 2793 2616 2857 dicitur,
2639 2793 2829 2846 talibus
2851 2795 3040 2848 merito
3066 2796 3305 2862 congruit
3333 2796 3441 2862 qui,

1897 2898 1926 2936 a
1965 2883 2106 2936 nullo
2140 2897 2289 2936 suam
2321 2883 2679 2935 fortitudinem
2707 2882 2842 2936 vinci
2892 2885 3255 2951 permittentes
3279 2924 3293 2947 ,
3341 2885 3440 2953 ipsi

1897 2973 2069 3038 potius
2093 2972 2384 3038 fragiliores
2415 2986 2686 3041 quousque
2718 2971 2767 3024 itt
2791 2971 2872 3025 sui
2905 2970 3445 3042 luminis'ardorisque

1891 3059 2012 3126 jura
2060 3059 2405 3127 conjungunt.
2458 3061 2532 3113 De
2555 3075 2775 3128 quorum
2807 3076 2910 3114 uno
2936 3062 3161 3128 dicitur:
3201 3061 3299 3118 Ille
3344 3075 3448 3117 erat

241 3169 388 3214 ηιια,
418 3161 688 3215 Val-torum
719 3159 1017 3212 nominibus
1050 3157 1276 3225 lapidum
1306 3197 1321 3219 ,
1353 3157 1434 3210 vel
1460 3157 1663 3224 species
1685 3156 1793 3208 vir-
1820 3192 1868 3255 c
1899 3149 2101 3200 lucerna
2124 3149 2304 3255 qrdens
2321 3155 2366 3200 et
2398 3147 2569 3200 lucens
2615 3146 2792 3255 ('Joan.
2827 3147 2904 3218 v).
2928 3150 3156 3248 .Ardens
3204 3155 3449 3208 videlicet

242 3260 418 3303 tutum
441 3290 458 3314 ,
503 3250 588 3303 vel
615 3251 744 3302 ordo
765 3289 779 3313 ,
810 3248 888 3302 vel
919 3248 1194 3301 diversitas
1217 3288 1230 3310 ,
1272 3245 1534 3299 indicatur
1557 3287 1569 3309 ,
1599 3246 1794 3314 quibus

246 3349 356 3391 tota
387 3337 678 3391 Jerusalem
710 3337 943 3391 emlestis
969 3336 1279 3391 esstruitur.
1298 3336 1518 3389 Difﬁcile
1544 3336 1682 3388 enim
1720 3346 1801 3389 est

244 3425 484 3493 singulos
523 3426 724 3478 cunctis
758 3424 946 3477 ﬂorere
1000 3425 1302 3476 virtutibus.
1337 3423 1568 3491 Denique
1601 3423 1792 3486 Isaias,

243 3530 368 3568 eum
402 3514 640 3582 ejusdem
668 3513 895 3566 civitatis
917 3521 1158 3566 ornatum
1188 3513 1547 3578 describeret,
1577 3515 1758 3565 dicens
1784 3532 1798 3566 :

244 3603 384 3656 Erre
405 3618 495 3672 ego
515 3611 734 3654 sternam
757 3616 844 3666 per
871 3600 1095 3651 ordinem
1125 3600 1319 3668 lapides
1336 3610 1449 3652 tuos
1471 3639 1486 3661 ,
1509 3608 1554 3650 et
1579 3599 1800 3667 [nntiabo

245 3704 292 3746 te
312 3693 368 3746 in
394 3690 645 3762 sapphiris
673 3689 822 3760 (Isai.
852 3688 976 3760 ων),
999 3699 1055 3742 et
1079 3689 1296 3757 reliqua,
1334 3689 1508 3741 statim
1531 3689 1676 3753 quasi
1709 3703 1800 3740 ex~

247 3796 454 3849 ponens
483 3781 742 3850 subjecit:
779 3779 1044 3833 Universos
1088 3779 1222 3846 ﬁlios
1270 3776 1377 3831 tuo's
1406 3777 1576 3831 doctos
1623 3793 1653 3828 a
1699 3777 1798 3830 Do-

243 3871 386 3921 mino
415 3868 623 3935 (lbid.).

318 3955 734 4008 Fundamentum
760 3954 1171 4024 primumjaspis.
1200 3953 1473 4021 Jaspidum
1497 3956 1656 4008 multa
1679 3965 1802 4008 sunt

244 4060 471 4114 genera.
506 4044 653 4096 Alius
702 4045 841 4095 enim
875 4044 1058 4095 viridis
1085 4042 1278 4096 coloris
1301 4080 1317 4106 ,
1351 4053 1402 4095 et
1432 4043 1625 4096 tinctus
1654 4046 1800 4110 quasi

245 4136 472 4188 floribus
518 4144 753 4202 apparet.
789 4135 932 4186 Alius
962 4132 1223 4199 smaragdi
1273 4135 1471 4186 habens
1498 4132 1804 4187 similitudi-

249 4241 373 4277 nem
404 4262 418 4285 ,
451 4223 543 4277 sed
595 4225 760 4276 crassi
794 4214 1030 4288 coloris,
1078 4238 1179 4290 quo
1217 4222 1391 4274 omnia
1440 4225 1802 4288 phantasmata

247 4315 424 4383 fugari
467 4323 760 4367 autumant.
796 4315 941 4367 Alius
996 4315 1111 4368 nive
1146 4325 1199 4368 et
1244 4329 1425 4382 spuma
1484 4317 1804 4370 mari-norum

249 4408 504 4457 iiut-tuum
529 4405 674 4471 quasi
699 4407 852 4456 utiSto
883 4406 1062 4458 colore
1084 4407 1394 4458 Ollt'lllilaflS.
1415 4407 1516 4459 Per
1537 4407 1801 4473 jaspidem

1901 3248 2110 3298 amore,
2137 3234 2315 3288 lucens
2337 3249 2600 3289 sermone.
2631 3234 2828 3290 Lumen
2857 3238 2996 3291 enim
3036 3240 3283 3296 virtutum
3331 3256 3452 3295 sua-

1900 3336 2015 3375 rum
2062 3323 2284 3377 internte
2314 3323 2582 3378 cbaritatis
2611 3325 2763 3389 oleo,
2823 3341 2888 3380 ne
2938 3326 3186 3395 deﬁciat,
3235 3345 3446 3400 semper

1906 3412 2168 3466 refovent.
2201 3413 2262 3466 Et
2285 3415 2423 3482 quod
2445 3414 2580 3483 apud
2610 3413 2933 3470 Nasamonas
2958 3457 2973 3481 ,
3002 3433 3117 3485 quas
3144 3429 3223 3472 est
3242 3419 3450 3473 Ethio-

1903 3506 2002 3572 piai
2044 3504 2310 3572 provincia
2338 3549 2354 3572 ,
2413 3510 2679 3573 nascitur,
2722 3509 2914 3562 indicat
2963 3524 3056 3564 eos
3102 3513 3201 3565 sub
3246 3513 3452 3568 ardenti

1903 3593 2108 3647 fervore
2126 3593 2428 3650 dilectionis
2453 3636 2466 3660 ,
2502 3596 2638 3651 fama
2671 3610 2842 3653 tamen
2883 3600 3105 3656 obscura
3158 3605 3310 3671 quasi
3365 3607 3447 3658 ni-

1901 3681 2074 3749 granti
2098 3693 2220 3736 cute
2249 3685 2487 3738 sordere.

1977 3770 2222 3837 Quartum
2250 3775 2570 3845 smaragdos.
2626 3778 2946 3845 Smaragdus
2976 3779 3147 3832 nimiae
3179 3781 3453 3838 viriditalis

1905 3871 1985 3914 est
2011 3901 2025 3925 ,
2080 3860 2214 3915 adeo
2255 3871 2310 3915 ut
2352 3863 2545 3918 herbas
2575 3866 2804 3919 virentes
2828 3909 2842 3934 ,
2876 3865 3189 3937 frondesque
3216 3877 3270 3923 et
3308 3884 3454 3937 gem-

1907 3964 2019 4002 mas
2047 3960 2256 4017 superet
2283 3966 2495 4020 omnes,
2529 3955 2765 4010 inﬁciens
2787 3959 2926 4011 circa
2979 3971 3036 4012 se
3079 3960 3346 4015 viriditate
3370 3976 3456 4014 re-

1909 4053 2213 4107 percussum
2234 4053 2432 4105 aerem,
2468 4046 2553 4110 qui
2592 4046 2783 4098 merito
2804 4057 2857 4098 et
2889 4047 3038 4099 viridi
3085 4048 3288 4115 proﬁcit
3317 4051 3452 4114 oleo,

1906 4136 2146 4202 quamvis
2181 4146 2362 4188 natura
2412 4138 2695 4191 imbuatur.
2732 4137 2893 4206 Cujus
2939 4153 3130 4206 genera
3189 4140 3410 4206 plurima
3443 4180 3459 4203 ,

1909 4226 2001 4278 sed
2059 4221 2347 4278 nobiliores
2395 4227 2649 4295 Scythici.
2699 4228 3002 4282 Secundum
3055 4229 3227 4282 locum
3277 4238 3456 4284 tenent

1908 4315 2450 4373 Bactriani.,'l‘ertinm
2480 4319 2734 4388 Aigyptii.
2757 4320 3030 4387 Signiﬁcat
3050 4331 3222 4375 autem
3254 4325 3455 4374 animas

1910 4407 2010 4465 fide
2047 4421 2256 4474 semper
2313 4409 2713 4473 virentes,qu.e
2764 4424 2868 4477 quo
2917 4411 3080 4477 utagis
3139 4410 3456 4464 adversitato

247 4510 377 4560 ergo
408 4494 527 4545 ﬁdei
569 4494 707 4545 viror
740 4494 1188 4548 itntnarcescibilis
1231 4495 1488 4548 indicatur
1510 4535 1528 4562 ,
1570 4512 1687 4563 qua:
1709 4497 1802 4550 do-
1839 4518 1886 4575 ο
1909 4495 2104 4557 saeculi,
2136 4511 2291 4562 quam
2324 4497 2512 4565 frigora
2543 4496 2769 4564 Scythia:
2799 4495 3106 4563 designant,
3135 4506 3405 4552 tentantur
3427 4540 3445 4564 ,

251 4583 477 4637 tuinicaa
504 4582 761 4650 passionis
790 4592 1121 4636 sacramento
1149 4597 1240 4650 per
1271 4585 1462 4636 undam
1521 4585 1806 4651 baptisma-

249 4675 317 4726 tis
369 4674 628 4727 imbuitur
652 4711 668 4738 ,
700 4681 855 4740 atque
884 4672 947 4724 ad
979 4687 1162 4726 omnes
1212 4673 1557 4741 spiritualium
1613 4679 1806 4741 gratia-

250 4779 370 4818 rum
416 4763 575 4816 flores
631 4763 1019 4829 proﬁcientibus
1066 4762 1262 4815 meritis
1315 4763 1611 4816 instruitur.
1663 4764 1806 4818 llanc

250 4851 397 4903 enim
431 4849 519 4915 qui
567 4849 846 4911 habuerit,
880 4866 1042 4903 vanos
1071 4851 1286 4905 timOres
1340 4851 1521 4920 fugat,
1558 4863 1805 4906 monente

254 4939 419 4992 beato
469 4938 626 4991 Petro
668 4941 907 5007 apostolo
951 4957 965 4992 :
1006 4943 1333 4994 Adversarius
1383 4952 1538 4994 vester
1577 4942 1808 4998 diabolus

252 5040 506 5097 tanquam
533 5029 619 5106 leo,
646 5031 849 5096 rugiens
895 5031 1090 5093 circuit,
1121 5021 1344 5100 qiuerens
1394 5049 1540 5098 quem
1586 5035 1806 5101 devoret,

253 5120 336 5173 cui
362 5119 582 5172 resistite
621 5122 773 5186 fortes
815 5122 864 5172 in
910 5121 1081 5188 ﬁdeli
1111 5121 1252 5174 Petr.
1291 5124 1362 5189 v).
1399 5123 1456 5174 Et
1486 5133 1657 5190 potest
1688 5141 1806 5179 cum

257 5221 453 5276 sponsa
487 5207 664 5259 dicere
688 5223 700 5257 :
738 5206 954 5261 Dilectus
982 5226 1116 5262 meus
1143 5212 1388 5262 candidus
1417 5219 1463 5262 et
1490 5213 1805 5268 rubicundus

259 5297 434 5367 (Cant.
454 5300 530 5365 v).
556 5297 702 5352 Unde
730 5301 916 5352 merito
941 5315 1002 5353 ex
1037 5302 1135 5354 hoc
1165 5301 1334 5367 lapide
1361 5314 1412 5353 et
1439 5302 1523 5354 hic
1548 5314 1808 5362 structura

258 5391 431 5456 muri,
464 5402 517 5444 et
561 5383 696 5457 apud
727 5389 912 5443 Isaiam
944 5392 1329 5459 propugnacula
1361 5390 1598 5458 ejusdem
1629 5396 1810 5450 civita-

261 5485 328 5536 tis
360 5485 672 5536 muniuntur
702 5485 894 5551 pariter
922 5493 972 5535 et
993 5495 1273 5537 ornantur.
1377 5473 1394 5479 ”

329 5571 632 5623 Secundum
652 5573 942 5640 sapphirus.
966 5572 1130 5640 Hujus
1148 5573 1334 5641 lapidis
1359 5575 1590 5629 colorem
1617 5580 1812 5644 pariter

262 5672 316 5715 et
352 5671 744 5715 sacramentum
777 5662 979 5732 Moyses
1005 5666 1244 5732 exposuit
1268 5704 1284 5730 ,
1312 5680 1431 5720 cum
1456 5667 1546 5723 Dei
1573 5670 1808 5725 habitum

264 5751 578 5806 describens
634 5750 836 5805 diceret
860 5770 872 5804 :
915 5753 1020 5809 Sub
1049 5755 1255 5824 pedibus
1281 5757 1388 5826 ejus
1414 5760 1558 5827 quasi
1581 5776 1703 5829 opus
1732 5761 1812 5812 la-

1909 4598 1976 4637 eo
2013 4587 2236 4650 amplius
2285 4587 2643 4640 hmreditatem
2699 4587 3184 4643 immarcescihilent
3222 4599 3275 4644 et
3300 4602 3457 4658 teter:

1905 4686 2025 4724 nam
2054 4684 2414 4727 conservatam
2445 4675 2496 4728 in
2520 4675 2668 4729 caelis
2712 4684 2765 4729 et
2795 4689 2967 4729 mente
3017 4681 3297 4746 concipere
3325 4693 3444 4747 spe-

1907 4765 2090 4829 rando,
2115 4775 2168 4818 et
2197 4765 2248 4818 in
2274 4767 2537 4834 proximos
2560 4777 2798 4835 satagunt
2820 4782 3066 4837 Spargere
3093 4770 3448 4837 praedicando.

1908 4853 2034 4918 Quae
2085 4855 2243 4907 etiam
2284 4857 2444 4909 calice
2478 4856 2760 4911 Dominicze
2792 4858 3080 4924 passionis,
3126 4867 3182 4912 et
3228 4859 3451 4918 interna:

1906 4945 2220 5012 pinguedine
2237 4950 2527 5016 cbaritatis,
2550 4968 2664 5020 quae
2691 4967 2784 5022 per
2805 4952 3061 5018 Spiritum
3083 4955 3447 5008 sanctumda-

1909 5044 1990 5086 tur
2015 5077 2028 5100 ,
2060 5036 2125 5087 ad
2155 5048 2508 5104 contemptum
2538 5043 2715 5093 mundi
2748 5042 3043 5108 proficiunt.
3101 5043 3195 5097 llis
3231 5059 3439 5112 quoque

1905 5127 2142 5196 ejusdem
2168 5132 2356 5196 lapidis
2379 5133 2542 5200 patria
2567 5136 2717 5188 tellus
2737 5135 3086 5202 pulcherrima
3105 5137 3304 5188 ratione
3329 5152 3455 5188 con-

1910 5216 2066 5286 gruit.
2124 5216 2302 5273 Tellus
2331 5219 2566 5287 locuples
2590 5264 2602 5286 ,
2647 5223 2739 5276 sed
2767 5225 3137 5280 inhabitabilis.
3170 5226 3297 5278 Nam
3328 5240 3447 5280 cum

1910 5323 2035 5360 auro
2086 5319 2138 5362 et
2165 5313 2385 5377 gemmis
2425 5312 2627 5382 affluat,
2655 5318 2880 5386 gryphes
2925 5325 3106 5372 tenent
3157 5318 3394 5370 universa
3420 5358 3440 5378 ,.

1911 5399 2059 5452 alites
2117 5400 2472 5471 ferocissimi,
2533 5408 2612 5459 vel
2659 5411 2830 5475 potius
2869 5406 2994 5459 fera:
3041 5407 3453 5463 volantes.Sunt

1911 5490 2048 5544 enim
2099 5494 2502 5562 quadrupedes,
2553 5509 2604 5551 et
2633 5512 2853 5564 corpore
2904 5498 3116 5566 quidem
3171 5498 3450 5560 leonibus,

1914 5581 2080 5647 capite
2105 5598 2228 5636 vero
2255 5594 2309 5637 et
2334 5587 2433 5639 alis
2459 5591 2648 5654 aquifis
2677 5591 2898 5643 similes.
2933 5591 3193 5657 Arimaspi
3220 5606 3333 5642 cum
3366 5590 3451 5642 his

1913 5671 2200 5735 dimicant,
2254 5676 2344 5742 qui
2385 5693 2488 5730 uno
2519 5680 2670 5732 oculo
2712 5682 2760 5733 in
2795 5679 3167 5746 frontemedia
3211 5677 3450 5734 feruntur

1917 5762 2176 5832 insignes,
2213 5773 2267 5818 ut
2309 5768 2574 5836 accipiant
2603 5770 2698 5826 hos
2731 5773 2925 5840 lapides
2955 5812 2970 5838 ,
3004 5773 3132 5825 inira
3166 5773 3453 5841 cupiditate
