3934 6222
533 299 632 352 199

954 292 1153 346 ΒΕῢπΕ
1200 292 1638 347 VFLNERABILIS
1675 290 1821 346 OPP.
1863 291 2031 345 PARS
2069 283 2354 342 ll.,SECT.
2389 282 2426 335 Ι.
2469 311 2534 321 —
2573 280 2948 336 EXEGETICA
2989 282 3302 337 GENUINA.

3615 284 3710 341 200

533 421 587 462 et
648 405 773 458 fueris
825 402 1186 472 rapit-tuitus,
1227 413 1279 455 et
1323 403 1608 470 Arimaspis
1646 401 2074 455 custotlientibus.
2105 398 2157 454 Α
2195 394 2276 446 cie
2319 392 2601 459 figurantur
2647 392 2696 444 hi
2739 393 2847 459 qui,
2881 392 3142 446 intellectu
3187 409 3429 462 superum
3477 411 3705 465 veraeque

536 500 682 552 lianc
719 497 857 548 enim
896 504 1083 547 terram
1130 496 1375 546 virtutum
1409 494 1667 545 thesauris
1693 491 2040 545 abundantem
2064 528 2077 549 ,

537 587 734 640 adierat
782 582 1081 647 Psalmista,
1116 596 1234 634 cum
1278 581 1483 633 dicebat
1508 597 1522 634 :
1551 581 1683 633 Ecce
1725 580 1951 649 clongaui
2001 578 2081 646 {u-

539 678 701 743 giens,
752 683 798 725 et
835 672 997 724 mansi
1036 672 1088 721 in
1143 671 1410 722 solitudine
1442 668 1610 737 (Psal.
1645 669 1752 736 LIV)
1780 709 1794 730 ,
1823 669 1872 720 id
1900 677 2000 729 est,
2052 679 2081 718 a

542 766 718 818 mundi
763 761 1030 814 illecebris
1067 759 1270 827 animos
1298 760 1593 830 elongando
1617 759 1873 812 subtraxi.
1904 757 1960 810 In
1989 759 2084 810 hac

469 835 480 846 .
543 857 832 911 contrarias
863 855 960 906 sibi
1018 852 1210 906 bestias
1248 854 1575 914 offenderat,
1625 867 1741 904 cum
1792 852 2083 916 irnprccans

463 1001 466 1004 .
539 948 611 999 ait
637 964 648 998 :
678 944 820 997 Muta
848 937 1123 1014 qﬁciantur
1147 942 1277 994 labia
1308 942 1482 994 dolosa
1510 982 1519 998 .
1557 957 1666 1010 quw
1697 944 1967 1006 loquuntur
1988 941 2084 989 atl-

536 1053 704 1088 versus
717 1038 914 1108 justum
960 1029 1266 1101 iniquitatlzm
1316 1032 1366 1082 in
1422 1031 1651 1097 superbia
1703 1039 1748 1080 et
1801 1037 2085 1092 contemptu

540 1123 711 1193 (Psat.
738 1123 879 1189 xxx).
905 1122 956 1172 In
991 1122 1084 1174 hac
1115 1135 1329 1189 quoque
1357 1134 1510 1187 gazas
1534 1118 1909 1171 desiderabiles
1941 1117 2085 1167 iuve-

539 1215 651 1266 nire
674 1228 730 1265 se
755 1212 1090 1277 manifestat,
1114 1210 1593 1263 cumadmiratione
1617 1208 1912 1261 delectabili
1935 1221 2086 1258 secu-

543 1314 623 1355 tus
645 1304 952 1370 adjungcret
978 1341 990 1361 ,
1025 1301 1205 1352 dicens
1231 1317 1241 1350 :
1275 1300 1435 1363 Quam
1460 1315 1640 1366 magna
1667 1298 1934 1350 multitudo
1966 1295 2086 1347 dul-

540 1394 727 1444 cedinis
760 1402 857 1444 tute
883 1432 898 1457 ,
929 1389 1138 1440 Domine
1164 1429 1176 1448 ,
1207 1404 1353 1456 quam
1394 1388 1700 1440 abscondisti
1726 1387 2008 1437 timentibus
2039 1395 2084 1436 te

544 1479 764 1548 (lb'id.),
806 1490 856 1531 et
885 1488 1072 1530 (attera
1101 1489 1262 1544 usque
1315 1477 1377 1528 ad
1417 1478 1570 1528 linem
1628 1475 1833 1541 psalmi.
1887 1475 2080 1526 Contra

550 1567 845 1634 hujusmodi
871 1567 1021 1620 alites
1044 1581 1220 1618 semen
1254 1564 1410 1616 divini
1441 1563 1582 1616 verbi
1617 1563 1767 1615 nobis
1796 1565 2081 1628 prmripere

540 1638 887 1718 anhelantes,
943 1657 1132 1721 quique
1188 1662 1485 1705 sanctorum
1545 1649 1814 1718 invigilant
1849 1648 2079 1715 simplici

2181 483 2458 548 sapientiae
2478 482 2754 548 fulgentes,
2809 482 2968 535 verba
2998 484 3378 536 exhortationis
3428 485 3478 536 in
3539 489 3709 552 proxi-

2182 588 2314 637 mos,
2351 573 2426 625 vel
2458 574 2613 625 etiam
2645 575 2892 625 virtutum
2916 574 3081 641 signa,
3115 575 3265 642 quasi
3289 577 3544 631 scintillas
3568 577 3708 643 ignis,

2181 662 2472 715 effundunt.
2504 662 2760 726 Quorum,
2792 673 2846 712 ut
2874 663 3062 714 Arat-tr
3085 665 3154 714 ait
3180 679 3194 714 :

2305 763 2545 812 Mentibus
2569 765 2708 812 instat
2725 777 2872 821 amor,
2897 767 3202 829 sermonibus
3225 774 3396 826 astuat
3419 770 3581 829 ardor,

2183 849 2318 915 quod
2351 851 2470 913 quia
2525 851 2638 903 solo
2692 847 2982 916 spiritualis
3013 850 3192 916 gratim.
3243 865 3462 904 munere
3507 853 3706 918 geritur,

2183 938 2556 991 decentissime
2586 940 2809 1002 septimo
2837 936 3173 989 fundamento
3193 922 3547 1004 chrysolithos
3569 940 3707 992 ineSt.

2187 1026 2487 1092 St-ptiformi
2513 1027 2651 1079 enim
2680 1041 2820 1093 saepe
2857 1042 3071 1078 numero
3113 1027 3248 1080 stolet
3295 1027 3523 1094 Spiritus
3561 1031 3709 1081 sancti

2192 1117 2359 1184 gratia
2391 1116 2622 1184 figurari,
2654 1116 2719 1167 de
2765 1131 2867 1182 quo
2893 1115 3288 1206 supra‘dicitar
3318 1133 3329 1166 :
3394 1114 3456 1167 Et
3485 1131 3515 1165 α
3541 1126 3708 1184 septem

2185 1206 2437 1269 spiritibus
2467 1205 2553 1272 qui
2581 1206 2632 1255 in
2678 1213 2944 1270 conspectu
2965 1205 3128 1256 throni
3158 1206 3267 1273 ejus
3296 1216 3412 1256 sunt
3449 1205 3619 1274 (Apoc.
3653 1209 3709 1271 ι).

2187 1293 2280 1345 (lui
2303 1294 2477 1345 sensui
2508 1302 2761 1345 consonat
2787 1293 2941 1345 etiam
2971 1293 3069 1345 hoc
3095 1294 3231 1361 quod
3255 1293 3492 1362 ejusdem
3540 1295 3712 1362 lapidis

2187 1397 2351 1450 genus
2375 1383 2630 1449 quoddam
2655 1383 2863 1436 czerulei
2906 1383 3189 1450 viridisque
3218 1384 3408 1436 coloris
3446 1385 3708 1438 invenitur.

2187 1472 2336 1528 Unde
2363 1481 2414 1524 et
2439 1473 2575 1539 apud
2611 1472 2877 1536 llcbrmos,
2911 1489 2938 1524 a
2962 1473 3144 1524 marini
3166 1473 3362 1526 coloris
3390 1473 3708 1527 similitudine

2188 1562 2378 1613 tharsis
2403 1561 2715 1627 appellatur.
2736 1559 2889 1614 Viror
2911 1563 3098 1628 quippe
3120 1562 3184 1613 ad
3207 1562 3554 1628 integritatem
3581 1563 3708 1625 fidei,

2192 1665 2309 1716 qua:
2341 1651 2542 1702 initium
2575 1645 2845 1718 sapientiae
2875 1650 3085 1713 dicitur,
3116 1666 3243 1717 aqua
3277 1664 3402 1704 vero
3444 1652 3630 1718 tropice
3653 1654 3706 1703 ad

547 1762 638 1814 per
662 1747 874 1800 cmleste
903 1720 1221 1798 desiderium
1257 1744 1545 1796 intentione
1572 1783 1585 1807 ,
1618 1741 1765 1809 quasi
1798 1756 1900 1793 uno
1929 1741 2081 1792 oculo
2116 1720 2156 1777 Β
2190 1740 2444 1805 Spiritum
2492 1748 2728 1793 sanctum
2786 1742 3028 1806 pertinet,
3077 1741 3298 1793 Domino
3331 1751 3599 1795 attestaute
3631 1743 3708 1808 qui

543 1834 854 1895 admirandi,
890 1841 940 1883 ιιι
972 1847 1230 1898 gemmam
1259 1831 1376 1883 fidei
1402 1841 1818 1894 caeterarutnque
1836 1827 2081 1880 virtutum

545 1923 861 1988 investigare
905 1931 959 1972 et
1013 1919 1244 1971 effudere
1270 1927 1484 1985 queant.
1535 1917 1651 1982 Quo
1700 1918 1837 1969 enim
1866 1930 2085 1983 qumque

543 2013 706 2063 virtus
737 2011 928 2063 celsior
949 2019 1026 2060 est
1046 2048 1060 2070 ,
1095 2023 1155 2061 eo
1181 2009 1448 2075 pauciores
1482 2007 1639 2060 habet
1663 2007 1894 2060 coltores
1917 2045 1932 2069 ,
1965 2021 2085 2073 gra-

542 2091 844 2168 vioremque
899 2100 963 2151 ab
1015 2099 1296 2151 immundis
1357 2097 1624 2164 spiritibus
1667 2098 2084 2166 persecutionem

542 2188 732 2241 tulerat
755 2227 771 2250 ,
800 2187 885 2254 qui
940 2188 1077 2239 velut
1105 2187 1329 2253 gryphas
1355 2186 1602 2239 horrendi
1652 2185 1959 2236 meritorum
1991 2185 2083 2235 de-

539 2267 1112 2341 jcctitine'tcrrestres,
1146 2275 1235 2326 sed
1279 2275 1517 2340 superba:
1564 2273 1755 2326 mentis
1809 2273 2088 2325 altitudine

540 2366 782 2416 volucres
802 2402 815 2425 ,
847 2362 1059 2415 divitias
1091 2363 1391 2429 Spirituales
1420 2378 1522 2416 non
1553 2349 1656 2415 sibi
1689 2363 1754 2414 ad
1782 2376 1929 2414 usum
1964 2375 2086 2429 pos.

544 2455 716 2507 sidere
744 2495 758 2519 ,
789 2454 876 2506 sed
913 2453 1451 2520 horninibusauferre
1483 2453 1742 2507 indefesso
1769 2453 1947 2505 labore
1993 2452 2088 2504 de-

544 2553 766 2597 certant.
803 2543 865 2596 Et
890 2545 1006 2612 quia
1035 2553 1174 2595 tanta
1216 2544 1332 2595 fidei
1383 2530 1677 2602 sublimitas
1728 2555 1819 2607 per
1854 2540 2091 2607 Evange-

542 2633 664 2686 lium
713 2631 906 2686 mundo
942 2633 1184 2696 innotuit,
1220 2644 1370 2701 apte,
1403 2642 1614 2701 propter
1641 2640 1865 2699 quatuor
1914 2631 2086 2684 Evan-

543 2725 663 2790 gelii
699 2724 858 2776 libros
884 2763 897 2785 ,
926 2734 1111 2790 quarto
1140 2725 1255 2777 loco
1278 2723 1584 2790 smaragdos
1614 2722 1847 2791 ponitur.

617 2813 858 2877 Quintum
885 2814 1159 2880 sttrdonyx.
1195 2812 1288 2863 llic
1315 2825 1377 2863 ex
1406 2814 1609 2877 onyclte
1644 2811 1962 2878 candorem,
2022 2826 2087 2865 ex

547 2903 723 2955 sardio
751 2905 999 2956 ruborem
1055 2902 1269 2953 trahens
1294 2943 1307 2967 ,
1332 2902 1396 2952 ab
1427 2911 1642 2971 utroque
1673 2914 1862 2954 nomen
1909 2901 2092 2954 sardo-

478 2989 480 2991 ’
549 2993 733 3062 nychis
781 2994 1004 3061 accepit.
1035 2991 1167 3046 Sunt
1195 3002 1368 3044 autem
1420 3005 1613 3058 genera
1664 2991 1777 3059 ejus
1839 2991 2083 3065 plurima.

546 3085 693 3136 Alius
720 3083 856 3136 enim
888 3091 1044 3135 terra:
1068 3082 1240 3134 rubrze
1266 3081 1658 3133 similitudinem
1693 3091 1856 3135 tenet.
1891 3083 2040 3135 Alius
2066 3123 2080 3145 ,

545 3173 694 3237 quasi
727 3187 816 3238 per
845 3173 1124 3224 hmnanum
1171 3185 1392 3237 unguem
1433 3171 1646 3240 sanguis
1675 3172 1872 3245 enimat
1896 3211 1912 3239 ,
1947 3172 2083 3225 bico-

550 3260 631 3312 lor
655 3267 887 3327 apparet.
925 3259 1066 3312 Alius
1093 3259 1259 3311 tribus
1287 3260 1566 3322 coloribus,
1595 3261 1859 3314 subtcrius
1902 3262 2049 3330 nigro
2071 3305 2084 3328 ,

549 3353 721 3405 medio
750 3353 997 3415 candido,
1040 3353 1281 3419 superius
1308 3353 1488 3414 minio,
1521 3353 1784 3406 consistit.
1823 3352 1917 3405 Cui
1944 3368 2088 3406 corn-

548 3451 796 3509 paranlur
859 3443 1129 3506 homines,
1186 3445 1425 3510 corporis
1475 3443 1716 3511 passione
1771 3442 2084 3504 rubicundi,

542 3531 756 3596 spiritus
805 3535 1025 3596 puritate
1083 3533 1286 3585 candidi
1317 3573 1329 3594 ,
1376 3535 1466 3584 sed
1521 3534 1710 3586 mentis
1759 3533 1965 3584 sibimet
1998 3533 2089 3582 hu-

549 3616 769 3669 militate
797 3619 1027 3684 despecti
1059 3658 1071 3680 ,
1108 3633 1224 3670 cum
1273 3620 1510 3682 apostolo
1543 3627 1891 3685 protestantes
1918 3636 1929 3668 :
1979 3619 2087 3670 Etsi

544 3708 771 3759 catenior
801 3710 956 3759 homo
987 3717 1161 3760 noster
1188 3709 1539 3775 eorrutnpitur
1560 3748 1574 3769 ,
1625 3710 1711 3758 sed
1744 3716 1911 3759 tamen
1957 3709 2085 3760 inte-

542 3799 645 3848 rior
675 3806 942 3849 renovatur
968 3799 1026 3849 de
1058 3798 1137 3849 die
1164 3799 1210 3849 in
1236 3799 1362 3849 diem
1393 3794 1479 3859 (ll
1508 3796 1624 3848 Cor.
1657 3798 1750 3863 tv).
1789 3798 1850 3849 Et
1879 3798 2084 3849 iterum:

547 3887 690 3939 Nihil
722 3889 841 3939 mihi
868 3891 1095 3940 conscius
1126 3905 1235 3938 sunt
1261 3928 1274 3950 ,
1323 3890 1405 3939 sed
1434 3903 1532 3938 non
1566 3889 1614 3938 iu
1643 3887 1736 3938 hoc
1777 3889 2088 3956 justiﬁcatus

544 3993 652 4028 sum
692 3976 739 4044 (1
782 3975 900 4029 Cor.
949 3979 1041 4043 tv).
1092 3977 1319 4043 Itemque
1351 3978 1618 4028 Psalntista
1649 3993 1659 4025 ε
1695 3976 1988 4042 Quanquam
2018 3971 2086 4027 in

543 4068 758 4135 imagine
813 4068 904 4118 Dci
961 4069 1177 4119 ambulet
1230 4064 1569 4132 ltomo(Psal.
1616 4069 1860 4131 xxxVItt),
1892 4066 1938 4115 id
1970 4077 2085 4129 est,

556 4153 622 4205 de
659 4155 849 4206 virtute
881 4156 1088 4216 mentis,
1123 4164 1283 4206 tamen
1313 4170 1435 4204 vane
1481 4154 1846 4205 contttrbabitnr
1879 4151 2083 4221 (Ibid.),

551 4241 599 4291 id
628 4251 709 4293 est
735 4284 748 4303 ,
783 4244 845 4294 de
879 4242 1177 4293 infirmitate
1212 4242 1404 4294 carnis.
1436 4243 1559 4305 Qua:
1595 4245 1840 4309 quoniam
1873 4253 1928 4296 et
1972 4258 2087 4309 pas-

2187 1832 2256 1882 ait
2291 1847 2302 1880 :
2333 1830 2426 1894 Qui
2456 1832 2612 1881 credit
2655 1832 2709 1882 in
2737 1846 2832 1896 me,
2859 1831 2984 1882 sicut
3030 1831 3150 1882 dicit
3188 1830 3476 1897 Scriptura,
3519 1831 3709 1897 [lumina

2187 1922 2250 1974 de
2291 1932 2454 1973 rentre
2492 1925 2599 1990 ejus
2645 1925 2799 1990 [luent
2844 1936 2988 1989 aquae
3013 1921 3149 1972 vim.
3205 1919 3315 1973 Hoc
3351 1931 3514 1973 autem
3539 1921 3710 1972 dicebat

2186 2012 2248 2061 de
2296 2010 2519 2075 Spiritu,
2571 2026 2716 2077 quem
2759 2009 3010 2077 accepturi
3053 2016 3189 2062 erant
3232 2008 3479 2061 credentes
3525 2008 3571 2059 in
3613 2025 3711 2060 cum

2146 2116 2150 2121 -
2188 2098 2362 2168 (Ιοαη.
2384 2099 2499 2168 νιι).

2267 2189 2509 2240 Octavum
2558 2188 2782 2242 berillus.
2824 2187 3052 2241 Berillus
3107 2193 3187 2240 est
3236 2186 3386 2254 quasi
3435 2185 3708 2238 consideres

2189 2290 2373 2342 aquam
2403 2276 2529 2328 solis
2586 2273 2790 2343 fulgore
2818 2287 3142 2342 percussam,
3175 2272 3520 2325 rubicundum
3549 2286 3606 2324 ac
3629 2272 3707 2324 dc-

2191 2379 2372 2419 corum
2400 2364 2620 2417 reddere
2650 2362 2902 2416 colorem.
2931 2357 3035 2416 Sed
3069 2377 3172 2415 non
3201 2360 3378 2429 fulget,
3413 2361 3505 2414 nisi
3534 2361 3579 2413 in
3605 2375 3706 2414 ses-

2194 2456 2432 2524 angulam
2501 2455 2720 2508 formam
2765 2455 3010 2522 poliendo
3061 2453 3332 2522 figuretur.
3378 2452 3704 2519 Repcrcussus

2189 2546 2326 2600 enim
2364 2547 2670 2612 angulorum
2721 2547 2967 2614 splendor
3021 2546 3160 2600 illius
3201 2544 3424 2599 acuitur.
3462 2543 3704 2613 Signifir-at

2190 2646 2364 2690 autem
2394 2637 2634 2691 homines
2661 2637 2867 2705 ingenio
2891 2637 3099 2704 quidem
3127 2651 3362 2707 sagaces,
3393 2637 3480 2690 sed
3503 2634 3704 2702 amplius

2191 2739 2432 2791 superna:
2460 2727 2640 2792 gratiae
2672 2727 2866 2778 lumine
2895 2725 3229 2794 refulgentes.
3258 2723 3388 2777 Nam
3415 2725 3544 2791 quod
3569 2737 3703 2788 aqua,

2191 2829 2379 2868 sensus
2405 2815 2734 2869 altitudinem
2760 2816 3018 2884 designet,
3051 2815 3295 2869 Salomon
3339 2816 3481 2870 testis
3510 2822 3604 2880 est,
3628 2813 3705 2880 qui

2190 2905 2263 2960 ait
2294 2925 2306 2958 :
2333 2907 2473 2970 Aqua
2501 2907 2757 2975 profunda
2785 2908 2930 2958 verba
2958 2922 3021 2958 ex
3051 2921 3134 2959 ore
3150 2906 3241 2958 uiri
3265 2904 3526 2974 (Proverb.
3551 2902 3702 2968 artu).

2174 2998 2296 3071 [Sed
2332 3013 2432 3051 non
2461 3007 2539 3049 est
2570 2998 2785 3065 perfecti
2817 2996 3032 3064 fulgoris
3081 2995 3164 3048 vel
3193 2977 3418 3047 humana
3459 2994 3537 3047 vel
3563 2996 3702 3047 etiam

2191 3087 2361 3138 divina
2391 3086 2664 3151 sapientia,
2700 3086 2796 3138 nisi
2828 3100 3041 3152 operum
3080 3098 3288 3152 quoque
3315 3093 3367 3136 et
3399 3096 3703 3136 consumma-

2193 3167 2263 3228 tio
2294 3175 2654 3230 subnectatur.
2682 3174 2807 3228 Nam
2841 3175 3049 3229 senario
3077 3188 3434 3241 stepcnumero
3476 3171 3702 3240 perfectio

2188 3267 2492 3335 designatur
2539 3267 2778 3331 actionis,
2829 3248 3058 3319 maxime
3109 3279 3227 3316 cum
3288 3265 3340 3315 in
3372 3263 3464 3316 hoc
3509 3276 3704 3314 numero

2192 3358 2368 3410 mttudi
2402 3357 2555 3424 hujus
2587 3357 2656 3409 sit
2704 3370 2834 3423 opus
2878 3365 3320 3409 consummatum.
3357 3353 3597 3419 Quodque
3640 3362 3706 3402 te-

2192 3447 2362 3500 nentis
2389 3462 2596 3499 manum
2632 3446 2853 3500 adurere
2898 3429 3106 3508 dicitur,
3158 3446 3333 3511 procul
3388 3444 3539 3497 dubio
3582 3450 3704 3506 patet

2192 3537 2308 3603 quia
2335 3536 2570 3604 quisquis
2600 3545 2781 3588 sancto
2818 3536 2931 3590 viro
2958 3536 3313 3603 coniungitur,
3340 3535 3450 3602 ejus
3478 3522 3701 3586 nimirum

2190 3626 2342 3677 bona:
2369 3625 2788 3676 conversationis
2812 3625 2929 3690 igne
2955 3635 3241 3676 recreatur.

2261 3711 2468 3764 Nonum
2493 3715 2734 3781 topazius.
2789 3713 3044 3781 Topazius
3077 3713 3206 3780 lapis
3253 3722 3499 3782 quantum
3528 3712 3698 3763 iuren-

2192 3800 2330 3875 tione
2360 3816 2527 3863 rarus,
2560 3809 2759 3853 tantum
2812 3803 3063 3855 mercium
3121 3801 3420 3869 quantitate
3465 3801 3702 3874 pretiosus

2191 3899 2290 3941 est.
2325 3890 2422 3952 Qui
2454 3890 2583 3943 duos
2637 3890 2830 3944 habere
2879 3891 3047 3944 fertur
3094 3893 3302 3944 colores
3341 3909 3354 3942 :
3405 3905 3558 3944 unum
3605 3887 3703 3939 auri

2190 3981 2473 4045 purissimi,
2521 3991 2571 4034 et
2602 3982 2822 4034 alterum
2853 3983 3078 4035 zelherea
3111 3984 3356 4037 claritate
3388 3983 3702 4036 relucentem.

2192 4070 2455 4136 Pinguedo
2487 4085 2658 4134 rosea,
2689 4071 3088 4136 verecundaque
3107 4073 3327 4136 puritas,
3357 4073 3546 4124 vicinus
3565 4069 3702 4135 lapidi

2191 4158 2540 4227 chrysoprase
2569 4159 2929 4227 magnitudine
2969 4160 3050 4211 vel
3083 4160 3282 4224 colore,
3336 4161 3453 4228 quia
3503 4159 3706 4211 maxime

2192 4239 2391 4312 lampas
2446 4261 2562 4299 cum
2612 4248 2737 4300 solis
2789 4246 3073 4319 splendore
3124 4249 3436 4313 percutitur,
3490 4242 3700 4297 omnium

553 4329 628 4381 sio
672 4331 721 4381 iu
761 4331 995 4399 Corporis
1027 4332 1330 4384 infirmitate
1359 4340 1628 4383 versatur:
1663 4332 1761 4394 Qui
1793 4335 1920 4383 enim
1954 4335 2083 4384 occi-
2118 4365 2162 4422 Β
2193 4350 2511 4402 gemmarum
2563 4349 2819 4400 superans
2876 4335 3284 4403 pretiosissimas
3328 4333 3608 4395 claritates,
3657 4330 3702 4382 in

547 4419 675 4470 dunt
705 4435 904 4486 corpus,
940 4424 1156 4473 animum
1182 4419 1278 4497 noli
1299 4433 1500 4492 possunt
1526 4425 1747 4476 occidere
1777 4424 1927 4490 (Luc.
1957 4426 2081 4491 xu);

555 4520 611 4563 et
642 4511 907 4562 humilitas
936 4513 998 4562 de
1025 4513 1257 4579 ejusdem
1286 4516 1519 4580 corporis
1565 4513 1843 4579 fragilitate
1869 4514 2085 4566 desern-

547 4599 652 4660 dit,
686 4613 802 4650 cum
833 4599 1053 4651 dicitur:
1085 4599 1277 4667 Infelix
1302 4617 1394 4668 ego
1423 4602 1568 4653 homo
1593 4644 1607 4662 ,
1635 4604 1743 4669 quis
1768 4621 1841 4655 mc
1865 4604 2088 4655 liberabit

548 4691 607 4740 de
635 4705 836 4751 corpore
863 4691 1030 4742 mortis
1060 4690 1208 4759 hujus
1238 4689 1410 4758 (llam.
1445 4693 1554 4755 vn).
1606 4691 1763 4744 Recte
1815 4693 2072 4758 sartlttnyx

551 4780 727 4841 quinto
771 4777 1107 4832 fundamento
1155 4781 1432 4842 inseritur,
1467 4794 1583 4828 nam
1631 4794 1818 4844 corpus
1846 4790 2080 4830 nostrum

550 4871 773 4937 quinque
804 4873 1042 4923 sensibus
1089 4875 1372 4925 subsistere
1402 4882 1600 4924 certum
1636 4882 1737 4924 est.

618 4957 820 5010 Sextum
870 4960 1086 5012 sat-dius.
1122 4960 1351 5024 Sat-dius,
1383 4959 1468 5021 qui
1489 4975 1549 5011 ex
1579 4962 1782 5028 integro
1812 4962 2081 5030 sanguinei

553 5039 742 5098 coloris
774 5057 881 5111 est,
925 5045 1208 5114 martyrum
1263 5048 1482 5114 gloriam
1529 5049 1819 5115 significat,
1873 5051 1937 5103 de
1983 5067 2082 5115 qua

551 5132 736 5186 dicitur
769 5153 781 5186 :
819 5135 1042 5186 Pretiosa
1097 5138 1147 5184 in
1199 5147 1461 5198 conspectu
1512 5135 1711 5188 Domini
1737 5155 1868 5190 mors
1889 5152 2084 5191 δανιεό-

550 5238 654 5273 runt
681 5228 785 5290 ejus
815 5225 982 5291 (Psal.
1014 5221 1157 5289 cxv).
1191 5223 1370 5274 Merito
1394 5236 1541 5276 sexto
1571 5226 1684 5278 loco
1717 5229 1934 5293 positus,
1965 5243 2083 5280 cum

553 5319 797 5371 l-iotninus
826 5328 1002 5371 noster
1027 5327 1081 5369 et
1111 5327 1257 5368 sexta
1288 5328 1438 5368 aetate
1466 5319 1638 5369 saaculi
1692 5321 2009 5383 incarnatus,
2034 5329 2087 5374 ct

550 5419 692 5460 sexta
727 5408 850 5461 feria
880 5409 944 5460 sit
979 5423 1070 5471 pro
1119 5407 1273 5457 totius
1309 5409 1483 5459 mttndi
1517 5409 1683 5460 salute
1713 5411 2012 5462 crucifixus.

623 5497 660 5549 S
692 5499 898 5561 ptimum
947 5495 1299 5564 cltrysolitltus.
1346 5498 1710 5565 Chrysolithus
1761 5499 1894 5563 lapis
1941 5496 2085 5564 quasi

557 5599 735 5637 aurum
766 5587 944 5654 fulget,
979 5586 1228 5657 scintillas
1261 5585 1453 5638 habens
1482 5586 1743 5641 ardentes.
1768 5585 1933 5654 Cujus
1965 5598 2085 5651 spe-

2191 4432 2458 4486 aSpectum
2507 4437 2655 4474 suum
2717 4423 3050 4491 singulatiter
3104 4437 3399 4491 promcans
3457 4423 3702 4476 oculorum

2189 4510 2575 4573 cupidissimum
2629 4513 2964 4577 Voluptatetn‘.
3017 4514 3182 4577 Quem
3232 4514 3278 4564 si
3339 4513 3498 4578 polire
3551 4509 3700 4568 velis,

2187 4601 2473 4662 obscuras;
2519 4602 2560 4651 si
2603 4609 2798 4651 naturze
2848 4601 3077 4667 propriae
3134 4601 3438 4668 relinquas,
3488 4597 3700 4651 irradiat.

2187 4689 2281 4741 llic
2313 4688 2518 4755 regibus
2549 4690 2671 4755 ipsis
2724 4689 2888 4742 fertur
2921 4705 3035 4743 esse
3067 4691 3354 4752 mirabilis,
3387 4700 3441 4743 ut
3479 4691 3605 4742 inter
3629 4689 3696 4740 di-

2189 4777 2340 4828 vitias
2385 4790 2505 4828 suas
2553 4777 2677 4828 nihil
2729 4793 2785 4844 se
2837 4779 3006 4832 simile
3065 4780 3337 4846 possidere
3385 4784 3700 4847 cognoscant.

2188 4865 2346 4931 Cujus
2392 4865 2740 4930 pulcherrima
2787 4879 2988 4920 natura:
3037 4870 3258 4935 qualitas
3309 4867 3704 4933 contemplativa:

2188 4957 2305 5008 vitae
2328 4956 2503 5007 decori
2536 4956 2839 5021 dignissime
2867 4964 3218 5022 comparatur.
3241 4956 3383 5009 lianc
3410 4957 3543 5010 enim
3571 4969 3704 5022 rcges

2189 5044 2370 5104 sancti,
2405 5059 2624 5109 quorum
2673 5059 2763 5096 cor
2794 5054 2876 5097 est
2915 5045 2965 5096 in
2998 5059 3150 5096 manu
3181 5046 3290 5109 Dei,
3327 5047 3529 5099 cunctis
3554 5045 3703 5096 bono-

2190 5147 2299 5182 rum
2331 5146 2543 5194 cperunt
2567 5131 2782 5196 divitiis,
2812 5133 3167 5200 turiversisque
3198 5137 3448 5186 virtutum
3480 5131 3701 5199 gemmis,

2192 5219 2377 5270 merito
2409 5221 2713 5286 praeferunt,
2747 5222 2796 5272 in
2828 5236 2940 5274 eam
2969 5224 3197 5276 maxime
3227 5239 3372 5290 pura:
3401 5236 3508 5274 sua:
3535 5223 3705 5274 mentis

2192 5309 2430 5360 intuitum
2464 5311 2737 5376 aciemque
2765 5310 3072 5378 dirigentes,
3124 5322 3271 5364 tanto
3301 5311 3566 5363 ardentius
3607 5325 3704 5363 cm-

2190 5399 2333 5451 lcstis
2365 5400 2482 5449 vitae
2512 5399 2837 5455 dulcedinem
2859 5403 3036 5454 animo
3056 5401 3498 5467 complectentes,
3534 5411 3707 5468 quanto

2191 5488 2513 5555 frequentius
2535 5505 2772 5554 superna:
2802 5499 2980 5559 gratiae
3009 5490 3200 5544 fuerint
3223 5490 3507 5556 splendore
3541 5507 3704 5559 reper-

2192 5580 2349 5632 cussi.
2376 5579 2578 5634 llabcut
2605 5596 2728 5648 ergo
2774 5583 2936 5636 sancti
2968 5581 3064 5635 viri
3114 5594 3334 5632 aureum
3381 5581 3606 5636 colorem
3653 5594 3706 5633 es
