3934 6222
259 356 360 407 901

1166 345 1590 402 [ΧΡιΑΝΑτιο
1630 341 2101 398 APOCALYPSIS.
2142 371 2208 382 —
2248 342 2373 394 LIB.
2418 341 2500 395 Ill.

3352 341 3456 393 20?.

258 468 479 518 interna:
511 464 714 516 flamma
762 460 1049 522 cbaritatis,
1091 458 1285 511 habent
1329 467 1380 509 et
1411 457 1697 510 :ethereum
1733 467 1799 507 ex
1837 454 1886 513 Α
1913 453 2112 518 Quibus
2137 452 2278 504 onmi
2304 450 2533 505 custodit
2564 449 2894 504 discretionis
2921 463 3013 503 cor
3061 464 3269 504 scrvare
3324 469 3454 518 pra:-

255 566 502 619 superne
529 550 972 618 contemplatione
1009 547 1324 599 dulcedinis.
1356 544 1454 610 Qui
1484 559 1623 612 stepe
1675 557 1809 610 prte-

255 646 429 698 sentis
472 643 651 696 saeculi
702 641 932 702 turbine,
963 636 1108 691 velut
1141 634 1327 688 attritu
1373 635 1532 699 limae,
1583 633 1807 687 vilescit.

255 735 373 790 Non
395 734 533 787 enim
563 732 714 785 facile
747 738 919 798 potest
949 727 1157 781 animus
1197 741 1301 778 uno
1348 725 1638 791 eodemque
1689 737 1809 775 mo-

259 831 443 875 mento
469 819 692 876 terrenis
721 817 1006 878 laboribus,
1037 814 1307 877 aerumnis,
1340 813 1584 879 curisque
1613 818 1667 863 et
1717 811 1810 862 do-

257 915 480 978 loribus,
505 912 648 981 angi,
679 919 732 964 et
755 911 840 962 illa
863 906 1095 962 caelestis
1122 907 1243 958 vita:
1278 903 1482 972 gaudia,
1516 900 1808 971 tranquillae

255 1006 454 1059 mentis
482 1011 618 1057 statu
642 1002 929 1055 delectatus
958 997 1188 1061 intueri;
1213 997 1337 1064 quin
1387 994 1558 1062 potius
1587 990 1809 1058 ingemi-

252 1091 462 1147 scendo
492 1091 780 1156 proclamat
815 1107 827 1140 ε
862 1086 1114 1139 Turbatus
1163 1095 1256 1148 est,
1296 1083 1557 1149 inquiens,
1583 1096 1688 1148 pra:
1734 1079 1811 1131 ira

249 1183 434 1237 oculus
474 1198 631 1243 meus,
686 1178 957 1232 inveteravi
1008 1179 1139 1230 inter
1187 1190 1358 1228 omnes
1405 1173 1630 1226 inimicos
1678 1185 1810 1222 meos

256 1275 432 1343 (Psal.
477 1274 577 1342 vt).
612 1271 760 1337 Quod
796 1285 920 1323 vero
951 1270 1002 1321 in
1035 1267 1206 1320 insula
1237 1265 1526 1327 Thebaide,
1558 1278 1673 1331 quat
1699 1262 1806 1315 To-

254 1364 444 1434 pazion
473 1364 785 1433 appellatur,
811 1362 950 1414 unde
975 1367 1026 1411 et
1059 1359 1169 1424 ipse
1193 1370 1386 1409 nomen
1411 1354 1633 1420 accepit,
1663 1353 1808 1404 inve-

253 1459 358 1510 niri
387 1456 602 1520 dicitur,
628 1452 908 1520 dupliciter
932 1446 1334 1514 intelligendum
1361 1455 1463 1509 est,
1491 1443 1613 1509 quia
1646 1454 1696 1495 et
1723 1443 1809 1495 ille

252 1551 540 1618 pmcipue,
575 1544 625 1598 id
675 1552 774 1603 est,
806 1541 1175 1610 Egyptiorum
1224 1539 1486 1605 regiones,
1521 1534 1806 1586 monacho-

251 1653 373 1692 rum
413 1635 660 1703 gregibus
684 1631 976 1694 abundent,
1004 1637 1058 1682 et
1105 1629 1405 1695 quicunque
1436 1625 1542 1678 Soli
1589 1623 1807 1691 justitite

250 1726 469 1780 vicinus
501 1721 835 1785 habitaverit,
860 1718 1072 1773 aetherei
1098 1718 1342 1769 nimirum
1374 1715 1584 1768 luminis
1605 1713 1804 1782 fulgore

1913 547 2125 614 cipitur,
2155 560 2220 598 ne
2246 544 2329 597 vel
2379 544 2536 596 nimia
2585 558 2774 596 sensus
2826 542 3116 596 subtilitate
3171 543 3451 604 callentes,

1913 637 2101 690 altiora
2131 651 2188 688 se
2217 649 2456 703 qua'rere
2497 643 2552 686 et
2595 634 2804 686 fortiora
2857 649 2912 686 se
2962 633 3182 686 scrutari
3232 633 3458 686 audeant

1915 726 2100 795 (Eucti.
2131 725 2231 793 tu).
2267 725 2444 778 GiOria
2472 725 2609 777 enim
2654 724 2855 776 Domini
2887 725 3063 777 celare
3110 724 3350 784 verbum,
3404 723 3454 776 id

1911 826 2010 881 est,
2035 827 2184 870 caute
2211 817 2276 868 de
2311 816 2416 867 Dco
2437 815 2514 868 vel
2541 814 2751 867 homine
2795 814 3006 867 Christo
3058 814 3449 880 philosophari;

1912 909 2004 960 vel.
2038 922 2246 969 rursum
2297 905 2500 959 desidia
2535 914 2778 972 torpente
2808 905 2870 955 ad
2905 905 3111 956 infirma
3161 904 3273 955 fidei
3307 904 3454 956 initia

1913 1005 2067 1062 atque
2094 996 2353 1048 elementa
2402 993 2604 1046 exordii
2635 1008 2940 1046 sermonum
2994 992 3082 1044 Dei
3129 992 3451 1044 relabantur.

1911 1086 2044 1150 Quin
2077 1089 2244 1152 potius
2270 1087 2344 1136 via
2377 1086 2514 1152 regia
2542 1084 2863 1152 gradientes,
2896 1101 2925 1137 a
2959 1084 3187 1137 dexteris
3228 1094 3275 1134 et
3309 1098 3336 1135 a
3386 1085 3460 1135 si-

1911 1176 2091 1227 nisttis
2123 1190 2214 1240 per
2247 1190 2387 1226 arma
2417 1175 2634 1242 iustitia:
2679 1175 2828 1227 tutati
2882 1176 3164 1242 procedant
3195 1173 3278 1242 (11
3332 1173 3453 1228 Cor.

1910 1264 2006 1332 vr),
2038 1275 2262 1334 aptaque
2291 1267 2546 1333 temporis
2575 1266 2907 1320 observantia
2931 1282 3046 1318 cum
3080 1254 3215 1320 emlo
3268 1268 3453 1329 faciem

1912 1364 2190 1419 mutantes,
2221 1357 2328 1409 suis
2377 1357 2817 1423 inspe'ctatoribus
2867 1357 3042 1409 dicant
3089 1375 3100 1408 :
3155 1357 3271 1410 Sive
3323 1359 3457 1410 enim

1910 1455 2066 1497 mente
2094 1448 2374 1499 excedimus
2399 1446 2526 1514 Deo,
2550 1449 2648 1500 sive
2676 1448 2828 1501 sobrii
2872 1461 3038 1499 sumus
3067 1448 3198 1500 vobis
3227 1447 3308 1517 (Η
3335 1450 3449 1500 Cor.

1909 1536 1984 1598 ν).
2017 1533 2178 1598 Quasi
2212 1535 2525 1603 hyacinthus
2556 1538 2733 1590 nttbilo
2776 1539 3144 1595 circumdatus,
3181 1540 3407 1604 loquitur
3438 1555 3452 1590 :

1911 1625 2028 1678 Non
2055 1629 2406 1694 angustiamini
2438 1629 2490 1679 in
2521 1630 2676 1689 nobis,
2702 1630 3059 1692 angiusti'amini
3077 1640 3240 1681 autem
3276 1630 3326 1682 in
3372 1631 3460 1682 vi-

1851 1755 1864 1768 .
1908 1716 2307 1769 sceribttsvestris
2337 1715 2423 1785 (II
2464 1715 2578 1768 Cor.
2609 1717 2704 1785 vi).
2751 1717 2810 1769 Et
2843 1719 3074 1778 iterum:
3125 1719 3273 1772 Nihil
3322 1722 3456 1773 enim

249 1817 545 1871 coleretur.
579 1815 644 1868 Et
671 1813 886 1881 pulchre
914 1812 1050 1865 sient
1102 1811 1151 1863 iti
1180 1818 1366 1863 octavo
1395 1807 1579 1859 ordine
1622 1807 1804 1858 activa:
1839 1788 2129 1870 Bjudicavi
2147 1823 2221 1858 me
2240 1807 2365 1858 scire
2379 1807 2504 1858 inter
2528 1823 2630 1869 vos,
2655 1807 2749 1860 nisi
2772 1806 3020 1860 Christum
3039 1805 3232 1869 Jesum,
3253 1817 3296 1859 et
3317 1808 3452 1861 hunc

247 1907 382 1960 vitae
411 1905 686 1972 perfectio,
745 1904 820 1955 sic
851 1901 902 1954 in
951 1914 1094 1953 nono
1144 1897 1484 1966 speculativze
1534 1892 1806 1946 suavitatis

249 2009 462 2063 gemma
497 1993 727 2057 ponitur.
768 1991 888 2044 Sive
918 1991 1038 2053 quia
1096 2001 1285 2040 nv-rem
1342 1986 1552 2037 ordines
1594 1984 1808 2051 angelo-

249 2097 392 2147 rum,
424 2096 647 2148 quorum
696 2080 854 2131 vitam
903 2079 1154 2138 imitatur,
1209 2074 1258 2127 in
1305 2074 1572 2141 Scriptura
1628 2083 1806 2125 sancta

247 2173 604 2239 reperiantur,
633 2168 744 2222 sive
772 2167 891 2236 quia
919 2181 944 2218 a
966 2166 1213 2236 perfecta:
1232 2163 1566 2218 beatitudinis
1589 2164 1807 2215 denario

247 2277 356 2315 uno
389 2271 614 2321 tantum,
651 2268 709 2311 ut
739 2259 806 2310 ita
847 2257 1043 2321 dicam,
1094 2256 1254 2323 gradu
1298 2255 1478 2325 mortis
1510 2255 1675 2306 abest.
1712 2253 1803 2305 Cui

243 2367 459 2405 summo
491 2350 756 2403 desiderio
803 2348 1052 2415 propheta
1083 2345 1355 2412 suspirans
1411 2342 1585 2396 aiebat
1623 2360 1633 2394 :
1679 2341 1804 2394 Ideo

241 2441 406 2494 dilexi
437 2441 675 2492 mandata
718 2448 803 2491 tua
850 2453 1000 2505 super
1052 2450 1231 2487 aurum
1283 2445 1326 2484 et
1367 2433 1601 2494 lopazion
1635 2431 1801 2498 (Paul.

241 2534 456 2595 cum),
491 2531 538 2582 id
565 2540 668 2589 est,
693 2543 853 2596 super
883 2541 1090 2585 omnem
1127 2524 1359 2592 probatte
1403 2522 1623 2574 actionis
1656 2521 1804 2574 clari-

244 2630 729 2687 tatem,supcrque
754 2631 985 2678 omnem,
1039 2631 1153 2683 quae
1186 2615 1235 2666 in
1289 2614 1385 2665 hoc
1442 2612 1634 2665 saeculo
1693 2611 1801 2662 ficri

244 2719 451 2777 potest,
478 2707 874 2775 contemplativi
905 2706 1078 2777 gaudii
1111 2705 1511 2767 sublimitatem,
1557 2703 1802 2756 dulcissi-

247 2817 342 2856 mo
371 2803 737 2853 mandatorum
770 2809 976 2852 tuorum
1007 2798 1302 2851 delectabat
1331 2811 1534 2850 amore.
1569 2797 1800 2860 Quorum

243 2894 480 2962 primum
511 2899 564 2944 et
593 2893 874 2943 maximum
924 2897 1041 2942 est:
1095 2888 1282 2954 Diliges
1325 2888 1595 2940 Dominum
1647 2887 1804 2938 Deum

241 2998 393 3041 tuum
427 3003 488 3040 ex
535 2996 635 3039 toto
664 2985 832 3046 corde,
862 2994 962 3035 tota
992 2983 1179 3045 animo,
1229 2991 1330 3032 tota
1371 2981 1550 3033 vfrtute
1593 2978 1802 3048 (Matth.

239 3078 405 3143 xxii),
441 3077 577 3144 quod
606 3090 707 3129 non
739 3075 836 3128 nisi
869 3074 918 3126 in
945 3073 1033 3125 illo
1063 3073 1292 3126 caelestis
1324 3072 1466 3139 regni
1489 3070 1716 3122 culmine
1739 3069 1801 3120 ad

239 3169 516 3235 integrum
547 3167 720 3232 perlici
752 3179 905 3232 posse
933 3164 1284 3217 certiSsimuin
1319 3170 1418 3215 est.

318 3258 581 3310 Decimum
618 3258 1000 3326 chrysoprasus.
1048 3253 1439 3322 Cltrysoprasus
1491 3260 1589 3314 est,
1626 3252 1804 3303 viridis

235 3364 531 3415 aureasque
559 3352 938 3408 conttuisturm,
971 3345 1231 3410 quoddam
1265 3343 1421 3395 etiam
1477 3357 1797 3408 purpureum

231 3440 402 3508 jubar
435 3440 669 3498 trahcns,
701 3436 872 3488 aureis
905 3434 1373 3486 intervenientibus
1408 3433 1587 3499 guttis.
1623 3431 1801 3482 Nasci-

233 3541 330 3583 tur
357 3539 536 3581 autem
561 3527 610 3579 iu
646 3526 809 3578 ludia.
838 3526 932 3589 Qui
964 3523 1223 3591 significat
1250 3536 1340 3573 eos
1370 3522 1454 3588 qui
1483 3519 1799 3573 viriditatem

229 3629 468 3673 Merum
500 3616 704 3684 patri-.0,
763 3617 1008 3682 perfectae
1039 3612 1312 3664 charitatis
1348 3610 1548 3678 fulgure
1598 3625 1802 3676 prome-

227 3719 448 3770 rentes,
477 3721 593 3761 eam
616 3706 771 3757 etiam
798 3704 1003 3757 czetcris
1029 3718 1284 3769 purpurea
1318 3703 1552 3770 martyrii
1577 3703 1653 3773 siti
1688 3701 1804 3753 luce

229 3799 592 3867 patefaciunt.
623 3796 741 3860 Qui,
773 3794 979 3861 quando
1000 3796 1049 3844 in
1079 3809 1142 3845 eo
1160 3794 1292 3860 quod
1319 3802 1626 3857 prtcsentetn
1647 3793 1801 3844 vitam

225 3887 578 3954 dCSpiciunt,
608 3899 860 3938 mteruant
893 3885 1110 3951 gloriam
1165 3883 1463 3949 prmfernnt,
1498 3882 1697 3932 Dotnini
1754 3882 1802 3932 in

223 3992 410 4031 carne
445 3972 747 4040 apparentis
776 3961 1013 4036 exempla
1057 3981 1371 4038 sequuntur,
1412 3970 1516 4035 jam
1565 3970 1702 4021 velut
1753 3970 1803 4022 itt

225 4069 417 4127 India,
451 4067 501 4119 id
533 4076 631 4127 eSt,
666 4080 824 4132 prope
854 4064 1205 4126 solisortum,
1258 4062 1560 4114 meritorum
1587 4077 1802 4114 suorum

224 4160 510 4224 fulgorem
564 4156 866 4208 ostendunt.
915 4153 978 4205 Et
1034 4153 1150 4220 quia
1204 4151 1341 4204 velut
1394 4153 1484 4203 Sol
1541 4151 1589 4203 itt
1647 4166 1806 4218 regno

223 4250 425 4303 Patrts
460 4249 681 4314 fulgere,
706 4249 925 4312 regique
949 4259 1062 4304 suo,
1094 4225 1175 4295 cui
1213 4258 1347 4294 nunc
1395 4243 1806 4308 compatiuntur,

221 4351 377 4394 tunc
422 4350 752 4403 conregnare
798 4336 1160 4386 desiderantes
1202 4341 1528 4394 exspectant,
1585 4333 1704 4398 jure
1758 4334 1806 4383 in

217 4432 462 4484 decimo
504 4427 620 4478 loco
646 4433 766 4476 sunt
815 4423 989 4491 positi.
1045 4424 1144 4475 l‘er
1192 4422 1458 4473 denarium
1503 4423 1642 4471 enim
1700 4437 1804 4487 quo
1835 4453 1881 4508 Β

219 4519 544 4576 Doruinicm
563 4516 725 4568 vinea;
755 4516 983 4565 cultores
1003 4519 1419 4571 remunerantur,
1444 4511 1622 4561 interni
1648 4508 1805 4577 Regis

217 4609 595 4680 percipienda
628 4607 797 4672 imago
827 4604 1097 4671 figuratur,
1134 4601 1216 4654 ubi
1240 4602 1376 4667 quod
1405 4601 1454 4652 iri
1477 4616 1615 4651 nono
1644 4602 1806 4667 gradu

213 4719 355 4758 non
391 4706 621 4768 poterat,
649 4698 873 4762 perfecta
907 4692 1186 4746 dilectione
1217 4690 1306 4743 Dei
1361 4700 1411 4742 ct
1463 4690 1684 4756 proximi
1717 4703 1808 4756 per

211 4791 431 4846 omnia
465 4787 757 4854 Decalogus
785 4784 1106 4851 implebitur.

311 4879 664 4934 Undccintum
695 4875 1006 4943 hyacinthus.
1056 4872 1377 4939 Hyacinthus
1433 4870 1484 4922 itt
1543 4870 1807 4936 Ethiopia

216 4972 546 5042 reperitur,
597 4969 879 5019 cmrnleum
912 4967 1140 5018 colorem
1195 4963 1393 5016 habens
1424 4981 1435 5020 :
1469 4974 1693 5029 optimus
1725 4963 1808 5030 qui

212 5082 343 5121 nec
387 5075 538 5114 rarus
567 5067 668 5122 est,
703 5071 796 5107 nec
825 5057 1083 5108 densitate
1111 5056 1349 5116 obtusus,
1375 5053 1467 5105 sed
1499 5069 1559 5103 ex
1594 5063 1810 5120 utroque

211 5156 678 5222 temperamento
706 5147 860 5203 lucet,
894 5155 942 5196 et
996 5145 1330 5209 puziticatum
1363 5144 1590 5196 suaviter
1621 5143 1805 5195 florem

211 5249 441 5300 "amt.
477 5243 572 5294 llic
605 5249 779 5291 autem
825 5248 925 5285 non
984 5236 1160 5285 rutilat
1214 5235 1508 5301 mqualiter,
1557 5235 1645 5285 sed
1692 5249 1810 5285 cum

210 5339 388 5388 facie
423 5333 544 5386 curii
575 5335 827 5382 mutatur.
853 5347 856 5349 ·
881 5324 1080 5375 Scrctio
1127 5324 1265 5374 cuitu
1321 5324 1626 5389 perspicuus
1658 5329 1812 5388 atque

209 5435 437 5494 gratiis
467 5433 570 5483 est,
603 5416 778 5468 nubilo
801 5426 974 5465 Coram
1008 5412 1168 5462 oculis
1196 5414 1461 5463 evanescit
1491 5421 1645 5479 atque
1677 5429 1814 5463 utar.

209 5513 444 5571 ccscil.
478 5511 678 5560 Iudicat
707 5518 878 5557 autem
908 5505 1107 5554 animas
1137 5503 1343 5554 ctelestt
1378 5517 1587 5569 semper
1640 5504 1813 5555 inten-

211 5604 379 5662 tioui
413 5600 644 5663 deditas,
675 5607 831 5663 atque
858 5595 1104 5661 angelij
1133 5592 1537 5658 quttdammodo,
1563 5601 1810 5659 quantum

208 5693 580 5756 mortalibus
629 5693 704 5740 las
759 5696 874 5749 est,
929 5687 1315 5738 cetiversationi
1378 5686 1807 5752 propinquantes.

625 5806 890 5864 Parnm“
914 5803 1134 5862 XClll.

1829 3115 1878 3179 C

1907 1896 2206 1960 cruciﬁxum
2238 1895 2288 1962 (I
2325 1897 2440 1949 Cor.
2474 1909 2551 1950 tit.
2581 1897 2643 1949 Et
2683 1899 2825 1957 quasi
2858 1897 2908 1949 in
2947 1913 3132 1950 serena
3168 1901 3278 1951 luce
3309 1899 3451 1954 visus

1907 1986 2016 2037 ait:
2047 1985 2357 2054 Sapientiam
2383 1996 2497 2039 ante
2518 2005 2544 2036 η
2566 1988 2814 2055 loquimur
2836 1987 2964 2040 inter
2981 1989 3219 2054 perfectos
3240 1987 3444 2054 (Ibid).
3526 2029 3533 2036 ,

1978 2073 2340 2127 Duodecimum
2372 2077 2680 2128 aiunt/risura.
2715 2077 3031 2130 Atttcthistus
3057 2094 3346 2146 purpureus
3369 2092 3451 2132 est

1909 2167 2162 2231 permisto
2187 2165 2418 2218 violaceo
2443 2167 2642 2229 colore,
2670 2177 2720 2220 et
2743 2169 2886 2234 quasi
2914 2184 3043 2220 rosa:
3073 2169 3262 2230 nitore,
3289 2150 3450 2233 quas-

1908 2256 2138 2324 dantqnc
2169 2257 2354 2310 leniter
2383 2260 2672 2311 flammulas
2724 2261 2965 2326 fundens,
3001 2261 3093 2315 sed
3123 2272 3175 2313 et
3203 2262 3447 2330 quiddam

1910 2345 1959 2397 in
1991 2361 2218 2412 purpura
2256 2347 2393 2398 illius
2418 2363 2522 2398 non
2551 2363 2613 2399 ex
2647 2357 2756 2399 toto
2810 2349 3036 2416 igneum,
3066 2351 3157 2402 sed
3187 2353 3332 2417 quasi
3377 2352 3452 2403 vi-
3480 2374 3481 2377 η

1909 2451 2029 2487 nunt
2063 2437 2279 2499 rubens,
2300 2447 2535 2503 apparet.
2557 2437 2854 2503 Purpureus
2882 2454 3006 2506 ergo
3033 2439 3192 2493 decor
3215 2441 3449 2494 caelestis

1908 2525 2052 2591 regni
2079 2525 2336 2588 habitum,
2366 2541 2545 2577 roscus
2587 2541 2710 2578 vero
2757 2537 2911 2595 atque
2953 2528 3234 2593 violacem,
3276 2530 3443 2582 humi-

1909 2616 2008 2669 lem
2042 2630 2340 2670 sanctorum
2368 2620 2730 2671 verecundiam
2785 2622 3171 2688 pretiusamqne
3225 2634 3444 2676 mortem

1905 2709 2162 2777 designat.
2218 2709 2447 2774 Quorum
2500 2710 2742 2763 videlicet
2787 2726 2933 2764 incus
2985 2714 3337 2779 principaliter
3393 2716 3443 2766 in

1907 2799 2124 2850 summis
2157 2799 2393 2866 erigitur,
2436 2799 2588 2851 etiam
2617 2814 2732 2852 cum
2753 2801 2983 2853 exterius
3016 2803 3211 2868 perpeti
3244 2804 3442 2869 alijccta

1905 2899 2210 2949 cernuntur,
2250 2888 2500 2940 Dominici
2533 2902 2740 2956 semper
2771 2890 2904 2942 inter
2932 2890 3147 2943 adversa
3189 2906 3445 2944 memores

1908 2979 2150 3043 promissi
2177 2997 2187 3030 :
2226 2979 2399 3032 Nolite
2427 2981 2613 3043 timere,
2643 2981 2856 3048 pusillus
2883 2997 3026 3050 grex,
3057 2984 3176 3048 quia
3228 2984 3450 3052 complu-

1907 3070 2006 3120 cuit
2036 3069 2178 3121 Patri
2201 3079 2360 3121 vestro
2389 3071 2509 3120 dare
2531 3070 2662 3121 vobis
2686 3086 2891 3138 regnum
2925 3070 3070 3140 (Luc.
3099 3075 3213 3137 xu).
3249 3074 3449 3142 Quique

1910 3157 2172 3212 llarnmam
2194 3160 2465 3212 cltaritatis
2517 3175 2615 3211 non
2651 3160 2714 3211 ad
2738 3175 2795 3213 se
2829 3171 3026 3213 tantum
3082 3162 3326 3226 invicem,
3359 3163 3450 3215 sed

1906 3251 1970 3303 ad
1997 3251 2138 3318 ipsos
2175 3252 2332 3304 etiam
2383 3261 2750 3318 persecutores
2780 3260 3105 3319 spargentes,
3144 3255 3325 3318 positis
3356 3266 3448 3319 ge-

1907 3345 2057 3397 nibus
2092 3345 2408 3411 implorant:
2446 3344 2674 3408 Domine,
2707 3361 2765 3396 ne
2791 3354 2978 3404 statuas
3014 3347 3112 3396 illis
3151 3345 3245 3396 ltoc
3274 3362 3388 3412 ρεστ
3412 3362 3450 3391 τ-

1907 3444 2035 3486 tum.
2065 3439 2230 3500 Atque
2257 3437 2390 3488 inter
2412 3436 2626 3488 calicem
2673 3434 2928 3499 passionis
2976 3436 3129 3489 biben
3154 3437 3280 3496 lum.
3316 3437 3453 3489 illius

1907 3531 2080 3592 potius
2114 3525 2218 3575 vini
2247 3525 2384 3588 qttod
2419 3524 2650 3577 Lctificat
2680 3541 2768 3578 cor
2797 3525 3020 3578 hominis
3045 3526 3151 3594 jttgi
3209 3527 3454 3581 recorda-

1906 3617 2048 3668 tione
2076 3613 2560 3681 debriauluril’sal.
2587 3614 2723 3682 cm),
2746 3616 2881 3683 quod
2910 3615 3155 3669 Dominus
3177 3632 3233 3669 se
3259 3632 3450 3669 novum

1906 3723 2021 3760 cum
2054 3708 2325 3773 discipulis
2349 3708 2457 3759 suis
2487 3708 2536 3758 itt
2596 3721 2755 3772 regno
2805 3706 2971 3758 Patris
3000 3705 3283 3759 bibiturum
3334 3721 3452 3760 esse

1907 3799 2145 3866 prorni~it
2177 3798 2384 3864 (.llutth.
2431 3797 2594 3864 κυνί).
2632 3797 2681 3847 ltt
2705 3795 2907 3863 jaspidc
2935 3811 3058 3863 ergo
3099 3796 3218 3849 fidei
3269 3799 3448 3849 viridi-

1907 3897 2002 3940 tas.
2034 3888 2085 3939 lit
2115 3885 2379 3952 Sapphiro,
2405 3888 2512 3952 spei
2546 3886 2772 3938 ccelcstis
2801 3888 3037 3938 altitudo.
3073 3887 3123 3938 lu
3173 3887 3454 3939 chalcedo-

1908 3980 1994 4030 ttio
2023 3978 2226 4028 flamina
2245 3975 2513 4028 charitatis
2538 3976 2750 4026 inter-nm
2785 3977 3051 4041 figuratur.
3088 3975 3140 4025 In
3175 3977 3449 4043 smaragdo

1907 4081 2078 4121 autem
2109 4067 2344 4133 ejusdem
2380 4065 2494 4116 fidei
2554 4064 2699 4116 fortis
2733 4064 2866 4115 inter
2913 4063 3126 4116 adversa
3161 4065 3445 4117 confessio.

1908 4159 1961 4212 In
1991 4158 2338 4223 sardonyche,
2391 4164 2690 4206 sanctorum
2741 4156 2874 4205 inter
2903 4155 3122 4206 virtutes
3166 4153 3451 4208 humilitas.

1909 4252 1960 4304 In
1986 4249 2158 4303 sardio
2191 4248 2510 4302 reverendus
2543 4256 2827 4314 martyrum
2851 4260 3004 4298 cruor
3036 4248 3362 4314 exprimitur.
3398 4249 3453 4301 In

1908 4339 2232 4409 chrysolitbo
2265 4351 2391 4390 vero
2420 4335 2703 4401 spiritualis
2746 4335 2878 4386 inter
2908 4335 3154 4387 miracula
3203 4337 3454 4402 prtedica~

1909 4429 1998 4481 tio.
2034 4429 2088 4479 In
2137 4428 2339 4490 bertllo,
2396 4424 2787 4488 prtcdicantium
2837 4425 3064 4489 perfecta
3105 4427 3358 4492 operatio.
3394 4427 3448 4480 in

1912 4517 2136 4582 topazio,
2162 4513 2464 4566 eorutndetn
2497 4512 2684 4564 ardens
2707 4513 3077 4580 contemplatio
3107 4528 3445 4572 monstratur.

1915 4607 2077 4658 porro
2131 4606 2178 4655 in
2232 4605 2617 4670 chrysoprase,
2669 4602 2941 4656 beatorum
2993 4614 3279 4674 martyrum
3319 4621 3452 4674 Opus

1913 4697 2105 4763 pariter
2127 4703 2177 4745 et
2206 4695 2492 4758 prcctniuin.
2524 4692 2572 4744 lu
2600 4693 2899 4761 hyacintho,
2930 4693 3199 4746 doctorum
3223 4696 3457 4749 caelestis

1912 4788 1976 4839 ad
2007 4788 2108 4837 alia
2143 4786 2453 4846 sublevatio,
2489 4795 2558 4845 et,
2616 4793 2826 4851 propter
2862 4783 3113 4844 infirmos,
3150 4785 3357 4837 humilis
3387 4788 3452 4840 ad

1914 4879 2136 4929 humata
2170 4876 2460 4930 descensio.
2494 4875 2545 4927 lu
2598 4876 2910 4940 amethysto,
2963 4875 3192 4926 caelestis
3240 4890 3450 4943 semper

1914 4967 2058 5033 regni
2093 4969 2139 5018 in
2175 4967 2442 5017 humilium
2488 4966 2659 5016 animo
2694 4964 2941 5015 memoria
2973 4965 3294 5030 designatur.
3327 4969 3450 5021 Sin-

1913 5057 2124 5122 gulique
2155 5055 2352 5120 lapides
2387 5055 2622 5121 pretiosi,
2679 5054 2896 5120 singulis
2927 5064 3043 5106 S‘lnl
3098 5055 3457 5111 fundamentis

1914 5143 2164 5209 deputati.
2193 5143 2321 5206 Quia
2365 5143 2486 5195 licet
2523 5157 2706 5195 otiines
2749 5143 2987 5210 pcrchIi,
3040 5145 3225 5207 quibus
3270 5143 3456 5201 civitas

1920 5231 2005 5282 Dei
2034 5232 2196 5283 nostri
2231 5232 2280 5284 itt
2315 5242 2491 5284 monte
2523 5242 2702 5284 sancto
2753 5233 2865 5300 ejus
2893 5242 3109 5286 Ornatur
3151 5243 3303 5300 atque
3335 5236 3454 5290 fun-

1915 5326 2083 5385 datur,
2114 5325 2395 5391 spiritualis
2413 5326 2590 5393 gratim
2616 5323 2720 5376 sint
2745 5326 2855 5377 luce
2877 5325 3146 5390 lulgt-ntcs,
3180 5327 3269 5377 alii
3291 5336 3454 5379 tamen

1919 5437 2002 5484 per
2033 5419 2281 5481 Spiritum
2316 5420 2465 5469 datur
2492 5434 2651 5469 sermo
2680 5417 2956 5482 sapientior,
2990 5418 3077 5469 alii
3106 5435 3265 5471 sermo
3294 5422 3454 5470 scicn-

1916 5510 2015 5568 ρίαν,
2047 5508 2134 5559 alii
2162 5510 2321 5575 gratia
2353 5508 2642 5565 sanitatum,
2675 5508 2760 5557 alii
2777 5523 2957 5574 genere
2989 5508 3290 5575 linguarum,
3313 5510 3458 5560 alteri

1916 5599 2038 5666 ﬁdes
2060 5599 2108 5647 in
2139 5600 2310 5649 eodem
2335 5596 2551 5666 Spiritu,
2584 5605 2685 5649 ctc.
2714 5595 2758 5663 (Ι
2789 5596 2904 5650 Cor.
2941 5596 3055 5666 xit).
3082 5598 3239 5664 Cujus
3269 5599 3455 5653 artifex

1892 5697 1969 5754 ,et
1995 5687 2232 5740 conditor
2265 5688 2420 5747 Deus,
2471 5690 2554 5753 qui
2588 5696 2666 5738 est
2707 5686 3100 5740 fundamentum
3138 5687 3449 5742 fundantem

2996 5803 3029 5858 7
