3934 6222
413 474 521 528 ⁴ὶο3

829 464 1029 521 8ΕοᾹῖ
1075 457 1514 517 νκκεηιιοιιιις
1553 456 1698 509 ΟΡΡ.
1743 449 1913 507 PARS
1954 448 1986 502 ll

2100 450 2243 505 ECT.
2285 451 2321 504 l.
2363 480 2428 491 —-
2466 449 2851 505 EXEGETICA
2889 448 3211 503 Gl'ZNUlNA.

3490 443 3599 496 2(25

420 597 611 640 torum.
644 590 690 632 et
718 593 810 646 pro
838 577 988 630 nobis
1008 574 1161 629 etiam
1187 571 1417 641 pontifex
1444 570 1556 623 lleri
1581 567 1825 633 dignatus
1848 570 1948 624 est,
1982 563 2027 617 Α
2127 559 2191 613 Et
2219 561 2428 628 aﬂ‘erent
2453 561 2664 630 gloriam
2693 571 2739 613 et
2770 562 3002 614 honorem
3027 563 3248 630 gentium
3276 558 3327 611 in
3354 574 3484 611 eain.
3521 557 3599 611 Eo

421 682 477 724 ιιι
511 668 698 736 proprii
729 666 992 731 sanguinis
1027 662 1197 715 hostia
1226 660 1458 729 ejusdem
1489 656 1680 711 muenia
1729 653 1952 708 civitatis

423 761 660 813 ablueret
690 756 884 825 pariter
928 763 1081 822 alque
1107 751 1393 814 dedicaret,
1426 747 1601 803 omnia
1630 758 1954 814 quaecunque

426 856 580 907 habet
598 852 766 912 Pater,
787 846 992 918 propria
1019 843 1268 911 possidet.
1287 841 1436 897 Unde
1453 841 1502 893 in
1528 847 1738 907 pertore
1763 834 1952 890 amomi

426 940 684 1010 pontiﬁcis
712 938 870 991 iidem
898 933 1096 1000 lapides
1123 940 1176 986 et
1223 932 1317 1001 ipsi
1352 928 1760 998 patriarcharum
1789 924 1958 977 nomi-

427 1032 576 1085 nibus
607 1026 839 1095 iuscripti
869 1023 1181 1091 jubebantur
1234 1019 1457 1085 imponi,
1504 1026 1559 1071 ut
1609 1013 1960 1083 pulcherrimo

429 1122 679 1190 mysterio
710 1116 987 1187 pandetur,
1016 1112 1193 1168 omnia
1221 1108 1513 1178 spiritualia
1544 1106 1823 1159 cbrismata
1846 1116 1960 1169 quae

424 1211 614 1280 singuli
637 1209 827 1275 quique
873 1213 1168 1259 sanctorum
1210 1199 1403 1253 viritim
1433 1206 1487 1250 et
1514 1210 1575 1247 es
1606 1202 1755 1262 parte
1785 1190 1962 1280 perci-

430 1279 659 1367 piebant,
687 1300 737 1350 in
763 1297 1049 1350 mediatore
1079 1290 1170 1345 Dei
1199 1297 1253 1344 et
1298 1287 1565 1341 hominum
1601 1282 1813 1336 homine
1838 1279 1961 1333 .lesu

427 1390 637 1441 tihristo
675 1388 867 1455 pariter
886 1392 938 1435 et
965 1382 1192 1449 perfecte
1222 1380 1379 1431 luisse
1409 1374 1686 1441 completa.
1740 1370 1864 1423 llaec
1898 1368 1964 1421 de

430 1476 684 1544 lapidibus
711 1471 954 1541 preti:.sis
982 1467 1244 1536 copiosius
1290 1462 1530 1517 fortassis
1555 1474 1707 1528 quam
1737 1471 1965 1512 comma-

432 1570 590 1618 ticum
616 1559 986 1629 interpretandi
1015 1571 1181 1627 genus
1200 1554 1419 1609 decebat
1435 1551 1618 1605 videor
1640 1548 1961 1613 exposuisse.

436 1658 662 1710 Necesse
706 1654 841 1706 enim
872 1660 981 1706 erat
1011 1662 1190 1703 eorum
1231 1656 1444 1700 naturas
1492 1643 1816 1710 patriamque
1846 1637 1968 1699 dili-

428 1754 613 1814 genter
641 1755 919 1809 exponere,
965 1737 1156 1791 deinde
1204 1742 1593 1789 sacramentum
1657 1728 1971 1794 investigare

435 1833 707 1893 solertius,
760 1831 850 1883 sed
892 1838 958 1881 et
1010 1827 1249 1879 ordinem
1302 1834 1653 1889 numerosque
1703 1814 1965 1887 prosequi.

2054 651 2191 718 quod
2221 664 2283 704 ex
2313 652 2556 705 omnibus
2601 650 2842 719 gentibus
2872 651 2940 704 sit
2969 649 3354 717 congreganda.

2128 736 2237 791 Nec
2254 738 2454 791 intrabit
2482 741 2532 791 in
2558 755 2666 791 eam
2694 739 2887 806 aliquid
2913 739 3305 805 coinquinatum,
3320 743 3423 789 etc.
3456 733 3603 788 illius

2058 818 2308 896 temporis
2334 829 2584 883 describit
2611 830 2918 893 Ecrlesiam,
2950 827 3159 895 quando
3181 867 3198 892 ,
3222 826 3331 895 jam
3358 826 3508 879 malis
3534 826 3605 880 de

2059 916 2230 970 medio
2254 918 2559 986 segregatis,
2590 919 2688 971 soli
2732 932 2852 971 cum
2881 915 3093 970 Christo
3136 916 3255 971 boni
3290 916 3599 982 regnabunt.

2058 1006 2160 1060 Sed
2190 1006 2254 1060 et‘
2270 1022 2407 1061 nunc
2427 1008 2598 1061 omnis
2627 1008 2927 1071 immundus
2955 1020 3009 1062 et
3031 1008 3250 1062 mendax
3294 1022 3397 1060 non
3439 1021 3515 1061 est
3548 1008 3602 1059 in

2064 1095 2320 1158 Ecclesia,
2354 1110 2449 1150 nec
2481 1098 2621 1151 videt
2644 1098 2817 1153 lumen
2847 1097 3071 1153 civitatis
3095 1098 3184 1151 Dei
3212 1100 3300 1167 qui
3331 1113 3447 1153 eam
3474 1097 3603 1164 odit,

2061 1187 2177 1254 quia
2206 1186 2434 1241 tenebrae
2463 1198 2863 1243 exezecavernnt
2886 1189 3068 1243 oculos
3092 1189 3229 1258 ejus.

2624 1277 2849 1333 CAPUT
2890 1279 3053 1333 XXII.

2136 1370 2199 1423 Et
2227 1371 2439 1424 ostendit
2482 1370 2603 1422 mihi
2639 1370 2847 1438 [luvium
2879 1384 3027 1440 aqua!
3052 1369 3165 1439 vita
3188 1413 3201 1433 ,
3231 1378 3333 1423 etc.
3368 1369 3420 1422 In
3450 1368 3608 1422 ﬂuvio

2064 1461 2183 1512 vitae
2212 1458 2438 1517 civitatis
2478 1458 2650 1511 medio
2689 1467 2901 1512 meaute
2949 1472 3051 1511 non
3104 1457 3274 1511 adhuc
3328 1457 3609 1510 celebratio

2066 1548 2311 1602 indicitur
2357 1547 2627 1615 baptismi,
2654 1548 2744 1601 sed
2792 1548 2990 1603 fructus
3032 1548 3139 1617 jam
3181 1548 3324 1601 illius
3347 1549 3609 1600 revelatur

2066 1637 2400 1691 sacramenti.
2432 1637 2587 1690 Modo
2618 1638 2759 1695 enim
2789 1637 3021 1692 Ecclesia
3051 1637 3277 1690 seminat
3309 1637 3361 1689 in
3390 1636 3608 1702 Spiritu,

2068 1734 2125 1779 ut
2151 1733 2273 1779 tunc
2300 1726 2367 1779 de
2404 1726 2599 1793 Spiritu
2629 1735 2793 1780 metat
2824 1727 2981 1780 vitam
3010 1736 3258 1780 aeternam
3286 1725 3481 1797 (Colat.
3514 1726 3608 1790 vt).

2143 1815 2207 1868 Et
2231 1832 2293 1869 ea:
2335 1825 2545 1885 utraque
2568 1826 2712 1883 parte
2732 1817 2955 1883 ﬂuminis
2983 1816 3179 1885 lignum
3208 1817 3342 1869 vita.
3390 1814 3607 1881 Lignum

434 1925 695 1989 Quantum
715 1936 840 1974 vero
868 1918 930 1971 ad
964 1918 1128 1983 ipsam
1177 1915 1250 1968 rei
1282 1911 1688 1981 profunditatem
1719 1905 1964 1975 pertinet,
1999 1877 2045 1935 Β
2073 1903 2189 1957 vita:
2217 1904 2351 1957 circa
2371 1905 2578 1981 fontem
2608 1905 2729 1959 vita
2756 1905 3009 1959 cernitur.
3056 1905 3203 1972 Quod
3244 1906 3357 1959 sive
3396 1904 3609 1973 gloriam

438 2012 618 2064 videor
640 2010 767 2063 mihi
799 2019 1074 2075 perpauca,
1126 2013 1180 2057 et
1208 2003 1317 2056 iure
1364 2000 1593 2055 breviter
1642 1996 1971 2059 strictimque

438 2102 651 2154 dixisse.
679 2099 1051 2163 Lectoremque
1074 2092 1294 2160 supplex
1320 2091 1537 2144 obsecro
1567 2094 1623 2140 ut
1648 2086 1691 2138 si
1722 2093 1864 2137 recto
1890 2096 1973 2134 me

443 2181 658 2245 tramite'
676 2190 861 2243 viderit
890 2187 1189 2248 incessisse,
1218 2191 1331 2251 agat
1362 2182 1466 2236 Deo
1496 2178 1707 2249 gratias.
1730 2176 1823 2230 Sin
1852 2186 1975 2225 vero

442 2296 592 2334 secus
617 2295 771 2348 qu..m
795 2273 1030 2331 volebam
1062 2275 1301 2328 evenisse
1334 2267 1753 2338 deprehenderit,
1810 2263 1978 2318 errori

446 2382 559 2421 meo
581 2368 779 2421 veniam
811 2380 1009 2419 mecum
1039 2378 1067 2417 a
1102 2362 1321 2415 Domino
1355 2360 1683 2427 deprecetur.
1712 2354 1817 2408 Sed
1862 2353 1977 2406 lucc

446 2457 719 2517 hactenus,
739 2452 1093 2505 videamus-et
1119 2448 1335 2515 reliqua.

518 2545 582 2596 Et
626 2542 881 2596 duodecim
932 2548 1086 2607 porta:
1131 2537 1390 2589 duodecim
1436 2534 1721 2603 margarita:
1751 2537 1865 2584 sunt
1894 2543 1983 2598 per

445 2635 687 2705 singulas.
744 2630 925 2686 omnis
956 2631 1116 2700 gloria
1163 2627 1350 2697 capitis
1406 2625 1630 2678 refertur
1678 2622 1741 2674 ad
1771 2632 1980 2687 corpus.

451 2726 519 2779 Et
537 2726 668 2778 sicut
685 2725 771 2776 lux
792 2738 901 2774 vera
922 2735 1033 2789 qua:
1054 2718 1512 2770 illuminatomnem
1535 2712 1781 2765 hominem
1804 2708 1980 2778 (Joan.

454 2817 516 2880 t),
548 2811 739 2865 sanctis
784 2809 997 2864 donavit
1052 2808 1225 2862 lumen
1263 2820 1379 2859 esse
1423 2803 1626 2866 tnundi,
1673 2802 1747 2853 sic
1774 2809 1827 2852 et
1853 2799 1983 2865 ipse,

456 2902 665 2957 rumsit
709 2901 984 2969 margarita
1028 2896 1329 2963 singularis,
1382 2910 1537 2962 quam
1577 2892 1866 2959 negotiator
1905 2899 1988 2938 sa-

452 2994 602 3059 piens
630 2988 851 3043 venditis
878 2987 1120 3040 omnibus
1149 2992 1289 3037 emat
1336 2981 1543 3049 (Matth.
1581 2979 1716 3049 xui),
1766 2990 1887 3031 suos
1918 2975 1990 3028 ui-

444 3080 734 3133 ‘liilotninus
765 3076 1160 3143 margaritarum
1193 3072 1376 3147 l'ulgori
1407 3076 1697 3138 comparat.

528 3169 593 3222 Et
618 3169 676 3237 φι
693 3178 786 3222 .tea
814 3166 1024 3218 civitatis
1046 3178 1225 3216 altrum
1253 3162 1513 3223 mundum,
1541 3172 1643 3212 etc.
1668 3156 1859 3211 Iisdem
1886 3168 1993 3207 me-

454 3262 595 3313 tallis
624 3260 821 3328 plateas
849 3254 1136 3323 componit,
1182 3251 1371 3320 quibus
1417 3249 1677 3303 civitatem
1703 3246 1812 3312 jam
1852 3243 1997 3295 dixe-

460 3360 539 3402 rat
568 3346 871 3401 adornataut
898 3360 911 3409 ;
947 3343 1094 3396 multi
1138 3341 1277 3394 enim
1306 3347 1426 3391 sunt
1454 3336 1609 3389 etiam
1651 3333 1770 3387 vitae
1802 3331 1999 3385 latioris

461 3455 510 3491 et
540 3437 819 3499 inferioris,
866 3431 1086 3488 summis
1137 3431 1187 3483 in
1224 3427 1455 3481 Ecclesia
1494 3424 1649 3478 cincti
1695 3420 1996 3485 virtutibus,

462 3538 513 3579 et
543 3528 763 3593 puritate
785 3524 975 3579 tuentis
1004 3530 1057 3575 et
1085 3519 1230 3573 radio
1254 3516 1450 3583 fulgent
1492 3516 1686 3582 operis.

530 3616 603 3669 Et
622 3618 853 3685 templum
875 3630 971 3668 non
993 3612 1112 3666 vidit
1128 3611 1179 3663 in
1199 3625 1279 3675 ea,
1304 3618 1404 3663 etc.
1429 3604 1698 3673 Quamvis,
1718 3602 1905 3670 inquit,
1929 3600 2003 3652 la-

470 3705 672 3767 pidibus
688 3703 952 3755 civitatem
974 3700 1193 3752 dixerim
1213 3704 1561 3759 exstructam,
1586 3707 1687 3746 non
1712 3692 1764 3745 iu
1783 3689 2003 3743 :t-dilicio

471 3802 640 3842 tamen
669 3788 921 3842 materiali
949 3785 1234 3855 signiﬁcavi
1269 3786 1501 3851 requiem
1540 3797 1656 3837 esse
1679 3791 1999 3839 sanctorum,

471 3895 687 3948 quorum
720 3877 828 3946 ipse
854 3875 991 3930 Deus
1021 3876 1170 3928 unica
1199 3874 1384 3927 domus
1409 3882 1459 3924 et
1483 3872 1564 3923 lux
1596 3880 1649 3924 et
1668 3869 1879 3935 requies
1899 3874 2007 3922 est.

542 3971 608 4023 lit
634 3969 803 4023 civitas
830 3983 925 4020 non
954 3974 1057 4035 eget
1081 3949 1185 4017 sole
1212 3979 1363 4027 neque
1393 3963 1510 4016 luna
1542 3972 1591 4013 ut
1621 3960 1820 4012 luceant
1848 3960 1898 4009 in
1927 3950 2009 4010 ea.

473 4062 600 4127 Quia
615 4075 715 4112 non
735 4058 928 4111 lumine
940 4064 1026 4108 aut
1043 4053 1313 4107 elementis
1333 4052 1508 4104 mundi
1534 4050 1726 4115 regitur
1753 4045 2003 4123 Ecclesia,

475 4152 569 4206 sed
588 4152 791 4206 Christo
808 4157 1003 4201 aeterno
1025 4147 1131 4198 sole
1148 4143 1416 4196 deducitur
1439 4156 1530 4207 per
1550 4140 1723 4192 mundi
1744 4137 2006 4192 tenebras.

548 4240 684 4293 Nam
702 4239 902 4292 claritas
928 4235 1018 4289 Dei
1044 4234 1342 4289 illuminabit
1363 4248 1490 4285 eam.
1520 4232 1634 4297 ipso
1657 4229 1793 4280 enim
1820 4226 2013 4279 lumine

479 4333 711 4388 fruemur
740 4331 790 4382 in
823 4329 1018 4397 patria,
1050 4340 1153 4393 qtto
1193 4339 1326 4376 nunc
1356 4321 1583 4387 regimur
1624 4316 1917 4385 gradientes
1961 4315 2009 4364 in

482 4425 583 4478 via.
601 4422 793 4475 Eodem
808 4419 857 4472 in
875 4416 1078 4471 formati
1095 4417 1227 4467 inter
1241 4414 1374 4465 bona
1391 4412 1625 4477 tualaque
1642 4408 2008 4467 discernimus,

2070 2003 2266 2048 sanctae
2292 1995 2485 2056 crucis,
2516 1996 2626 2049 sive
2646 1995 2922 2049 Dominum
2945 1995 3208 2050 Christum
3236 1994 3608 2062 interpretatis,

2070 2084 2174 2150 jam
2196 2093 2248 2136 et
2269 2093 2390 2137 ante
2409 2083 2661 2152 baptisma
2686 2085 2971 2137 revelatum
2990 2084 3041 2137 in
3064 2083 3237 2137 Veteri
3254 2069 3609 2144 Testamento,

2074 2182 2127 2228 et
2154 2187 2311 2238 nunc,
2357 2174 2678 2241 baptismatis
2724 2174 3045 2229 clarescente
3083 2174 3356 2242 mysterio,
3407 2173 3608 2227 calcati

2076 2265 2245 2318 lructu
2275 2273 2484 2317 sanctos
2512 2264 2713 2317 imbuit.
2749 2263 2867 2317 Non
2895 2265 3025 2317 enim
3053 2264 3192 2316 aliud
3225 2278 3401 2316 nomen
3427 2270 3497 2314 est
3522 2259 3613 2314 sub

2078 2352 2199 2404 culo
2226 2351 2397 2404 datum
2422 2351 2721 2414 hominibus,
2750 2352 2803 2405 in
2827 2366 2922 2419 quo
2950 2360 3178 2417 oporteat
3202 2366 3293 2403 nos
3317 2351 3477 2403 salvos
3506 2350 3614 2415 ﬁeri

2010 2506 2015 2510 Α
2082 2441 2215 2504 (Act.
2241 2440 2336 2510 tv).
2369 2440 2507 2494 ldem
2525 2441 2715 2509 quippe
2741 2440 2959 2510 lignum,
2983 2444 3119 2509 quod
3142 2441 3372 2496 Joannes
3392 2441 3445 2515 in
3462 2452 3615 2491 aurea

2076 2531 2389 2597 Jerusalem,
2422 2532 2625 2602 Moyses
2657 2533 2708 2585 in
2732 2532 2969 2598 paradiso
2996 2532 3180 2587 ﬂorere
3208 2530 3615 2597 descripserunt,

2082 2618 2326 2674 Salomon
2358 2620 2485 2673 dixit
2506 2615 2709 2687 lignum
2733 2620 2852 2673 vita:
2872 2633 2988 2673 esse
3023 2617 3458 2687 amplecteutibus
3480 2630 3614 2670 eam.

2087 2709 2233 2762 llunc
2256 2708 2472 2762 ﬂuvium
2508 2718 2631 2775 puto
2655 2708 2938 2761 .lordanem
2989 2708 3259 2776 figurasse,
3307 2709 3438 2760 ultra
3466 2719 3618 2774 quem

2088 2800 2292 2869 Moyses
2322 2799 2528 2867 pupulis
2552 2799 2741 2852 monita
2773 2800 2974 2862 salutis,
3007 2808 3061 2852 et
3089 2799 3221 2853 intra
3254 2812 3408 2867 quem
3431 2806 3618 2852 terram

2090 2886 2512 2953 repromissionis
2540 2886 2692 2939 .lesus
2719 2887 2940 2953 aperuit.

2156 2966 2381 3045 hil/ferens
2412 2978 2603 3044 fructus
2624 2978 2903 3040 duodecim,
2935 2994 3021 3045 per
3046 2993 3235 3031 menses
3260 2976 3485 3045 singulas
3512 2976 3622 3028 red—

2092 3067 2210 3119 dens
2253 3068 2465 3135 fructum
2504 3082 2669 3119 suum.
2730 3066 2781 3119 In
2832 3066 3106 3119 duodecim
3159 3066 3428 3118 mensibus
3476 3078 3625 3118 omne

2098 3164 2299 3221 tempus
2330 3155 2553 3207 insinuat
2579 3158 2717 3218 vitae,
2765 3155 2969 3207 scificet
3016 3154 3157 3207 illius
3188 3154 3272 3207 ubi
3298 3152 3488 3208 dicitur
3515 3170 3528 3205 :
3561 3150 3624 3203 Et

2097 3245 2217 3295 anni
2240 3244 2309 3295 tui
2334 3259 2431 3295 non
2456 3244 2683 3310 deﬁcient
2702 3241 2869 3312 (Psal.
2894 3247 2989 3309 et).
3018 3244 3082 3296 Et
3106 3243 3291 3296 iterum
3320 3260 3333 3295 :
3364 3241 3475 3296 Erit
3497 3259 3629 3294 men-

2096 3334 2163 3386 sis
2193 3348 2253 3385 ea:
2281 3348 2460 3396 mense,
2493 3342 2537 3385 et
2560 3333 2815 3385 sabbatum
2845 3348 2905 3385 ex
2930 3334 3129 3385 sabbato
3160 3333 3309 3402 (lsai.
3342 3340 3501 3395 vat).
3533 3334 3629 3387 Ubi

2099 3434 2325 3487 pra-scus
2351 3420 2552 3472 Domini
2581 3420 2769 3481 vultus,
2795 3428 2989 3475 :rlerua
3016 3421 3234 3482 sanitas,
3258 3433 3489 3474 aeternus
3516 3420 3634 3471 vita

2100 3511 2247 3563 cibus
2274 3520 2373 3563 est.
2407 3511 2583 3563 Potest
2608 3520 2660 3564 et
2684 3510 2992 3578 simpliciter
3020 3510 3237 3579 intelligi
3270 3510 3409 3579 quod
3440 3524 3531 3578 per
3550 3509 3639 3562 do-

2101 3602 2318 3654 ctrinam
2334 3602 2605 3655 duodecim
2619 3603 2966 3669 apostolorum
2985 3615 3111 3654 crux
3134 3601 3326 3654 Christi
3342 3599 3637 3654 lructilicet.

2174 3688 2237 3740 Et
2267 3689 2387 3757 folia
2413 3690 2534 3757 ligni
2561 3690 2626 3740 ad
2647 3689 2906 3741 sanitatem
2933 3689 3170 3757 gentium.
3201 3688 3256 3740 Si
3286 3689 3482 3741 [ructus
3511 3702 3643 3741 mer-

2102 3788 2189 3827 ces
2218 3774 2383 3827 beatae
2430 3776 2829 3828 iturum-talitatis
2879 3777 3160 3842 accipitur,
3195 3763 3338 3828 recte
3368 3772 3491 3827 folia
3525 3790 3642 3840 per-

2108 3874 2293 3929 pellitis
2324 3864 2629 3929 intelligitur
2674 3873 2878 3925 cantus,
2919 3862 3056 3929 quod
3103 3863 3155 3915 in
3185 3862 3463 3915 sanitatem
3494 3863 3646 3915 cadat

2109 3954 2240 4006 felici
2267 3954 2373 4020 jain
2404 3963 2546 4005 sorte
2572 3956 2894 4007 canentibus.
2929 3953 2997 4005 lbi
3021 3953 3157 4006 enim
3185 3952 3419 4021 getttium
3448 3951 3650 4004 curatio

2110 4058 2250 4106 vera,
2283 4042 2566 4107 redempti»
2594 4044 2766 4109 plena,
2799 4044 3012 4095 felicitas
3041 4042 3381 4106 sempiterna.

2183 4131 2242 4183 Et
2270 4132 2495 4184 videbunt
2526 4133 2703 4199 [aciem
2732 4147 2769 4199 θ’,
2784 4147 2862 4183 us.
2891 4131 3162 4183 Ρτωιιιίιιιη
3194 4130 3313 4183 lidei
3344 4130 3497 4182 nobis
3520 4130 3652 4181 visio

2114 4220 2202 4274 Dei
2230 4232 2488 4284 servatur,
2534 4220 2671 4287 quod
2701 4234 2961 4273 summum
3003 4233 3119 4271 esse
3158 4219 3350 4271 bonum
3383 4217 3652 4285 Philippus

2115 4310 2407 4377 intelligens
2432 4311 2501 4361 ait
2526 4327 2539 4362 :
2571 4307 2798 4373 Domine,
2827 4310 3024 4362 ostende
3049 4309 3186 4361 nobis
3215 4304 3416 4359 Patrem
3434 4345 3449 4369 ,
3472 4316 3517 4357 et
3546 4307 3659 4373 suf-

2116 4400 2217 4465 ﬁcit
2244 4401 2381 4451 nobis
2406 4398 2577 4467 (Joan.
2610 4398 2738 4466 xlv).
2770 4398 3005 4453 Sollicito
3031 4400 3168 4451 ettitu
3204 4396 3372 4451 fuerat
3392 4410 3660 4450 commen-

480 4529 586 4582 quo
615 4522 735 4566 tunc
765 4507 1061 4569 beatificati,
1090 4505 1197 4558 sola
1230 4517 1343 4571 (pne
1393 4502 1522 4553 bona
1562 4507 1685 4551 sunt
1711 4510 2007 4550 cernemus.
2047 4491 2344 4571 Ddttttdum
2395 4495 2491 4542 hoc
2534 4503 2741 4542 sanctos
2794 4490 2994 4541 visuros
3045 4496 3096 4541 et
3144 4487 3413 4539 habituros
3458 4484 3663 4550 specie,

556 4600 964 4654 Etombulabuul
1007 4604 1174 4667 gentes
1218 4610 1303 4660 per
1348 4592 1516 4643 lumen
1559 4592 1685 4659 ejus.
1751 4585 2020 4652 Signilit-at

486 4694 624 4761 quod
646 4692 790 4745 idem
821 4688 931 4754 ipse
960 4687 1136 4754 Agnus
1166 4696 1299 4735 nunc
1330 4681 1397 4734 sit
1428 4676 1875 4747 peregrinantibus
1908 4676 2013 4738 via,

476 4785 573 4853 «ιιιιὶ
604 4794 723 4837 tunc
750 4780 949 4835 civibus
982 4779 1105 4829 vita.

562 4875 623 4927 Et
650 4888 786 4942 reges
807 4881 949 4923 terra:
968 4866 1174 4932 a/fereul
1202 4862 1414 4931 gloriam
1440 4876 1583 4911 suum
1622 4868 1665 4910 et
1696 4858 1931 4909 honorent
1970 4854 2022 4904 in

480 4968 650 5018 illam.
682 4965 850 5031 Reges
876 4958 958 5012 hic
987 4956 1287 5026 spirituales
1313 4952 1460 5016 dicit,
1512 4950 1596 5015 qui
1627 4957 1842 4999 cunctas
1870 4946 2029 4997 virtu~

488 5054 613 5109 tum
632 5066 840 5105 suarum
864 5049 1073 5101 divitias
1104 5044 1344 5097 Ecclesiae
1376 5040 1647 5092 conferant
1701 5034 1959 5087 laudibus.

568 5141 631 5195 Et
661 5149 815 5209 porta:
841 5139 951 5206 ejus
980 5153 1077 5188 non
1100 5137 1396 5186 claudentur
1448 5145 1533 5195 per
1574 5127 1722 5189 diem,
1773 5139 1873 5175 nox
1902 5120 2029 5175 enim

499 5230 715 5283 donarit
744 5230 869 5281 illic.
928 5225 1123 5278 Lumen
1170 5224 1303 5289 Agui
1356 5228 1679 5286 perpetuum,
1734 5218 1835 5265 ituo
1864 5213 2029 5277 ipsum

2121 4587 2259 4654 quod
2283 4584 2502 4637 credunt
2530 4584 2761 4635 viventes
2786 4596 2848 4634 ex
2879 4581 2999 4633 lide.

2195 4676 2255 4728 Et
2278 4689 2451 4727 nomen
2483 4673 2586 4738 ejus
2613 4673 2662 4723 in
2689 4670 2931 4739 frontibus
2957 4684 3148 4721 eorum.
3197 4664 3468 4718 Confessio
3496 4660 3671 4711 nomi-

2127 4766 2205 4818 nis
2232 4763 2395 4816 sancti
2446 4776 2584 4814 nunc
2615 4761 2747 4812 inter
2799 4760 2973 4809 hostes
3010 4766 3237 4817 servata,
3286 4762 3407 4805 tunc
3438 4752 3673 4804 victores

2130 4856 2180 4907 in
2210 4852 2371 4918 patria
2401 4848 2675 4915 glurilicat.

2200 4941 2263 4993 Et
2288 4956 2390 4993 nox
2418 4938 2549 4991 ultra
2596 4953 2693 4989 non
2719 4938 2829 4999 erit,
2862 4948 2964 4989 etc.
3018 4933 3128 4988 Non
3160 4933 3231 4985 ibi
3274 4930 3523 4999 fragilitas
3554 4943 3683 4982 eor-

2132 5046 2335 5103 porum,
2392 5030 2469 5082 vel
2515 5028 2688 5096 quiete
2734 5030 2934 5089 noetis,
2985 5025 3061 5077 vel
3113 5024 3241 5090 ignis
3288 5032 3406 5090 eget
3455 5020 3683 5079 lumine,

2133 5124 2341 5191 quando
2370 5122 2468 5173 erit
2519 5119 2647 5170 Deus
2673 5118 2837 5170 omnia
2866 5117 2916 5166 in
2954 5114 3178 5165 omnibus
3206 5110 3254 5177 (Ι
3284 5110 3404 5166 Cor.
3427 5112 3556 5174 xv),
3596 5107 3688 5171 uni

2136 5224 2213 5266 est
2241 5214 2323 5263 lux
2355 5225 2470 5262 vera
2495 5207 2666 5275 (Joan.
2700 5204 2757 5271 t),
2798 5212 2849 5256 et
2882 5206 3085 5267 requies
3127 5210 3322 5254 aterns
3350 5207 3683 5249 sanctorum.

504 5337 597 5389 pro
622 5321 814 5373 latitiae
841 5314 1161 5377 sempiterno
1207 5286 1256 5362 iii
1288 5310 1370 5361 illa
1416 5309 1647 5367 civitate,
1695 5302 1903 5355 sublato
1944 5314 2049 5381 no-_
2137 5303 2261 5367 Quae
2289 5300 2332 5352 si
2355 5299 2419 5351 ad
2444 5298 2743 5363 allegoriam
2777 5294 2931 5345 verba
2955 5290 3171 5355 releras,
3219 5305 3320 5342 non
3351 5287 3421 5338 ibi
3452 5286 3689 5352 prnplieo

505 5379 602 5464 itis
630 5422 877 5475 tempore,
903 5412 1159 5459 memorat
1187 5402 1433 5453 futurum.
1478 5398 1626 5457 Quod
1653 5406 1825 5447 autem
1868 5379 2049 5461 ponar
2142 5401 2307 5445 tarum
2336 5386 2649 5447 exhortatio,
2699 5399 2799 5435 nnn
2832 5383 2961 5449 legis
2986 5393 3065 5435 est
3096 5379 3399 5447 pra-dicatio
3440 5390 3692 5429 necessao

513 5516 613 5557 non
636 5500 961 5558 claudentur,
993 5492 1306 5562 plenissima:
1336 5488 1626 5541 securitatis
1659 5485 1903 5537 iudicium
1932 5491 2030 5536 est.

512 5594 622 5642 Non
651 5590 786 5644 enim
819 5585 882 5638 ibi
911 5586 1014 5648 jam
1045 5585 1229 5637 dicitur
1258 5600 1269 5635 :
1308 5579 1525 5649 Vigilate
1548 5589 1592 5630 et
1622 5587 1756 5629 orate
1798 5592 1858 5627 ne
1885 5577 2038 5629 intre-

514 5683 575 5731 tis
602 5683 651 5730 in
683 5677 998 5730 tentationem
1031 5674 1234 5742 (Matth.
1272 5677 1444 5738 xtvt),
1494 5673 1582 5723 sed
1614 5670 1779 5736 potius
1810 5686 1820 5721 :
1858 5668 2039 5720 l’acatc

517 5782 562 5821 ct
599 5770 772 5831 inde“,
805 5764 1036 5834 quoniam
1064 5779 1152 5830 ego
1182 5778 1290 5814 sum
1316 5762 1446 5815 Dens
1473 5761 1635 5829 (l'sol.
1663 5762 1799 5825 tu).

2142 5484 2239 5546 ria,
2272 5496 2385 5551 qua:
2410 5492 2545 5533 nunc
2576 5478 2785 5529 lucerna
2826 5475 3014 5528 dicitur
3056 5487 3172 5527 esse
3202 5471 3251 5523 in
3280 5470 3509 5522 obscuro
3551 5470 3699 5521 tum.

2146 5572 2385 5638 quoniam
2411 5571 2460 5622 in
2481 5568 2573 5621 Dei
2600 5565 3041 5632 contemplatione
3064 5563 3216 5615 rebus
3238 5560 3461 5624 expletis
3486 5569 3705 5613 tenetur

2148 5660 2371 5729 perlecta
2402 5655 2691 5724 promissio.

2218 5747 2283 5800 Et
2306 5749 2429 5801 dixit
2458 5745 2577 5797 mihi
2605 5759 2623 5796 :
2671 5743 2795 5795 licet
2825 5744 2967 5794 verba
3015 5739 3303 5807 ﬁdelissimo
3342 5753 3384 5794 et
3423 5764 3538 5801 ιντο
3564 5756 3714 5800 sunt.
