3934 6222
214 586 221 591 _
235 526 337 583 903

1137 521 1569 580 EXPLANATIO
1609 518 2080 611 APOCAFYPSIS.
2123 550 2189 560 —
2229 519 2354 573 LIB.
2397 518 2485 574 Ill.

3321 521 3421 573 906

234 642 341 693 Non
369 640 433 692 de
460 636 671 691 Joannis
700 636 983 689 difﬁdentia
1030 636 1315 699 dubitabat,
1357 635 1447 689 sed
1493 650 1667 688 veram
1700 635 1775 686 vi-
1807 634 1850 690 Α
1880 631 1961 684 ltic
1986 632 2371 699 promittuntur,
2421 632 2471 685 id
2499 638 2596 696 est,
2641 630 2767 700 l'gni
2795 632 2931 696 vitm,
2968 631 3019 684 lii
3052 633 3225 701 procul
3259 633 3417 689 dubio

235 734 431 782 sionem
480 728 619 779 muni
670 726 933 789 Ecclesia»,
982 727 1030 779 in
1058 742 1155 794 qua
1197 737 1247 780 et
1283 728 1526 795 parvulos
1572 725 1774 779 futuros

234 828 470 881 noverat,
500 817 925 870 commendabat.

278 908 341 959 Et
360 908 599 959 Dominus
618 907 746 958 Deus
758 907 1020 970 spirituum
1032 906 1385 975 prophetarum
1402 906 1774 973 misitmtgelnm

232 1014 394 1051 suum.
428 999 501 1049 Ne
526 997 749 1059 dubites,
782 997 965 1063 inquit,
990 1000 1054 1049 de
1081 1012 1295 1064 persona
1328 998 1605 1049 monentis.
1639 997 1774 1050 Deus

231 1089 369 1140 enim
398 1088 508 1154 ipse
534 1088 617 1155 qui
642 1087 854 1153 spiritus
884 1087 1249 1153 prapbetarum
1278 1087 1478 1140 coelesti
1510 1086 1643 1138 solet
1674 1086 1773 1139 im-

232 1176 392 1228 buere
414 1176 635 1238 visione,
660 1176 769 1228 haec
795 1190 877 1229 me
900 1176 988 1227 tibi
1006 1175 1147 1228 misit
1163 1185 1559 1242 pra-monstrare
1580 1159 1771 1227 futura.

305 1265 576 1319 Ostendere
601 1268 750 1319 servis
776 1267 873 1319 tuis
916 1282 1029 1335 qua:
1056 1276 1247 1334 oportet
1287 1266 1394 1333 ﬁeri
1424 1267 1539 1319 cito.
1596 1265 1777 1318 Docuit

230 1372 306 1419 se,
330 1367 388 1411 ut
409 1358 535 1421 dixi,
568 1360 804 1412 oninium
832 1358 1149 1426 generaliter
1177 1359 1328 1417 utilia,
1350 1360 1700 1427 prospexisse.

296 1447 480 1501 Beatus
526 1450 609 1517 qui
646 1459 805 1502 servat
832 1450 973 1503 verba
999 1449 1267 1519 prophetia:
1316 1450 1429 1502 libri
1456 1452 1604 1518 hujus
1625 1491 1638 1512 ,
1670 1459 1772 1504 etc.

232 1538 568 1602 Subauditur,
600 1540 781 1593 beatus
805 1555 939 1594 sum.
988 1540 1075 1595 Sic
1098 1542 1238 1595 enim
1283 1542 1469 1595 beatus
1501 1541 1775 1610 Dionysius

232 1626 616 1680 Alexandrinus
639 1629 856 1683 antistes
902 1631 995 1683 bos
1023 1631 1312 1685 versiculos
1336 1631 1617 1692 connectit,
1649 1631 1775 1683 dum

229 1717 541 1783 quibusdam
574 1718 858 1772 ltmresibus
888 1734 949 1774 ex
976 1719 1127 1789 hujus
1158 1721 1320 1775 libelli
1344 1722 1621 1773 occasione
1653 1732 1775 1773 sur“-

227 1808 469 1873 gentibus
491 1817 545 1860 et
570 1822 802 1863 errorem
830 1809 1186 1878 redargueret,
1215 1820 1269 1865 et
1291 1812 1527 1880 ejusdem
1556 1812 1778 1878 prophe-

228 1897 313 1950 tia:
356 1910 571 1950 sensum
624 1898 688 1952 ab
729 1900 869 1952 omni
923 1892 1099 1952 nubilo
1146 1901 1370 1953 carnalis
1420 1899 1777 1968 intelligentiae

1878 739 1971 790 per
2000 733 2173 791 portas
2200 724 2393 776 intrant
2416 724 2464 775 in
2493 722 2798 775 Ecclesiam.
2834 722 3016 776 Portas
3040 725 3237 777 scilicet
3262 726 3415 791 justi.

1878 816 1981 877 tiaa,
2006 829 2133 879 quas
2154 815 2249 865 sibi
2286 814 2553 867 l’salntista
2579 815 2805 882 postulat
2826 815 3015 879 aperiri
3035 813 3203 883 (Psal.
3230 816 3419 881 cxvn).

1879 902 1976 966 Qui
2018 914 2185 953 autem
2230 904 2433 955 aliunde
2480 914 2631 956 tenta:
2678 907 2963 966 ascendere,
3019 906 3102 957 ille
3132 907 3214 976 {ur
3264 915 3335 959 est
3372 916 3424 960 et

1875 992 2001 1042 latro
2029 990 2201 1059 (Joun.
2247 993 2301 1057 ι)
2328 1007 2342 1056 ;
2367 992 2434 1045 de
2461 992 2653 1060 quibus
2681 1001 2731 1047 et
2765 994 2845 1047 bic
2868 994 3107 1045 subditur
3134 1012 3147 1047 :

1948 1081 2092 1135 Foris
2110 1069 2271 1135 autent
2293 1100 2459 1149 canes,
2481 1092 2527 1135 et
2553 1086 2775 1152 veneﬁci,
2795 1095 2839 1137 et
2859 1085 3118 1154 impudici,
3143 1098 3243 1141 etc.
3277 1086 3419 1141 Cun-

1876 1182 1956 1225 cta
2007 1174 2143 1226 enint
2202 1158 2371 1228 rabies
2422 1166 2779 1242 improborum
2836 1187 2889 1229 et
2915 1191 3050 1229 nunc
3103 1177 3419 1233 intrinsecus

1880 1261 2165 1316 Ecclesiam
2187 1274 2370 1328 tentat,
2394 1264 2483 1318 sed
2502 1280 2618 1318 cum
2636 1266 2904 1321 intraverit
2923 1277 3067 1334 pater
3085 1268 3326 1335 familias,
3343 1278 3419 1333 et,

1878 1354 2071 1406 sanctis
2094 1370 2269 1408 secum
2286 1356 2347 1408 ad
2366 1358 2573 1423 nuptias
2592 1357 2925 1424 intrantibus,
2944 1359 3187 1411 clauserit
3207 1362 3421 1423 ostium,

1877 1452 1998 1496 tunc
2015 1445 2267 1513 incipient
2292 1446 2417 1500 foris
2436 1456 2574 1501 stare
2598 1457 2651 1501 et
2673 1450 2879 1514 pulsare
2899 1451 3087 1503 ostium
3107 1451 3254 1518 (Luc.
3284 1456 3423 1518 xm.)

1945 1533 2053 1603 Ego
2075 1551 2182 1588 sum
2206 1538 2355 1589 radix
2379 1546 2424 1589 et
2464 1554 2617 1605 genus
2642 1538 2825 1593 David.
2879 1541 3148 1595 Geminam
3195 1543 3278 1595 ltic
3311 1558 3431 1609 pcr-

1877 1637 2022 1676 sonze
2049 1640 2159 1679 sua:
2188 1637 2422 1679 naturam
2474 1630 2754 1695 expressit,
2806 1629 2941 1696 quod
2995 1630 3129 1683 idem
3164 1632 3327 1686 factor
3355 1634 3428 1687 sit

1873 1702 2038 1765 David
2060 1716 2347 1767 secundum
2368 1714 2714 1779 divinitatem,
2742 1720 2828 1784 qui
2849 1718 3011 1772 fastus
3032 1730 3108 1774 est
3131 1736 3192 1774 ex
3221 1726 3421 1777 semine

1878 1802 2038 1857 David
2086 1806 2372 1859 secundum
2420 1818 2656 1861 cantum.
2704 1810 2864 1874 Quam
2901 1811 3148 1865 Dominus
3178 1815 3426 1883 quaestio-

1878 1908 1996 1949 nem
2026 1894 2217 1954 ludatis
2248 1896 2299 1949 iu
2332 1897 2615 1967 Evangelia
2667 1902 2941 1969 propOnit,
2990 1906 3251 1972 quomodo
3279 1906 3424 1960 vide-

228 1998 503 2054 purgatum
536 1990 598 2041 ad
623 2000 811 2043 tuterna
838 2000 889 2043 et
909 1990 1143 2045 cmleslia
1174 1993 1423 2059 promissa
1450 1967 1772 2046 transferret.
1808 1967 1853 2027 Β
1881 1985 1998 2037 licet
2044 1984 2280 2039 Christus
2312 1986 2448 2040 “lius
2495 1987 2560 2040 Sil
2608 1988 2764 2041 οωνίά
2792 2032 2805 2053 ο
2857 2005 2973 2044 Cum
3005 2008 3123 2046 ουῐη
3175 1993 3330 2047 ῧδνίά
3370 1994 3424 2049 in

293 2075 465 2129 Cecidi
492 2089 543 2129 ut
565 2080 828 2133 adorarem
850 2090 962 2133 ante
984 2081 1134 2150 pedes
1154 2082 1338 2152 angeli,
1354 2092 1459 2137 etc.
1490 2087 1592 2135 Aut
1614 2081 1776 2136 semel

229 2164 425 2217 factum
459 2166 684 2231 iteravit,
738 2168 874 2237 quod
900 2170 1163 2222 cohib’tus
1212 2184 1311 2224 non
1338 2180 1418 2223 est
1441 2184 1598 2223 ausus
1628 2185 1778 2237 repe.

232 2265 367 2322 tere,
397 2267 485 2308 aut
508 2272 693 2325 magno
726 2256 980 2310 visionum
1006 2269 1221 2326 stupore
1242 2260 1532 2329 perculsus,
1556 2262 1777 2314 adorare

226 2361 286 2398 se
318 2347 547 2399 voluisse
578 2347 762 2400 iterum
792 2348 1087 2402 coolitelur.

300 2436 579 2489 συνίει-ηις
610 2447 722 2490 tuus
751 2454 883 2501 sum,
914 2448 1015 2495 etc.
1050 2440 1179 2495 Nota
1205 2443 1411 2513 quoties
1442 2452 1492 2497 et
1518 2443 1772 2496 Joannem

223 2527 535 2595 prophetam
558 2538 612 2583 et
642 2518 781 2583 hunc
806 2530 992 2583 librum
1019 2533 1341 2600 pmpltetiam
1373 2536 1628 2598 nominet;
1656 2550 1775 2586 nam

222 2618 390 2669 multa
421 2617 541 2670 huic
567 2632 685 2670 cum
715 2620 980 2687 prophetis
1008 2623 1305 2683 concordia,
1330 2638 1427 2677 nec
1460 2626 1507 2676 in
1535 2624 1777 2679 sensibus

221 2718 449 2772 tantum,
492 2710 582 2762 sed
612 2720 661 2762 et
695 2710 745 2763 in
776 2712 967 2765 verbis.
998 2713 1131 2777 Quot
1158 2714 1295 2767 enim
1327 2715 1414 2767 hic
1452 2714 1616 2781 Isaiae,
1648 2726 1777 2789 quot

220 2794 513 2863 Zacbarim,
532 2798 857 2866 aliorumque
886 2802 1259 2869 prophetarum
1300 2818 1483 2858 versus
1510 2804 1769 2859 invenies!

298 2888 380 2941 Ne
410 2889 681 2959 signaseris
710 2892 856 2943 verba
881 2893 1294 2960 praphetiwlibri
1322 2894 1490 2966 hujus,
1526 2905 1627 2949 etc.
1674 2879 1775 2951 Fu:

224 2994 347 3036 turo
381 2986 760 3052 propinquante
783 2986 980 3053 judicio
1010 2989 1328 3042 ntanifestari
1352 2991 1579 3057 oportuit
1603 2990 1773 3043 divina

221 3088 505 3141 precepts,
533 3073 749 3140 judicia,
780 3083 933 3143 atque
976 3078 1251 3143 promissa,
1280 3092 1498 3145 quorum
1528 3079 1776 3133 observa-

222 3163 369 3215 tione
401 3164 669 3229 prarmiutn
721 3165 873 3217 mites
923 3166 1227 3233 acquirant,
1271 3168 1521 3236 neglectis
1567 3184 1773 3236 ptenatn

215 3264 562 3307 contumaces
592 3255 878 3308 incurrant.

293 3344 395 3406 Qui
419 3355 577 3408 nocet,
609 3355 779 3398 noceat
807 3347 989 3410 adhuc,
1033 3357 1077 3401 et
1104 3350 1185 3415 qui
1208 3350 1258 3402 in
1286 3349 1512 3403 sordibus
1536 3360 1606 3405 est
1624 3393 1638 3417 ,
1667 3369 1773 3405 sor-

212 3434 392 3486 descat
418 3436 607 3489 adhuc.
656 3436 873 3490 Occulta
904 3436 988 3491 ltic
1018 3438 1103 3491 Dei
1136 3438 1349 3507 judicia,
1401 3441 1491 3495 sed
1517 3442 1655 3508 justa
1684 3444 1776 3498 dc-

210 3534 506 3591 moustrat,
559 3525 750 3594 quibus
799 3527 920 3581 mali
959 3527 1197 3583 homines
1246 3531 1297 3584 in
1329 3530 1475 3601 pejus
1522 3534 1775 3600 prolicere

205 3620 597 3687 permittuntur
617 3660 634 3683 ,
666 3620 713 3672 id
739 3628 857 3684 est,
896 3624 1166 3689 pervenire
1202 3622 1265 3675 ad
1296 3638 1549 3677 summam
1595 3628 1773 3693 nequi-

208 3712 371 3774 tiam,
408 3718 462 3762 ut
496 3711 658 3778 possit
682 3710 877 3778 justum
908 3714 1139 3766 invenire
1164 3713 1435 3781 judicimn.
1488 3715 1617 3769 lluic
1646 3717 1768 3769 illud

199 3800 395 3854 s-tnile
423 3810 499 3853 est
527 3817 538 3851 :
568 3801 659 3852 Aut
686 3801 833 3867 facite
859 3802 1085 3853 arborem
1125 3802 1301 3855 bonam
1343 3814 1387 3857 et
1414 3806 1631 3872 fructum
1662 3807 1769 3873 ejus

194 3897 426 3956 bonum,
461 3903 545 3944 aut
572 3892 720 3960 facile
752 3892 977 3945 arborem
1015 3894 1201 3946 malum
1223 3903 1267 3948 et
1294 3898 1508 3963 fructum
1534 3899 1642 3966 ejus
1673 3914 1771 3949 ma-

195 3984 320 4038 lum
348 3983 562 4052 (Matth.
594 3984 711 4051 xu).

290 4075 401 4145 Ego
427 4090 538 4126 sum
567 4080 603 4127 Α
633 4082 675 4125 et
705 4082 767 4139 Ω,
790 4085 893 4128 etc.
928 4074 981 4129 In
1006 4083 1041 4129 Δ
1072 4068 1227 4130 Verbi
1252 4074 1606 4143 divinitatem,
1638 4087 1691 4131 et
1719 4080 1770 4132 in

184 4184 249 4227 Ω
290 4184 591 4242 susceptam
622 4174 995 4230 humanitatem
1021 4173 1277 4244 designat.
1310 4172 1624 4243 Principium
1655 4176 1769 4231 sine

187 4268 472 4330 termino,
500 4267 636 4335 quod
665 4266 845 4319 crebra
877 4265 927 4319 in
963 4267 1061 4319 hoc
1090 4266 1225 4319 libro
1254 4265 1562 4334 repetitione
1595 4255 1797 4320 firma--

183 4370 324 4422 tur,
354 4358 468 4411 sive
496 4368 709 4426 propter
738 4359 890 4410 unius
922 4356 1113 4411 Christi
1143 4355 1465 4410 divinitatem
1493 4366 1545 4410 et
1574 4356 1762 4410 huma-

178 4454 438 4504 nitatem
468 4465 611 4516 stepe
638 4448 1016 4513 insinuandam,
1043 4450 1152 4502 sive
1172 4459 1231 4501 ut
1252 4448 1404 4502 unius
1424 4457 1621 4501 natura:
1662 4457 1766 4501 tota

173 4539 449 4594 Trinitas
468 4537 761 4599 intimetur,
785 4552 900 4604 quae
925 4553 1015 4604 per
1034 4538 1337 4606 prophetam
1358 4535 1481 4590 dicit
1504 4554 1515 4588 :
1542 4537 1667 4589 Ante
1690 4552 1767 4589 me

1878 2072 2071 2141 Spiritu
2102 2088 2252 2127 suum
2285 2076 2557 2130 Dominum
2589 2080 2775 2133 vocet?
2802 2079 3008 2148 (Matth.
3052 2086 3205 2149 χχιι).

1947 2163 2107 2217 Stella
2129 2165 2398 2234 splendida
2428 2177 2473 2219 et
2502 2171 2762 2222 matutina.
2790 2172 2885 2237 Qui
2919 2183 3034 2239 post
3058 2183 3264 2229 nocti-tn
3298 2191 3423 2245 pas.

1875 2255 2041 2307 sionis
2068 2255 2217 2307 unius
2245 2257 2545 2322 apparendo
2574 2260 2746 2326 lumen
2796 2264 3193 2317 resurrectionis
3222 2275 3275 2318 et
3304 2267 3423 2319 vitae

1780 2383 1787 2391 .
1879 2346 2051 2398 verbis
2073 2355 2125 2398 et
2145 2348 2386 2410 exemplo
2412 2348 2616 2400 sacculis
2638 2352 2883 2403 ostendit.
2900 2351 2982 2403 De
3003 2368 3106 2420 quo
3128 2355 3189 2406 ad
3216 2356 3421 2408 beatum

1874 2432 1971 2486 Job
2001 2433 2195 2512 dicitur
2226 2452 2236 2485 :
2274 2433 2520 2500 Nunquid
2549 2437 2782 2503 pmrlucis
2824 2439 2959 2510 lurif.
2979 2457 3090 2493 rum
3119 2443 3168 2495 in
3208 2452 3421 2512 (corpore

1877 2539 1966 2577 sua
1984 2508 2010 2575 .9.
2033 2522 2170 2590 (Job.
2203 2525 2448 2595 xxxvut.)

1948 2611 2012 2663 Et
2042 2629 2249 2681 sponsus
2274 2624 2318 2666 et
2345 2631 2527 2683 sponsa
2548 2618 2760 2671 dicunt:
2795 2618 2939 2672 Veni.
2966 2619 3132 2690 Caput
3158 2634 3210 2677 et
3235 2638 3429 2695 corpus

1880 2704 2153 2767 Ecclesiae,
2186 2708 2388 2775 singula
2422 2708 2655 2761 membra
2688 2711 3027 2765 cohortantur
3054 2716 3115 2766 ad
3144 2715 3317 2768 fidem.

1948 2794 2012 2847 Ei
2038 2797 2120 2864 qui
2167 2797 2330 2862 audit,
2376 2798 2554 2850 dicat:
2595 2798 2735 2854 chi.
2780 2801 3023 2870 Quisquis
3065 2805 3320 2858 internum
3372 2808 3422 2861 in

1876 2899 2048 2941 mente
2078 2886 2193 2941 fidei
2233 2889 2311 2941 vel
2352 2888 2627 2944 ebaritatis
2658 2892 2830 2946 lumen
2865 2895 3116 2963 percepit,
3150 2897 3211 2949 nd
3246 2898 3342 2952 hoc
3369 2909 3425 2952 et

1880 2970 2009 3030 alios
2042 2990 2314 3031 convocet.
2664 2976 2667 2977 ⁷

1947 3068 2047 3131 Qui
2076 3068 2197 3133 vult,
2229 3070 2442 3135 accipiat
2469 3086 2646 3137 aquam
2692 3073 2804 3126 uitia
2844 3087 2930 3141 gra
2956 3074 3015 3126 is.
3066 3071 3152 3129 Sic
3202 3075 3419 3131 liberum

1876 3159 2184 3211 Convenitur
2218 3160 2490 3213 arbitrium
2523 3161 2741 3215 dicendo
2769 3180 2779 3214 :
2831 3164 2929 3229 Qui
2956 3168 3059 3217 ruft
3100 3166 3333 3234 accipiat,
3365 3176 3426 3222 ιιι

1878 3246 2152 3301 confestim
2201 3249 2361 3317 gratia
2409 3251 2717 3317 prmdicetur
2767 3252 2816 3306 in
2867 3269 2930 3307 eo
2975 3257 3110 3322 quod
3142 3260 3416 3324 sequltur:

1878 3339 2072 3410 Aquam
2101 3342 2212 3393 vita
2231 3344 2405 3411 gratis.
2437 3344 2599 3396 Nullis
2633 3346 2809 3413 utique
2845 3348 3044 3400 meritis
3077 3350 3419 3415 prun-edenti-

1874 3431 1992 3485 bus.
2026 3431 2091 3485 Et
2112 3431 2276 3499 ipsum
2302 3434 2439 3485 enim
2465 3436 2616 3497 velle,
2651 3434 2738 3488 Dei
2769 3437 2961 3489 donum
2986 3447 3082 3489 est.

1946 3523 2143 3590 Siquis
2194 3526 2482 3593 opposuerit
2528 3527 2593 3577 ad
2639 3527 2765 3586 harc,
2822 3538 3037 3590 apponet
3082 3527 3215 3579 Deus
3270 3546 3422 3596 super

1874 3612 2018 3663 illttm
2081 3608 2259 3680 plagas
2319 3614 2530 3680 scriptas
2586 3615 2637 3665 in
2692 3611 2818 3667 libro
2867 3616 2982 3667 isto.
3038 3616 3157 3671 Ilzec
3208 3630 3418 3687 promer

1874 3700 2151 3755 falsatores
2185 3704 2332 3766 dixit,
2367 3718 2469 3755 non
2499 3715 2707 3771 propter
2730 3720 2821 3758 eos
2842 3708 2926 3774 qui
2955 3708 3258 3773 simpliciter
3275 3710 3414 3777 quod

1872 3792 2123 3856 sentiunt,
2154 3792 2353 3856 dicunt,
2384 3793 2433 3844 in
2463 3794 2608 3847 nullo
2640 3796 2905 3863 prophetia
2944 3797 3198 3849 mutilata.

1944 3879 2077 3932 Dicit
2104 3882 2190 3948 qui
2222 3882 2560 3935 testimonium
2590 3884 2807 3950 perhibet
2836 3886 3042 3937 istorum
3068 3899 3085 3937 :
3110 3876 3295 3948 Etiam,
3330 3902 3416 3939 ve-

1818 3967 1836 3979 ’
1871 3974 1955 4026 nio
1982 3975 2096 4027 cito.
2125 3972 2268 4027 Idem
2300 3974 2539 4028 Christus
2569 3975 2740 4029 testim
2767 3976 2919 4028 nium
2955 3975 3208 4042 perbibet,
3240 3977 3325 4044 qui
3353 3992 3413 4030 se

1872 4062 2117 4115 Ecclesia:
2145 4071 2414 4125 venturum
2442 4065 2731 4116 annuntiat.
2769 4062 2860 4116 Cui
2894 4078 3038 4117 niore
3059 4062 3255 4117 Cantici
3282 4079 3409 4117 can-

1872 4153 2090 4205 ticorum
2126 4152 2355 4204 Ecclesia
2385 4152 2574 4205 devote
2599 4154 2877 4219 reSpondet
2911 4170 2921 4203 :

1939 4243 2115 4306 Amen,
2148 4244 2276 4307 veni,
2322 4242 2532 4294 Domine
2574 4237 2694 4295 Jesu
2739 4243 2949 4295 Christe.
3001 4244 3126 4309 Quae
3175 4243 3411 4312 quotidie

1869 4331 2056 4387 clamat
2085 4346 2241 4387 orans
2267 4350 2279 4383 :
2309 4332 2550 4384 Adveniat
2580 4347 2785 4401 regnum
2817 4342 2953 4385 tuum
2980 4333 3189 4401 (Matth.
3216 4333 3313 4400 vt).
3347 4336 3414 4388 Et

1869 4427 1919 4478 in
1951 4425 2183 4493 psalmo:
2218 4422 2444 4477 Psallam
2475 4432 2519 4476 et
2549 4424 2823 4489 intelligam
2849 4424 2898 4476 in
2950 4425 3027 4476 ria
3055 4424 3403 4487 immaculata,

1866 4514 2066 4581 quando
2093 4514 2250 4566 renies
2271 4514 2335 4564 ad
2364 4529 2439 4565 me
2468 4508 2633 4581 (Psal.
2678 4514 2747 4579 c).

171 4645 315 4683 non
342 4637 416 4679 est
437 4629 681 4695 formatus
712 4624 865 4690 Deus,
893 4635 935 4678 et
959 4638 1067 4694 post
1089 4642 1165 4678 me
1186 4642 1283 4678 non
1304 4627 1395 4679 erit
1418 4624 1565 4696 (Isai.
1592 4629 1759 4695 xuu).
1794 4631 1845 4689 D
1936 4624 2114 4678 Gratia
2144 4624 2343 4676 Domini
2372 4622 2527 4674 nostri
2547 4621 2672 4675 Iesu
2701 4620 2884 4673 Christi
2930 4638 3041 4674 cum
3069 4622 3293 4675 omnibus
3322 4636 3407 4675 vo-

277 4719 359 4771 Ut
389 4719 450 4770 sit
477 4726 691 4786 potestas
738 4731 906 4768 eorum
934 4718 985 4768 in
1013 4717 1147 4784 ligno
1189 4714 1318 4770 vitaz.
1373 4715 1590 4784 Dignum
1622 4731 1756 4783 pm:-

163 4810 382 4864 mium
414 4806 564 4858 stolis
587 4804 842 4868 candidis,
876 4803 925 4856 id
963 4813 1076 4871 est,
1109 4804 1226 4856 vita:
1256 4804 1600 4858 immaculatte
1646 4817 1762 4872 pro~

163 4898 396 4958 mittit,
427 4895 667 4947 videlicet
702 4904 756 4946 ut
781 4894 981 4946 Domini
1006 4902 1234 4957 aspectu,
1265 4893 1351 4960 qui
1379 4902 1460 4946 est
1484 4897 1585 4945 vita
1615 4907 1761 4947 acter-

163 5007 297 5048 sm,
344 4986 593 5049 potiatur.
625 4982 761 5034 Beati
791 4984 918 5035 enim
950 4984 1133 5034 mundo
1160 4984 1339 5045 corde,
1389 4986 1626 5051 quoniam
1663 4986 1759 5053 ipsi

162 5078 379 5131 Deum
401 5073 629 5124 uidebunt
656 5071 868 5140 (Matth.
900 5078 968 5140 ν).

259 5167 355 5220 Et
376 5180 463 5232 per
484 5172 651 5228 portas
672 5163 853 5213 intrent
875 5164 923 5213 in
942 5162 1203 5215 civitatem.
1220 5164 1312 5228 Qui
1333 5161 1533 5214 Domini
1553 5174 1764 5217 servant

147 5259 464 5318 nlaudata
506 5252 761 5307 dicentis:
822 5252 926 5321 Ego
954 5270 1065 5306 sum
1107 5258 1303 5318 ostium,
1344 5272 1429 5323 per
1468 5271 1543 5307 me
1584 5258 1628 5307 si
1653 5258 1765 5324 quis

144 5344 491 5409 introierit,
538 5340 826 5405 mirabitur,
870 5350 915 5394 et
942 5342 1248 5409 ingredietur
1293 5356 1337 5396 et
1376 5346 1671 5413 egredietur,
1714 5356 1762 5399 et

142 5454 407 5511 pascua
450 5438 662 5489 inveniet
703 5433 876 5503 (Joan.
910 5434 993 5500 x);
1026 5434 1110 5485 illa
1141 5436 1317 5503 utique
1340 5451 1535 5504 pascua
1567 5453 1679 5505 qua:
1707 5449 1760 5493 et

1873 4718 1965 4780 bis,
1996 4715 2167 4771 Anim.
2226 4714 2359 4768 Eant
2406 4713 2685 4781 Pelagiani,
2732 4722 2783 4767 et
2811 4724 2901 4767 sua
2933 4715 3123 4767 virtute
3169 4713 3406 4775 lldentes,

1876 4805 2072 4863 Domini
2131 4818 2188 4862 se
2232 4802 2392 4877 gratia
2450 4804 2670 4870 privent.
2722 4804 2973 4872 Apostolo
3016 4814 3189 4859 autem
3247 4803 3408 4858 Paulo

1873 4901 2168 4968 praesidium
2199 4909 2464 4967 (ιιιωινεηιε
2506 4910 2565 4952 ac
2594 4896 2837 4948 dicente:
2893 4894 3014 4960 Quis
3056 4908 3133 4947 me
3183 4891 3415 4943 liberabit

1872 4992 1933 5043 de
1954 5007 2157 5058 corpore
2176 4994 2346 5043 mortis
2367 4986 2735 5060 huius?(Rom.
2763 4986 2877 5059 vti.)
2898 4982 3226 5058 Respondeat
3247 4981 3409 5035 Joan-

1872 5095 1964 5134 nes
2015 5082 2238 5133 nontinis
2283 5082 2359 5134 sui
2406 5096 2636 5145 memor,
2686 5090 2736 5133 et
2783 5082 2961 5133 dicat:
2994 5078 3168 5131 Gratia
3200 5071 3291 5132 Dei
3321 5089 3409 5147 per

1870 5154 2042 5235 .lesuin~
2068 5170 2316 5222 Christum
2344 5168 2608 5223 Dominum
2632 5182 2853 5223 nostrum
2882 5170 3088 5238 (lbid.).
3119 5170 3183 5223 Et
3225 5184 3288 5222 ne
3311 5168 3408 5221 sibi

1871 5262 2151 5314 Donatista!
2175 5261 2240 5314 de
2264 5263 2505 5330 singulari
2539 5262 2625 5315 Dei
2666 5278 2877 5315 munere
2916 5264 3262 5325 blandiantur,
3308 5275 3404 5309 au-
3444 5296 3453 5301 .

1869 5352 2011 5405 diaut
2050 5350 2186 5419 quod
2229 5366 2346 5405 cum
2390 5353 2605 5419 gratiam
2664 5351 2753 5405 Dei
2802 5354 2946 5420 quasi
3002 5355 3116 5402 vale
3162 5348 3396 5401 ultimum

1870 5441 2278 5509 commendaret,
2306 5442 2517 5509 adjecit,
2554 5441 2678 5495 Cum
2705 5444 2927 5495 omnibus
2957 5443 3109 5494 nobis.
3152 5440 3323 5491 Amen.

158 5580 3405 5609 ww

256 5675 560 5737 ﬂlinime
600 5672 915 5751 obstupeat
949 5675 1139 5733 lector
1168 5693 1293 5733 non
1324 5676 1531 5735 videns
1562 5697 1595 5734 a
1628 5675 1803 5736 nobis
1834 5677 1930 5735 hic
1966 5675 2102 5733 dari
2138 5677 2604 5751 Expositionem
2658 5678 2720 5733 in
2756 5679 2822 5734 S.
2860 5676 3042 5733 Pauli
3082 5674 3400 5749 Epistolas

135 5764 655 5838 qutun-retere:
714 5753 1079 5838 Venerabilis
1108 5754 1334 5811 .Palris
1365 5754 1653 5838 editiones
1682 5754 1920 5838 habent.
1962 5755 2133 5811 Hinc
2167 5754 2456 5838 exegesiin
2491 5797 2505 5820 ,

2564 5754 2735 5811 Beda:
2766 5759 2963 5811 minus
3016 5763 3170 5809 recte
3200 5753 3397 5809 attri—

133 5829 515 5899 I}uendum
548 5831 947 5907 quamkFloro
1002 5832 1285 5903 diacono,
1317 5830 1422 5888 sub
1457 5832 1574 5888 ista
1608 5832 1871 5901 nomine,
1900 5834 2058 5889 inter
2082 5833 2379 5907 sequentis
2412 5832 2760 5907 Scriptorcs
2792 5833 3021 5901 surculi,
3063 5830 3139 5887 ad
3169 5845 3395 5886 annum

132 5915 344 5984 860,
404 5906 661 5963 edemus.
710 5904 884 5962 Ent'r.
