  <div class='ocr_page' id='page_1' title='image "/cluster/home/n/w/nwhite01/storage/ocr_20150623/92-93/uva.x000827076/636.png"; bbox 0 0 3934 6222; ppageno 0'>
   <div class='ocr_carea' id='block_1_1' title="bbox 304 324 412 381">
    <p class='ocr_par' dir='ltr' id='par_1_1' title="bbox 304 324 412 381">
     <span class='ocr_line' id='line_1_1' title="bbox 304 324 412 381; baseline 0.019 -3"><span class='ocrx_word' id='word_1_1' title='bbox 304 324 412 381; x_wconf 69' lang='grc'><strong>213</strong></span> 
     </span>
    </p>
   </div>
   <div class='ocr_carea' id='block_1_2' title="bbox 1289 320 2516 383">
    <p class='ocr_par' dir='ltr' id='par_1_2' title="bbox 1289 320 2516 383">
     <span class='ocr_line' id='line_1_2' title="bbox 1289 320 2516 383; baseline 0.001 -2"><span class='ocrx_word' id='word_1_2' title='bbox 1289 326 1375 381; x_wconf 71' lang='grc' dir='ltr'><strong>ΒΕ</strong></span> <span class='ocrx_word' id='word_1_3' title='bbox 1413 325 1544 383; x_wconf 70' lang='lat' dir='ltr'><strong>SEX</strong></span> <span class='ocrx_word' id='word_1_4' title='bbox 1583 321 1836 380; x_wconf 73' lang='lat' dir='ltr'><strong>DIERUM</strong></span> <span class='ocrx_word' id='word_1_5' title='bbox 1876 320 2261 380; x_wconf 77' lang='lat' dir='ltr'><strong>CREATIONE</strong></span> <span class='ocrx_word' id='word_1_6' title='bbox 2298 325 2516 382; x_wconf 73' lang='lat' dir='ltr'><strong>LIBER.</strong></span> 
     </span>
    </p>
   </div>
   <div class='ocr_carea' id='block_1_3' title="bbox 3391 325 3498 382">
    <p class='ocr_par' dir='ltr' id='par_1_3' title="bbox 3391 325 3498 382">
     <span class='ocr_line' id='line_1_3' title="bbox 3391 325 3498 382; baseline 0.037 -4"><span class='ocrx_word' id='word_1_7' title='bbox 3391 325 3498 382; x_wconf 67' lang='grc' dir='ltr'><strong>ΞΗ</strong></span> 
     </span>
    </p>
   </div>
   <div class='ocr_carea' id='block_1_4' title="bbox 305 437 3493 514">
    <p class='ocr_par' dir='ltr' id='par_1_4' title="bbox 305 437 3493 514">
     <span class='ocr_line' id='line_1_4' title="bbox 305 437 3493 514; baseline 0.003 -21"><span class='ocrx_word' id='word_1_8' title='bbox 305 443 448 514; x_wconf 78' lang='lat' dir='ltr'><strong>Deus</strong></span> <span class='ocrx_word' id='word_1_9' title='bbox 479 438 593 494; x_wconf 80' lang='lat' dir='ltr'><strong>Fiat</strong></span> <span class='ocrx_word' id='word_1_10' title='bbox 616 440 735 514; x_wconf 54' lang='lat' dir='ltr'><strong>iga,</strong></span> <span class='ocrx_word' id='word_1_11' title='bbox 760 441 842 497; x_wconf 83' lang='lat' dir='ltr'><strong>vel</strong></span> <span class='ocrx_word' id='word_1_12' title='bbox 873 441 978 514; x_wconf 85' lang='lat' dir='ltr'><strong>illa,</strong></span> <span class='ocrx_word' id='word_1_13' title='bbox 1007 441 1212 514; x_wconf 72' lang='lat' dir='ltr'><strong>quoties</strong></span> <span class='ocrx_word' id='word_1_14' title='bbox 1241 443 1289 496; x_wconf 89' lang='lat' dir='ltr'><strong>in</strong></span> <span class='ocrx_word' id='word_1_15' title='bbox 1323 447 1422 500; x_wconf 89' lang='lat' dir='ltr'><strong>hoc</strong></span> <span class='ocrx_word' id='word_1_16' title='bbox 1443 446 1575 499; x_wconf 88' lang='lat' dir='ltr'><strong>libro</strong></span> <span class='ocrx_word' id='word_1_17' title='bbox 1592 447 1846 514; x_wconf 89' lang='lat' dir='ltr'><strong>reperitur</strong></span> <span class='ocrx_word' id='word_1_18' title='bbox 1874 437 1923 498; x_wconf 73' lang='grc' dir='ltr'><strong>Δ</strong></span> <span class='ocrx_word' id='word_1_19' title='bbox 1956 442 2032 493; x_wconf 83' lang='lat' dir='ltr'><strong>vel</strong></span> <span class='ocrx_word' id='word_1_20' title='bbox 2091 441 2324 514; x_wconf 83' lang='lat' dir='ltr'><strong>ﬂuidum</strong></span> <span class='ocrx_word' id='word_1_21' title='bbox 2355 452 2460 506; x_wconf 76' lang='lat' dir='ltr'><strong>est,</strong></span> <span class='ocrx_word' id='word_1_22' title='bbox 2509 443 2607 514; x_wconf 91' lang='lat' dir='ltr'><strong>hoc</strong></span> <span class='ocrx_word' id='word_1_23' title='bbox 2639 443 2881 510; x_wconf 71' lang='lat' dir='ltr'><strong>piscibus.</strong></span> <span class='ocrx_word' id='word_1_24' title='bbox 2894 444 3071 498; x_wconf 84' lang='lat' dir='ltr'><strong>datum</strong></span> <span class='ocrx_word' id='word_1_25' title='bbox 3095 456 3195 499; x_wconf 82' lang='lat' dir='ltr'><strong>est.</strong></span> <span class='ocrx_word' id='word_1_26' title='bbox 3232 445 3493 514; x_wconf 81' lang='lat' dir='ltr'><strong>Quidquid</strong></span> 
     </span>
    </p>
   </div>
   <div class='ocr_carea' id='block_1_5' title="bbox 307 508 1844 582">
    <p class='ocr_par' dir='ltr' id='par_1_5' title="bbox 307 508 1844 582">
     <span class='ocr_line' id='line_1_5' title="bbox 307 508 1844 582; baseline 0.001 -17"><span class='ocrx_word' id='word_1_27' title='bbox 307 513 599 582; x_wconf 81' lang='lat' dir='ltr'><strong>scriptum._</strong></span> <span class='ocrx_word' id='word_1_28' title='bbox 636 508 807 582; x_wconf 81' lang='lat' dir='ltr'><strong>Unum</strong></span> <span class='ocrx_word' id='word_1_29' title='bbox 855 513 993 565; x_wconf 90' lang='lat' dir='ltr'><strong>enim</strong></span> <span class='ocrx_word' id='word_1_30' title='bbox 1027 511 1254 582; x_wconf 79' lang='lat' dir='ltr'><strong>_\’erbum</strong></span> <span class='ocrx_word' id='word_1_31' title='bbox 1301 514 1388 570; x_wconf 87' lang='lat' dir='ltr'><strong>ille</strong></span> <span class='ocrx_word' id='word_1_32' title='bbox 1427 514 1627 582; x_wconf 56' lang='lat' dir='ltr'><strong>genuitJ</strong></span> <span class='ocrx_word' id='word_1_33' title='bbox 1654 508 1710 565; x_wconf 81' lang='lat' dir='ltr'><strong>in</strong></span> <span class='ocrx_word' id='word_1_34' title='bbox 1738 527 1844 581; x_wconf 87' lang='lat' dir='ltr'><strong>quo</strong></span> 
     </span>
    </p>
   </div>
   <div class='ocr_carea' id='block_1_6' title="bbox 307 578 1850 653">
    <p class='ocr_par' dir='ltr' id='par_1_6' title="bbox 307 578 1850 653">
     <span class='ocr_line' id='line_1_6' title="bbox 307 578 1850 653; baseline 0 -19"><span class='ocrx_word' id='word_1_35' title='bbox 307 581 441 634; x_wconf 73' lang='lat' dir='ltr'><strong>dixit</strong></span> <span class='ocrx_word' id='word_1_36' title='bbox 462 578 660 644; x_wconf 85' lang='lat' dir='ltr'><strong>omnia,</strong></span> <span class='ocrx_word' id='word_1_37' title='bbox 689 581 989 649; x_wconf 74' lang='lat' dir='ltr'><strong>priusquam</strong></span> <span class='ocrx_word' id='word_1_38' title='bbox 1019 580 1153 637; x_wconf 78' lang='lat' dir='ltr'><strong>facta</strong></span> <span class='ocrx_word' id='word_1_39' title='bbox 1183 592 1304 636; x_wconf 88' lang='lat' dir='ltr'><strong>sunt</strong></span> <span class='ocrx_word' id='word_1_40' title='bbox 1323 578 1550 653; x_wconf 68' lang='lat' dir='ltr'><strong>sing&#39;nla.</strong></span> <span class='ocrx_word' id='word_1_41' title='bbox 1585 579 1647 653; x_wconf 70' lang='lat' dir='ltr'><strong>Et</strong></span> <span class='ocrx_word' id='word_1_42' title='bbox 1668 578 1767 637; x_wconf 76' lang='lat' dir='ltr'><strong>sint</strong></span> <span class='ocrx_word' id='word_1_43' title='bbox 1797 583 1850 653; x_wconf 71' lang='lat' dir='ltr'><strong>in</strong></span> 
     </span>
    </p>
   </div>
   <div class='ocr_carea' id='block_1_7' title="bbox 307 650 1850 718">
    <p class='ocr_par' dir='ltr' id='par_1_7' title="bbox 307 650 1850 718">
     <span class='ocr_line' id='line_1_7' title="bbox 307 650 1850 718; baseline 0.002 -16"><span class='ocrx_word' id='word_1_44' title='bbox 307 665 456 718; x_wconf 72' lang='lat' dir='ltr'><strong>signa</strong></span> <span class='ocrx_word' id='word_1_45' title='bbox 507 656 565 718; x_wconf 79' lang='lat' dir='ltr'><strong>et</strong></span> <span class='ocrx_word' id='word_1_46' title='bbox 609 655 834 718; x_wconf 77' lang='lat' dir='ltr'><strong>tempore</strong></span> <span class='ocrx_word' id='word_1_47' title='bbox 892 668 906 701; x_wconf 84' lang='lat'><strong>:</strong></span> <span class='ocrx_word' id='word_1_48' title='bbox 955 663 1057 704; x_wconf 86' lang='lat' dir='ltr'><strong>non</strong></span> <span class='ocrx_word' id='word_1_49' title='bbox 1110 650 1718 706; x_wconf 56' lang='lat' dir='ltr'><strong>secundum&#39;hzereticos</strong></span> <span class='ocrx_word' id='word_1_50' title='bbox 1768 652 1850 705; x_wconf 89' lang='lat' dir='ltr'><strong>vel</strong></span> 
     </span>
    </p>
   </div>
   <div class='ocr_carea' id='block_1_8' title="bbox 310 716 1848 787">
    <p class='ocr_par' dir='ltr' id='par_1_8' title="bbox 310 716 1848 787">
     <span class='ocr_line' id='line_1_8' title="bbox 310 716 1848 787; baseline 0.001 -15"><span class='ocrx_word' id='word_1_51' title='bbox 310 716 671 786; x_wconf 82' lang='lat' dir='ltr'><strong>philosophos,</strong></span> <span class='ocrx_word' id='word_1_52' title='bbox 698 716 786 787; x_wconf 84' lang='lat' dir='ltr'><strong>qui</strong></span> <span class='ocrx_word' id='word_1_53' title='bbox 820 734 952 773; x_wconf 89' lang='lat' dir='ltr'><strong>vana</strong></span> <span class='ocrx_word' id='word_1_54' title='bbox 979 720 1125 786; x_wconf 78' lang='lat' dir='ltr'><strong>signa</strong></span> <span class='ocrx_word' id='word_1_55' title='bbox 1146 731 1432 787; x_wconf 85' lang='lat' dir='ltr'><strong>sectantur,</strong></span> <span class='ocrx_word' id='word_1_56' title='bbox 1454 721 1545 774; x_wconf 84' lang='lat' dir='ltr'><strong>sed</strong></span> <span class='ocrx_word' id='word_1_57' title='bbox 1563 719 1848 774; x_wconf 86' lang='lat' dir='ltr'><strong>secundum</strong></span> 
     </span>
    </p>
   </div>
   <div class='ocr_carea' id='block_1_9' title="bbox 313 787 1848 909">
    <p class='ocr_par' dir='ltr' id='par_1_9' title="bbox 313 787 1848 909">
     <span class='ocr_line' id='line_1_9' title="bbox 313 787 1848 856; baseline 0.005 -22"><span class='ocrx_word' id='word_1_58' title='bbox 313 787 592 840; x_wconf 73' lang='lat' dir='ltr'><strong>veritatem</strong></span> <span class='ocrx_word' id='word_1_59' title='bbox 644 788 686 840; x_wconf 91' lang='lat' dir='ltr'><strong>si</strong></span> <span class='ocrx_word' id='word_1_60' title='bbox 728 803 934 842; x_wconf 85' lang='lat' dir='ltr'><strong>norum.</strong></span> <span class='ocrx_word' id='word_1_61' title='bbox 993 789 1148 856; x_wconf 86' lang='lat' dir='ltr'><strong>Signa</strong></span> <span class='ocrx_word' id='word_1_62' title='bbox 1202 799 1372 842; x_wconf 88' lang='lat' dir='ltr'><strong>autem</strong></span> <span class='ocrx_word' id='word_1_63' title='bbox 1431 799 1484 842; x_wconf 90' lang='lat' dir='ltr'><strong>et</strong></span> <span class='ocrx_word' id='word_1_64' title='bbox 1523 799 1759 854; x_wconf 82' lang='lat' dir='ltr'><strong>tempora</strong></span> <span class='ocrx_word' id='word_1_65' title='bbox 1783 788 1848 842; x_wconf 87' lang='lat' dir='ltr'><strong>ad</strong></span> 
     </span>
     <span class='ocr_line' id='line_1_10' title="bbox 315 803 1848 909; baseline -0.001 0"><span class='ocrx_word' id='word_1_66' title='bbox 315 857 495 909; x_wconf 87' lang='lat' dir='ltr'><strong>lunam</strong></span> <span class='ocrx_word' id='word_1_67' title='bbox 523 854 602 908; x_wconf 82' lang='lat' dir='ltr'><strong>vel</strong></span> <span class='ocrx_word' id='word_1_68' title='bbox 643 803 725 909; x_wconf 59' lang='lat' dir='ltr'><strong>ad;</strong></span> <span class='ocrx_word' id='word_1_69' title='bbox 741 857 909 909; x_wconf 83' lang='lat' dir='ltr'><strong>sidera</strong></span> <span class='ocrx_word' id='word_1_70' title='bbox 939 859 1056 909; x_wconf 76' lang='lat' dir='ltr'><strong>cmli</strong></span> <span class='ocrx_word' id='word_1_71' title='bbox 1087 859 1351 909; x_wconf 79' lang='lat' dir='ltr'><strong>nertineie</strong></span> <span class='ocrx_word' id='word_1_72' title='bbox 1380 859 1644 909; x_wconf 87' lang='lat' dir='ltr'><strong>dicuntur.</strong></span> <span class='ocrx_word' id='word_1_73' title='bbox 1679 858 1848 909; x_wconf 79' lang='lat' dir='ltr'><strong>Inani-</strong></span> 
     </span>
    </p>
   </div>
   <div class='ocr_carea' id='block_1_10' title="bbox 315 854 1850 926">
    <p class='ocr_par' dir='ltr' id='par_1_10' title="bbox 315 854 1850 926">
     <span class='ocr_line' id='line_1_11' title="bbox 315 854 1850 926; baseline -0.001 -17"><span class='ocrx_word' id='word_1_74' title='bbox 315 857 495 909; x_wconf 88' lang='lat' dir='ltr'><strong>lunam</strong></span> <span class='ocrx_word' id='word_1_75' title='bbox 523 854 602 908; x_wconf 82' lang='lat' dir='ltr'><strong>vel</strong></span> <span class='ocrx_word' id='word_1_76' title='bbox 643 854 717 909; x_wconf 80' lang='lat' dir='ltr'><strong>ad</strong></span> <span class='ocrx_word' id='word_1_77' title='bbox 741 857 909 910; x_wconf 81' lang='lat' dir='ltr'><strong>sidera</strong></span> <span class='ocrx_word' id='word_1_78' title='bbox 939 854 1351 926; x_wconf 12' lang='lat' dir='ltr'><strong>cmliﬁpertineie</strong></span> <span class='ocrx_word' id='word_1_79' title='bbox 1380 859 1644 911; x_wconf 86' lang='lat' dir='ltr'><strong>dicuntur.</strong></span> <span class='ocrx_word' id='word_1_80' title='bbox 1679 858 1850 922; x_wconf 75' lang='lat' dir='ltr'><strong>Inqui-</strong></span> 
     </span>
    </p>
   </div>
   <div class='ocr_carea' id='block_1_11' title="bbox 313 927 1852 997">
    <p class='ocr_par' dir='ltr' id='par_1_11' title="bbox 313 927 1852 997">
     <span class='ocr_line' id='line_1_12' title="bbox 313 927 1852 997; baseline 0.001 -20"><span class='ocrx_word' id='word_1_81' title='bbox 313 928 534 997; x_wconf 86' lang='lat' dir='ltr'><strong>rendum</strong></span> <span class='ocrx_word' id='word_1_82' title='bbox 586 935 664 977; x_wconf 91' lang='lat' dir='ltr'><strong>est</strong></span> <span class='ocrx_word' id='word_1_83' title='bbox 709 927 766 997; x_wconf 12' lang='lat' dir='ltr'><strong>si!</strong></span> <span class='ocrx_word' id='word_1_84' title='bbox 798 928 989 997; x_wconf 67' lang='lat' dir='ltr'><strong>caelum</strong></span> <span class='ocrx_word' id='word_1_85' title='bbox 1033 928 1082 980; x_wconf 92' lang='lat' dir='ltr'><strong>in</strong></span> <span class='ocrx_word' id='word_1_86' title='bbox 1131 943 1259 997; x_wconf 84' lang='lat' dir='ltr'><strong>gyro</strong></span> <span class='ocrx_word' id='word_1_87' title='bbox 1300 939 1556 987; x_wconf 81' lang='lat' dir='ltr'><strong>versatur,</strong></span> <span class='ocrx_word' id='word_1_88' title='bbox 1588 940 1651 997; x_wconf 83' lang='lat' dir='ltr'><strong>an</strong></span> <span class='ocrx_word' id='word_1_89' title='bbox 1680 927 1852 997; x_wconf 82' lang='lat' dir='ltr'><strong>sidera</strong></span> 
     </span>
    </p>
   </div>
   <div class='ocr_carea' id='block_1_12' title="bbox 310 995 1852 1064">
    <p class='ocr_par' dir='ltr' id='par_1_12' title="bbox 310 995 1852 1064">
     <span class='ocr_line' id='line_1_13' title="bbox 310 995 1852 1064; baseline 0.002 -18"><span class='ocrx_word' id='word_1_90' title='bbox 310 995 660 1047; x_wconf 83' lang='lat' dir='ltr'><strong>circumeunt.</strong></span> <span class='ocrx_word' id='word_1_91' title='bbox 717 995 768 1047; x_wconf 86' lang='lat' dir='ltr'><strong>Id</strong></span> <span class='ocrx_word' id='word_1_92' title='bbox 821 995 1210 1063; x_wconf 81' lang='lat' dir='ltr'><strong>intelligendum</strong></span> <span class='ocrx_word' id='word_1_93' title='bbox 1252 1007 1351 1053; x_wconf 86' lang='lat' dir='ltr'><strong>est.</strong></span> <span class='ocrx_word' id='word_1_94' title='bbox 1382 997 1518 1064; x_wconf 88' lang='lat' dir='ltr'><strong>quod</strong></span> <span class='ocrx_word' id='word_1_95' title='bbox 1549 996 1718 1050; x_wconf 81' lang='lat' dir='ltr'><strong>sidera</strong></span> <span class='ocrx_word' id='word_1_96' title='bbox 1750 996 1852 1049; x_wconf 82' lang='lat' dir='ltr'><strong>cir-</strong></span> 
     </span>
    </p>
   </div>
   <div class='ocr_carea' id='block_1_13' title="bbox 311 1065 1403 1120">
    <p class='ocr_par' dir='ltr' id='par_1_13' title="bbox 311 1065 1403 1120">
     <span class='ocr_line' id='line_1_14' title="bbox 311 1065 1403 1120; baseline 0 -3"><span class='ocrx_word' id='word_1_97' title='bbox 311 1069 583 1120; x_wconf 80' lang='lat' dir='ltr'><strong>cumeunt.</strong></span> <span class='ocrx_word' id='word_1_98' title='bbox 614 1065 801 1116; x_wconf 70' lang='lat' dir='ltr'><strong>coelum</strong></span> <span class='ocrx_word' id='word_1_99' title='bbox 833 1075 1006 1118; x_wconf 86' lang='lat' dir='ltr'><strong>autem</strong></span> <span class='ocrx_word' id='word_1_100' title='bbox 1044 1068 1260 1119; x_wconf 88' lang='lat' dir='ltr'><strong>tirtniter</strong></span> <span class='ocrx_word' id='word_1_101' title='bbox 1279 1076 1403 1119; x_wconf 93' lang='lat' dir='ltr'><strong>stat.</strong></span> 
     </span>
    </p>
   </div>
   <div class='ocr_carea' id='block_1_14' title="bbox 390 1129 1857 1204">
    <p class='ocr_par' dir='ltr' id='par_1_14' title="bbox 390 1129 1857 1204">
     <span class='ocr_line' id='line_1_15' title="bbox 390 1129 1857 1204; baseline 0.001 -21"><span class='ocrx_word' id='word_1_102' title='bbox 390 1129 456 1183; x_wconf 83' lang='lat' dir='ltr'><strong>Et</strong></span> <span class='ocrx_word' id='word_1_103' title='bbox 498 1132 684 1204; x_wconf 74' lang='lat' dir='ltr'><strong>factum</strong></span> <span class='ocrx_word' id='word_1_104' title='bbox 727 1140 799 1186; x_wconf 89' lang='lat' dir='ltr'><strong>est</strong></span> <span class='ocrx_word' id='word_1_105' title='bbox 837 1149 1032 1204; x_wconf 80' lang='lat' dir='ltr'><strong>vespere</strong></span> <span class='ocrx_word' id='word_1_106' title='bbox 1074 1143 1119 1187; x_wconf 87' lang='lat' dir='ltr'><strong>et</strong></span> <span class='ocrx_word' id='word_1_107' title='bbox 1160 1150 1312 1204; x_wconf 3' lang='lat' dir='ltr'><strong>quiane</strong></span> <span class='ocrx_word' id='word_1_108' title='bbox 1338 1135 1443 1187; x_wconf 82' lang='lat' dir='ltr'><strong>dies</strong></span> <span class='ocrx_word' id='word_1_109' title='bbox 1485 1143 1716 1204; x_wconf 71' lang='lat' dir='ltr'><strong>quattus.</strong></span> <span class='ocrx_word' id='word_1_110' title='bbox 1751 1135 1857 1186; x_wconf 85' lang='lat' dir='ltr'><strong>Cur</strong></span> 
     </span>
    </p>
   </div>
   <div class='ocr_carea' id='block_1_15' title="bbox 314 1202 1856 1268">
    <p class='ocr_par' dir='ltr' id='par_1_15' title="bbox 314 1202 1856 1268">
     <span class='ocr_line' id='line_1_16' title="bbox 314 1202 1856 1268; baseline 0.003 -18"><span class='ocrx_word' id='word_1_111' title='bbox 314 1215 537 1268; x_wconf 83' lang='lat' dir='ltr'><strong>vespere</strong></span> <span class='ocrx_word' id='word_1_112' title='bbox 583 1202 663 1254; x_wconf 83' lang='lat' dir='ltr'><strong>vel</strong></span> <span class='ocrx_word' id='word_1_113' title='bbox 711 1217 864 1256; x_wconf 83' lang='lat' dir='ltr'><strong>mane</strong></span> <span class='ocrx_word' id='word_1_114' title='bbox 908 1202 1214 1263; x_wconf 81' lang='lat' dir='ltr'><strong>nominatit,</strong></span> <span class='ocrx_word' id='word_1_115' title='bbox 1259 1203 1323 1254; x_wconf 87' lang='lat' dir='ltr'><strong>tle</strong></span> <span class='ocrx_word' id='word_1_116' title='bbox 1353 1202 1506 1258; x_wconf 86' lang='lat' dir='ltr'><strong>nocte</strong></span> <span class='ocrx_word' id='word_1_117' title='bbox 1527 1217 1698 1257; x_wconf 91' lang='lat' dir='ltr'><strong>autem</strong></span> <span class='ocrx_word' id='word_1_118' title='bbox 1729 1203 1856 1256; x_wconf 92' lang='lat' dir='ltr'><strong>nihil</strong></span> 
     </span>
    </p>
   </div>
   <div class='ocr_carea' id='block_1_16' title="bbox 316 1269 1859 1338">
    <p class='ocr_par' dir='ltr' id='par_1_16' title="bbox 316 1269 1859 1338">
     <span class='ocr_line' id='line_1_17' title="bbox 316 1269 1859 1338; baseline -0.001 -14"><span class='ocrx_word' id='word_1_119' title='bbox 316 1269 607 1324; x_wconf 75' lang='lat' dir='ltr'><strong>iudicavit?</strong></span> <span class='ocrx_word' id='word_1_120' title='bbox 641 1270 774 1334; x_wconf 87' lang='lat' dir='ltr'><strong>Quid</strong></span> <span class='ocrx_word' id='word_1_121' title='bbox 800 1286 926 1338; x_wconf 87' lang='lat' dir='ltr'><strong>ergo</strong></span> <span class='ocrx_word' id='word_1_122' title='bbox 947 1272 1086 1325; x_wconf 81' lang='lat' dir='ltr'><strong>aliud</strong></span> <span class='ocrx_word' id='word_1_123' title='bbox 1119 1283 1321 1325; x_wconf 88' lang='lat' dir='ltr'><strong>noctem</strong></span> <span class='ocrx_word' id='word_1_124' title='bbox 1351 1273 1608 1335; x_wconf 85' lang='lat' dir='ltr'><strong>dicamus,</strong></span> <span class='ocrx_word' id='word_1_125' title='bbox 1639 1275 1736 1326; x_wconf 83' lang='lat' dir='ltr'><strong>nisi</strong></span> <span class='ocrx_word' id='word_1_126' title='bbox 1768 1273 1859 1324; x_wconf 85' lang='lat' dir='ltr'><strong>ab-</strong></span> 
     </span>
    </p>
   </div>
   <div class='ocr_carea' id='block_1_17' title="bbox 316 1340 1860 1409">
    <p class='ocr_par' dir='ltr' id='par_1_17' title="bbox 316 1340 1860 1409">
     <span class='ocr_line' id='line_1_18' title="bbox 316 1340 1860 1409; baseline 0 -17"><span class='ocrx_word' id='word_1_127' title='bbox 316 1340 544 1409; x_wconf 78' lang='lat' dir='ltr'><strong>sentiam</strong></span> <span class='ocrx_word' id='word_1_128' title='bbox 599 1340 749 1403; x_wconf 83' lang='lat' dir='ltr'><strong>lucis.</strong></span> <span class='ocrx_word' id='word_1_129' title='bbox 796 1357 912 1406; x_wconf 77' lang='lat' dir='ltr'><strong>qua:</strong></span> <span class='ocrx_word' id='word_1_130' title='bbox 949 1344 1083 1395; x_wconf 90' lang='lat' dir='ltr'><strong>inter</strong></span> <span class='ocrx_word' id='word_1_131' title='bbox 1106 1357 1374 1409; x_wconf 65' lang='lat' dir='ltr'><strong>vesperam</strong></span> <span class='ocrx_word' id='word_1_132' title='bbox 1406 1353 1459 1395; x_wconf 89' lang='lat' dir='ltr'><strong>et</strong></span> <span class='ocrx_word' id='word_1_133' title='bbox 1485 1357 1637 1396; x_wconf 87' lang='lat' dir='ltr'><strong>mane</strong></span> <span class='ocrx_word' id='word_1_134' title='bbox 1662 1350 1860 1395; x_wconf 76' lang='lat' dir='ltr'><strong>re~lare</strong></span> 
     </span>
    </p>
   </div>
   <div class='ocr_carea' id='block_1_18' title="bbox 317 1407 1861 1480">
    <p class='ocr_par' dir='ltr' id='par_1_18' title="bbox 317 1407 1861 1480">
     <span class='ocr_line' id='line_1_19' title="bbox 317 1407 1861 1480; baseline 0.002 -20"><span class='ocrx_word' id='word_1_135' title='bbox 317 1407 626 1480; x_wconf 76' lang='lat' dir='ltr'><strong>videbatur;</strong></span> <span class='ocrx_word' id='word_1_136' title='bbox 657 1422 721 1460; x_wconf 86' lang='lat' dir='ltr'><strong>an</strong></span> <span class='ocrx_word' id='word_1_137' title='bbox 749 1413 870 1480; x_wconf 83' lang='lat' dir='ltr'><strong>quia</strong></span> <span class='ocrx_word' id='word_1_138' title='bbox 897 1412 1062 1480; x_wconf 80' lang='lat' dir='ltr'><strong>prima</strong></span> <span class='ocrx_word' id='word_1_139' title='bbox 1096 1411 1178 1480; x_wconf 73' lang='lat' dir='ltr'><strong>lux</strong></span> <span class='ocrx_word' id='word_1_140' title='bbox 1200 1407 1514 1477; x_wconf 66' lang='lat' dir='ltr'><strong>angelicam</strong></span> <span class='ocrx_word' id='word_1_141' title='bbox 1544 1410 1861 1480; x_wconf 63' lang='lat' dir='ltr'><strong>signiﬁcavit</strong></span> 
     </span>
    </p>
   </div>
   <div class='ocr_carea' id='block_1_19' title="bbox 315 1477 1862 1544">
    <p class='ocr_par' dir='ltr' id='par_1_19' title="bbox 315 1477 1862 1544">
     <span class='ocr_line' id='line_1_20' title="bbox 315 1477 1862 1544; baseline 0.001 -14"><span class='ocrx_word' id='word_1_142' title='bbox 315 1479 664 1535; x_wconf 85' lang='lat' dir='ltr'><strong>creationem.</strong></span> <span class='ocrx_word' id='word_1_143' title='bbox 691 1477 778 1543; x_wconf 88' lang='lat' dir='ltr'><strong>qui</strong></span> <span class='ocrx_word' id='word_1_144' title='bbox 801 1479 1206 1544; x_wconf 78' lang='lat' dir='ltr'><strong>contemplanda</strong></span> <span class='ocrx_word' id='word_1_145' title='bbox 1233 1490 1525 1534; x_wconf 78' lang='lat' dir='ltr'><strong>Creatorem</strong></span> <span class='ocrx_word' id='word_1_146' title='bbox 1551 1477 1721 1543; x_wconf 77' lang='lat' dir='ltr'><strong>suum,</strong></span> <span class='ocrx_word' id='word_1_147' title='bbox 1743 1494 1862 1532; x_wconf 90' lang='lat' dir='ltr'><strong>cum</strong></span> 
     </span>
    </p>
   </div>
   <div class='ocr_carea' id='block_1_20' title="bbox 316 1545 1862 1618">
    <p class='ocr_par' dir='ltr' id='par_1_20' title="bbox 316 1545 1862 1618">
     <span class='ocr_line' id='line_1_21' title="bbox 316 1545 1862 1618; baseline -0.001 -21"><span class='ocrx_word' id='word_1_148' title='bbox 316 1545 733 1618; x_wconf 65' lang='lat' dir='ltr'><strong>concordissimi:</strong></span> <span class='ocrx_word' id='word_1_149' title='bbox 796 1549 1051 1601; x_wconf 81' lang='lat' dir='ltr'><strong>charitate</strong></span> <span class='ocrx_word' id='word_1_150' title='bbox 1102 1548 1218 1602; x_wconf 80' lang='lat' dir='ltr'><strong>sine</strong></span> <span class='ocrx_word' id='word_1_151' title='bbox 1272 1551 1521 1601; x_wconf 68' lang='lat' dir='ltr'><strong>caecitatis</strong></span> <span class='ocrx_word' id='word_1_152' title='bbox 1573 1551 1862 1618; x_wconf 69' lang='lat' dir='ltr'><strong>ignorantia</strong></span> 
     </span>
    </p>
   </div>
   <div class='ocr_carea' id='block_1_21' title="bbox 317 1615 1862 1684">
    <p class='ocr_par' dir='ltr' id='par_1_21' title="bbox 317 1615 1862 1684">
     <span class='ocr_line' id='line_1_22' title="bbox 317 1615 1862 1684; baseline 0.001 -17"><span class='ocrx_word' id='word_1_153' title='bbox 317 1615 627 1684; x_wconf 72' lang='lat' dir='ltr'><strong>Creatorem</strong></span> <span class='ocrx_word' id='word_1_154' title='bbox 666 1615 715 1667; x_wconf 91' lang='lat' dir='ltr'><strong>in</strong></span> <span class='ocrx_word' id='word_1_155' title='bbox 757 1627 1062 1684; x_wconf 85' lang='lat' dir='ltr'><strong>perpetuum</strong></span> <span class='ocrx_word' id='word_1_156' title='bbox 1114 1617 1328 1671; x_wconf 87' lang='lat' dir='ltr'><strong>laudare</strong></span> <span class='ocrx_word' id='word_1_157' title='bbox 1358 1632 1460 1670; x_wconf 92' lang='lat' dir='ltr'><strong>non</strong></span> <span class='ocrx_word' id='word_1_158' title='bbox 1489 1615 1862 1671; x_wconf 74' lang='lat' dir='ltr'><strong>cessant?Sed</strong></span> 
     </span>
    </p>
   </div>
   <div class='ocr_carea' id='block_1_22' title="bbox 319 1683 1862 1754">
    <p class='ocr_par' dir='ltr' id='par_1_22' title="bbox 319 1683 1862 1754">
     <span class='ocr_line' id='line_1_23' title="bbox 319 1683 1862 1754; baseline 0.001 -17"><span class='ocrx_word' id='word_1_159' title='bbox 319 1692 498 1737; x_wconf 85' lang='lat' dir='ltr'><strong>tamen</strong></span> <span class='ocrx_word' id='word_1_160' title='bbox 547 1683 697 1737; x_wconf 90' lang='lat' dir='ltr'><strong>initio</strong></span> <span class='ocrx_word' id='word_1_161' title='bbox 743 1683 921 1751; x_wconf 86' lang='lat' dir='ltr'><strong>operis</strong></span> <span class='ocrx_word' id='word_1_162' title='bbox 945 1696 996 1739; x_wconf 90' lang='lat' dir='ltr'><strong>et</strong></span> <span class='ocrx_word' id='word_1_163' title='bbox 1020 1686 1121 1738; x_wconf 87' lang='lat' dir='ltr'><strong>line</strong></span> <span class='ocrx_word' id='word_1_164' title='bbox 1151 1686 1319 1740; x_wconf 83' lang='lat' dir='ltr'><strong>lucide</strong></span> <span class='ocrx_word' id='word_1_165' title='bbox 1346 1697 1704 1754; x_wconf 86' lang='lat' dir='ltr'><strong>cognoverunt</strong></span> <span class='ocrx_word' id='word_1_166' title='bbox 1724 1685 1862 1754; x_wconf 86' lang='lat' dir='ltr'><strong>quod</strong></span> 
     </span>
    </p>
   </div>
   <div class='ocr_carea' id='block_1_23' title="bbox 1950 512 3491 581">
    <p class='ocr_par' dir='ltr' id='par_1_23' title="bbox 1950 512 3491 581">
     <span class='ocr_line' id='line_1_24' title="bbox 1950 512 3491 581; baseline 0.007 -21"><span class='ocrx_word' id='word_1_167' title='bbox 1950 512 2426 581; x_wconf 82' lang='lat' dir='ltr'><strong>autemhumidum</strong></span> <span class='ocrx_word' id='word_1_168' title='bbox 2457 513 2537 565; x_wconf 89' lang='lat' dir='ltr'><strong>vel</strong></span> <span class='ocrx_word' id='word_1_169' title='bbox 2564 515 2882 577; x_wconf 75' lang='lat' dir='ltr'><strong>vapomliter</strong></span> <span class='ocrx_word' id='word_1_170' title='bbox 2906 528 3218 581; x_wconf 85' lang='lat' dir='ltr'><strong>suspensum</strong></span> <span class='ocrx_word' id='word_1_171' title='bbox 3247 523 3352 578; x_wconf 58' lang='lat' dir='ltr'><strong>est,</strong></span> <span class='ocrx_word' id='word_1_172' title='bbox 3388 512 3491 571; x_wconf 75' lang='lat' dir='ltr'><strong>hac</strong></span> 
     </span>
    </p>
   </div>
   <div class='ocr_carea' id='block_1_24' title="bbox 1952 579 3492 652">
    <p class='ocr_par' dir='ltr' id='par_1_24' title="bbox 1952 579 3492 652">
     <span class='ocr_line' id='line_1_25' title="bbox 1952 579 3492 652; baseline 0.005 -21"><span class='ocrx_word' id='word_1_173' title='bbox 1952 579 2248 652; x_wconf 82' lang='lat' dir='ltr'><strong>volatilibus</strong></span> <span class='ocrx_word' id='word_1_174' title='bbox 2280 582 2523 652; x_wconf 84' lang='lat' dir='ltr'><strong>traditum</strong></span> <span class='ocrx_word' id='word_1_175' title='bbox 2550 595 2666 635; x_wconf 79' lang='lat' dir='ltr'><strong>esse</strong></span> <span class='ocrx_word' id='word_1_176' title='bbox 2697 581 2974 652; x_wconf 71' lang='lat' dir='ltr'><strong>maniteste</strong></span> <span class='ocrx_word' id='word_1_177' title='bbox 2996 579 3351 651; x_wconf 77' lang='lat' dir='ltr'><strong>cognoscitur,</strong></span> <span class='ocrx_word' id='word_1_178' title='bbox 3371 585 3492 652; x_wconf 82' lang='lat' dir='ltr'><strong>quia</strong></span> 
     </span>
    </p>
   </div>
   <div class='ocr_carea' id='block_1_25' title="bbox 1951 648 3492 730">
    <p class='ocr_par' dir='ltr' id='par_1_25' title="bbox 1951 648 3492 730">
     <span class='ocr_line' id='line_1_26' title="bbox 1951 648 3492 730; baseline 0.005 -30"><span class='ocrx_word' id='word_1_179' title='bbox 1951 648 2504 730; x_wconf 46' lang='lat' dir='ltr'><strong>sicuthiscesumaris</strong></span> <span class='ocrx_word' id='word_1_180' title='bbox 2535 652 2771 730; x_wconf 73' lang='lat' dir='ltr'><strong>pinnulis</strong></span> <span class='ocrx_word' id='word_1_181' title='bbox 2793 651 2915 730; x_wconf 30' lang='lat' dir='ltr'><strong>suis.</strong></span> <span class='ocrx_word' id='word_1_182' title='bbox 2934 653 2992 730; x_wconf 67' lang='lat' dir='ltr'><strong>in</strong></span> <span class='ocrx_word' id='word_1_183' title='bbox 3015 648 3162 730; x_wconf 58' lang='lat' dir='ltr'><strong>aq&#39;uis</strong></span> <span class='ocrx_word' id='word_1_184' title='bbox 3179 648 3400 730; x_wconf 59' lang='lat' dir='ltr'><strong>natant,</strong></span> <span class='ocrx_word' id='word_1_185' title='bbox 3423 656 3492 730; x_wconf 82' lang='lat' dir='ltr'><strong>ita</strong></span> 
     </span>
    </p>
   </div>
   <div class='ocr_carea' id='block_1_26' title="bbox 1954 717 3499 801">
    <p class='ocr_par' dir='ltr' id='par_1_26' title="bbox 1954 717 3499 801">
     <span class='ocr_line' id='line_1_27' title="bbox 1954 717 3499 801; baseline 0.005 -33"><span class='ocrx_word' id='word_1_186' title='bbox 1954 717 2181 801; x_wconf 68' lang='lat' dir='ltr'><strong>volatilia</strong></span> <span class='ocrx_word' id='word_1_187' title='bbox 2227 720 2347 801; x_wconf 57' lang='lat' dir='ltr'><strong>cmli</strong></span> <span class='ocrx_word' id='word_1_188' title='bbox 2379 721 2426 801; x_wconf 81' lang='lat' dir='ltr'><strong>in</strong></span> <span class='ocrx_word' id='word_1_189' title='bbox 2459 733 2592 801; x_wconf 69' lang='lat' dir='ltr'><strong>aere</strong></span> <span class='ocrx_word' id='word_1_190' title='bbox 2610 720 2759 801; x_wconf 75' lang='lat' dir='ltr'><strong>quasi</strong></span> <span class='ocrx_word' id='word_1_191' title='bbox 2792 722 2846 801; x_wconf 80' lang='lat' dir='ltr'><strong>iu_</strong></span> <span class='ocrx_word' id='word_1_192' title='bbox 2874 723 3022 801; x_wconf 68' lang='lat' dir='ltr'><strong>aquis</strong></span> <span class='ocrx_word' id='word_1_193' title='bbox 3047 717 3112 774; x_wconf 75' lang='lat' dir='ltr'><strong>de</strong></span> <span class='ocrx_word' id='word_1_194' title='bbox 3143 722 3367 801; x_wconf 73' lang='lat' dir='ltr'><strong>pinnulis</strong></span> <span class='ocrx_word' id='word_1_195' title='bbox 3389 725 3499 775; x_wconf 89' lang='lat' dir='ltr'><strong>suis</strong></span> 
     </span>
    </p>
   </div>
   <div class='ocr_carea' id='block_1_27' title="bbox 1955 785 3492 845">
    <p class='ocr_par' dir='ltr' id='par_1_27' title="bbox 1955 785 3492 845">
     <span class='ocr_line' id='line_1_28' title="bbox 1955 785 3492 845; baseline 0.006 -10"><span class='ocrx_word' id='word_1_196' title='bbox 1955 785 2174 839; x_wconf 75' lang='lat' dir='ltr'><strong>volitare</strong></span> <span class='ocrx_word' id='word_1_197' title='bbox 2204 789 2497 841; x_wconf 83' lang='lat' dir='ltr'><strong>videantur.</strong></span> <span class='ocrx_word' id='word_1_198' title='bbox 2534 788 2599 841; x_wconf 80' lang='lat' dir='ltr'><strong>Et</strong></span> <span class='ocrx_word' id='word_1_199' title='bbox 2625 785 2742 842; x_wconf 84' lang='lat' dir='ltr'><strong>ideo</strong></span> <span class='ocrx_word' id='word_1_200' title='bbox 2769 790 2866 843; x_wconf 86' lang='lat' dir='ltr'><strong>sub</strong></span> <span class='ocrx_word' id='word_1_201' title='bbox 2894 785 3222 844; x_wconf 75' lang='lat' dir='ltr'><strong>ﬁrmamento</strong></span> <span class='ocrx_word' id='word_1_202' title='bbox 3246 792 3365 845; x_wconf 74' lang='lat' dir='ltr'><strong>casti</strong></span> <span class='ocrx_word' id='word_1_203' title='bbox 3400 808 3492 844; x_wconf 87' lang='lat' dir='ltr'><strong>vo-</strong></span> 
     </span>
    </p>
   </div>
   <div class='ocr_carea' id='block_1_28' title="bbox 1957 856 3495 927">
    <p class='ocr_par' dir='ltr' id='par_1_28' title="bbox 1957 856 3495 927">
     <span class='ocr_line' id='line_1_29' title="bbox 1957 856 3495 927; baseline 0.005 -21"><span class='ocrx_word' id='word_1_204' title='bbox 1957 856 2109 927; x_wconf 81' lang='lat' dir='ltr'><strong>litare</strong></span> <span class='ocrx_word' id='word_1_205' title='bbox 2157 857 2418 920; x_wconf 89' lang='lat' dir='ltr'><strong>dicuntur,</strong></span> <span class='ocrx_word' id='word_1_206' title='bbox 2464 873 2565 910; x_wconf 88' lang='lat' dir='ltr'><strong>non</strong></span> <span class='ocrx_word' id='word_1_207' title='bbox 2609 858 2658 911; x_wconf 86' lang='lat' dir='ltr'><strong>in</strong></span> <span class='ocrx_word' id='word_1_208' title='bbox 2711 857 3040 912; x_wconf 85' lang='lat' dir='ltr'><strong>llrtnamentn</strong></span> <span class='ocrx_word' id='word_1_209' title='bbox 3075 861 3216 923; x_wconf 70' lang='lat' dir='ltr'><strong>cmli,</strong></span> <span class='ocrx_word' id='word_1_210' title='bbox 3245 863 3362 927; x_wconf 89' lang='lat' dir='ltr'><strong>quia</strong></span> <span class='ocrx_word' id='word_1_211' title='bbox 3385 860 3495 914; x_wconf 89' lang='lat' dir='ltr'><strong>illic</strong></span> 
     </span>
    </p>
   </div>
   <div class='ocr_carea' id='block_1_29' title="bbox 1955 925 3494 995">
    <p class='ocr_par' dir='ltr' id='par_1_29' title="bbox 1955 925 3494 995">
     <span class='ocr_line' id='line_1_30' title="bbox 1955 925 3494 995; baseline 0.004 -18"><span class='ocrx_word' id='word_1_212' title='bbox 1955 925 2181 992; x_wconf 87' lang='lat' dir='ltr'><strong>spatium</strong></span> <span class='ocrx_word' id='word_1_213' title='bbox 2225 929 2524 995; x_wconf 85' lang='lat' dir='ltr'><strong>contiguum</strong></span> <span class='ocrx_word' id='word_1_214' title='bbox 2573 935 2672 987; x_wconf 87' lang='lat' dir='ltr'><strong>est,</strong></span> <span class='ocrx_word' id='word_1_215' title='bbox 2725 929 2808 981; x_wconf 91' lang='lat' dir='ltr'><strong>ubi</strong></span> <span class='ocrx_word' id='word_1_216' title='bbox 2844 931 3068 982; x_wconf 73' lang='lat' dir='ltr'><strong>volitare</strong></span> <span class='ocrx_word' id='word_1_217' title='bbox 3096 944 3219 981; x_wconf 87' lang='lat' dir='ltr'><strong>aves</strong></span> <span class='ocrx_word' id='word_1_218' title='bbox 3243 925 3344 982; x_wconf 86' lang='lat' dir='ltr'><strong>non</strong></span> <span class='ocrx_word' id='word_1_219' title='bbox 3371 944 3494 992; x_wconf 88' lang='lat' dir='ltr'><strong>pos-</strong></span> 
     </span>
    </p>
   </div>
   <div class='ocr_carea' id='block_1_30' title="bbox 1957 997 3495 1066">
    <p class='ocr_par' dir='ltr' id='par_1_30' title="bbox 1957 997 3495 1066">
     <span class='ocr_line' id='line_1_31' title="bbox 1957 997 3495 1066; baseline 0.003 -23"><span class='ocrx_word' id='word_1_220' title='bbox 1957 1003 2097 1066; x_wconf 71' lang='lat' dir='ltr'><strong>sunt.</strong></span> <span class='ocrx_word' id='word_1_221' title='bbox 2154 1001 2255 1048; x_wconf 79' lang='lat' dir='ltr'><strong>Aer</strong></span> <span class='ocrx_word' id='word_1_222' title='bbox 2304 999 2400 1048; x_wconf 89' lang='lat' dir='ltr'><strong>iste</strong></span> <span class='ocrx_word' id='word_1_223' title='bbox 2446 1011 2474 1049; x_wconf 89' lang='lat' dir='ltr'><strong>a</strong></span> <span class='ocrx_word' id='word_1_224' title='bbox 2533 997 2764 1050; x_wconf 84' lang='lat' dir='ltr'><strong>conlinio</strong></span> <span class='ocrx_word' id='word_1_225' title='bbox 2809 999 3069 1051; x_wconf 91' lang='lat' dir='ltr'><strong>luminoso</strong></span> <span class='ocrx_word' id='word_1_226' title='bbox 3089 999 3205 1051; x_wconf 65' lang='lat' dir='ltr'><strong>caeli</strong></span> <span class='ocrx_word' id='word_1_227' title='bbox 3239 1013 3402 1066; x_wconf 84' lang='lat' dir='ltr'><strong>usque</strong></span> <span class='ocrx_word' id='word_1_228' title='bbox 3431 1000 3495 1051; x_wconf 86' lang='lat' dir='ltr'><strong>ad</strong></span> 
     </span>
    </p>
   </div>
   <div class='ocr_carea' id='block_1_31' title="bbox 1957 1062 3495 1131">
    <p class='ocr_par' dir='ltr' id='par_1_31' title="bbox 1957 1062 3495 1131">
     <span class='ocr_line' id='line_1_32' title="bbox 1957 1062 3495 1131; baseline 0.005 -17"><span class='ocrx_word' id='word_1_229' title='bbox 1957 1062 2166 1115; x_wconf 80' lang='lat' dir='ltr'><strong>ﬂuidam</strong></span> <span class='ocrx_word' id='word_1_230' title='bbox 2217 1079 2466 1131; x_wconf 89' lang='lat' dir='ltr'><strong>aquarum</strong></span> <span class='ocrx_word' id='word_1_231' title='bbox 2512 1073 2567 1118; x_wconf 93' lang='lat' dir='ltr'><strong>et</strong></span> <span class='ocrx_word' id='word_1_232' title='bbox 2594 1066 2783 1119; x_wconf 88' lang='lat' dir='ltr'><strong>nudam</strong></span> <span class='ocrx_word' id='word_1_233' title='bbox 2807 1075 2999 1120; x_wconf 87' lang='lat' dir='ltr'><strong>terram</strong></span> <span class='ocrx_word' id='word_1_234' title='bbox 3031 1067 3222 1120; x_wconf 75' lang='lat' dir='ltr'><strong>ﬂuxum</strong></span> <span class='ocrx_word' id='word_1_235' title='bbox 3254 1062 3361 1129; x_wconf 83' lang='lat' dir='ltr'><strong>est;</strong></span> <span class='ocrx_word' id='word_1_236' title='bbox 3394 1084 3495 1122; x_wconf 88' lang='lat' dir='ltr'><strong>nou</strong></span> 
     </span>
    </p>
   </div>
   <div class='ocr_carea' id='block_1_32' title="bbox 1958 1132 3502 1202">
    <p class='ocr_par' dir='ltr' id='par_1_32' title="bbox 1958 1132 3502 1202">
     <span class='ocr_line' id='line_1_33' title="bbox 1958 1132 3502 1202; baseline 0.005 -18"><span class='ocrx_word' id='word_1_237' title='bbox 1958 1132 2129 1184; x_wconf 87' lang='lat' dir='ltr'><strong>omnis</strong></span> <span class='ocrx_word' id='word_1_238' title='bbox 2187 1141 2358 1186; x_wconf 83' lang='lat' dir='ltr'><strong>tamen</strong></span> <span class='ocrx_word' id='word_1_239' title='bbox 2403 1134 2467 1186; x_wconf 90' lang='lat' dir='ltr'><strong>ad</strong></span> <span class='ocrx_word' id='word_1_240' title='bbox 2497 1143 2691 1187; x_wconf 89' lang='lat' dir='ltr'><strong>terram</strong></span> <span class='ocrx_word' id='word_1_241' title='bbox 2719 1135 2962 1200; x_wconf 85' lang='lat' dir='ltr'><strong>pertinet.</strong></span> <span class='ocrx_word' id='word_1_242' title='bbox 2987 1136 3077 1189; x_wconf 85' lang='lat' dir='ltr'><strong>sed</strong></span> <span class='ocrx_word' id='word_1_243' title='bbox 3104 1137 3169 1189; x_wconf 92' lang='lat' dir='ltr'><strong>de</strong></span> <span class='ocrx_word' id='word_1_244' title='bbox 3196 1152 3297 1202; x_wconf 89' lang='lat' dir='ltr'><strong>quo</strong></span> <span class='ocrx_word' id='word_1_245' title='bbox 3319 1137 3502 1202; x_wconf 82' lang='lat' dir='ltr'><strong>incipit</strong></span> 
     </span>
    </p>
   </div>
   <div class='ocr_carea' id='block_1_33' title="bbox 1958 1203 3499 1274">
    <p class='ocr_par' dir='ltr' id='par_1_33' title="bbox 1958 1203 3499 1274">
     <span class='ocr_line' id='line_1_34' title="bbox 1958 1203 3499 1274; baseline 0.005 -22"><span class='ocrx_word' id='word_1_246' title='bbox 1958 1216 1986 1252; x_wconf 89' lang='lat' dir='ltr'><strong>a</strong></span> <span class='ocrx_word' id='word_1_247' title='bbox 2009 1214 2216 1253; x_wconf 69' lang='lat' dir='ltr'><strong>sursum</strong></span> <span class='ocrx_word' id='word_1_248' title='bbox 2247 1203 2637 1274; x_wconf 77' lang='lat' dir='ltr'><strong>versumignis,</strong></span> <span class='ocrx_word' id='word_1_249' title='bbox 2666 1205 2880 1271; x_wconf 84' lang='lat' dir='ltr'><strong>grando,</strong></span> <span class='ocrx_word' id='word_1_250' title='bbox 2909 1205 3017 1266; x_wconf 79' lang='lat' dir='ltr'><strong>nix,</strong></span> <span class='ocrx_word' id='word_1_251' title='bbox 3045 1205 3258 1274; x_wconf 76' lang='lat' dir='ltr'><strong>glacies,</strong></span> <span class='ocrx_word' id='word_1_252' title='bbox 3282 1206 3499 1273; x_wconf 69' lang='lat' dir='ltr'><strong>spiritus</strong></span> 
     </span>
    </p>
   </div>
   <div class='ocr_carea' id='block_1_34' title="bbox 1961 1273 3496 1342">
    <p class='ocr_par' dir='ltr' id='par_1_34' title="bbox 1961 1273 3496 1342">
     <span class='ocr_line' id='line_1_35' title="bbox 1961 1273 3496 1342; baseline 0.005 -20"><span class='ocrx_word' id='word_1_253' title='bbox 1961 1274 2305 1342; x_wconf 78' lang='lat' dir='ltr'><strong>tempestatis.</strong></span> <span class='ocrx_word' id='word_1_254' title='bbox 2345 1273 2606 1339; x_wconf 83' lang='lat' dir='ltr'><strong>Quidquid</strong></span> <span class='ocrx_word' id='word_1_255' title='bbox 2655 1284 2827 1326; x_wconf 87' lang='lat' dir='ltr'><strong>autem</strong></span> <span class='ocrx_word' id='word_1_256' title='bbox 2868 1273 3106 1341; x_wconf 84' lang='lat' dir='ltr'><strong>superius</strong></span> <span class='ocrx_word' id='word_1_257' title='bbox 3143 1282 3246 1336; x_wconf 85' lang='lat' dir='ltr'><strong>est,</strong></span> <span class='ocrx_word' id='word_1_258' title='bbox 3282 1284 3496 1342; x_wconf 77' lang='lat' dir='ltr'><strong>propter</strong></span> 
     </span>
    </p>
   </div>
   <div class='ocr_carea' id='block_1_35' title="bbox 1962 1341 3499 1461">
    <p class='ocr_par' dir='ltr' id='par_1_35' title="bbox 1962 1341 3499 1461">
     <span class='ocr_line' id='line_1_36' title="bbox 1962 1341 3499 1461; baseline 0.002 -69"><span class='ocrx_word' id='word_1_259' title='bbox 1962 1341 2397 1461; x_wconf 51' lang='lat' dir='ltr'><strong>tranquiuitatein</strong></span> <span class='ocrx_word' id='word_1_260' title='bbox 2444 1342 2508 1394; x_wconf 90' lang='lat' dir='ltr'><strong>ad</strong></span> <span class='ocrx_word' id='word_1_261' title='bbox 2554 1342 2744 1400; x_wconf 77' lang='lat' dir='ltr'><strong>cmlnm</strong></span> <span class='ocrx_word' id='word_1_262' title='bbox 2781 1343 3041 1409; x_wconf 82' lang='lat' dir='ltr'><strong>pertinere</strong></span> <span class='ocrx_word' id='word_1_263' title='bbox 3062 1341 3367 1396; x_wconf 47' lang='lat' dir='ltr'><strong>diciturylit</strong></span> <span class='ocrx_word' id='word_1_264' title='bbox 3397 1345 3499 1395; x_wconf 71' lang='lat' dir='ltr'><strong>tta:-</strong></span> 
     </span>
     <span class='ocr_line' id='line_1_37' title="bbox 1963 1411 3498 1461; baseline 0 0"><span class='ocrx_word' id='word_1_265' title='bbox 1963 1423 2147 1461; x_wconf 84' lang='lat' dir='ltr'><strong>mones</strong></span> <span class='ocrx_word' id='word_1_266' title='bbox 2225 1411 2425 1461; x_wconf 84' lang='lat' dir='ltr'><strong>abitare</strong></span> <span class='ocrx_word' id='word_1_267' title='bbox 2470 1411 2521 1461; x_wconf 93' lang='lat' dir='ltr'><strong>in</strong></span> <span class='ocrx_word' id='word_1_268' title='bbox 2577 1427 2697 1461; x_wconf 84' lang='lat' dir='ltr'><strong>aere</strong></span> <span class='ocrx_word' id='word_1_269' title='bbox 2728 1411 2999 1461; x_wconf 85' lang='lat' dir='ltr'><strong>dicuntur:</strong></span> <span class='ocrx_word' id='word_1_270' title='bbox 3030 1422 3082 1461; x_wconf 86' lang='lat' dir='ltr'><strong>et</strong></span> <span class='ocrx_word' id='word_1_271' title='bbox 3103 1424 3375 1461; x_wconf 87' lang='lat' dir='ltr'><strong>nronterea</strong></span> <span class='ocrx_word' id='word_1_272' title='bbox 3407 1427 3498 1461; x_wconf 83' lang='lat' dir='ltr'><strong>eos</strong></span> 
     </span>
    </p>
   </div>
   <div class='ocr_carea' id='block_1_36' title="bbox 1963 1411 3498 1479">
    <p class='ocr_par' dir='ltr' id='par_1_36' title="bbox 1963 1411 3498 1479">
     <span class='ocr_line' id='line_1_38' title="bbox 1963 1411 3498 1479; baseline 0.002 -18"><span class='ocrx_word' id='word_1_273' title='bbox 1963 1423 2147 1479; x_wconf 84' lang='lat' dir='ltr'><strong>mones</strong></span> <span class='ocrx_word' id='word_1_274' title='bbox 2189 1411 2425 1464; x_wconf 79' lang='lat' dir='ltr'><strong>habitare</strong></span> <span class='ocrx_word' id='word_1_275' title='bbox 2470 1411 2521 1462; x_wconf 94' lang='lat' dir='ltr'><strong>in</strong></span> <span class='ocrx_word' id='word_1_276' title='bbox 2577 1427 2697 1465; x_wconf 85' lang='lat' dir='ltr'><strong>aere</strong></span> <span class='ocrx_word' id='word_1_277' title='bbox 2728 1411 2999 1471; x_wconf 83' lang='lat' dir='ltr'><strong>dicuntur;</strong></span> <span class='ocrx_word' id='word_1_278' title='bbox 3030 1422 3082 1466; x_wconf 91' lang='lat' dir='ltr'><strong>et</strong></span> <span class='ocrx_word' id='word_1_279' title='bbox 3103 1424 3375 1479; x_wconf 88' lang='lat' dir='ltr'><strong>propterea</strong></span> <span class='ocrx_word' id='word_1_280' title='bbox 3407 1427 3498 1467; x_wconf 80' lang='lat' dir='ltr'><strong>eos</strong></span> 
     </span>
    </p>
   </div>
   <div class='ocr_carea' id='block_1_37' title="bbox 1963 1477 3502 1547">
    <p class='ocr_par' dir='ltr' id='par_1_37' title="bbox 1963 1477 3502 1547">
     <span class='ocr_line' id='line_1_39' title="bbox 1963 1477 3502 1547; baseline 0.001 -17"><span class='ocrx_word' id='word_1_281' title='bbox 1963 1477 2148 1547; x_wconf 80' lang='lat' dir='ltr'><strong>sutl&#39;ert</strong></span> <span class='ocrx_word' id='word_1_282' title='bbox 2173 1492 2263 1531; x_wconf 79' lang='lat' dir='ltr'><strong>aer</strong></span> <span class='ocrx_word' id='word_1_283' title='bbox 2283 1483 2568 1541; x_wconf 86' lang='lat' dir='ltr'><strong>sustinere,</strong></span> <span class='ocrx_word' id='word_1_284' title='bbox 2603 1479 2718 1546; x_wconf 76' lang='lat' dir='ltr'><strong>quia</strong></span> <span class='ocrx_word' id='word_1_285' title='bbox 2747 1495 2901 1533; x_wconf 85' lang='lat' dir='ltr'><strong>aerea</strong></span> <span class='ocrx_word' id='word_1_286' title='bbox 2932 1477 3155 1547; x_wconf 80' lang='lat' dir='ltr'><strong>imagine</strong></span> <span class='ocrx_word' id='word_1_287' title='bbox 3182 1490 3416 1541; x_wconf 86' lang='lat' dir='ltr'><strong>utuntur.</strong></span> <span class='ocrx_word' id='word_1_288' title='bbox 3449 1493 3502 1532; x_wconf 85' lang='lat' dir='ltr'><strong>ct</strong></span> 
     </span>
    </p>
   </div>
   <div class='ocr_carea' id='block_1_38' title="bbox 1965 1546 3498 1614">
    <p class='ocr_par' dir='ltr' id='par_1_38' title="bbox 1965 1546 3498 1614">
     <span class='ocr_line' id='line_1_40' title="bbox 1965 1546 3498 1614; baseline 0.002 -15"><span class='ocrx_word' id='word_1_289' title='bbox 1965 1546 2152 1599; x_wconf 76' lang='lat' dir='ltr'><strong>exinde</strong></span> <span class='ocrx_word' id='word_1_290' title='bbox 2226 1549 2527 1614; x_wconf 79' lang='lat' dir='ltr'><strong>impugnant</strong></span> <span class='ocrx_word' id='word_1_291' title='bbox 2587 1548 2871 1600; x_wconf 85' lang='lat' dir='ltr'><strong>humanum</strong></span> <span class='ocrx_word' id='word_1_292' title='bbox 2935 1546 3141 1614; x_wconf 90' lang='lat' dir='ltr'><strong>genus,</strong></span> <span class='ocrx_word' id='word_1_293' title='bbox 3191 1550 3276 1611; x_wconf 86' lang='lat' dir='ltr'><strong>qui</strong></span> <span class='ocrx_word' id='word_1_294' title='bbox 3324 1551 3498 1603; x_wconf 79' lang='lat' dir='ltr'><strong>statim</strong></span> 
     </span>
    </p>
   </div>
   <div class='ocr_carea' id='block_1_39' title="bbox 1965 1616 3503 1684">
    <p class='ocr_par' dir='ltr' id='par_1_39' title="bbox 1965 1616 3503 1684">
     <span class='ocr_line' id='line_1_41' title="bbox 1965 1616 3503 1684; baseline 0.004 -18"><span class='ocrx_word' id='word_1_295' title='bbox 1965 1616 2176 1684; x_wconf 83' lang='lat' dir='ltr'><strong>quando</strong></span> <span class='ocrx_word' id='word_1_296' title='bbox 2199 1620 2363 1670; x_wconf 89' lang='lat' dir='ltr'><strong>creati</strong></span> <span class='ocrx_word' id='word_1_297' title='bbox 2398 1616 2608 1672; x_wconf 81' lang='lat' dir='ltr'><strong>luerunt</strong></span> <span class='ocrx_word' id='word_1_298' title='bbox 2628 1618 2692 1670; x_wconf 89' lang='lat' dir='ltr'><strong>de</strong></span> <span class='ocrx_word' id='word_1_299' title='bbox 2715 1626 2996 1682; x_wconf 77' lang='lat' dir='ltr'><strong>conspectu</strong></span> <span class='ocrx_word' id='word_1_300' title='bbox 3015 1617 3103 1670; x_wconf 91' lang='lat' dir='ltr'><strong>Dei</strong></span> <span class='ocrx_word' id='word_1_301' title='bbox 3125 1618 3338 1684; x_wconf 83' lang='lat' dir='ltr'><strong>projecti</strong></span> <span class='ocrx_word' id='word_1_302' title='bbox 3361 1629 3503 1672; x_wconf 70' lang='lat' dir='ltr'><strong>sunt.</strong></span> 
     </span>
    </p>
   </div>
   <div class='ocr_carea' id='block_1_40' title="bbox 1971 1683 3502 1754">
    <p class='ocr_par' dir='ltr' id='par_1_40' title="bbox 1971 1683 3502 1754">
     <span class='ocr_line' id='line_1_42' title="bbox 1971 1683 3502 1754; baseline 0.001 -16"><span class='ocrx_word' id='word_1_303' title='bbox 1971 1683 2116 1738; x_wconf 87' lang='lat' dir='ltr'><strong>Unde</strong></span> <span class='ocrx_word' id='word_1_304' title='bbox 2146 1683 2385 1740; x_wconf 73' lang='lat' dir='ltr'><strong>Salvator</strong></span> <span class='ocrx_word' id='word_1_305' title='bbox 2415 1687 2465 1739; x_wconf 88' lang='lat' dir='ltr'><strong>itt</strong></span> <span class='ocrx_word' id='word_1_306' title='bbox 2499 1687 2776 1753; x_wconf 82' lang='lat' dir='ltr'><strong>Evangelia</strong></span> <span class='ocrx_word' id='word_1_307' title='bbox 2803 1687 2864 1738; x_wconf 89' lang='lat' dir='ltr'><strong>ad</strong></span> <span class='ocrx_word' id='word_1_308' title='bbox 2887 1686 3171 1753; x_wconf 84' lang='lat' dir='ltr'><strong>discipulos</strong></span> <span class='ocrx_word' id='word_1_309' title='bbox 3197 1683 3319 1739; x_wconf 87' lang='lat' dir='ltr'><strong>suos</strong></span> <span class='ocrx_word' id='word_1_310' title='bbox 3338 1688 3502 1754; x_wconf 88' lang='lat' dir='ltr'><strong>loqui-</strong></span> 
     </span>
    </p>
   </div>
   <div class='ocr_carea' id='block_1_41' title="bbox 319 1754 3505 1824">
    <p class='ocr_par' dir='ltr' id='par_1_41' title="bbox 319 1754 3505 1824">
     <span class='ocr_line' id='line_1_43' title="bbox 319 1754 3505 1824; baseline 0.001 -20"><span class='ocrx_word' id='word_1_311' title='bbox 319 1766 545 1824; x_wconf 79' lang='lat' dir='ltr'><strong>vespere</strong></span> <span class='ocrx_word' id='word_1_312' title='bbox 580 1762 823 1824; x_wconf 79' lang='lat' dir='ltr'><strong>etmane</strong></span> <span class='ocrx_word' id='word_1_313' title='bbox 849 1767 1082 1811; x_wconf 77' lang='lat' dir='ltr'><strong>vocatur.</strong></span> <span class='ocrx_word' id='word_1_314' title='bbox 1109 1755 1175 1809; x_wconf 84' lang='lat' dir='ltr'><strong>Et</strong></span> <span class='ocrx_word' id='word_1_315' title='bbox 1204 1756 1390 1810; x_wconf 86' lang='lat' dir='ltr'><strong>iterum</strong></span> <span class='ocrx_word' id='word_1_316' title='bbox 1421 1756 1708 1811; x_wconf 76' lang='lat' dir='ltr'><strong>secundum</strong></span> <span class='ocrx_word' id='word_1_317' title='bbox 1737 1770 1859 1808; x_wconf 83' lang='lat' dir='ltr'><strong>sen-</strong></span> <span class='ocrx_word' id='word_1_318' title='bbox 1903 1766 1944 1824; x_wconf 73' lang='grc' dir='ltr'><strong><em>Β</em></strong></span> <span class='ocrx_word' id='word_1_319' title='bbox 1971 1762 2071 1810; x_wconf 83' lang='lat' dir='ltr'><strong>tur.</strong></span> <span class='ocrx_word' id='word_1_320' title='bbox 2099 1755 2280 1824; x_wconf 81' lang='lat' dir='ltr'><strong>dicens</strong></span> <span class='ocrx_word' id='word_1_321' title='bbox 2313 1773 2325 1806; x_wconf 90' lang='lat'><strong>:</strong></span> <span class='ocrx_word' id='word_1_322' title='bbox 2368 1754 2483 1808; x_wconf 80' lang='lat' dir='ltr'><strong>Vidi</strong></span> <span class='ocrx_word' id='word_1_323' title='bbox 2536 1755 2782 1810; x_wconf 79' lang='lat' dir='ltr'><strong>Satanam</strong></span> <span class='ocrx_word' id='word_1_324' title='bbox 2808 1756 2930 1808; x_wconf 81' lang='lat' dir='ltr'><strong>sicut</strong></span> <span class='ocrx_word' id='word_1_325' title='bbox 2966 1758 3136 1824; x_wconf 76' lang='lat' dir='ltr'><strong>fulgur</strong></span> <span class='ocrx_word' id='word_1_326' title='bbox 3161 1756 3415 1808; x_wconf 80' lang='lat' dir='ltr'><strong>cadentem</strong></span> <span class='ocrx_word' id='word_1_327' title='bbox 3442 1759 3505 1810; x_wconf 73' lang='lat' dir='ltr'><strong>de</strong></span> 
     </span>
    </p>
   </div>
   <div class='ocr_carea' id='block_1_42' title="bbox 319 1822 773 1892">
    <p class='ocr_par' dir='ltr' id='par_1_42' title="bbox 319 1822 773 1892">
     <span class='ocr_line' id='line_1_44' title="bbox 319 1822 773 1892; baseline 0.002 -16"><span class='ocrx_word' id='word_1_328' title='bbox 319 1822 773 1892; x_wconf 66' lang='lat' dir='ltr'><strong>suntspiritaletn.</strong></span> 
     </span>
    </p>
   </div>
   <div class='ocr_carea' id='block_1_43' title="bbox 827 1913 1370 1986">
    <p class='ocr_par' dir='ltr' id='par_1_43' title="bbox 827 1913 1370 1986">
     <span class='ocr_line' id='line_1_45' title="bbox 827 1913 1370 1986; baseline 0.004 -18"><span class='ocrx_word' id='word_1_329' title='bbox 827 1913 954 1971; x_wconf 86' lang='lat' dir='ltr'><strong>Item</strong></span> <span class='ocrx_word' id='word_1_330' title='bbox 986 1915 1370 1986; x_wconf 77' lang='lat' dir='ltr'><strong>Recapitulatio.</strong></span> 
     </span>
    </p>
   </div>
   <div class='ocr_carea' id='block_1_44' title="bbox 399 2029 1871 2095">
    <p class='ocr_par' dir='ltr' id='par_1_44' title="bbox 399 2029 1871 2095">
     <span class='ocr_line' id='line_1_46' title="bbox 399 2029 1871 2095; baseline 0.002 -13"><span class='ocrx_word' id='word_1_331' title='bbox 399 2029 602 2083; x_wconf 85' lang='lat' dir='ltr'><strong>Deinde</strong></span> <span class='ocrx_word' id='word_1_332' title='bbox 641 2037 829 2095; x_wconf 87' lang='lat' dir='ltr'><strong>quarto</strong></span> <span class='ocrx_word' id='word_1_333' title='bbox 865 2031 948 2084; x_wconf 88' lang='lat' dir='ltr'><strong>die</strong></span> <span class='ocrx_word' id='word_1_334' title='bbox 996 2033 1319 2086; x_wconf 81' lang='lat' dir='ltr'><strong>emicuernnt</strong></span> <span class='ocrx_word' id='word_1_335' title='bbox 1357 2031 1664 2095; x_wconf 85' lang='lat' dir='ltr'><strong>luminaria,</strong></span> <span class='ocrx_word' id='word_1_336' title='bbox 1699 2034 1871 2085; x_wconf 81' lang='lat' dir='ltr'><strong>[trina-</strong></span> 
     </span>
    </p>
   </div>
   <div class='ocr_carea' id='block_1_45' title="bbox 327 2099 1876 2171">
    <p class='ocr_par' dir='ltr' id='par_1_45' title="bbox 327 2099 1876 2171">
     <span class='ocr_line' id='line_1_47' title="bbox 327 2099 1876 2171; baseline 0.002 -21"><span class='ocrx_word' id='word_1_337' title='bbox 327 2108 509 2171; x_wconf 72' lang='lat' dir='ltr'><strong>mento</strong></span> <span class='ocrx_word' id='word_1_338' title='bbox 533 2099 665 2165; x_wconf 85' lang='lat' dir='ltr'><strong>legis</strong></span> <span class='ocrx_word' id='word_1_339' title='bbox 692 2100 899 2171; x_wconf 52' lang='lat' dir='ltr'><strong>inlisa,</strong></span> <span class='ocrx_word' id='word_1_340' title='bbox 924 2101 972 2155; x_wconf 91' lang='lat' dir='ltr'><strong>id</strong></span> <span class='ocrx_word' id='word_1_341' title='bbox 1001 2110 1102 2164; x_wconf 90' lang='lat' dir='ltr'><strong>est,</strong></span> <span class='ocrx_word' id='word_1_342' title='bbox 1149 2100 1504 2171; x_wconf 62' lang='lat' dir='ltr'><strong>evangelista,</strong></span> <span class='ocrx_word' id='word_1_343' title='bbox 1534 2101 1794 2171; x_wconf 77' lang='lat' dir='ltr'><strong>doctores.</strong></span> <span class='ocrx_word' id='word_1_344' title='bbox 1822 2110 1876 2154; x_wconf 86' lang='lat' dir='ltr'><strong>et</strong></span> 
     </span>
    </p>
   </div>
   <div class='ocr_carea' id='block_1_46' title="bbox 332 2168 1875 2236">
    <p class='ocr_par' dir='ltr' id='par_1_46' title="bbox 332 2168 1875 2236">
     <span class='ocr_line' id='line_1_48' title="bbox 332 2168 1875 2236; baseline 0.001 -15"><span class='ocrx_word' id='word_1_345' title='bbox 332 2168 619 2236; x_wconf 61' lang='lat' dir='ltr'><strong>Scriptura!</strong></span> <span class='ocrx_word' id='word_1_346' title='bbox 637 2179 830 2222; x_wconf 72' lang='lat' dir='ltr'><strong>sanctae</strong></span> <span class='ocrx_word' id='word_1_347' title='bbox 853 2170 1167 2234; x_wconf 83' lang='lat' dir='ltr'><strong>disputando</strong></span> <span class='ocrx_word' id='word_1_348' title='bbox 1192 2168 1539 2236; x_wconf 64' lang='lat' dir='ltr'><strong>cohaerentes,</strong></span> <span class='ocrx_word' id='word_1_349' title='bbox 1557 2180 1611 2226; x_wconf 92' lang='lat' dir='ltr'><strong>et</strong></span> <span class='ocrx_word' id='word_1_350' title='bbox 1633 2170 1875 2224; x_wconf 86' lang='lat' dir='ltr'><strong>omnibus</strong></span> 
     </span>
    </p>
   </div>
   <div class='ocr_carea' id='block_1_47' title="bbox 335 2235 1876 2306">
    <p class='ocr_par' dir='ltr' id='par_1_47' title="bbox 335 2235 1876 2306">
     <span class='ocr_line' id='line_1_49' title="bbox 335 2235 1876 2306; baseline 0 -16"><span class='ocrx_word' id='word_1_351' title='bbox 335 2235 673 2306; x_wconf 76' lang='lat' dir='ltr'><strong>interioribus</strong></span> <span class='ocrx_word' id='word_1_352' title='bbox 702 2237 877 2291; x_wconf 89' lang='lat' dir='ltr'><strong>lumen</strong></span> <span class='ocrx_word' id='word_1_353' title='bbox 908 2239 1177 2306; x_wconf 61' lang='lat' dir='ltr'><strong>sapientiae</strong></span> <span class='ocrx_word' id='word_1_354' title='bbox 1203 2235 1651 2294; x_wconf 86' lang='lat' dir='ltr'><strong>demonstrantes.</strong></span> <span class='ocrx_word' id='word_1_355' title='bbox 1679 2239 1876 2292; x_wconf 87' lang='lat' dir='ltr'><strong>Prodiit</strong></span> 
     </span>
    </p>
   </div>
   <div class='ocr_carea' id='block_1_48' title="bbox 324 2305 1875 2369">
    <p class='ocr_par' dir='ltr' id='par_1_48' title="bbox 324 2305 1875 2369">
     <span class='ocr_line' id='line_1_50' title="bbox 324 2305 1875 2369; baseline 0 -9"><span class='ocrx_word' id='word_1_356' title='bbox 324 2305 488 2360; x_wconf 83' lang='lat' dir='ltr'><strong>etiam</strong></span> <span class='ocrx_word' id='word_1_357' title='bbox 539 2305 772 2361; x_wconf 87' lang='lat' dir='ltr'><strong>simulet</strong></span> <span class='ocrx_word' id='word_1_358' title='bbox 807 2305 993 2361; x_wconf 62' lang='lat' dir='ltr'><strong>caetera</strong></span> <span class='ocrx_word' id='word_1_359' title='bbox 1022 2307 1325 2362; x_wconf 89' lang='lat' dir='ltr'><strong>micantium</strong></span> <span class='ocrx_word' id='word_1_360' title='bbox 1357 2307 1588 2361; x_wconf 80' lang='lat' dir='ltr'><strong>siderum</strong></span> <span class='ocrx_word' id='word_1_361' title='bbox 1623 2309 1790 2369; x_wconf 82' lang='lat' dir='ltr'><strong>turba,</strong></span> <span class='ocrx_word' id='word_1_362' title='bbox 1823 2307 1875 2361; x_wconf 90' lang='lat' dir='ltr'><strong>id</strong></span> 
     </span>
    </p>
   </div>
   <div class='ocr_carea' id='block_1_49' title="bbox 323 2374 1873 2442">
    <p class='ocr_par' dir='ltr' id='par_1_49' title="bbox 323 2374 1873 2442">
     <span class='ocr_line' id='line_1_51' title="bbox 323 2374 1873 2442; baseline -0.001 -13"><span class='ocrx_word' id='word_1_363' title='bbox 323 2384 432 2436; x_wconf 83' lang='lat' dir='ltr'><strong>est,</strong></span> <span class='ocrx_word' id='word_1_364' title='bbox 485 2374 807 2429; x_wconf 80' lang='lat' dir='ltr'><strong>diversarum</strong></span> <span class='ocrx_word' id='word_1_365' title='bbox 863 2377 1109 2430; x_wconf 66' lang='lat' dir='ltr'><strong>virtutum</strong></span> <span class='ocrx_word' id='word_1_366' title='bbox 1164 2378 1214 2430; x_wconf 93' lang='lat' dir='ltr'><strong>in</strong></span> <span class='ocrx_word' id='word_1_367' title='bbox 1241 2376 1475 2432; x_wconf 80' lang='lat' dir='ltr'><strong>Ecclesia</strong></span> <span class='ocrx_word' id='word_1_368' title='bbox 1506 2377 1873 2442; x_wconf 82' lang='lat' dir='ltr'><strong>numerositas,</strong></span> 
     </span>
    </p>
   </div>
   <div class='ocr_carea' id='block_1_50' title="bbox 325 2444 1872 2514">
    <p class='ocr_par' dir='ltr' id='par_1_50' title="bbox 325 2444 1872 2514">
     <span class='ocr_line' id='line_1_52' title="bbox 325 2444 1872 2514; baseline 0.003 -20"><span class='ocrx_word' id='word_1_369' title='bbox 325 2459 474 2514; x_wconf 61' lang='lat' dir='ltr'><strong>quae,</strong></span> <span class='ocrx_word' id='word_1_370' title='bbox 519 2444 570 2496; x_wconf 89' lang='lat' dir='ltr'><strong>in</strong></span> <span class='ocrx_word' id='word_1_371' title='bbox 617 2445 768 2514; x_wconf 89' lang='lat' dir='ltr'><strong>hujus</strong></span> <span class='ocrx_word' id='word_1_372' title='bbox 799 2445 918 2500; x_wconf 74' lang='lat' dir='ltr'><strong>vitae</strong></span> <span class='ocrx_word' id='word_1_373' title='bbox 941 2446 1260 2500; x_wconf 88' lang='lat' dir='ltr'><strong>obscuritate</strong></span> <span class='ocrx_word' id='word_1_374' title='bbox 1284 2486 1299 2510; x_wconf 91' lang='lat'><strong>,</strong></span> <span class='ocrx_word' id='word_1_375' title='bbox 1333 2457 1576 2513; x_wconf 82' lang='lat' dir='ltr'><strong>tanquam</strong></span> <span class='ocrx_word' id='word_1_376' title='bbox 1611 2448 1662 2499; x_wconf 92' lang='lat' dir='ltr'><strong>in</strong></span> <span class='ocrx_word' id='word_1_377' title='bbox 1696 2453 1872 2507; x_wconf 87' lang='lat' dir='ltr'><strong>nocte,</strong></span> 
     </span>
    </p>
   </div>
   <div class='ocr_carea' id='block_1_51' title="bbox 328 2510 1870 2582">
    <p class='ocr_par' dir='ltr' id='par_1_51' title="bbox 328 2510 1870 2582">
     <span class='ocr_line' id='line_1_53' title="bbox 328 2510 1870 2582; baseline 0.001 -17"><span class='ocrx_word' id='word_1_378' title='bbox 328 2510 698 2582; x_wconf 45' lang='lat' dir='ltr'><strong>refulgentesf</strong></span> <span class='ocrx_word' id='word_1_379' title='bbox 719 2514 955 2567; x_wconf 80' lang='lat' dir='ltr'><strong>divi-lant</strong></span> <span class='ocrx_word' id='word_1_380' title='bbox 1004 2515 1056 2568; x_wconf 90' lang='lat' dir='ltr'><strong>iu</strong></span> <span class='ocrx_word' id='word_1_381' title='bbox 1097 2516 1195 2570; x_wconf 93' lang='lat' dir='ltr'><strong>hoc</strong></span> <span class='ocrx_word' id='word_1_382' title='bbox 1220 2510 1550 2569; x_wconf 77' lang='lat' dir='ltr'><strong>ﬁrmamento</strong></span> <span class='ocrx_word' id='word_1_383' title='bbox 1578 2516 1870 2582; x_wconf 73' lang='lat' dir='ltr'><strong>Scriptura:</strong></span> 
     </span>
    </p>
   </div>
   <div class='ocr_carea' id='block_1_52' title="bbox 327 2581 1874 2653">
    <p class='ocr_par' dir='ltr' id='par_1_52' title="bbox 327 2581 1874 2653">
     <span class='ocr_line' id='line_1_54' title="bbox 327 2581 1874 2653; baseline 0.001 -18"><span class='ocrx_word' id='word_1_384' title='bbox 327 2581 600 2635; x_wconf 72' lang='lat' dir='ltr'><strong>sensibilis</strong></span> <span class='ocrx_word' id='word_1_385' title='bbox 655 2593 706 2636; x_wconf 90' lang='lat' dir='ltr'><strong>et</strong></span> <span class='ocrx_word' id='word_1_386' title='bbox 747 2583 1116 2653; x_wconf 86' lang='lat' dir='ltr'><strong>intelligibilia,</strong></span> <span class='ocrx_word' id='word_1_387' title='bbox 1147 2585 1296 2651; x_wconf 81' lang='lat' dir='ltr'><strong>quasi</strong></span> <span class='ocrx_word' id='word_1_388' title='bbox 1336 2585 1470 2637; x_wconf 91' lang='lat' dir='ltr'><strong>inter</strong></span> <span class='ocrx_word' id='word_1_389' title='bbox 1499 2583 1667 2639; x_wconf 91' lang='lat' dir='ltr'><strong>lucem</strong></span> <span class='ocrx_word' id='word_1_390' title='bbox 1700 2581 1874 2652; x_wconf 80' lang='lat' dir='ltr'><strong>perle-</strong></span> 
     </span>
    </p>
   </div>
   <div class='ocr_carea' id='block_1_53' title="bbox 328 2652 1876 2721">
    <p class='ocr_par' dir='ltr' id='par_1_53' title="bbox 328 2652 1876 2721">
     <span class='ocr_line' id='line_1_55' title="bbox 328 2652 1876 2721; baseline 0.001 -16"><span class='ocrx_word' id='word_1_391' title='bbox 328 2659 536 2721; x_wconf 75' lang='lat' dir='ltr'><strong>ctorum</strong></span> <span class='ocrx_word' id='word_1_392' title='bbox 589 2661 641 2704; x_wconf 90' lang='lat' dir='ltr'><strong>et</strong></span> <span class='ocrx_word' id='word_1_393' title='bbox 698 2652 939 2705; x_wconf 79' lang='lat' dir='ltr'><strong>tenebras</strong></span> <span class='ocrx_word' id='word_1_394' title='bbox 988 2655 1341 2719; x_wconf 84' lang='lat' dir='ltr'><strong>parvulorum,</strong></span> <span class='ocrx_word' id='word_1_395' title='bbox 1392 2663 1446 2708; x_wconf 89' lang='lat' dir='ltr'><strong>et</strong></span> <span class='ocrx_word' id='word_1_396' title='bbox 1500 2654 1606 2708; x_wconf 91' lang='lat' dir='ltr'><strong>sint</strong></span> <span class='ocrx_word' id='word_1_397' title='bbox 1635 2654 1687 2707; x_wconf 87' lang='lat' dir='ltr'><strong>in</strong></span> <span class='ocrx_word' id='word_1_398' title='bbox 1713 2652 1876 2721; x_wconf 89' lang='lat' dir='ltr'><strong>signis</strong></span> 
     </span>
    </p>
   </div>
   <div class='ocr_carea' id='block_1_54' title="bbox 331 2717 1878 2791">
    <p class='ocr_par' dir='ltr' id='par_1_54' title="bbox 331 2717 1878 2791">
     <span class='ocr_line' id='line_1_56' title="bbox 331 2717 1878 2791; baseline 0.003 -20"><span class='ocrx_word' id='word_1_399' title='bbox 331 2717 587 2774; x_wconf 84' lang='lat' dir='ltr'><strong>virtutum</strong></span> <span class='ocrx_word' id='word_1_400' title='bbox 634 2729 692 2791; x_wconf 78' lang='lat' dir='ltr'><strong>et</strong></span> <span class='ocrx_word' id='word_1_401' title='bbox 719 2717 1111 2791; x_wconf 78' lang='lat' dir='ltr'><strong>miraculorum.</strong></span> <span class='ocrx_word' id='word_1_402' title='bbox 1136 2723 1267 2778; x_wconf 91' lang='lat' dir='ltr'><strong>Sunt</strong></span> <span class='ocrx_word' id='word_1_403' title='bbox 1295 2724 1452 2775; x_wconf 88' lang='lat' dir='ltr'><strong>etiam</strong></span> <span class='ocrx_word' id='word_1_404' title='bbox 1481 2723 1532 2775; x_wconf 93' lang='lat' dir='ltr'><strong>in</strong></span> <span class='ocrx_word' id='word_1_405' title='bbox 1562 2717 1794 2791; x_wconf 70' lang='lat' dir='ltr'><strong>tempora</strong></span> <span class='ocrx_word' id='word_1_406' title='bbox 1824 2729 1878 2776; x_wconf 86' lang='lat' dir='ltr'><strong>et</strong></span> 
     </span>
    </p>
   </div>
   <div class='ocr_carea' id='block_1_55' title="bbox 331 2788 1877 2858">
    <p class='ocr_par' dir='ltr' id='par_1_55' title="bbox 331 2788 1877 2858">
     <span class='ocr_line' id='line_1_57' title="bbox 331 2788 1877 2858; baseline 0.001 -17"><span class='ocrx_word' id='word_1_407' title='bbox 331 2801 530 2853; x_wconf 86' lang='lat' dir='ltr'><strong>annos,</strong></span> <span class='ocrx_word' id='word_1_408' title='bbox 558 2788 678 2854; x_wconf 88' lang='lat' dir='ltr'><strong>quia</strong></span> <span class='ocrx_word' id='word_1_409' title='bbox 709 2790 1078 2858; x_wconf 67' lang='lat' dir='ltr'><strong>praedicatores</strong></span> <span class='ocrx_word' id='word_1_410' title='bbox 1110 2792 1335 2858; x_wconf 88' lang='lat' dir='ltr'><strong>propriis</strong></span> <span class='ocrx_word' id='word_1_411' title='bbox 1356 2788 1877 2855; x_wconf 56' lang='lat' dir='ltr'><strong>temporibus&#39;vivunt</strong></span> 
     </span>
    </p>
   </div>
   <div class='ocr_carea' id='block_1_56' title="bbox 326 2857 1879 2914">
    <p class='ocr_par' dir='ltr' id='par_1_56' title="bbox 326 2857 1879 2914">
     <span class='ocr_line' id='line_1_58' title="bbox 326 2857 1879 2914; baseline 0.002 -4"><span class='ocrx_word' id='word_1_412' title='bbox 326 2867 388 2910; x_wconf 84' lang='lat' dir='ltr'><strong>et</strong></span> <span class='ocrx_word' id='word_1_413' title='bbox 441 2857 726 2912; x_wconf 75' lang='lat' dir='ltr'><strong>transeunt.</strong></span> <span class='ocrx_word' id='word_1_414' title='bbox 787 2857 1004 2913; x_wconf 78' lang='lat' dir='ltr'><strong>Verbum</strong></span> <span class='ocrx_word' id='word_1_415' title='bbox 1046 2857 1215 2912; x_wconf 81' lang='lat' dir='ltr'><strong>autent</strong></span> <span class='ocrx_word' id='word_1_416' title='bbox 1242 2859 1447 2913; x_wconf 81' lang='lat' dir='ltr'><strong>Domini</strong></span> <span class='ocrx_word' id='word_1_417' title='bbox 1475 2870 1638 2914; x_wconf 80' lang='lat' dir='ltr'><strong>manet</strong></span> <span class='ocrx_word' id='word_1_418' title='bbox 1667 2862 1719 2913; x_wconf 84' lang='lat' dir='ltr'><strong>in</strong></span> <span class='ocrx_word' id='word_1_419' title='bbox 1739 2869 1879 2914; x_wconf 76' lang='lat' dir='ltr'><strong>auer-</strong></span> 
     </span>
    </p>
   </div>
   <div class='ocr_carea' id='block_1_57' title="bbox 328 2925 1877 2997">
    <p class='ocr_par' dir='ltr' id='par_1_57' title="bbox 328 2925 1877 2997">
     <span class='ocr_line' id='line_1_59' title="bbox 328 2925 1877 2997; baseline 0.004 -20"><span class='ocrx_word' id='word_1_420' title='bbox 328 2941 475 2997; x_wconf 59' lang='lat' dir='ltr'><strong>sum.</strong></span> <span class='ocrx_word' id='word_1_421' title='bbox 505 2925 676 2990; x_wconf 84' lang='lat' dir='ltr'><strong>Quare</strong></span> <span class='ocrx_word' id='word_1_422' title='bbox 702 2937 878 2983; x_wconf 85' lang='lat' dir='ltr'><strong>autem</strong></span> <span class='ocrx_word' id='word_1_423' title='bbox 912 2931 1079 2997; x_wconf 91' lang='lat' dir='ltr'><strong>primo</strong></span> <span class='ocrx_word' id='word_1_424' title='bbox 1109 2939 1244 2983; x_wconf 89' lang='lat' dir='ltr'><strong>terra</strong></span> <span class='ocrx_word' id='word_1_425' title='bbox 1270 2930 1660 2997; x_wconf 84' lang='lat' dir='ltr'><strong>germinaverit,</strong></span> <span class='ocrx_word' id='word_1_426' title='bbox 1687 2929 1877 2990; x_wconf 80' lang='lat' dir='ltr'><strong>deinde</strong></span> 
     </span>
    </p>
   </div>
   <div class='ocr_carea' id='block_1_58' title="bbox 329 2994 1878 3073">
    <p class='ocr_par' dir='ltr' id='par_1_58' title="bbox 329 2994 1878 3073">
     <span class='ocr_line' id='line_1_60' title="bbox 329 2994 1878 3073; baseline 0.003 -26"><span class='ocrx_word' id='word_1_427' title='bbox 329 2994 618 3073; x_wconf 36' lang='lat' dir='ltr'><strong>{geminat</strong></span> <span class='ocrx_word' id='word_1_428' title='bbox 644 2994 944 3073; x_wconf 66' lang='lat' dir='ltr'><strong>luminaria,</strong></span> <span class='ocrx_word' id='word_1_429' title='bbox 977 2998 1075 3050; x_wconf 87' lang='lat' dir='ltr'><strong>nisi</strong></span> <span class='ocrx_word' id='word_1_430' title='bbox 1097 2998 1217 3073; x_wconf 82' lang='lat' dir='ltr'><strong>quia</strong></span> <span class='ocrx_word' id='word_1_431' title='bbox 1251 2994 1365 3073; x_wconf 60' lang='lat' dir='ltr'><strong>post</strong></span> <span class='ocrx_word' id='word_1_432' title='bbox 1392 2994 1709 3073; x_wconf 85' lang='lat' dir='ltr'><strong>nperabona</strong></span> <span class='ocrx_word' id='word_1_433' title='bbox 1737 2999 1878 3060; x_wconf 84' lang='lat' dir='ltr'><strong>venit</strong></span> 
     </span>
    </p>
   </div>
   <div class='ocr_carea' id='block_1_59' title="bbox 328 3063 1956 3157">
    <p class='ocr_par' dir='ltr' id='par_1_59' title="bbox 328 3063 1956 3157">
     <span class='ocr_line' id='line_1_61' title="bbox 328 3063 1956 3157; baseline 0.003 -42"><span class='ocrx_word' id='word_1_434' title='bbox 328 3063 649 3157; x_wconf 44' lang='lat' dir='ltr'><strong>intimi-irati:</strong></span> <span class='ocrx_word' id='word_1_435' title='bbox 669 3067 829 3157; x_wconf 61' lang='lat' dir='ltr'><strong>qlucis</strong></span> <span class='ocrx_word' id='word_1_436' title='bbox 855 3067 919 3121; x_wconf 89' lang='lat' dir='ltr'><strong>ad</strong></span> <span class='ocrx_word' id='word_1_437' title='bbox 950 3063 1404 3136; x_wconf 85' lang='lat' dir='ltr'><strong>contemplandam</strong></span> <span class='ocrx_word' id='word_1_438' title='bbox 1429 3063 1661 3137; x_wconf 80' lang='lat' dir='ltr'><strong>speciem</strong></span> <span class='ocrx_word' id='word_1_439' title='bbox 1689 3083 1874 3138; x_wconf 68' lang='lat' dir='ltr'><strong>super.</strong></span> <span class='ocrx_word' id='word_1_440' title='bbox 1909 3094 1956 3157; x_wconf 67' lang='grc' dir='ltr'>ο</span> 
     </span>
    </p>
   </div>
   <div class='ocr_carea' id='block_1_60' title="bbox 327 3132 691 3188">
    <p class='ocr_par' dir='ltr' id='par_1_60' title="bbox 327 3132 691 3188">
     <span class='ocr_line' id='line_1_62' title="bbox 327 3132 691 3188; baseline 0 0"><span class='ocrx_word' id='word_1_441' title='bbox 327 3148 415 3188; x_wconf 68' lang='lat' dir='ltr'><strong>na:</strong></span> <span class='ocrx_word' id='word_1_442' title='bbox 448 3132 691 3188; x_wconf 87' lang='lat' dir='ltr'><strong>virtutis?</strong></span> 
     </span>
    </p>
   </div>
   <div class='ocr_carea' id='block_1_61' title="bbox 844 3224 1368 3292">
    <p class='ocr_par' dir='ltr' id='par_1_61' title="bbox 844 3224 1368 3292">
     <span class='ocr_line' id='line_1_63' title="bbox 844 3224 1368 3292; baseline 0.01 -14"><span class='ocrx_word' id='word_1_443' title='bbox 844 3224 930 3279; x_wconf 89' lang='lat' dir='ltr'><strong>DE</strong></span> <span class='ocrx_word' id='word_1_444' title='bbox 960 3225 1206 3292; x_wconf 74' lang='lat' dir='ltr'><strong>QUINTA</strong></span> <span class='ocrx_word' id='word_1_445' title='bbox 1239 3226 1368 3283; x_wconf 83' lang='lat' dir='ltr'><strong>DIE.</strong></span> 
     </span>
    </p>
   </div>
   <div class='ocr_carea' id='block_1_62' title="bbox 411 3334 1884 3410">
    <p class='ocr_par' dir='ltr' id='par_1_62' title="bbox 411 3334 1884 3410">
     <span class='ocr_line' id='line_1_64' title="bbox 411 3334 1884 3410; baseline 0.004 -22"><span class='ocrx_word' id='word_1_446' title='bbox 411 3334 552 3410; x_wconf 71' lang='lat' dir='ltr'><strong>Dixit</strong></span> <span class='ocrx_word' id='word_1_447' title='bbox 592 3338 761 3410; x_wconf 5' lang='lat' dir='ltr'><strong>etiam,</strong></span> <span class='ocrx_word' id='word_1_448' title='bbox 789 3335 925 3410; x_wconf 79' lang='lat' dir='ltr'><strong>Deus</strong></span> <span class='ocrx_word' id='word_1_449' title='bbox 956 3357 968 3391; x_wconf 89' lang='lat'><strong>:</strong></span> <span class='ocrx_word' id='word_1_450' title='bbox 1003 3339 1294 3393; x_wconf 80' lang='lat' dir='ltr'><strong>Producant</strong></span> <span class='ocrx_word' id='word_1_451' title='bbox 1333 3355 1478 3407; x_wconf 68' lang='lat' dir='ltr'><strong>aqum</strong></span> <span class='ocrx_word' id='word_1_452' title='bbox 1502 3339 1675 3410; x_wconf 80' lang='lat' dir='ltr'><strong>reptile</strong></span> <span class='ocrx_word' id='word_1_453' title='bbox 1702 3341 1884 3394; x_wconf 76' lang='lat' dir='ltr'><strong>animo:</strong></span> 
     </span>
    </p>
   </div>
   <div class='ocr_carea' id='block_1_63' title="bbox 333 3404 1880 3476">
    <p class='ocr_par' dir='ltr' id='par_1_63' title="bbox 333 3404 1880 3476">
     <span class='ocr_line' id='line_1_65' title="bbox 333 3404 1880 3476; baseline 0.004 -18"><span class='ocrx_word' id='word_1_454' title='bbox 333 3404 568 3476; x_wconf 68' lang='lat' dir='ltr'><strong>uiuentis,</strong></span> <span class='ocrx_word' id='word_1_455' title='bbox 608 3417 653 3458; x_wconf 82' lang='lat' dir='ltr'><strong>st</strong></span> <span class='ocrx_word' id='word_1_456' title='bbox 684 3407 885 3476; x_wconf 58' lang='lat' dir='ltr'><strong>uolatile</strong></span> <span class='ocrx_word' id='word_1_457' title='bbox 909 3425 1060 3476; x_wconf 70' lang='lat' dir='ltr'><strong>super</strong></span> <span class='ocrx_word' id='word_1_458' title='bbox 1083 3418 1268 3461; x_wconf 74' lang='lat' dir='ltr'><strong>terram</strong></span> <span class='ocrx_word' id='word_1_459' title='bbox 1297 3404 1388 3462; x_wconf 65' lang='lat' dir='ltr'><strong>suo</strong></span> <span class='ocrx_word' id='word_1_460' title='bbox 1411 3404 1729 3476; x_wconf 70' lang='lat' dir='ltr'><strong>ﬁrmamento</strong></span> <span class='ocrx_word' id='word_1_461' title='bbox 1749 3409 1880 3464; x_wconf 71' lang='lat' dir='ltr'><strong>cali.</strong></span> 
     </span>
    </p>
   </div>
   <div class='ocr_carea' id='block_1_64' title="bbox 334 3473 1887 3546">
    <p class='ocr_par' dir='ltr' id='par_1_64' title="bbox 334 3473 1887 3546">
     <span class='ocr_line' id='line_1_66' title="bbox 334 3473 1887 3546; baseline 0.001 -19"><span class='ocrx_word' id='word_1_462' title='bbox 334 3473 631 3544; x_wconf 80' lang='lat' dir='ltr'><strong>Creart&#39;tque</strong></span> <span class='ocrx_word' id='word_1_463' title='bbox 684 3474 816 3528; x_wconf 84' lang='lat' dir='ltr'><strong>Deus</strong></span> <span class='ocrx_word' id='word_1_464' title='bbox 854 3473 1222 3546; x_wconf 50' lang='lat' dir='ltr'><strong>cete&#39;grandia,</strong></span> <span class='ocrx_word' id='word_1_465' title='bbox 1259 3486 1305 3529; x_wconf 72' lang='lat' dir='ltr'><strong>et</strong></span> <span class='ocrx_word' id='word_1_466' title='bbox 1345 3473 1781 3532; x_wconf 27' lang='lat' dir='ltr'><strong>omnem‘animam</strong></span> <span class='ocrx_word' id='word_1_467' title='bbox 1813 3481 1887 3532; x_wconf 77' lang='lat' dir='ltr'><strong>tti-</strong></span> 
     </span>
    </p>
   </div>
   <div class='ocr_carea' id='block_1_65' title="bbox 335 3545 1884 3616">
    <p class='ocr_par' dir='ltr' id='par_1_65' title="bbox 335 3545 1884 3616">
     <span class='ocr_line' id='line_1_67' title="bbox 335 3545 1884 3616; baseline 0.003 -20"><span class='ocrx_word' id='word_1_468' title='bbox 335 3554 532 3616; x_wconf 69' lang='lat' dir='ltr'><strong>ventem</strong></span> <span class='ocrx_word' id='word_1_469' title='bbox 579 3555 726 3611; x_wconf 80' lang='lat' dir='ltr'><strong>atque</strong></span> <span class='ocrx_word' id='word_1_470' title='bbox 779 3545 1085 3608; x_wconf 82' lang='lat' dir='ltr'><strong>motabilem,</strong></span> <span class='ocrx_word' id='word_1_471' title='bbox 1116 3562 1265 3615; x_wconf 82' lang='lat' dir='ltr'><strong>quam</strong></span> <span class='ocrx_word' id='word_1_472' title='bbox 1287 3548 1636 3616; x_wconf 71' lang='lat' dir='ltr'><strong>produxerant</strong></span> <span class='ocrx_word' id='word_1_473' title='bbox 1661 3564 1804 3616; x_wconf 64' lang='lat' dir='ltr'><strong>aqua</strong></span> <span class='ocrx_word' id='word_1_474' title='bbox 1823 3548 1884 3616; x_wconf 70' lang='lat' dir='ltr'><strong>in</strong></span> 
     </span>
    </p>
   </div>
   <div class='ocr_carea' id='block_1_66' title="bbox 329 3613 1882 3687">
    <p class='ocr_par' dir='ltr' id='par_1_66' title="bbox 329 3613 1882 3687">
     <span class='ocr_line' id='line_1_68' title="bbox 329 3613 1882 3687; baseline 0.004 -23"><span class='ocrx_word' id='word_1_475' title='bbox 329 3613 531 3687; x_wconf 30' lang='lat' dir='ltr'><strong>specie‘</strong></span> <span class='ocrx_word' id='word_1_476' title='bbox 543 3629 655 3676; x_wconf 79' lang='lat' dir='ltr'><strong>sua,</strong></span> <span class='ocrx_word' id='word_1_477' title='bbox 677 3623 724 3666; x_wconf 78' lang='lat' dir='ltr'><strong>et</strong></span> <span class='ocrx_word' id='word_1_478' title='bbox 748 3629 891 3687; x_wconf 77' lang='lat' dir='ltr'><strong>omne</strong></span> <span class='ocrx_word' id='word_1_479' title='bbox 920 3613 1414 3687; x_wconf 14' lang='lat' dir='ltr'><strong>aolatite&#39;seesm&#39;durm</strong></span> <span class='ocrx_word' id='word_1_480' title='bbox 1444 3635 1599 3685; x_wconf 76' lang='lat' dir='ltr'><strong>genus</strong></span> <span class='ocrx_word' id='word_1_481' title='bbox 1617 3613 1780 3670; x_wconf 69' lang='lat' dir='ltr'><strong>suum.</strong></span> <span class='ocrx_word' id='word_1_482' title='bbox 1803 3614 1882 3687; x_wconf 80' lang='lat' dir='ltr'><strong>Et</strong></span> 
     </span>
    </p>
   </div>
   <div class='ocr_carea' id='block_1_67' title="bbox 331 3681 1888 3756">
    <p class='ocr_par' dir='ltr' id='par_1_67' title="bbox 331 3681 1888 3756">
     <span class='ocr_line' id='line_1_69' title="bbox 331 3681 1888 3756; baseline 0.005 -24"><span class='ocrx_word' id='word_1_483' title='bbox 331 3681 464 3756; x_wconf 46' lang='lat' dir='ltr'><strong>uidit</strong></span> <span class='ocrx_word' id='word_1_484' title='bbox 494 3681 626 3756; x_wconf 79' lang='lat' dir='ltr'><strong>Deus</strong></span> <span class='ocrx_word' id='word_1_485' title='bbox 668 3685 799 3750; x_wconf 81' lang='lat' dir='ltr'><strong>quod</strong></span> <span class='ocrx_word' id='word_1_486' title='bbox 820 3693 946 3756; x_wconf 68' lang='lat' dir='ltr'><strong>esset</strong></span> <span class='ocrx_word' id='word_1_487' title='bbox 984 3685 1186 3756; x_wconf 75' lang='lat' dir='ltr'><strong>bonum.</strong></span> <span class='ocrx_word' id='word_1_488' title='bbox 1212 3681 1556 3756; x_wconf 70' lang='lat' dir='ltr'><strong>ben‘edixiique</strong></span> <span class='ocrx_word' id='word_1_489' title='bbox 1574 3689 1644 3740; x_wconf 85' lang='lat' dir='ltr'><strong>eis</strong></span> <span class='ocrx_word' id='word_1_490' title='bbox 1669 3683 1838 3739; x_wconf 77' lang='lat' dir='ltr'><strong>dit-eris</strong></span> <span class='ocrx_word' id='word_1_491' title='bbox 1868 3701 1888 3740; x_wconf 90' lang='lat'><strong><em>:</em></strong></span> 
     </span>
    </p>
   </div>
   <div class='ocr_carea' id='block_1_68' title="bbox 334 3748 1884 3824">
    <p class='ocr_par' dir='ltr' id='par_1_68' title="bbox 334 3748 1884 3824">
     <span class='ocr_line' id='line_1_70' title="bbox 334 3748 1884 3824; baseline 0.005 -22"><span class='ocrx_word' id='word_1_492' title='bbox 334 3748 575 3812; x_wconf 78' lang='lat' dir='ltr'><strong>Crescite,</strong></span> <span class='ocrx_word' id='word_1_493' title='bbox 625 3748 688 3824; x_wconf 35' lang='lat' dir='ltr'><strong>et:</strong></span> <span class='ocrx_word' id='word_1_494' title='bbox 710 3753 1136 3824; x_wconf 69' lang='lat' dir='ltr'><strong>multiplicamini,</strong></span> <span class='ocrx_word' id='word_1_495' title='bbox 1195 3766 1239 3807; x_wconf 89' lang='lat' dir='ltr'><strong>et</strong></span> <span class='ocrx_word' id='word_1_496' title='bbox 1291 3748 1487 3824; x_wconf 66' lang='lat' dir='ltr'><strong>replete</strong></span> <span class='ocrx_word' id='word_1_497' title='bbox 1519 3772 1675 3824; x_wconf 81' lang='lat' dir='ltr'><strong>aquas</strong></span> <span class='ocrx_word' id='word_1_498' title='bbox 1708 3757 1884 3820; x_wconf 85' lang='lat' dir='ltr'><strong>maris,</strong></span> 
     </span>
    </p>
   </div>
   <div class='ocr_carea' id='block_1_69' title="bbox 336 3821 1887 3895">
    <p class='ocr_par' dir='ltr' id='par_1_69' title="bbox 336 3821 1887 3895">
     <span class='ocr_line' id='line_1_71' title="bbox 336 3821 1887 3895; baseline 0.005 -25"><span class='ocrx_word' id='word_1_499' title='bbox 336 3834 551 3884; x_wconf 79' lang='lat' dir='ltr'><strong>avesque</strong></span> <span class='ocrx_word' id='word_1_500' title='bbox 577 3821 964 3895; x_wconf 78' lang='lat' dir='ltr'><strong>multiplicemur</strong></span> <span class='ocrx_word' id='word_1_501' title='bbox 990 3837 1140 3891; x_wconf 79' lang='lat' dir='ltr'><strong>super</strong></span> <span class='ocrx_word' id='word_1_502' title='bbox 1167 3821 1371 3891; x_wconf 75' lang='lat' dir='ltr'><strong>terram.</strong></span> <span class='ocrx_word' id='word_1_503' title='bbox 1411 3822 1474 3876; x_wconf 78' lang='lat' dir='ltr'><strong>Et</strong></span> <span class='ocrx_word' id='word_1_504' title='bbox 1500 3821 1689 3895; x_wconf 73' lang='lat' dir='ltr'><strong>factum</strong></span> <span class='ocrx_word' id='word_1_505' title='bbox 1713 3833 1786 3877; x_wconf 83' lang='lat' dir='ltr'><strong>est</strong></span> <span class='ocrx_word' id='word_1_506' title='bbox 1806 3840 1887 3878; x_wconf 82' lang='lat' dir='ltr'><strong>ve-</strong></span> 
     </span>
    </p>
   </div>
   <div class='ocr_carea' id='block_1_70' title="bbox 334 3891 1090 3958">
    <p class='ocr_par' dir='ltr' id='par_1_70' title="bbox 334 3891 1090 3958">
     <span class='ocr_line' id='line_1_72' title="bbox 334 3891 1090 3958; baseline 0.007 -19"><span class='ocrx_word' id='word_1_507' title='bbox 334 3904 484 3958; x_wconf 67' lang='lat' dir='ltr'><strong>spere</strong></span> <span class='ocrx_word' id='word_1_508' title='bbox 501 3895 558 3958; x_wconf 75' lang='lat' dir='ltr'><strong>et</strong></span> <span class='ocrx_word' id='word_1_509' title='bbox 577 3903 719 3941; x_wconf 80' lang='lat' dir='ltr'><strong>mane</strong></span> <span class='ocrx_word' id='word_1_510' title='bbox 743 3891 845 3942; x_wconf 85' lang='lat' dir='ltr'><strong>dies</strong></span> <span class='ocrx_word' id='word_1_511' title='bbox 866 3893 1090 3958; x_wconf 79' lang='lat' dir='ltr'><strong>quintus.</strong></span> 
     </span>
    </p>
   </div>
   <div class='ocr_carea' id='block_1_71' title="bbox 414 3955 1881 4029">
    <p class='ocr_par' dir='ltr' id='par_1_71' title="bbox 414 3955 1881 4029">
     <span class='ocr_line' id='line_1_73' title="bbox 414 3955 1881 4029; baseline 0.006 -21"><span class='ocrx_word' id='word_1_512' title='bbox 414 3955 548 4022; x_wconf 85' lang='lat' dir='ltr'><strong>Quid</strong></span> <span class='ocrx_word' id='word_1_513' title='bbox 575 3966 655 4011; x_wconf 83' lang='lat' dir='ltr'><strong>est</strong></span> <span class='ocrx_word' id='word_1_514' title='bbox 680 3972 804 4026; x_wconf 80' lang='lat' dir='ltr'><strong>ergo</strong></span> <span class='ocrx_word' id='word_1_515' title='bbox 834 3955 968 4023; x_wconf 83' lang='lat' dir='ltr'><strong>quod</strong></span> <span class='ocrx_word' id='word_1_516' title='bbox 1011 3961 1154 4024; x_wconf 87' lang='lat' dir='ltr'><strong>prius</strong></span> <span class='ocrx_word' id='word_1_517' title='bbox 1175 3962 1384 4014; x_wconf 88' lang='lat' dir='ltr'><strong>ornavit</strong></span> <span class='ocrx_word' id='word_1_518' title='bbox 1408 3975 1572 4029; x_wconf 85' lang='lat' dir='ltr'><strong>aquas</strong></span> <span class='ocrx_word' id='word_1_519' title='bbox 1589 3962 1881 4029; x_wconf 82' lang='lat' dir='ltr'><strong>dereptili-</strong></span> 
     </span>
    </p>
   </div>
   <div class='ocr_carea' id='block_1_72' title="bbox 337 4024 1887 4094">
    <p class='ocr_par' dir='ltr' id='par_1_72' title="bbox 337 4024 1887 4094">
     <span class='ocr_line' id='line_1_74' title="bbox 337 4024 1887 4094; baseline 0.005 -16"><span class='ocrx_word' id='word_1_520' title='bbox 337 4024 464 4085; x_wconf 80' lang='lat' dir='ltr'><strong>bus.</strong></span> <span class='ocrx_word' id='word_1_521' title='bbox 511 4024 786 4094; x_wconf 77' lang='lat' dir='ltr'><strong>antequam</strong></span> <span class='ocrx_word' id='word_1_522' title='bbox 835 4037 1024 4081; x_wconf 91' lang='lat' dir='ltr'><strong>terram</strong></span> <span class='ocrx_word' id='word_1_523' title='bbox 1064 4031 1130 4082; x_wconf 89' lang='lat' dir='ltr'><strong>de</strong></span> <span class='ocrx_word' id='word_1_524' title='bbox 1173 4024 1528 4085; x_wconf 81' lang='lat' dir='ltr'><strong>animalibus?</strong></span> <span class='ocrx_word' id='word_1_525' title='bbox 1579 4024 1887 4086; x_wconf 57' lang='lat' dir='ltr'><strong>llatio&#39;erat</strong></span> 
     </span>
    </p>
   </div>
   <div class='ocr_carea' id='block_1_73' title="bbox 338 4094 1884 4166">
    <p class='ocr_par' dir='ltr' id='par_1_73' title="bbox 338 4094 1884 4166">
     <span class='ocr_line' id='line_1_75' title="bbox 338 4094 1884 4166; baseline 0.005 -21"><span class='ocrx_word' id='word_1_526' title='bbox 338 4094 465 4160; x_wconf 84' lang='lat' dir='ltr'><strong>quia</strong></span> <span class='ocrx_word' id='word_1_527' title='bbox 499 4095 640 4166; x_wconf 85' lang='lat' dir='ltr'><strong>prius</strong></span> <span class='ocrx_word' id='word_1_528' title='bbox 667 4096 884 4150; x_wconf 84' lang='lat' dir='ltr'><strong>visibilis</strong></span> <span class='ocrx_word' id='word_1_529' title='bbox 909 4098 1166 4163; x_wconf 84' lang='lat' dir='ltr'><strong>apparuit,</strong></span> <span class='ocrx_word' id='word_1_530' title='bbox 1200 4111 1255 4151; x_wconf 93' lang='lat' dir='ltr'><strong>ut</strong></span> <span class='ocrx_word' id='word_1_531' title='bbox 1285 4099 1428 4166; x_wconf 89' lang='lat' dir='ltr'><strong>prius</strong></span> <span class='ocrx_word' id='word_1_532' title='bbox 1461 4110 1703 4154; x_wconf 89' lang='lat' dir='ltr'><strong>ornatum</strong></span> <span class='ocrx_word' id='word_1_533' title='bbox 1732 4115 1884 4153; x_wconf 92' lang='lat' dir='ltr'><strong>suum</strong></span> 
     </span>
    </p>
   </div>
   <div class='ocr_carea' id='block_1_74' title="bbox 337 4165 1886 4234">
    <p class='ocr_par' dir='ltr' id='par_1_74' title="bbox 337 4165 1886 4234">
     <span class='ocr_line' id='line_1_76' title="bbox 337 4165 1886 4234; baseline 0.005 -19"><span class='ocrx_word' id='word_1_534' title='bbox 337 4165 656 4228; x_wconf 74' lang='lat' dir='ltr'><strong>accepisset,</strong></span> <span class='ocrx_word' id='word_1_535' title='bbox 703 4175 795 4217; x_wconf 90' lang='lat' dir='ltr'><strong>aut</strong></span> <span class='ocrx_word' id='word_1_536' title='bbox 831 4167 951 4232; x_wconf 89' lang='lat' dir='ltr'><strong>quia</strong></span> <span class='ocrx_word' id='word_1_537' title='bbox 980 4166 1031 4218; x_wconf 89' lang='lat' dir='ltr'><strong>in</strong></span> <span class='ocrx_word' id='word_1_538' title='bbox 1073 4165 1329 4234; x_wconf 88' lang='lat' dir='ltr'><strong>principio</strong></span> <span class='ocrx_word' id='word_1_539' title='bbox 1352 4171 1541 4223; x_wconf 75' lang='lat' dir='ltr'><strong>cmlum</strong></span> <span class='ocrx_word' id='word_1_540' title='bbox 1573 4169 1771 4232; x_wconf 89' lang='lat' dir='ltr'><strong>recepit</strong></span> <span class='ocrx_word' id='word_1_541' title='bbox 1795 4183 1886 4222; x_wconf 85' lang='lat' dir='ltr'><strong>or-</strong></span> 
     </span>
    </p>
   </div>
   <div class='ocr_carea' id='block_1_75' title="bbox 339 4236 1885 4304">
    <p class='ocr_par' dir='ltr' id='par_1_75' title="bbox 339 4236 1885 4304">
     <span class='ocr_line' id='line_1_77' title="bbox 339 4236 1885 4304; baseline 0.005 -21"><span class='ocrx_word' id='word_1_542' title='bbox 339 4242 656 4304; x_wconf 64' lang='lat' dir='ltr'><strong>rnamentqu</strong></span> <span class='ocrx_word' id='word_1_543' title='bbox 668 4246 854 4304; x_wconf 78' lang='lat' dir='ltr'><strong>suum,</strong></span> <span class='ocrx_word' id='word_1_544' title='bbox 889 4236 938 4287; x_wconf 91' lang='lat' dir='ltr'><strong>id</strong></span> <span class='ocrx_word' id='word_1_545' title='bbox 990 4244 1088 4295; x_wconf 86' lang='lat' dir='ltr'><strong>est.</strong></span> <span class='ocrx_word' id='word_1_546' title='bbox 1137 4237 1202 4288; x_wconf 88' lang='lat' dir='ltr'><strong>de</strong></span> <span class='ocrx_word' id='word_1_547' title='bbox 1239 4239 1460 4302; x_wconf 70' lang='lat' dir='ltr'><strong>angelis,</strong></span> <span class='ocrx_word' id='word_1_548' title='bbox 1492 4241 1701 4304; x_wconf 88' lang='lat' dir='ltr'><strong>quando</strong></span> <span class='ocrx_word' id='word_1_549' title='bbox 1723 4239 1885 4290; x_wconf 84' lang='lat' dir='ltr'><strong>creati</strong></span> 
     </span>
    </p>
   </div>
   <div class='ocr_carea' id='block_1_76' title="bbox 342 4301 1887 4370">
    <p class='ocr_par' dir='ltr' id='par_1_76' title="bbox 342 4301 1887 4370">
     <span class='ocr_line' id='line_1_78' title="bbox 342 4301 1887 4370; baseline 0.005 -18"><span class='ocrx_word' id='word_1_550' title='bbox 342 4301 582 4370; x_wconf 80' lang='lat' dir='ltr'><strong>fuerunt.</strong></span> <span class='ocrx_word' id='word_1_551' title='bbox 627 4301 877 4356; x_wconf 84' lang='lat' dir='ltr'><strong>Similiter</strong></span> <span class='ocrx_word' id='word_1_552' title='bbox 922 4313 1094 4356; x_wconf 85' lang='lat' dir='ltr'><strong>autem</strong></span> <span class='ocrx_word' id='word_1_553' title='bbox 1141 4313 1194 4358; x_wconf 89' lang='lat' dir='ltr'><strong>et</strong></span> <span class='ocrx_word' id='word_1_554' title='bbox 1246 4301 1403 4370; x_wconf 87' lang='lat' dir='ltr'><strong>terra,</strong></span> <span class='ocrx_word' id='word_1_555' title='bbox 1437 4301 1590 4368; x_wconf 64' lang='lat' dir='ltr'><strong>quam</strong></span> <span class='ocrx_word' id='word_1_556' title='bbox 1618 4306 1685 4359; x_wconf 88' lang='lat' dir='ltr'><strong>de</strong></span> <span class='ocrx_word' id='word_1_557' title='bbox 1715 4305 1887 4361; x_wconf 86' lang='lat' dir='ltr'><strong>herbis</strong></span> 
     </span>
    </p>
   </div>
   <div class='ocr_carea' id='block_1_77' title="bbox 345 4369 1887 4442">
    <p class='ocr_par' dir='ltr' id='par_1_77' title="bbox 345 4369 1887 4442">
     <span class='ocr_line' id='line_1_79' title="bbox 345 4369 1887 4442; baseline 0.005 -22"><span class='ocrx_word' id='word_1_558' title='bbox 345 4369 438 4423; x_wconf 86' lang='lat' dir='ltr'><strong>vel</strong></span> <span class='ocrx_word' id='word_1_559' title='bbox 465 4369 531 4442; x_wconf 79' lang='lat' dir='ltr'><strong>de</strong></span> <span class='ocrx_word' id='word_1_560' title='bbox 557 4370 829 4424; x_wconf 84' lang='lat' dir='ltr'><strong>arboribus</strong></span> <span class='ocrx_word' id='word_1_561' title='bbox 870 4373 1107 4436; x_wconf 72' lang='lat' dir='ltr'><strong>vestivit;</strong></span> <span class='ocrx_word' id='word_1_562' title='bbox 1161 4374 1293 4426; x_wconf 85' lang='lat' dir='ltr'><strong>ratio</strong></span> <span class='ocrx_word' id='word_1_563' title='bbox 1340 4369 1477 4426; x_wconf 88' lang='lat' dir='ltr'><strong>enim</strong></span> <span class='ocrx_word' id='word_1_564' title='bbox 1509 4385 1625 4427; x_wconf 88' lang='lat' dir='ltr'><strong>erat</strong></span> <span class='ocrx_word' id='word_1_565' title='bbox 1654 4382 1710 4427; x_wconf 89' lang='lat' dir='ltr'><strong>ut</strong></span> <span class='ocrx_word' id='word_1_566' title='bbox 1739 4387 1887 4442; x_wconf 74' lang='lat' dir='ltr'><strong>aquae</strong></span> 
     </span>
    </p>
   </div>
   <div class='ocr_carea' id='block_1_78' title="bbox 1974 1821 3497 1890">
    <p class='ocr_par' dir='ltr' id='par_1_78' title="bbox 1974 1821 3497 1890">
     <span class='ocr_line' id='line_1_80' title="bbox 1974 1821 3497 1890; baseline 0.002 -17"><span class='ocrx_word' id='word_1_567' title='bbox 1974 1823 2096 1875; x_wconf 69' lang='lat' dir='ltr'><strong>calo</strong></span> <span class='ocrx_word' id='word_1_568' title='bbox 2139 1821 2287 1888; x_wconf 83' lang='lat' dir='ltr'><strong>(Luc.</strong></span> <span class='ocrx_word' id='word_1_569' title='bbox 2339 1830 2417 1890; x_wconf 66' lang='grc' dir='ltr'><strong>κ).</strong></span> <span class='ocrx_word' id='word_1_570' title='bbox 2442 1826 2712 1889; x_wconf 88' lang='lat' dir='ltr'><strong>Quomodo</strong></span> <span class='ocrx_word' id='word_1_571' title='bbox 2739 1827 2875 1878; x_wconf 90' lang='lat' dir='ltr'><strong>enim</strong></span> <span class='ocrx_word' id='word_1_572' title='bbox 2906 1821 3091 1878; x_wconf 78' lang='lat' dir='ltr'><strong>cadere</strong></span> <span class='ocrx_word' id='word_1_573' title='bbox 3112 1827 3299 1878; x_wconf 92' lang='lat' dir='ltr'><strong>dicitur</strong></span> <span class='ocrx_word' id='word_1_574' title='bbox 3324 1826 3366 1878; x_wconf 92' lang='lat' dir='ltr'><strong>si</strong></span> <span class='ocrx_word' id='word_1_575' title='bbox 3396 1841 3497 1877; x_wconf 91' lang='lat' dir='ltr'><strong>non</strong></span> 
     </span>
    </p>
   </div>
   <div class='ocr_carea' id='block_1_79' title="bbox 1976 1891 3504 1961">
    <p class='ocr_par' dir='ltr' id='par_1_79' title="bbox 1976 1891 3504 1961">
     <span class='ocr_line' id='line_1_81' title="bbox 1976 1891 3504 1961; baseline 0.001 -17"><span class='ocrx_word' id='word_1_576' title='bbox 1976 1891 2149 1955; x_wconf 84' lang='lat' dir='ltr'><strong>stetit;</strong></span> <span class='ocrx_word' id='word_1_577' title='bbox 2195 1893 2434 1961; x_wconf 87' lang='lat' dir='ltr'><strong>idemque</strong></span> <span class='ocrx_word' id='word_1_578' title='bbox 2483 1910 2585 1947; x_wconf 89' lang='lat' dir='ltr'><strong>non</strong></span> <span class='ocrx_word' id='word_1_579' title='bbox 2635 1895 2988 1958; x_wconf 83' lang='lat' dir='ltr'><strong>perseveravit</strong></span> <span class='ocrx_word' id='word_1_580' title='bbox 3011 1895 3060 1947; x_wconf 91' lang='lat' dir='ltr'><strong>in</strong></span> <span class='ocrx_word' id='word_1_581' title='bbox 3091 1896 3353 1948; x_wconf 89' lang='lat' dir='ltr'><strong>consortio</strong></span> <span class='ocrx_word' id='word_1_582' title='bbox 3381 1909 3504 1948; x_wconf 84' lang='lat' dir='ltr'><strong>sau-</strong></span> 
     </span>
    </p>
   </div>
   <div class='ocr_carea' id='block_1_80' title="bbox 1975 1963 3502 2031">
    <p class='ocr_par' dir='ltr' id='par_1_80' title="bbox 1975 1963 3502 2031">
     <span class='ocr_line' id='line_1_82' title="bbox 1975 1963 3502 2031; baseline 0.001 -18"><span class='ocrx_word' id='word_1_583' title='bbox 1975 1971 2175 2031; x_wconf 88' lang='lat' dir='ltr'><strong>ctorom</strong></span> <span class='ocrx_word' id='word_1_584' title='bbox 2230 1965 2556 2030; x_wconf 76' lang='lat' dir='ltr'><strong>angelorum,</strong></span> <span class='ocrx_word' id='word_1_585' title='bbox 2604 1965 2692 2014; x_wconf 85' lang='lat' dir='ltr'><strong>sed</strong></span> <span class='ocrx_word' id='word_1_586' title='bbox 2735 1963 2906 2016; x_wconf 77' lang='lat' dir='ltr'><strong>stitim</strong></span> <span class='ocrx_word' id='word_1_587' title='bbox 2937 1978 3093 2031; x_wconf 82' lang='lat' dir='ltr'><strong>quam</strong></span> <span class='ocrx_word' id='word_1_588' title='bbox 3122 1963 3228 2015; x_wconf 88' lang='lat' dir='ltr'><strong>cito</strong></span> <span class='ocrx_word' id='word_1_589' title='bbox 3252 1978 3310 2016; x_wconf 85' lang='lat' dir='ltr'><strong>se</strong></span> <span class='ocrx_word' id='word_1_590' title='bbox 3339 1967 3502 2029; x_wconf 77' lang='lat' dir='ltr'><strong>ipsum</strong></span> 
     </span>
    </p>
   </div>
   <div class='ocr_carea' id='block_1_81' title="bbox 1973 2030 3503 2096">
    <p class='ocr_par' dir='ltr' id='par_1_81' title="bbox 1973 2030 3503 2096">
     <span class='ocr_line' id='line_1_83' title="bbox 1973 2030 3503 2096; baseline 0 -15"><span class='ocrx_word' id='word_1_591' title='bbox 1973 2030 2175 2096; x_wconf 76' lang='lat' dir='ltr'><strong>aspexit</strong></span> <span class='ocrx_word' id='word_1_592' title='bbox 2217 2031 2266 2084; x_wconf 90' lang='lat' dir='ltr'><strong>in</strong></span> <span class='ocrx_word' id='word_1_593' title='bbox 2313 2032 2553 2084; x_wconf 88' lang='lat' dir='ltr'><strong>claritate</strong></span> <span class='ocrx_word' id='word_1_594' title='bbox 2575 2031 2684 2095; x_wconf 86' lang='lat' dir='ltr'><strong>Dei,</strong></span> <span class='ocrx_word' id='word_1_595' title='bbox 2711 2033 2874 2084; x_wconf 75' lang='lat' dir='ltr'><strong>erexit</strong></span> <span class='ocrx_word' id='word_1_596' title='bbox 2900 2030 2962 2083; x_wconf 81' lang='lat' dir='ltr'><strong>se</strong></span> <span class='ocrx_word' id='word_1_597' title='bbox 2985 2032 3035 2083; x_wconf 92' lang='lat' dir='ltr'><strong>in</strong></span> <span class='ocrx_word' id='word_1_598' title='bbox 3059 2031 3354 2096; x_wconf 83' lang='lat' dir='ltr'><strong>superbiam</strong></span> <span class='ocrx_word' id='word_1_599' title='bbox 3376 2046 3503 2084; x_wconf 81' lang='lat' dir='ltr'><strong>coo-</strong></span> 
     </span>
    </p>
   </div>
   <div class='ocr_carea' id='block_1_82' title="bbox 1977 2096 3505 2165">
    <p class='ocr_par' dir='ltr' id='par_1_82' title="bbox 1977 2096 3505 2165">
     <span class='ocr_line' id='line_1_84' title="bbox 1977 2096 3505 2165; baseline 0.002 -16"><span class='ocrx_word' id='word_1_600' title='bbox 1977 2109 2053 2150; x_wconf 88' lang='lat' dir='ltr'><strong>Ira</strong></span> <span class='ocrx_word' id='word_1_601' title='bbox 2097 2096 2395 2153; x_wconf 86' lang='lat' dir='ltr'><strong>Creatorem</strong></span> <span class='ocrx_word' id='word_1_602' title='bbox 2418 2114 2594 2153; x_wconf 88' lang='lat' dir='ltr'><strong>suum.</strong></span> <span class='ocrx_word' id='word_1_603' title='bbox 2622 2101 2683 2152; x_wconf 81' lang='lat' dir='ltr'><strong>Et</strong></span> <span class='ocrx_word' id='word_1_604' title='bbox 2707 2100 2830 2152; x_wconf 78' lang='lat' dir='ltr'><strong>dixit</strong></span> <span class='ocrx_word' id='word_1_605' title='bbox 2867 2115 2882 2153; x_wconf 90' lang='lat'><strong>:</strong></span> <span class='ocrx_word' id='word_1_606' title='bbox 2914 2101 3187 2152; x_wconf 78' lang='lat' dir='ltr'><strong>Ascendam</strong></span> <span class='ocrx_word' id='word_1_607' title='bbox 3215 2115 3363 2165; x_wconf 85' lang='lat' dir='ltr'><strong>super</strong></span> <span class='ocrx_word' id='word_1_608' title='bbox 3383 2102 3505 2152; x_wconf 82' lang='lat' dir='ltr'><strong>alti-</strong></span> 
     </span>
    </p>
   </div>
   <div class='ocr_carea' id='block_1_83' title="bbox 1976 2167 3507 2232">
    <p class='ocr_par' dir='ltr' id='par_1_83' title="bbox 1976 2167 3507 2232">
     <span class='ocr_line' id='line_1_85' title="bbox 1976 2167 3507 2232; baseline 0.003 -14"><span class='ocrx_word' id='word_1_609' title='bbox 1976 2167 2198 2219; x_wconf 83' lang='lat' dir='ltr'><strong>tudinem</strong></span> <span class='ocrx_word' id='word_1_610' title='bbox 2238 2168 2464 2232; x_wconf 79' lang='lat' dir='ltr'><strong>nubium,</strong></span> <span class='ocrx_word' id='word_1_611' title='bbox 2496 2176 2542 2221; x_wconf 83' lang='lat' dir='ltr'><strong>et</strong></span> <span class='ocrx_word' id='word_1_612' title='bbox 2589 2184 2673 2223; x_wconf 83' lang='lat' dir='ltr'><strong>ero</strong></span> <span class='ocrx_word' id='word_1_613' title='bbox 2705 2169 2882 2222; x_wconf 84' lang='lat' dir='ltr'><strong>similis</strong></span> <span class='ocrx_word' id='word_1_614' title='bbox 2921 2170 3198 2222; x_wconf 78' lang='lat' dir='ltr'><strong>Altissimo.</strong></span> <span class='ocrx_word' id='word_1_615' title='bbox 3229 2168 3294 2222; x_wconf 83' lang='lat' dir='ltr'><strong>Et</strong></span> <span class='ocrx_word' id='word_1_616' title='bbox 3331 2170 3507 2222; x_wconf 85' lang='lat' dir='ltr'><strong>statim</strong></span> 
     </span>
    </p>
   </div>
   <div class='ocr_carea' id='block_1_84' title="bbox 1978 2235 3504 2304">
    <p class='ocr_par' dir='ltr' id='par_1_84' title="bbox 1978 2235 3504 2304">
     <span class='ocr_line' id='line_1_86' title="bbox 1978 2235 3504 2304; baseline 0 -15"><span class='ocrx_word' id='word_1_617' title='bbox 1978 2235 2244 2304; x_wconf 73' lang='lat' dir='ltr'><strong>proiectus</strong></span> <span class='ocrx_word' id='word_1_618' title='bbox 2270 2246 2352 2292; x_wconf 89' lang='lat' dir='ltr'><strong>est</strong></span> <span class='ocrx_word' id='word_1_619' title='bbox 2378 2239 2443 2292; x_wconf 88' lang='lat' dir='ltr'><strong>de</strong></span> <span class='ocrx_word' id='word_1_620' title='bbox 2471 2238 2746 2292; x_wconf 91' lang='lat' dir='ltr'><strong>altitudine</strong></span> <span class='ocrx_word' id='word_1_621' title='bbox 2773 2239 2892 2292; x_wconf 69' lang='grc' dir='ltr'><strong>αα)ιί</strong></span> <span class='ocrx_word' id='word_1_622' title='bbox 2917 2239 2966 2291; x_wconf 91' lang='lat' dir='ltr'><strong>in</strong></span> <span class='ocrx_word' id='word_1_623' title='bbox 2992 2253 3165 2296; x_wconf 88' lang='lat' dir='ltr'><strong>aerem</strong></span> <span class='ocrx_word' id='word_1_624' title='bbox 3189 2252 3306 2292; x_wconf 91' lang='lat' dir='ltr'><strong>cum</strong></span> <span class='ocrx_word' id='word_1_625' title='bbox 3331 2237 3504 2290; x_wconf 84' lang='lat' dir='ltr'><strong>omni-</strong></span> 
     </span>
    </p>
   </div>
   <div class='ocr_carea' id='block_1_85' title="bbox 1977 2306 3507 2376">
    <p class='ocr_par' dir='ltr' id='par_1_85' title="bbox 1977 2306 3507 2376">
     <span class='ocr_line' id='line_1_87' title="bbox 1977 2306 3507 2376; baseline 0.001 -19"><span class='ocrx_word' id='word_1_626' title='bbox 1977 2307 2073 2357; x_wconf 89' lang='lat' dir='ltr'><strong>bus</strong></span> <span class='ocrx_word' id='word_1_627' title='bbox 2107 2306 2417 2376; x_wconf 81' lang='lat' dir='ltr'><strong>satellitibus</strong></span> <span class='ocrx_word' id='word_1_628' title='bbox 2461 2308 2590 2372; x_wconf 89' lang='lat' dir='ltr'><strong>suis,</strong></span> <span class='ocrx_word' id='word_1_629' title='bbox 2634 2309 2721 2376; x_wconf 90' lang='lat' dir='ltr'><strong>qui</strong></span> <span class='ocrx_word' id='word_1_630' title='bbox 2761 2323 2881 2361; x_wconf 77' lang='lat' dir='ltr'><strong>cuiu</strong></span> <span class='ocrx_word' id='word_1_631' title='bbox 2922 2308 3084 2360; x_wconf 91' lang='lat' dir='ltr'><strong>secuti</strong></span> <span class='ocrx_word' id='word_1_632' title='bbox 3124 2307 3373 2373; x_wconf 88' lang='lat' dir='ltr'><strong>sunt,qui</strong></span> <span class='ocrx_word' id='word_1_633' title='bbox 3404 2321 3507 2360; x_wconf 88' lang='lat' dir='ltr'><strong>nou</strong></span> 
     </span>
    </p>
   </div>
   <div class='ocr_carea' id='block_1_86' title="bbox 1977 2374 3508 2445">
    <p class='ocr_par' dir='ltr' id='par_1_86' title="bbox 1977 2374 3508 2445">
     <span class='ocr_line' id='line_1_88' title="bbox 1977 2374 3508 2445; baseline 0.001 -19"><span class='ocrx_word' id='word_1_634' title='bbox 1977 2374 2316 2440; x_wconf 89' lang='lat' dir='ltr'><strong>perstiterunt</strong></span> <span class='ocrx_word' id='word_1_635' title='bbox 2375 2377 2428 2429; x_wconf 91' lang='lat' dir='ltr'><strong>in</strong></span> <span class='ocrx_word' id='word_1_636' title='bbox 2469 2374 2664 2430; x_wconf 59' lang='lat' dir='ltr'><strong>dis-intr</strong></span> <span class='ocrx_word' id='word_1_637' title='bbox 2690 2391 2889 2440; x_wconf 87' lang='lat' dir='ltr'><strong>amore,</strong></span> <span class='ocrx_word' id='word_1_638' title='bbox 2945 2378 3075 2430; x_wconf 86' lang='lat' dir='ltr'><strong>sicut</strong></span> <span class='ocrx_word' id='word_1_639' title='bbox 3110 2377 3181 2430; x_wconf 90' lang='lat' dir='ltr'><strong>illi</strong></span> <span class='ocrx_word' id='word_1_640' title='bbox 3207 2378 3291 2445; x_wconf 91' lang='lat' dir='ltr'><strong>qui</strong></span> <span class='ocrx_word' id='word_1_641' title='bbox 3321 2376 3508 2428; x_wconf 85' lang='lat' dir='ltr'><strong>tirmati</strong></span> 
     </span>
    </p>
   </div>
   <div class='ocr_carea' id='block_1_87' title="bbox 1976 2445 3507 2513">
    <p class='ocr_par' dir='ltr' id='par_1_87' title="bbox 1976 2445 3507 2513">
     <span class='ocr_line' id='line_1_89' title="bbox 1976 2445 3507 2513; baseline 0.004 -20"><span class='ocrx_word' id='word_1_642' title='bbox 1976 2453 2135 2513; x_wconf 48' lang='lat' dir='ltr'><strong>sunt,</strong></span> <span class='ocrx_word' id='word_1_643' title='bbox 2167 2452 2222 2495; x_wconf 91' lang='lat' dir='ltr'><strong>ut</strong></span> <span class='ocrx_word' id='word_1_644' title='bbox 2259 2449 2301 2501; x_wconf 83' lang='lat' dir='ltr'><strong>si</strong></span> <span class='ocrx_word' id='word_1_645' title='bbox 2348 2445 2509 2499; x_wconf 85' lang='lat' dir='ltr'><strong>velint</strong></span> <span class='ocrx_word' id='word_1_646' title='bbox 2555 2459 2772 2511; x_wconf 83' lang='lat' dir='ltr'><strong>peccare</strong></span> <span class='ocrx_word' id='word_1_647' title='bbox 2817 2461 2918 2497; x_wconf 89' lang='lat' dir='ltr'><strong>non</strong></span> <span class='ocrx_word' id='word_1_648' title='bbox 2944 2448 3160 2508; x_wconf 88' lang='lat' dir='ltr'><strong>possint.</strong></span> <span class='ocrx_word' id='word_1_649' title='bbox 3186 2445 3303 2513; x_wconf 85' lang='lat' dir='ltr'><strong>quia</strong></span> <span class='ocrx_word' id='word_1_650' title='bbox 3331 2445 3428 2510; x_wconf 86' lang='lat' dir='ltr'><strong>ipsi</strong></span> <span class='ocrx_word' id='word_1_651' title='bbox 3456 2446 3507 2499; x_wconf 84' lang='lat' dir='ltr'><strong>in</strong></span> 
     </span>
    </p>
   </div>
   <div class='ocr_carea' id='block_1_88' title="bbox 1978 2511 3504 2581">
    <p class='ocr_par' dir='ltr' id='par_1_88' title="bbox 1978 2511 3504 2581">
     <span class='ocr_line' id='line_1_90' title="bbox 1978 2511 3504 2581; baseline 0.001 -19"><span class='ocrx_word' id='word_1_652' title='bbox 1978 2511 2232 2581; x_wconf 89' lang='lat' dir='ltr'><strong>principio</strong></span> <span class='ocrx_word' id='word_1_653' title='bbox 2282 2515 2544 2581; x_wconf 89' lang='lat' dir='ltr'><strong>proprium</strong></span> <span class='ocrx_word' id='word_1_654' title='bbox 2570 2513 2837 2566; x_wconf 87' lang='lat' dir='ltr'><strong>arbitrium</strong></span> <span class='ocrx_word' id='word_1_655' title='bbox 2868 2515 3178 2576; x_wconf 85' lang='lat' dir='ltr'><strong>habuerunt,</strong></span> <span class='ocrx_word' id='word_1_656' title='bbox 3204 2511 3338 2568; x_wconf 83' lang='lat' dir='ltr'><strong>sicut</strong></span> <span class='ocrx_word' id='word_1_657' title='bbox 3366 2528 3504 2567; x_wconf 88' lang='lat' dir='ltr'><strong>nunc</strong></span> 
     </span>
    </p>
   </div>
   <div class='ocr_carea' id='block_1_89' title="bbox 1978 2579 3508 2653">
    <p class='ocr_par' dir='ltr' id='par_1_89' title="bbox 1978 2579 3508 2653">
     <span class='ocr_line' id='line_1_91' title="bbox 1978 2579 3508 2653; baseline 0.002 -21"><span class='ocrx_word' id='word_1_658' title='bbox 1978 2579 2260 2653; x_wconf 77' lang='lat' dir='ltr'><strong>humanum</strong></span> <span class='ocrx_word' id='word_1_659' title='bbox 2286 2579 2471 2653; x_wconf 80' lang='lat' dir='ltr'><strong>genus</strong></span> <span class='ocrx_word' id='word_1_660' title='bbox 2515 2583 2723 2653; x_wconf 78' lang='lat' dir='ltr'><strong>_vit_le!ur</strong></span> <span class='ocrx_word' id='word_1_661' title='bbox 2763 2582 2974 2636; x_wconf 88' lang='lat' dir='ltr'><strong>habere.</strong></span> <span class='ocrx_word' id='word_1_662' title='bbox 3007 2583 3080 2635; x_wconf 93' lang='lat' dir='ltr'><strong>Illi</strong></span> <span class='ocrx_word' id='word_1_663' title='bbox 3107 2590 3275 2653; x_wconf 76' lang='lat' dir='ltr'><strong>autem</strong></span> <span class='ocrx_word' id='word_1_664' title='bbox 3302 2583 3368 2653; x_wconf 84' lang='lat' dir='ltr'><strong>tle</strong></span> <span class='ocrx_word' id='word_1_665' title='bbox 3390 2596 3508 2649; x_wconf 84' lang='lat' dir='ltr'><strong>pro-</strong></span> 
     </span>
    </p>
   </div>
   <div class='ocr_carea' id='block_1_90' title="bbox 1979 2649 3508 2716">
    <p class='ocr_par' dir='ltr' id='par_1_90' title="bbox 1979 2649 3508 2716">
     <span class='ocr_line' id='line_1_92' title="bbox 1979 2649 3508 2716; baseline 0.001 -16"><span class='ocrx_word' id='word_1_666' title='bbox 1979 2650 2092 2716; x_wconf 91' lang='lat' dir='ltr'><strong>prio</strong></span> <span class='ocrx_word' id='word_1_667' title='bbox 2135 2649 2349 2706; x_wconf 77' lang='lat' dir='ltr'><strong>arbitrio</strong></span> <span class='ocrx_word' id='word_1_668' title='bbox 2398 2651 2528 2716; x_wconf 85' lang='lat' dir='ltr'><strong>lapsi</strong></span> <span class='ocrx_word' id='word_1_669' title='bbox 2572 2649 2800 2716; x_wconf 79' lang='lat' dir='ltr'><strong>luerunt,</strong></span> <span class='ocrx_word' id='word_1_670' title='bbox 2831 2661 2882 2703; x_wconf 92' lang='lat' dir='ltr'><strong>et</strong></span> <span class='ocrx_word' id='word_1_671' title='bbox 2910 2652 3221 2706; x_wconf 82' lang='lat' dir='ltr'><strong>sententiam</strong></span> <span class='ocrx_word' id='word_1_672' title='bbox 3248 2651 3336 2704; x_wconf 89' lang='lat' dir='ltr'><strong>Dei</strong></span> <span class='ocrx_word' id='word_1_673' title='bbox 3360 2664 3508 2703; x_wconf 72' lang='lat' dir='ltr'><strong>acce~</strong></span> 
     </span>
    </p>
   </div>
   <div class='ocr_carea' id='block_1_91' title="bbox 1980 2718 3507 2788">
    <p class='ocr_par' dir='ltr' id='par_1_91' title="bbox 1980 2718 3507 2788">
     <span class='ocr_line' id='line_1_93' title="bbox 1980 2718 3507 2788; baseline 0.001 -19"><span class='ocrx_word' id='word_1_674' title='bbox 1980 2718 2186 2788; x_wconf 83' lang='lat' dir='ltr'><strong>perunt,</strong></span> <span class='ocrx_word' id='word_1_675' title='bbox 2220 2730 2295 2782; x_wconf 90' lang='lat' dir='ltr'><strong>ut,</strong></span> <span class='ocrx_word' id='word_1_676' title='bbox 2323 2720 2367 2774; x_wconf 88' lang='lat' dir='ltr'><strong>si</strong></span> <span class='ocrx_word' id='word_1_677' title='bbox 2391 2718 2568 2786; x_wconf 87' lang='lat' dir='ltr'><strong>velint,</strong></span> <span class='ocrx_word' id='word_1_678' title='bbox 2602 2734 2842 2786; x_wconf 88' lang='lat' dir='ltr'><strong>reparare</strong></span> <span class='ocrx_word' id='word_1_679' title='bbox 2862 2736 2962 2774; x_wconf 86' lang='lat' dir='ltr'><strong>non</strong></span> <span class='ocrx_word' id='word_1_680' title='bbox 2988 2721 3204 2788; x_wconf 82' lang='lat' dir='ltr'><strong>possint.</strong></span> <span class='ocrx_word' id='word_1_681' title='bbox 3236 2720 3293 2773; x_wconf 78' lang='lat' dir='ltr'><strong>Et</strong></span> <span class='ocrx_word' id='word_1_682' title='bbox 3320 2721 3507 2772; x_wconf 83' lang='lat' dir='ltr'><strong>iterum</strong></span> 
     </span>
    </p>
   </div>
   <div class='ocr_carea' id='block_1_92' title="bbox 1977 2786 3507 2855">
    <p class='ocr_par' dir='ltr' id='par_1_92' title="bbox 1977 2786 3507 2855">
     <span class='ocr_line' id='line_1_94' title="bbox 1977 2786 3507 2855; baseline -0.001 -16"><span class='ocrx_word' id='word_1_683' title='bbox 1977 2786 2110 2840; x_wconf 81' lang='lat' dir='ltr'><strong>dixit</strong></span> <span class='ocrx_word' id='word_1_684' title='bbox 2153 2789 2402 2843; x_wconf 87' lang='lat' dir='ltr'><strong>Dominus</strong></span> <span class='ocrx_word' id='word_1_685' title='bbox 2438 2809 2449 2841; x_wconf 91' lang='lat'>:</span> <span class='ocrx_word' id='word_1_686' title='bbox 2477 2789 2576 2842; x_wconf 83' lang='lat' dir='ltr'><strong>Ille</strong></span> <span class='ocrx_word' id='word_1_687' title='bbox 2605 2790 2666 2843; x_wconf 80' lang='lat' dir='ltr'><strong>ab</strong></span> <span class='ocrx_word' id='word_1_688' title='bbox 2693 2789 2835 2842; x_wconf 83' lang='lat' dir='ltr'><strong>initio</strong></span> <span class='ocrx_word' id='word_1_689' title='bbox 2860 2786 3109 2844; x_wconf 79' lang='lat' dir='ltr'><strong>homicida</strong></span> <span class='ocrx_word' id='word_1_690' title='bbox 3139 2789 3252 2855; x_wconf 81' lang='lat' dir='ltr'><strong>fuit,</strong></span> <span class='ocrx_word' id='word_1_691' title='bbox 3277 2797 3320 2839; x_wconf 88' lang='lat' dir='ltr'><strong>et</strong></span> <span class='ocrx_word' id='word_1_692' title='bbox 3350 2788 3400 2840; x_wconf 75' lang='lat' dir='ltr'><strong>in</strong></span> <span class='ocrx_word' id='word_1_693' title='bbox 3429 2803 3507 2839; x_wconf 86' lang='lat' dir='ltr'><strong>ve-</strong></span> 
     </span>
    </p>
   </div>
   <div class='ocr_carea' id='block_1_93' title="bbox 1977 2856 3508 2926">
    <p class='ocr_par' dir='ltr' id='par_1_93' title="bbox 1977 2856 3508 2926">
     <span class='ocr_line' id='line_1_95' title="bbox 1977 2856 3508 2926; baseline 0.003 -20"><span class='ocrx_word' id='word_1_694' title='bbox 1977 2856 2127 2909; x_wconf 84' lang='lat' dir='ltr'><strong>ritate</strong></span> <span class='ocrx_word' id='word_1_695' title='bbox 2151 2873 2249 2926; x_wconf 72' lang='lat' dir='ltr'><strong>non</strong></span> <span class='ocrx_word' id='word_1_696' title='bbox 2289 2859 2421 2926; x_wconf 83' lang='lat' dir='ltr'><strong>stetit</strong></span> <span class='ocrx_word' id='word_1_697' title='bbox 2454 2859 2626 2926; x_wconf 81' lang='lat' dir='ltr'><strong>(Joan.</strong></span> <span class='ocrx_word' id='word_1_698' title='bbox 2660 2859 2794 2926; x_wconf 72' lang='grc' dir='ltr'><strong>νηί).</strong></span> <span class='ocrx_word' id='word_1_699' title='bbox 2823 2859 3095 2923; x_wconf 86' lang='lat' dir='ltr'><strong>Quomodo</strong></span> <span class='ocrx_word' id='word_1_700' title='bbox 3118 2872 3238 2911; x_wconf 77' lang='lat' dir='ltr'><strong>vero</strong></span> <span class='ocrx_word' id='word_1_701' title='bbox 3272 2859 3336 2909; x_wconf 90' lang='lat' dir='ltr'><strong>ab</strong></span> <span class='ocrx_word' id='word_1_702' title='bbox 3362 2856 3508 2926; x_wconf 87' lang='lat' dir='ltr'><strong>initio</strong></span> 
     </span>
    </p>
   </div>
   <div class='ocr_carea' id='block_1_94' title="bbox 1979 2925 3509 2995">
    <p class='ocr_par' dir='ltr' id='par_1_94' title="bbox 1979 2925 3509 2995">
     <span class='ocr_line' id='line_1_96' title="bbox 1979 2925 3509 2995; baseline 0.001 -17"><span class='ocrx_word' id='word_1_703' title='bbox 1979 2925 2236 2995; x_wconf 86' lang='lat' dir='ltr'><strong>homicida</strong></span> <span class='ocrx_word' id='word_1_704' title='bbox 2288 2925 2423 2980; x_wconf 78' lang='lat' dir='ltr'><strong>fuit?</strong></span> <span class='ocrx_word' id='word_1_705' title='bbox 2464 2925 2714 2994; x_wconf 81' lang='lat' dir='ltr'><strong>Idemque</strong></span> <span class='ocrx_word' id='word_1_706' title='bbox 2744 2929 2965 2992; x_wconf 84' lang='lat' dir='ltr'><strong>primum</strong></span> <span class='ocrx_word' id='word_1_707' title='bbox 2997 2927 3157 2979; x_wconf 79' lang='lat' dir='ltr'><strong>Adam</strong></span> <span class='ocrx_word' id='word_1_708' title='bbox 3185 2925 3509 2995; x_wconf 79' lang='lat' dir='ltr'><strong>jugulavitiu</strong></span> 
     </span>
    </p>
   </div>
   <div class='ocr_carea' id='block_1_95' title="bbox 1981 2994 3516 3064">
    <p class='ocr_par' dir='ltr' id='par_1_95' title="bbox 1981 2994 3516 3064">
     <span class='ocr_line' id='line_1_97' title="bbox 1981 2994 3516 3064; baseline -0.001 -18"><span class='ocrx_word' id='word_1_709' title='bbox 1981 2994 2242 3061; x_wconf 85' lang='lat' dir='ltr'><strong>paradiso,</strong></span> <span class='ocrx_word' id='word_1_710' title='bbox 2268 2995 2476 3064; x_wconf 89' lang='lat' dir='ltr'><strong>quando</strong></span> <span class='ocrx_word' id='word_1_711' title='bbox 2528 3010 2676 3062; x_wconf 88' lang='lat' dir='ltr'><strong>poma</strong></span> <span class='ocrx_word' id='word_1_712' title='bbox 2707 2995 2984 3048; x_wconf 88' lang='lat' dir='ltr'><strong>comedere</strong></span> <span class='ocrx_word' id='word_1_713' title='bbox 3013 2996 3195 3053; x_wconf 86' lang='lat' dir='ltr'><strong>suasit,</strong></span> <span class='ocrx_word' id='word_1_714' title='bbox 3227 2994 3277 3064; x_wconf 84' lang='lat' dir='ltr'><strong>et</strong></span> <span class='ocrx_word' id='word_1_715' title='bbox 3304 2994 3371 3047; x_wconf 86' lang='lat' dir='ltr'><strong>de</strong></span> <span class='ocrx_word' id='word_1_716' title='bbox 3413 2996 3516 3045; x_wconf 83' lang='lat' dir='ltr'><strong>im-</strong></span> 
     </span>
    </p>
   </div>
   <div class='ocr_carea' id='block_1_96' title="bbox 1986 3063 3510 3129">
    <p class='ocr_par' dir='ltr' id='par_1_96' title="bbox 1986 3063 3510 3129">
     <span class='ocr_line' id='line_1_98' title="bbox 1986 3063 3510 3129; baseline -0.002 -13"><span class='ocrx_word' id='word_1_717' title='bbox 1986 3063 2301 3118; x_wconf 85' lang='lat' dir='ltr'><strong>mortalitate</strong></span> <span class='ocrx_word' id='word_1_718' title='bbox 2348 3066 2511 3119; x_wconf 84' lang='lat' dir='ltr'><strong>lactus</strong></span> <span class='ocrx_word' id='word_1_719' title='bbox 2555 3073 2636 3118; x_wconf 83' lang='lat' dir='ltr'><strong>e-t</strong></span> <span class='ocrx_word' id='word_1_720' title='bbox 2665 3065 2920 3121; x_wconf 88' lang='lat' dir='ltr'><strong>mortalis.</strong></span> <span class='ocrx_word' id='word_1_721' title='bbox 2948 3073 3000 3116; x_wconf 90' lang='lat' dir='ltr'><strong>et</strong></span> <span class='ocrx_word' id='word_1_722' title='bbox 3025 3074 3198 3129; x_wconf 72' lang='lat' dir='ltr'><strong>postea</strong></span> <span class='ocrx_word' id='word_1_723' title='bbox 3230 3063 3510 3120; x_wconf 85' lang='lat' dir='ltr'><strong>humanum</strong></span> 
     </span>
    </p>
   </div>
   <div class='ocr_carea' id='block_1_97' title="bbox 1987 3132 3508 3202">
    <p class='ocr_par' dir='ltr' id='par_1_97' title="bbox 1987 3132 3508 3202">
     <span class='ocr_line' id='line_1_99' title="bbox 1987 3132 3508 3202; baseline -0.003 -16"><span class='ocrx_word' id='word_1_724' title='bbox 1987 3147 2150 3200; x_wconf 85' lang='lat' dir='ltr'><strong>genus</strong></span> <span class='ocrx_word' id='word_1_725' title='bbox 2208 3149 2368 3202; x_wconf 89' lang='lat' dir='ltr'><strong>usque</strong></span> <span class='ocrx_word' id='word_1_726' title='bbox 2435 3135 2499 3188; x_wconf 84' lang='lat' dir='ltr'><strong>ad</strong></span> <span class='ocrx_word' id='word_1_727' title='bbox 2558 3133 2834 3187; x_wconf 84' lang='lat' dir='ltr'><strong>adventum</strong></span> <span class='ocrx_word' id='word_1_728' title='bbox 2903 3132 3186 3186; x_wconf 70' lang='lat' dir='ltr'><strong>Salvatoris</strong></span> <span class='ocrx_word' id='word_1_729' title='bbox 3231 3133 3508 3197; x_wconf 70' lang='lat' dir='ltr'><strong>iugulavit.</strong></span> 
     </span>
    </p>
   </div>
   <div class='ocr_carea' id='block_1_98' title="bbox 1987 3202 3512 3268">
    <p class='ocr_par' dir='ltr' id='par_1_98' title="bbox 1987 3202 3512 3268">
     <span class='ocr_line' id='line_1_100' title="bbox 1987 3202 3512 3268; baseline -0.002 -15"><span class='ocrx_word' id='word_1_730' title='bbox 1987 3202 2258 3267; x_wconf 87' lang='lat' dir='ltr'><strong>Quomodo</strong></span> <span class='ocrx_word' id='word_1_731' title='bbox 2299 3205 2350 3257; x_wconf 89' lang='lat' dir='ltr'><strong>in</strong></span> <span class='ocrx_word' id='word_1_732' title='bbox 2394 3203 2611 3256; x_wconf 79' lang='lat' dir='ltr'><strong>veritate</strong></span> <span class='ocrx_word' id='word_1_733' title='bbox 2663 3217 2762 3255; x_wconf 91' lang='lat' dir='ltr'><strong>non</strong></span> <span class='ocrx_word' id='word_1_734' title='bbox 2815 3202 2994 3256; x_wconf 80' lang='lat' dir='ltr'><strong>stetit?</strong></span> <span class='ocrx_word' id='word_1_735' title='bbox 3030 3202 3158 3268; x_wconf 82' lang='lat' dir='ltr'><strong>Quia</strong></span> <span class='ocrx_word' id='word_1_736' title='bbox 3192 3216 3290 3252; x_wconf 88' lang='lat' dir='ltr'><strong>tton</strong></span> <span class='ocrx_word' id='word_1_737' title='bbox 3321 3203 3512 3266; x_wconf 78' lang='lat' dir='ltr'><strong>meruit</strong></span> 
     </span>
    </p>
   </div>
   <div class='ocr_carea' id='block_1_99' title="bbox 1985 3269 3510 3340">
    <p class='ocr_par' dir='ltr' id='par_1_99' title="bbox 1985 3269 3510 3340">
     <span class='ocr_line' id='line_1_101' title="bbox 1985 3269 3510 3340; baseline -0.001 -17"><span class='ocrx_word' id='word_1_738' title='bbox 1985 3271 2221 3339; x_wconf 89' lang='lat' dir='ltr'><strong>accipere</strong></span> <span class='ocrx_word' id='word_1_739' title='bbox 2248 3273 2458 3338; x_wconf 89' lang='lat' dir='ltr'><strong>quodei</strong></span> <span class='ocrx_word' id='word_1_740' title='bbox 2489 3271 2797 3340; x_wconf 79' lang='lat' dir='ltr'><strong>promissum</strong></span> <span class='ocrx_word' id='word_1_741' title='bbox 2825 3270 3010 3335; x_wconf 76' lang='lat' dir='ltr'><strong>(uerat,</strong></span> <span class='ocrx_word' id='word_1_742' title='bbox 3042 3281 3094 3323; x_wconf 93' lang='lat' dir='ltr'><strong>ut</strong></span> <span class='ocrx_word' id='word_1_743' title='bbox 3122 3285 3238 3322; x_wconf 90' lang='lat' dir='ltr'><strong>cum</strong></span> <span class='ocrx_word' id='word_1_744' title='bbox 3261 3269 3510 3322; x_wconf 83' lang='lat' dir='ltr'><strong>Creatore</strong></span> 
     </span>
    </p>
   </div>
   <div class='ocr_carea' id='block_1_100' title="bbox 1984 3340 3510 3409">
    <p class='ocr_par' dir='ltr' id='par_1_100' title="bbox 1984 3340 3510 3409">
     <span class='ocr_line' id='line_1_102' title="bbox 1984 3340 3510 3409; baseline -0.003 -14"><span class='ocrx_word' id='word_1_745' title='bbox 1984 3356 2080 3395; x_wconf 89' lang='lat' dir='ltr'><strong>suo</strong></span> <span class='ocrx_word' id='word_1_746' title='bbox 2111 3341 2159 3394; x_wconf 90' lang='lat' dir='ltr'><strong>in</strong></span> <span class='ocrx_word' id='word_1_747' title='bbox 2183 3351 2489 3408; x_wconf 89' lang='lat' dir='ltr'><strong>perpetuum</strong></span> <span class='ocrx_word' id='word_1_748' title='bbox 2514 3355 2634 3394; x_wconf 86' lang='lat' dir='ltr'><strong>eum</strong></span> <span class='ocrx_word' id='word_1_749' title='bbox 2657 3341 2868 3408; x_wconf 83' lang='lat' dir='ltr'><strong>reliquis</strong></span> <span class='ocrx_word' id='word_1_750' title='bbox 2896 3341 3092 3409; x_wconf 83' lang='lat' dir='ltr'><strong>angelis</strong></span> <span class='ocrx_word' id='word_1_751' title='bbox 3125 3340 3510 3409; x_wconf 75' lang='lat' dir='ltr'><strong>permansisset;</strong></span> 
     </span>
    </p>
   </div>
   <div class='ocr_carea' id='block_1_101' title="bbox 1987 3405 3518 3479">
    <p class='ocr_par' dir='ltr' id='par_1_101' title="bbox 1987 3405 3518 3479">
     <span class='ocr_line' id='line_1_103' title="bbox 1987 3405 3518 3479; baseline -0.003 -15"><span class='ocrx_word' id='word_1_752' title='bbox 1987 3411 2078 3464; x_wconf 90' lang='lat' dir='ltr'><strong>sed</strong></span> <span class='ocrx_word' id='word_1_753' title='bbox 2123 3405 2383 3479; x_wconf 71' lang='lat' dir='ltr'><strong>proiectus</strong></span> <span class='ocrx_word' id='word_1_754' title='bbox 2419 3422 2496 3466; x_wconf 88' lang='lat' dir='ltr'><strong>est</strong></span> <span class='ocrx_word' id='word_1_755' title='bbox 2524 3413 2575 3464; x_wconf 93' lang='lat' dir='ltr'><strong>in</strong></span> <span class='ocrx_word' id='word_1_756' title='bbox 2608 3405 2796 3463; x_wconf 83' lang='lat' dir='ltr'><strong>terram</strong></span> <span class='ocrx_word' id='word_1_757' title='bbox 2820 3424 2935 3463; x_wconf 91' lang='lat' dir='ltr'><strong>cum</strong></span> <span class='ocrx_word' id='word_1_758' title='bbox 2958 3405 3085 3470; x_wconf 72' lang='lat' dir='ltr'><strong>suis,</strong></span> <span class='ocrx_word' id='word_1_759' title='bbox 3111 3409 3193 3462; x_wconf 83' lang='lat' dir='ltr'><strong>ubi</strong></span> <span class='ocrx_word' id='word_1_760' title='bbox 3212 3410 3332 3479; x_wconf 78' lang='lat' dir='ltr'><strong>sine</strong></span> <span class='ocrx_word' id='word_1_761' title='bbox 3360 3405 3518 3479; x_wconf 85' lang='lat' dir='ltr'><strong>dubio</strong></span> 
     </span>
    </p>
   </div>
   <div class='ocr_carea' id='block_1_102' title="bbox 1989 3477 3514 3546">
    <p class='ocr_par' dir='ltr' id='par_1_102' title="bbox 1989 3477 3514 3546">
     <span class='ocr_line' id='line_1_104' title="bbox 1989 3477 3514 3546; baseline -0.005 -13"><span class='ocrx_word' id='word_1_762' title='bbox 1989 3477 2528 3546; x_wconf 52' lang='lat' dir='ltr'><strong>pmttam&#39;patittntnr,</strong></span> <span class='ocrx_word' id='word_1_763' title='bbox 2577 3481 2692 3545; x_wconf 89' lang='lat' dir='ltr'><strong>quia</strong></span> <span class='ocrx_word' id='word_1_764' title='bbox 2747 3479 2797 3529; x_wconf 91' lang='lat' dir='ltr'><strong>in</strong></span> <span class='ocrx_word' id='word_1_765' title='bbox 2829 3492 2949 3530; x_wconf 85' lang='lat' dir='ltr'><strong>aere</strong></span> <span class='ocrx_word' id='word_1_766' title='bbox 2998 3478 3127 3545; x_wconf 90' lang='lat' dir='ltr'><strong>ignis</strong></span> <span class='ocrx_word' id='word_1_767' title='bbox 3178 3477 3415 3546; x_wconf 87' lang='lat' dir='ltr'><strong>sidereus</strong></span> <span class='ocrx_word' id='word_1_768' title='bbox 3437 3477 3514 3528; x_wconf 81' lang='lat' dir='ltr'><strong>eis</strong></span> 
     </span>
    </p>
   </div>
   <div class='ocr_carea' id='block_1_103' title="bbox 1986 3544 3512 3613">
    <p class='ocr_par' dir='ltr' id='par_1_103' title="bbox 1986 3544 3512 3613">
     <span class='ocr_line' id='line_1_105' title="bbox 1986 3544 3512 3613; baseline -0.005 -11"><span class='ocrx_word' id='word_1_769' title='bbox 1986 3544 2308 3613; x_wconf 81' lang='lat' dir='ltr'><strong>dominatur,</strong></span> <span class='ocrx_word' id='word_1_770' title='bbox 2339 3557 2393 3601; x_wconf 90' lang='lat' dir='ltr'><strong>et</strong></span> <span class='ocrx_word' id='word_1_771' title='bbox 2419 3548 2518 3601; x_wconf 88' lang='lat' dir='ltr'><strong>sibi</strong></span> <span class='ocrx_word' id='word_1_772' title='bbox 2549 3544 2977 3613; x_wconf 68' lang='lat' dir='ltr'><strong>progenere-sno</strong></span> <span class='ocrx_word' id='word_1_773' title='bbox 2997 3544 3143 3611; x_wconf 74' lang='lat' dir='ltr'><strong>quasi</strong></span> <span class='ocrx_word' id='word_1_774' title='bbox 3162 3544 3369 3606; x_wconf 83' lang='lat' dir='ltr'><strong>quidam</strong></span> <span class='ocrx_word' id='word_1_775' title='bbox 3399 3559 3512 3613; x_wconf 78' lang='lat' dir='ltr'><strong>car-</strong></span> 
     </span>
    </p>
   </div>
   <div class='ocr_carea' id='block_1_104' title="bbox 1985 3611 3513 3685">
    <p class='ocr_par' dir='ltr' id='par_1_104' title="bbox 1985 3611 3513 3685">
     <span class='ocr_line' id='line_1_106' title="bbox 1985 3611 3513 3685; baseline -0.007 -14"><span class='ocrx_word' id='word_1_776' title='bbox 1985 3631 2074 3671; x_wconf 91' lang='lat' dir='ltr'><strong>cer</strong></span> <span class='ocrx_word' id='word_1_777' title='bbox 2118 3611 2397 3685; x_wconf 80' lang='lat' dir='ltr'><strong>deputatus</strong></span> <span class='ocrx_word' id='word_1_778' title='bbox 2443 3611 2831 3684; x_wconf 53' lang='lat' dir='ltr'><strong>est,&#39;qnoitsque</strong></span> <span class='ocrx_word' id='word_1_779' title='bbox 2853 3615 3024 3685; x_wconf 79' lang='lat' dir='ltr'><strong>veniat</strong></span> <span class='ocrx_word' id='word_1_780' title='bbox 3053 3625 3257 3685; x_wconf 64' lang='lat' dir='ltr'><strong>tempus</strong></span> <span class='ocrx_word' id='word_1_781' title='bbox 3280 3614 3396 3685; x_wconf 84' lang='lat' dir='ltr'><strong>diei</strong></span> <span class='ocrx_word' id='word_1_782' title='bbox 3425 3611 3513 3680; x_wconf 82' lang='lat' dir='ltr'><strong>ju-</strong></span> 
     </span>
    </p>
   </div>
   <div class='ocr_carea' id='block_1_105' title="bbox 1986 3680 3512 3753">
    <p class='ocr_par' dir='ltr' id='par_1_105' title="bbox 1986 3680 3512 3753">
     <span class='ocr_line' id='line_1_107' title="bbox 1986 3680 3512 3753; baseline -0.007 -11"><span class='ocrx_word' id='word_1_783' title='bbox 1986 3686 2126 3748; x_wconf 89' lang='lat' dir='ltr'><strong>dicii,</strong></span> <span class='ocrx_word' id='word_1_784' title='bbox 2170 3680 2223 3739; x_wconf 79' lang='lat' dir='ltr'><strong>et</strong></span> <span class='ocrx_word' id='word_1_785' title='bbox 2251 3685 2302 3738; x_wconf 92' lang='lat' dir='ltr'><strong>in</strong></span> <span class='ocrx_word' id='word_1_786' title='bbox 2341 3688 2515 3753; x_wconf 84' lang='lat' dir='ltr'><strong>ignem</strong></span> <span class='ocrx_word' id='word_1_787' title='bbox 2541 3680 2793 3753; x_wconf 68' lang='lat' dir='ltr'><strong>teternuie</strong></span> <span class='ocrx_word' id='word_1_788' title='bbox 2823 3684 3111 3746; x_wconf 86' lang='lat' dir='ltr'><strong>mittentur,</strong></span> <span class='ocrx_word' id='word_1_789' title='bbox 3146 3680 3241 3736; x_wconf 81' lang='lat' dir='ltr'><strong>Ubi</strong></span> <span class='ocrx_word' id='word_1_790' title='bbox 3269 3692 3337 3734; x_wconf 85' lang='lat' dir='ltr'><strong>est</strong></span> <span class='ocrx_word' id='word_1_791' title='bbox 3366 3684 3512 3750; x_wconf 80' lang='lat' dir='ltr'><strong>ﬂetus</strong></span> 
     </span>
    </p>
   </div>
   <div class='ocr_carea' id='block_1_106' title="bbox 1985 3752 3517 3822">
    <p class='ocr_par' dir='ltr' id='par_1_106' title="bbox 1985 3752 3517 3822">
     <span class='ocr_line' id='line_1_108' title="bbox 1985 3752 3517 3822; baseline -0.005 -14"><span class='ocrx_word' id='word_1_792' title='bbox 1985 3765 2031 3808; x_wconf 88' lang='lat' dir='ltr'><strong>et</strong></span> <span class='ocrx_word' id='word_1_793' title='bbox 2051 3757 2238 3808; x_wconf 82' lang='lat' dir='ltr'><strong>stridor</strong></span> <span class='ocrx_word' id='word_1_794' title='bbox 2264 3752 2486 3809; x_wconf 71' lang='lat' dir='ltr'><strong>dentium</strong></span> <span class='ocrx_word' id='word_1_795' title='bbox 2515 3752 2661 3821; x_wconf 80' lang='lat' dir='ltr'><strong>(Luc.</strong></span> <span class='ocrx_word' id='word_1_796' title='bbox 2687 3752 2923 3822; x_wconf 76' lang='lat' dir='ltr'><strong>atu),aer</strong></span> <span class='ocrx_word' id='word_1_797' title='bbox 2941 3768 3064 3806; x_wconf 85' lang='lat' dir='ltr'><strong>vero</strong></span> <span class='ocrx_word' id='word_1_798' title='bbox 3085 3767 3221 3817; x_wconf 65' lang='lat' dir='ltr'><strong>saepe</strong></span> <span class='ocrx_word' id='word_1_799' title='bbox 3243 3756 3517 3804; x_wconf 84' lang='lat' dir='ltr'><strong>suscitatur</strong></span> 
     </span>
    </p>
   </div>
   <div class='ocr_carea' id='block_1_107' title="bbox 1986 3822 3518 3890">
    <p class='ocr_par' dir='ltr' id='par_1_107' title="bbox 1986 3822 3518 3890">
     <span class='ocr_line' id='line_1_109' title="bbox 1986 3822 3518 3890; baseline -0.004 -14"><span class='ocrx_word' id='word_1_800' title='bbox 1986 3833 2039 3876; x_wconf 90' lang='lat' dir='ltr'><strong>et</strong></span> <span class='ocrx_word' id='word_1_801' title='bbox 2081 3825 2281 3877; x_wconf 80' lang='lat' dir='ltr'><strong>fortiter</strong></span> <span class='ocrx_word' id='word_1_802' title='bbox 2319 3823 2639 3890; x_wconf 89' lang='lat' dir='ltr'><strong>congelatur.</strong></span> <span class='ocrx_word' id='word_1_803' title='bbox 2681 3832 2735 3876; x_wconf 92' lang='lat' dir='ltr'><strong>et</strong></span> <span class='ocrx_word' id='word_1_804' title='bbox 2763 3823 2886 3875; x_wconf 81' lang='lat' dir='ltr'><strong>facit</strong></span> <span class='ocrx_word' id='word_1_805' title='bbox 2911 3823 3098 3885; x_wconf 88' lang='lat' dir='ltr'><strong>nivem,</strong></span> <span class='ocrx_word' id='word_1_806' title='bbox 3125 3822 3397 3888; x_wconf 80' lang='lat' dir='ltr'><strong>aliquando</strong></span> <span class='ocrx_word' id='word_1_807' title='bbox 3427 3836 3518 3871; x_wconf 84' lang='lat' dir='ltr'><strong>an-</strong></span> 
     </span>
    </p>
   </div>
   <div class='ocr_carea' id='block_1_108' title="bbox 1987 3890 3514 3960">
    <p class='ocr_par' dir='ltr' id='par_1_108' title="bbox 1987 3890 3514 3960">
     <span class='ocr_line' id='line_1_110' title="bbox 1987 3890 3514 3960; baseline -0.005 -14"><span class='ocrx_word' id='word_1_808' title='bbox 1987 3902 2090 3946; x_wconf 90' lang='lat' dir='ltr'><strong>tem</strong></span> <span class='ocrx_word' id='word_1_809' title='bbox 2139 3895 2300 3960; x_wconf 79' lang='lat' dir='ltr'><strong>magis</strong></span> <span class='ocrx_word' id='word_1_810' title='bbox 2351 3891 2741 3959; x_wconf 87' lang='lat' dir='ltr'><strong>constringitur,</strong></span> <span class='ocrx_word' id='word_1_811' title='bbox 2793 3899 2846 3943; x_wconf 88' lang='lat' dir='ltr'><strong>et</strong></span> <span class='ocrx_word' id='word_1_812' title='bbox 2869 3892 3094 3960; x_wconf 82' lang='lat' dir='ltr'><strong>procella</strong></span> <span class='ocrx_word' id='word_1_813' title='bbox 3142 3890 3514 3960; x_wconf 78' lang='lat' dir='ltr'><strong>eilicitur,ali-</strong></span> 
     </span>
    </p>
   </div>
   <div class='ocr_carea' id='block_1_109' title="bbox 2023 3957 3511 4020">
    <p class='ocr_par' dir='ltr' id='par_1_109' title="bbox 2023 3957 3511 4020">
     <span class='ocr_line' id='line_1_111' title="bbox 2023 3957 3511 4020; baseline -0.004 -6"><span class='ocrx_word' id='word_1_814' title='bbox 2023 3962 2194 4015; x_wconf 88' lang='lat' dir='ltr'><strong>nando</strong></span> <span class='ocrx_word' id='word_1_815' title='bbox 2229 3957 2359 4016; x_wconf 67' lang='lat' dir='ltr'><strong>vero</strong></span> <span class='ocrx_word' id='word_1_816' title='bbox 2396 3957 2782 4015; x_wconf 81' lang='lat' dir='ltr'><strong>coruscationes</strong></span> <span class='ocrx_word' id='word_1_817' title='bbox 2820 3968 2872 4012; x_wconf 90' lang='lat' dir='ltr'><strong>et</strong></span> <span class='ocrx_word' id='word_1_818' title='bbox 2899 3957 3152 4020; x_wconf 83' lang='lat' dir='ltr'><strong>tonitrua;</strong></span> <span class='ocrx_word' id='word_1_819' title='bbox 3180 3967 3231 4008; x_wconf 79' lang='lat' dir='ltr'><strong>ut</strong></span> <span class='ocrx_word' id='word_1_820' title='bbox 3259 3958 3321 4008; x_wconf 88' lang='lat' dir='ltr'><strong>ad</strong></span> <span class='ocrx_word' id='word_1_821' title='bbox 3355 3959 3511 4008; x_wconf 89' lang='lat' dir='ltr'><strong>itnotu</strong></span> 
     </span>
    </p>
   </div>
   <div class='ocr_carea' id='block_1_110' title="bbox 2023 4025 3517 4096">
    <p class='ocr_par' dir='ltr' id='par_1_110' title="bbox 2023 4025 3517 4096">
     <span class='ocr_line' id='line_1_112' title="bbox 2023 4025 3517 4096; baseline -0.004 -11"><span class='ocrx_word' id='word_1_822' title='bbox 2023 4047 2053 4085; x_wconf 92' lang='lat' dir='ltr'><strong>e</strong></span> <span class='ocrx_word' id='word_1_823' title='bbox 2103 4029 2371 4084; x_wconf 77' lang='lat' dir='ltr'><strong>fundendo</strong></span> <span class='ocrx_word' id='word_1_824' title='bbox 2425 4029 2514 4083; x_wconf 87' lang='lat' dir='ltr'><strong>dat</strong></span> <span class='ocrx_word' id='word_1_825' title='bbox 2565 4029 2754 4090; x_wconf 87' lang='lat' dir='ltr'><strong>locum,</strong></span> <span class='ocrx_word' id='word_1_826' title='bbox 2809 4030 2928 4096; x_wconf 89' lang='lat' dir='ltr'><strong>quia</strong></span> <span class='ocrx_word' id='word_1_827' title='bbox 2975 4041 3063 4080; x_wconf 89' lang='lat' dir='ltr'><strong>aer</strong></span> <span class='ocrx_word' id='word_1_828' title='bbox 3088 4027 3182 4078; x_wconf 86' lang='lat' dir='ltr'><strong>ista</strong></span> <span class='ocrx_word' id='word_1_829' title='bbox 3213 4041 3312 4080; x_wconf 89' lang='lat' dir='ltr'><strong>tton</strong></span> <span class='ocrx_word' id='word_1_830' title='bbox 3336 4025 3517 4096; x_wconf 65' lang='lat' dir='ltr'><strong>:utl‘ett</strong></span> 
     </span>
    </p>
   </div>
   <div class='ocr_carea' id='block_1_111' title="bbox 1988 4095 3514 4172">
    <p class='ocr_par' dir='ltr' id='par_1_111' title="bbox 1988 4095 3514 4172">
     <span class='ocr_line' id='line_1_113' title="bbox 1988 4095 3514 4172; baseline -0.007 -17"><span class='ocrx_word' id='word_1_831' title='bbox 1988 4101 2272 4164; x_wconf 88' lang='lat' dir='ltr'><strong>sustinere,</strong></span> <span class='ocrx_word' id='word_1_832' title='bbox 2318 4111 2490 4172; x_wconf 82' lang='lat' dir='ltr'><strong>tamen</strong></span> <span class='ocrx_word' id='word_1_833' title='bbox 2522 4098 2705 4172; x_wconf 60' lang='lat' dir='ltr'><strong>omnia</strong></span> <span class='ocrx_word' id='word_1_834' title='bbox 2737 4095 2839 4172; x_wconf 77' lang='lat' dir='ltr'><strong>ista</strong></span> <span class='ocrx_word' id='word_1_835' title='bbox 2858 4111 2948 4163; x_wconf 89' lang='lat' dir='ltr'><strong>per</strong></span> <span class='ocrx_word' id='word_1_836' title='bbox 2978 4095 3514 4172; x_wconf 35' lang='lat' dir='ltr'><strong>providentiam-divi-</strong></span> 
     </span>
    </p>
   </div>
   <div class='ocr_carea' id='block_1_112' title="bbox 1988 4165 3514 4242">
    <p class='ocr_par' dir='ltr' id='par_1_112' title="bbox 1988 4165 3514 4242">
     <span class='ocr_line' id='line_1_114' title="bbox 1988 4165 3514 4242; baseline -0.005 -20"><span class='ocrx_word' id='word_1_837' title='bbox 1988 4185 2108 4223; x_wconf 91' lang='lat' dir='ltr'><strong>nam</strong></span> <span class='ocrx_word' id='word_1_838' title='bbox 2135 4180 2186 4223; x_wconf 89' lang='lat' dir='ltr'><strong>et</strong></span> <span class='ocrx_word' id='word_1_839' title='bbox 2215 4170 2420 4242; x_wconf 80' lang='lat' dir='ltr'><strong>occulto</strong></span> <span class='ocrx_word' id='word_1_840' title='bbox 2449 4166 2646 4235; x_wconf 74' lang='lat' dir='ltr'><strong>judicio</strong></span> <span class='ocrx_word' id='word_1_841' title='bbox 2671 4165 2765 4242; x_wconf 76' lang='lat' dir='ltr'><strong>Dei</strong></span> <span class='ocrx_word' id='word_1_842' title='bbox 2786 4167 2944 4242; x_wconf 88' lang='lat' dir='ltr'><strong>_tiun_t.</strong></span> <span class='ocrx_word' id='word_1_843' title='bbox 2975 4166 3076 4219; x_wconf 85' lang='lat' dir='ltr'><strong>Sed</strong></span> <span class='ocrx_word' id='word_1_844' title='bbox 3110 4174 3280 4242; x_wconf 68' lang='lat' dir='ltr'><strong>tamen</strong></span> <span class='ocrx_word' id='word_1_845' title='bbox 3308 4166 3391 4215; x_wconf 84' lang='lat' dir='ltr'><strong>alii</strong></span> <span class='ocrx_word' id='word_1_846' title='bbox 3417 4165 3514 4215; x_wconf 71' lang='lat' dir='ltr'><strong>ista</strong></span> 
     </span>
    </p>
   </div>
   <div class='ocr_carea' id='block_1_113' title="bbox 1987 4236 3518 4306">
    <p class='ocr_par' dir='ltr' id='par_1_113' title="bbox 1987 4236 3518 4306">
     <span class='ocr_line' id='line_1_115' title="bbox 1987 4236 3518 4306; baseline -0.005 -15"><span class='ocrx_word' id='word_1_847' title='bbox 1987 4246 2210 4306; x_wconf 89' lang='lat' dir='ltr'><strong>quatuor</strong></span> <span class='ocrx_word' id='word_1_848' title='bbox 2239 4238 2497 4291; x_wconf 88' lang='lat' dir='ltr'><strong>elementa</strong></span> <span class='ocrx_word' id='word_1_849' title='bbox 2528 4237 2706 4290; x_wconf 91' lang='lat' dir='ltr'><strong>mundi</strong></span> <span class='ocrx_word' id='word_1_850' title='bbox 2735 4237 2797 4290; x_wconf 87' lang='lat' dir='ltr'><strong>ad</strong></span> <span class='ocrx_word' id='word_1_851' title='bbox 2829 4236 3052 4306; x_wconf 82' lang='lat' dir='ltr'><strong>quinque</strong></span> <span class='ocrx_word' id='word_1_852' title='bbox 3077 4236 3311 4306; x_wconf 83' lang='lat' dir='ltr'><strong>corporis</strong></span> <span class='ocrx_word' id='word_1_853' title='bbox 3332 4247 3518 4306; x_wconf 78' lang='lat' dir='ltr'><strong>sensus</strong></span> 
     </span>
    </p>
   </div>
   <div class='ocr_carea' id='block_1_114' title="bbox 1988 4303 3524 4372">
    <p class='ocr_par' dir='ltr' id='par_1_114' title="bbox 1988 4303 3524 4372">
     <span class='ocr_line' id='line_1_116' title="bbox 1988 4303 3524 4372; baseline -0.006 -10"><span class='ocrx_word' id='word_1_854' title='bbox 1988 4303 2222 4362; x_wconf 77' lang='lat' dir='ltr'><strong>referunt</strong></span> <span class='ocrx_word' id='word_1_855' title='bbox 2245 4308 2444 4372; x_wconf 80' lang='lat' dir='ltr'><strong>:ignem</strong></span> <span class='ocrx_word' id='word_1_856' title='bbox 2467 4306 2532 4358; x_wconf 89' lang='lat' dir='ltr'><strong>ad</strong></span> <span class='ocrx_word' id='word_1_857' title='bbox 2556 4305 2757 4368; x_wconf 89' lang='lat' dir='ltr'><strong>oculos,</strong></span> <span class='ocrx_word' id='word_1_858' title='bbox 2780 4319 2956 4358; x_wconf 86' lang='lat' dir='ltr'><strong>aerem</strong></span> <span class='ocrx_word' id='word_1_859' title='bbox 2973 4303 3035 4356; x_wconf 91' lang='lat' dir='ltr'><strong>ad</strong></span> <span class='ocrx_word' id='word_1_860' title='bbox 3051 4303 3305 4367; x_wconf 82' lang='lat' dir='ltr'><strong>auditum,</strong></span> <span class='ocrx_word' id='word_1_861' title='bbox 3336 4303 3524 4354; x_wconf 86' lang='lat' dir='ltr'><strong>hutno-</strong></span> 
     </span>
    </p>
   </div>
   <div class='ocr_carea' id='block_1_115' title="bbox 1993 4373 3523 4440">
    <p class='ocr_par' dir='ltr' id='par_1_115' title="bbox 1993 4373 3523 4440">
     <span class='ocr_line' id='line_1_117' title="bbox 1993 4373 3523 4440; baseline -0.004 -10"><span class='ocrx_word' id='word_1_862' title='bbox 1993 4390 2100 4430; x_wconf 90' lang='lat' dir='ltr'><strong>rem</strong></span> <span class='ocrx_word' id='word_1_863' title='bbox 2131 4376 2195 4429; x_wconf 88' lang='lat' dir='ltr'><strong>ad</strong></span> <span class='ocrx_word' id='word_1_864' title='bbox 2221 4376 2435 4429; x_wconf 90' lang='lat' dir='ltr'><strong>odorem</strong></span> <span class='ocrx_word' id='word_1_865' title='bbox 2458 4385 2510 4428; x_wconf 92' lang='lat' dir='ltr'><strong>et</strong></span> <span class='ocrx_word' id='word_1_866' title='bbox 2527 4383 2757 4440; x_wconf 85' lang='lat' dir='ltr'><strong>gustum,</strong></span> <span class='ocrx_word' id='word_1_867' title='bbox 2782 4381 2946 4427; x_wconf 84' lang='lat' dir='ltr'><strong>tactus</strong></span> <span class='ocrx_word' id='word_1_868' title='bbox 2967 4373 3033 4426; x_wconf 89' lang='lat' dir='ltr'><strong>ad</strong></span> <span class='ocrx_word' id='word_1_869' title='bbox 3052 4381 3240 4428; x_wconf 79' lang='lat' dir='ltr'><strong>terram</strong></span> <span class='ocrx_word' id='word_1_870' title='bbox 3265 4376 3523 4439; x_wconf 84' lang='lat' dir='ltr'><strong>pertinere</strong></span> 
     </span>
    </p>
   </div>
   <div class='ocr_carea' id='block_1_116' title="bbox 344 4428 3520 4511">
    <p class='ocr_par' dir='ltr' id='par_1_116' title="bbox 344 4428 3520 4511">
     <span class='ocr_line' id='line_1_118' title="bbox 344 4428 3520 4511; baseline 0 -19"><span class='ocrx_word' id='word_1_871' title='bbox 344 4437 675 4511; x_wconf 76' lang='lat' dir='ltr'><strong>recepissent</strong></span> <span class='ocrx_word' id='word_1_872' title='bbox 711 4449 1076 4511; x_wconf 80' lang='lat' dir='ltr'><strong>ornamentum</strong></span> <span class='ocrx_word' id='word_1_873' title='bbox 1097 4428 1251 4498; x_wconf 67' lang='lat' dir='ltr'><strong>suum</strong></span> <span class='ocrx_word' id='word_1_874' title='bbox 1281 4442 1345 4495; x_wconf 90' lang='lat' dir='ltr'><strong>de</strong></span> <span class='ocrx_word' id='word_1_875' title='bbox 1376 4428 1967 4511; x_wconf 61' lang='lat' dir='ltr'><strong>reptilibos,vt:l&#39;aet;_D</strong></span> <span class='ocrx_word' id='word_1_876' title='bbox 1992 4428 2191 4500; x_wconf 85' lang='lat' dir='ltr'><strong>dicunt.</strong></span> <span class='ocrx_word' id='word_1_877' title='bbox 2248 4428 2439 4499; x_wconf 89' lang='lat' dir='ltr'><strong>Dicunt</strong></span> <span class='ocrx_word' id='word_1_878' title='bbox 2483 4428 2638 4497; x_wconf 68' lang='lat' dir='ltr'><strong>etiam</strong></span> <span class='ocrx_word' id='word_1_879' title='bbox 2683 4428 2780 4496; x_wconf 56' lang='lat' dir='ltr'><strong>ne&#39;c</strong></span> <span class='ocrx_word' id='word_1_880' title='bbox 2835 4443 2996 4496; x_wconf 83' lang='lat' dir='ltr'><strong>videri</strong></span> <span class='ocrx_word' id='word_1_881' title='bbox 3052 4444 3165 4495; x_wconf 85' lang='lat' dir='ltr'><strong>sine</strong></span> <span class='ocrx_word' id='word_1_882' title='bbox 3209 4428 3325 4509; x_wconf 79' lang='lat' dir='ltr'><strong>igne</strong></span> <span class='ocrx_word' id='word_1_883' title='bbox 3370 4453 3520 4506; x_wconf 77' lang='lat' dir='ltr'><strong>posse</strong></span> 
     </span>
    </p>
   </div>
   <div class='ocr_carea' id='block_1_117' title="bbox 344 4501 1936 4634">
    <p class='ocr_par' dir='ltr' id='par_1_117' title="bbox 344 4501 1936 4634">
     <span class='ocr_line' id='line_1_119' title="bbox 344 4501 1936 4586; baseline 0.005 -27"><span class='ocrx_word' id='word_1_884' title='bbox 344 4507 416 4559; x_wconf 90' lang='lat' dir='ltr'><strong>de</strong></span> <span class='ocrx_word' id='word_1_885' title='bbox 441 4501 758 4562; x_wconf 73' lang='lat' dir='ltr'><strong>volatilibus.</strong></span> <span class='ocrx_word' id='word_1_886' title='bbox 785 4508 920 4576; x_wconf 90' lang='lat' dir='ltr'><strong>Quid</strong></span> <span class='ocrx_word' id='word_1_887' title='bbox 948 4521 1029 4565; x_wconf 79' lang='lat' dir='ltr'><strong>est</strong></span> <span class='ocrx_word' id='word_1_888' title='bbox 1055 4514 1217 4574; x_wconf 91' lang='lat' dir='ltr'><strong>enim,</strong></span> <span class='ocrx_word' id='word_1_889' title='bbox 1246 4512 1386 4578; x_wconf 78' lang='lat' dir='ltr'><strong>quod</strong></span> <span class='ocrx_word' id='word_1_890' title='bbox 1416 4501 1554 4578; x_wconf 55' lang='lat' dir='ltr'><strong>s&#39;a’pe</strong></span> <span class='ocrx_word' id='word_1_891' title='bbox 1585 4501 1801 4580; x_wconf 80' lang='lat' dir='ltr'><strong>legimus</strong></span> <span class='ocrx_word' id='word_1_892' title='bbox 1822 4501 1936 4586; x_wconf 55' lang='lat' dir='ltr'><strong>ait,</strong></span> 
     </span>
     <span class='ocr_line' id='line_1_120' title="bbox 349 4579 1936 4634; baseline 0.004 -7"><span class='ocrx_word' id='word_1_893' title='bbox 349 4586 594 4630; x_wconf 86' lang='lat' dir='ltr'><strong>creatura</strong></span> <span class='ocrx_word' id='word_1_894' title='bbox 635 4579 753 4633; x_wconf 79' lang='lat' dir='ltr'><strong>coeli</strong></span> <span class='ocrx_word' id='word_1_895' title='bbox 801 4590 855 4633; x_wconf 91' lang='lat' dir='ltr'><strong>et</strong></span> <span class='ocrx_word' id='word_1_896' title='bbox 902 4588 1052 4633; x_wconf 63' lang='lat' dir='ltr'><strong>terra:</strong></span> <span class='ocrx_word' id='word_1_897' title='bbox 1077 4592 1128 4634; x_wconf 88' lang='lat' dir='ltr'><strong>et</strong></span> <span class='ocrx_word' id='word_1_898' title='bbox 1155 4579 1312 4634; x_wconf 82' lang='lat' dir='ltr'><strong>maris</strong></span> <span class='ocrx_word' id='word_1_899' title='bbox 1339 4581 1596 4634; x_wconf 83' lang='lat' dir='ltr'><strong>similiter.</strong></span> <span class='ocrx_word' id='word_1_900' title='bbox 1627 4584 1890 4634; x_wconf 82' lang='lat' dir='ltr'><strong>quomodo</strong></span> <span class='ocrx_word' id='word_1_901' title='bbox 1933 4609 1936 4634; x_wconf 79' lang='grc' dir='ltr'><strong>ε</strong></span> 
     </span>
    </p>
   </div>
   <div class='ocr_carea' id='block_1_118' title="bbox 1627 4595 1936 4650">
    <p class='ocr_par' dir='ltr' id='par_1_118' title="bbox 1627 4595 1936 4650">
     <span class='ocr_line' id='line_1_121' title="bbox 1627 4595 1936 4650; baseline -0.003 -15"><span class='ocrx_word' id='word_1_902' title='bbox 1627 4595 1890 4650; x_wconf 75' lang='grc' dir='ltr'><strong>ψιοηιοιιο</strong></span> <span class='ocrx_word' id='word_1_903' title='bbox 1933 4609 1936 4634; x_wconf 87' lang='lat'>:</span> 
     </span>
    </p>
   </div>
   <div class='ocr_carea' id='block_1_119' title="bbox 349 4579 1596 4646">
    <p class='ocr_par' dir='ltr' id='par_1_119' title="bbox 349 4579 1596 4646">
     <span class='ocr_line' id='line_1_122' title="bbox 349 4579 1596 4646; baseline 0.006 -19"><span class='ocrx_word' id='word_1_904' title='bbox 349 4586 594 4646; x_wconf 85' lang='lat' dir='ltr'><strong>creatura</strong></span> <span class='ocrx_word' id='word_1_905' title='bbox 635 4579 753 4633; x_wconf 78' lang='lat' dir='ltr'><strong>coeli</strong></span> <span class='ocrx_word' id='word_1_906' title='bbox 801 4590 855 4633; x_wconf 91' lang='lat' dir='ltr'><strong>et</strong></span> <span class='ocrx_word' id='word_1_907' title='bbox 902 4588 1052 4633; x_wconf 65' lang='lat' dir='ltr'><strong>terra:</strong></span> <span class='ocrx_word' id='word_1_908' title='bbox 1077 4592 1128 4634; x_wconf 88' lang='lat' dir='ltr'><strong>et</strong></span> <span class='ocrx_word' id='word_1_909' title='bbox 1155 4579 1312 4634; x_wconf 82' lang='lat' dir='ltr'><strong>maris</strong></span> <span class='ocrx_word' id='word_1_910' title='bbox 1339 4581 1596 4646; x_wconf 79' lang='lat' dir='ltr'><strong>similiter,</strong></span> 
     </span>
    </p>
   </div>
   <div class='ocr_carea' id='block_1_120' title="bbox 345 4645 1889 4711">
    <p class='ocr_par' dir='ltr' id='par_1_120' title="bbox 345 4645 1889 4711">
     <span class='ocr_line' id='line_1_123' title="bbox 345 4645 1889 4711; baseline 0.006 -15"><span class='ocrx_word' id='word_1_911' title='bbox 345 4645 516 4697; x_wconf 88' lang='lat' dir='ltr'><strong>creati</strong></span> <span class='ocrx_word' id='word_1_912' title='bbox 564 4645 794 4711; x_wconf 66' lang='lat' dir='ltr'><strong>bierunt,</strong></span> <span class='ocrx_word' id='word_1_913' title='bbox 842 4649 908 4704; x_wconf 84' lang='lat' dir='ltr'><strong>de</strong></span> <span class='ocrx_word' id='word_1_914' title='bbox 956 4662 1079 4703; x_wconf 80' lang='lat' dir='ltr'><strong>aere</strong></span> <span class='ocrx_word' id='word_1_915' title='bbox 1105 4661 1276 4702; x_wconf 86' lang='lat' dir='ltr'><strong>autem</strong></span> <span class='ocrx_word' id='word_1_916' title='bbox 1308 4653 1436 4704; x_wconf 82' lang='lat' dir='ltr'><strong>nihil</strong></span> <span class='ocrx_word' id='word_1_917' title='bbox 1465 4645 1747 4705; x_wconf 72' lang='lat' dir='ltr'><strong>indicavit?</strong></span> <span class='ocrx_word' id='word_1_918' title='bbox 1777 4651 1889 4706; x_wconf 82' lang='lat' dir='ltr'><strong>Non</strong></span> 
     </span>
    </p>
   </div>
   <div class='ocr_carea' id='block_1_121' title="bbox 348 5059 1890 5129">
    <p class='ocr_par' dir='ltr' id='par_1_121' title="bbox 348 5059 1890 5129">
     <span class='ocr_line' id='line_1_124' title="bbox 348 5059 1890 5129; baseline 0.004 -19"><span class='ocrx_word' id='word_1_919' title='bbox 348 5059 672 5129; x_wconf 73' lang='lat' dir='ltr'><strong>vaporaliter</strong></span> <span class='ocrx_word' id='word_1_920' title='bbox 706 5073 1056 5129; x_wconf 73' lang='lat' dir='ltr'><strong>expansum.</strong></span> <span class='ocrx_word' id='word_1_921' title='bbox 1112 5059 1213 5114; x_wconf 82' lang='lat' dir='ltr'><strong>hoc</strong></span> <span class='ocrx_word' id='word_1_922' title='bbox 1238 5059 1334 5116; x_wconf 38' lang='lat' dir='ltr'><strong>&quot;ad</strong></span> <span class='ocrx_word' id='word_1_923' title='bbox 1391 5073 1580 5116; x_wconf 87' lang='lat' dir='ltr'><strong>terram</strong></span> <span class='ocrx_word' id='word_1_924' title='bbox 1638 5064 1890 5129; x_wconf 87' lang='lat' dir='ltr'><strong>pertinet;</strong></span> 
     </span>
    </p>
   </div>
   <div class='ocr_carea' id='block_1_122' title="bbox 350 5125 1893 5198">
    <p class='ocr_par' dir='ltr' id='par_1_122' title="bbox 350 5125 1893 5198">
     <span class='ocr_line' id='line_1_125' title="bbox 350 5125 1893 5198; baseline 0.006 -21"><span class='ocrx_word' id='word_1_925' title='bbox 350 5125 605 5198; x_wconf 80' lang='lat' dir='ltr'><strong>qudquid</strong></span> <span class='ocrx_word' id='word_1_926' title='bbox 633 5126 772 5198; x_wconf 80' lang='lat' dir='ltr'><strong>enim</strong></span> <span class='ocrx_word' id='word_1_927' title='bbox 803 5129 1138 5192; x_wconf 79' lang='lat' dir='ltr'><strong>tranquillum</strong></span> <span class='ocrx_word' id='word_1_928' title='bbox 1167 5139 1222 5184; x_wconf 89' lang='lat' dir='ltr'><strong>et</strong></span> <span class='ocrx_word' id='word_1_929' title='bbox 1241 5132 1474 5198; x_wconf 89' lang='lat' dir='ltr'><strong>quietum</strong></span> <span class='ocrx_word' id='word_1_930' title='bbox 1497 5141 1595 5193; x_wconf 86' lang='lat' dir='ltr'><strong>est,</strong></span> <span class='ocrx_word' id='word_1_931' title='bbox 1617 5125 1680 5184; x_wconf 73' lang='lat' dir='ltr'><strong>ad</strong></span> <span class='ocrx_word' id='word_1_932' title='bbox 1702 5125 1893 5186; x_wconf 73' lang='lat' dir='ltr'><strong>cmlutn</strong></span> 
     </span>
    </p>
   </div>
   <div class='ocr_carea' id='block_1_123' title="bbox 354 5195 1891 5269">
    <p class='ocr_par' dir='ltr' id='par_1_123' title="bbox 354 5195 1891 5269">
     <span class='ocr_line' id='line_1_126' title="bbox 354 5195 1891 5269; baseline 0.005 -22"><span class='ocrx_word' id='word_1_933' title='bbox 354 5195 621 5269; x_wconf 74' lang='lat' dir='ltr'><strong>pertinere</strong></span> <span class='ocrx_word' id='word_1_934' title='bbox 668 5195 892 5269; x_wconf 81' lang='lat' dir='ltr'><strong>dicitur;</strong></span> <span class='ocrx_word' id='word_1_935' title='bbox 926 5207 995 5269; x_wconf 14' lang='lat' dir='ltr'><strong>Aet</strong></span> <span class='ocrx_word' id='word_1_936' title='bbox 1035 5200 1172 5269; x_wconf 78' lang='lat' dir='ltr'><strong>quod</strong></span> <span class='ocrx_word' id='word_1_937' title='bbox 1202 5195 1272 5253; x_wconf 80' lang='lat' dir='ltr'><strong>ita</strong></span> <span class='ocrx_word' id='word_1_938' title='bbox 1298 5204 1367 5253; x_wconf 88' lang='lat' dir='ltr'><strong>sit</strong></span> <span class='ocrx_word' id='word_1_939' title='bbox 1393 5216 1483 5254; x_wconf 89' lang='lat' dir='ltr'><strong>aer</strong></span> <span class='ocrx_word' id='word_1_940' title='bbox 1510 5216 1658 5269; x_wconf 66' lang='lat' dir='ltr'><strong>aquae</strong></span> <span class='ocrx_word' id='word_1_941' title='bbox 1684 5200 1891 5267; x_wconf 88' lang='lat' dir='ltr'><strong>similis,</strong></span> 
     </span>
    </p>
   </div>
   <div class='ocr_carea' id='block_1_124' title="bbox 354 5265 1896 5338">
    <p class='ocr_par' dir='ltr' id='par_1_124' title="bbox 354 5265 1896 5338">
     <span class='ocr_line' id='line_1_127' title="bbox 354 5265 1896 5338; baseline 0.006 -24"><span class='ocrx_word' id='word_1_942' title='bbox 354 5271 413 5315; x_wconf 88' lang='lat' dir='ltr'><strong>ut</strong></span> <span class='ocrx_word' id='word_1_943' title='bbox 455 5277 518 5315; x_wconf 81' lang='lat' dir='ltr'><strong>ex</strong></span> <span class='ocrx_word' id='word_1_944' title='bbox 549 5265 1045 5338; x_wconf 68' lang='lat' dir='ltr'><strong>ejusltalatienibus</strong></span> <span class='ocrx_word' id='word_1_945' title='bbox 1068 5267 1404 5335; x_wconf 85' lang='lat' dir='ltr'><strong>pinguescere</strong></span> <span class='ocrx_word' id='word_1_946' title='bbox 1434 5265 1713 5337; x_wconf 75' lang='lat' dir='ltr'><strong>probatur;</strong></span> <span class='ocrx_word' id='word_1_947' title='bbox 1742 5265 1896 5338; x_wconf 54' lang='lat' dir='ltr'><strong>spirié</strong></span> 
     </span>
    </p>
   </div>
   <div class='ocr_carea' id='block_1_125' title="bbox 354 5333 1898 5399">
    <p class='ocr_par' dir='ltr' id='par_1_125' title="bbox 354 5333 1898 5399">
     <span class='ocr_line' id='line_1_128' title="bbox 354 5333 1898 5399; baseline 0.006 -17"><span class='ocrx_word' id='word_1_948' title='bbox 354 5341 471 5383; x_wconf 89' lang='lat' dir='ltr'><strong>tum</strong></span> <span class='ocrx_word' id='word_1_949' title='bbox 510 5333 750 5396; x_wconf 77' lang='lat' dir='ltr'><strong>procella:</strong></span> <span class='ocrx_word' id='word_1_950' title='bbox 796 5336 970 5398; x_wconf 80' lang='lat' dir='ltr'><strong>iaciat,</strong></span> <span class='ocrx_word' id='word_1_951' title='bbox 1000 5336 1050 5389; x_wconf 91' lang='lat' dir='ltr'><strong>id</strong></span> <span class='ocrx_word' id='word_1_952' title='bbox 1071 5333 1179 5399; x_wconf 66' lang='lat' dir='ltr'><strong>est,</strong></span> <span class='ocrx_word' id='word_1_953' title='bbox 1203 5349 1414 5392; x_wconf 85' lang='lat' dir='ltr'><strong>ventum</strong></span> <span class='ocrx_word' id='word_1_954' title='bbox 1436 5333 1495 5392; x_wconf 76' lang='grc' dir='ltr'>ἐι</span> <span class='ocrx_word' id='word_1_955' title='bbox 1518 5339 1748 5393; x_wconf 89' lang='lat' dir='ltr'><strong>nubilum</strong></span> <span class='ocrx_word' id='word_1_956' title='bbox 1771 5333 1898 5392; x_wconf 74' lang='lat' dir='ltr'><strong>con-</strong></span> 
     </span>
    </p>
   </div>
   <div class='ocr_carea' id='block_1_126' title="bbox 357 5405 1893 5473">
    <p class='ocr_par' dir='ltr' id='par_1_126' title="bbox 357 5405 1893 5473">
     <span class='ocr_line' id='line_1_129' title="bbox 357 5405 1893 5473; baseline 0.007 -21"><span class='ocrx_word' id='word_1_957' title='bbox 357 5409 462 5473; x_wconf 70' lang='lat' dir='ltr'><strong>tra,</strong></span> <span class='ocrx_word' id='word_1_958' title='bbox 491 5407 549 5453; x_wconf 83' lang='lat' dir='ltr'><strong>et</strong></span> <span class='ocrx_word' id='word_1_959' title='bbox 578 5410 632 5473; x_wconf 89' lang='lat' dir='ltr'><strong>u_t</strong></span> <span class='ocrx_word' id='word_1_960' title='bbox 661 5413 836 5467; x_wconf 83' lang='lat' dir='ltr'><strong>posset</strong></span> <span class='ocrx_word' id='word_1_961' title='bbox 868 5405 1074 5458; x_wconf 84' lang='lat' dir='ltr'><strong>volatus</strong></span> <span class='ocrx_word' id='word_1_962' title='bbox 1095 5406 1267 5459; x_wconf 80' lang='lat' dir='ltr'><strong>avium</strong></span> <span class='ocrx_word' id='word_1_963' title='bbox 1298 5411 1592 5473; x_wconf 86' lang='lat' dir='ltr'><strong>sustinere;</strong></span> <span class='ocrx_word' id='word_1_964' title='bbox 1623 5422 1726 5473; x_wconf 85' lang='lat' dir='ltr'><strong>non</strong></span> <span class='ocrx_word' id='word_1_965' title='bbox 1755 5409 1893 5462; x_wconf 90' lang='lat' dir='ltr'><strong>enim</strong></span> 
     </span>
    </p>
   </div>
   <div class='ocr_carea' id='block_1_127' title="bbox 354 5467 1898 5543">
    <p class='ocr_par' dir='ltr' id='par_1_127' title="bbox 354 5467 1898 5543">
     <span class='ocr_line' id='line_1_130' title="bbox 354 5467 1898 5543; baseline 0.005 -21"><span class='ocrx_word' id='word_1_966' title='bbox 354 5469 489 5543; x_wconf 77' lang='lat' dir='ltr'><strong>dixit</strong></span> <span class='ocrx_word' id='word_1_967' title='bbox 533 5484 552 5523; x_wconf 73' lang='grc' dir='ltr'><strong>ε,</strong></span> <span class='ocrx_word' id='word_1_968' title='bbox 596 5467 1082 5543; x_wconf 66' lang='lat' dir='ltr'><strong>Produeintaquae</strong></span> <span class='ocrx_word' id='word_1_969' title='bbox 1128 5475 1317 5543; x_wconf 84' lang='lat' dir='ltr'><strong>reptile</strong></span> <span class='ocrx_word' id='word_1_970' title='bbox 1355 5476 1544 5529; x_wconf 62' lang='lat' dir='ltr'><strong>anima:</strong></span> <span class='ocrx_word' id='word_1_971' title='bbox 1574 5467 1815 5540; x_wconf 72' lang='lat' dir='ltr'><strong>viventis,</strong></span> <span class='ocrx_word' id='word_1_972' title='bbox 1845 5486 1898 5530; x_wconf 91' lang='lat' dir='ltr'><strong>et</strong></span> 
     </span>
    </p>
   </div>
   <div class='ocr_carea' id='block_1_128' title="bbox 357 5537 1898 5608">
    <p class='ocr_par' dir='ltr' id='par_1_128' title="bbox 357 5537 1898 5608">
     <span class='ocr_line' id='line_1_131' title="bbox 357 5537 1898 5608; baseline 0.005 -19"><span class='ocrx_word' id='word_1_973' title='bbox 357 5537 616 5607; x_wconf 83' lang='lat' dir='ltr'><strong>producat</strong></span> <span class='ocrx_word' id='word_1_974' title='bbox 641 5553 731 5590; x_wconf 85' lang='lat' dir='ltr'><strong>aer</strong></span> <span class='ocrx_word' id='word_1_975' title='bbox 755 5537 1164 5608; x_wconf 23' lang='lat' dir='ltr'><strong>volatilia‘super</strong></span> <span class='ocrx_word' id='word_1_976' title='bbox 1188 5537 1414 5608; x_wconf 78' lang='lat' dir='ltr'><strong>ierrant;</strong></span> <span class='ocrx_word' id='word_1_977' title='bbox 1445 5546 1534 5597; x_wconf 86' lang='lat' dir='ltr'><strong>sed</strong></span> <span class='ocrx_word' id='word_1_978' title='bbox 1557 5546 1689 5598; x_wconf 76' lang='lat' dir='ltr'><strong>dixit</strong></span> <span class='ocrx_word' id='word_1_979' title='bbox 1722 5564 1732 5597; x_wconf 76' lang='grc' dir='ltr'>ε</span> <span class='ocrx_word' id='word_1_980' title='bbox 1774 5537 1898 5597; x_wconf 74' lang='lat' dir='ltr'><strong>Pro-</strong></span> 
     </span>
    </p>
   </div>
   <div class='ocr_carea' id='block_1_129' title="bbox 353 5609 1898 5682">
    <p class='ocr_par' dir='ltr' id='par_1_129' title="bbox 353 5609 1898 5682">
     <span class='ocr_line' id='line_1_132' title="bbox 353 5609 1898 5682; baseline 0.001 -19"><span class='ocrx_word' id='word_1_981' title='bbox 353 5609 545 5663; x_wconf 75' lang='lat' dir='ltr'><strong>ducaut</strong></span> <span class='ocrx_word' id='word_1_982' title='bbox 589 5621 733 5682; x_wconf 71' lang='lat' dir='ltr'><strong>aqua:</strong></span> <span class='ocrx_word' id='word_1_983' title='bbox 780 5611 954 5676; x_wconf 68' lang='lat' dir='ltr'><strong>reptile</strong></span> <span class='ocrx_word' id='word_1_984' title='bbox 992 5614 1171 5682; x_wconf 73' lang='lat' dir='ltr'><strong>anima</strong></span> <span class='ocrx_word' id='word_1_985' title='bbox 1211 5614 1426 5676; x_wconf 76' lang='lat' dir='ltr'><strong>viventis,</strong></span> <span class='ocrx_word' id='word_1_986' title='bbox 1452 5624 1497 5665; x_wconf 82' lang='lat' dir='ltr'><strong>et</strong></span> <span class='ocrx_word' id='word_1_987' title='bbox 1527 5616 1724 5667; x_wconf 79' lang='lat' dir='ltr'><strong>volatile</strong></span> <span class='ocrx_word' id='word_1_988' title='bbox 1751 5629 1898 5682; x_wconf 82' lang='lat' dir='ltr'><strong>super</strong></span> 
     </span>
    </p>
   </div>
   <div class='ocr_carea' id='block_1_130' title="bbox 352 5677 1896 5752">
    <p class='ocr_par' dir='ltr' id='par_1_130' title="bbox 352 5677 1896 5752">
     <span class='ocr_line' id='line_1_133' title="bbox 352 5677 1896 5752; baseline 0.006 -22"><span class='ocrx_word' id='word_1_989' title='bbox 352 5686 571 5746; x_wconf 78' lang='lat' dir='ltr'><strong>terram,</strong></span> <span class='ocrx_word' id='word_1_990' title='bbox 618 5677 870 5746; x_wconf 65' lang='lat' dir='ltr'><strong>quiaoacr</strong></span> <span class='ocrx_word' id='word_1_991' title='bbox 909 5694 970 5732; x_wconf 81' lang='lat' dir='ltr'><strong>es</strong></span> <span class='ocrx_word' id='word_1_992' title='bbox 1001 5680 1130 5749; x_wconf 81' lang='lat' dir='ltr'><strong>aqua</strong></span> <span class='ocrx_word' id='word_1_993' title='bbox 1162 5681 1238 5737; x_wconf 81' lang='lat' dir='ltr'><strong>fit.</strong></span> <span class='ocrx_word' id='word_1_994' title='bbox 1267 5683 1328 5738; x_wconf 77' lang='lat' dir='ltr'><strong>Et</strong></span> <span class='ocrx_word' id='word_1_995' title='bbox 1361 5682 1610 5752; x_wconf 82' lang='lat' dir='ltr'><strong>quidquid</strong></span> <span class='ocrx_word' id='word_1_996' title='bbox 1641 5677 1896 5740; x_wconf 70' lang='lat' dir='ltr'><strong>undosum</strong></span> 
     </span>
    </p>
   </div>
   <div class='ocr_carea' id='block_1_131' title="bbox 1993 4511 3522 4581">
    <p class='ocr_par' dir='ltr' id='par_1_131' title="bbox 1993 4511 3522 4581">
     <span class='ocr_line' id='line_1_134' title="bbox 1993 4511 3522 4581; baseline -0.004 -13"><span class='ocrx_word' id='word_1_997' title='bbox 1993 4513 2207 4581; x_wconf 86' lang='lat' dir='ltr'><strong>aliquid,</strong></span> <span class='ocrx_word' id='word_1_998' title='bbox 2259 4528 2355 4566; x_wconf 89' lang='lat' dir='ltr'><strong>nec</strong></span> <span class='ocrx_word' id='word_1_999' title='bbox 2407 4512 2548 4581; x_wconf 83' lang='lat' dir='ltr'><strong>tangi</strong></span> <span class='ocrx_word' id='word_1_1000' title='bbox 2590 4513 2705 4565; x_wconf 89' lang='lat' dir='ltr'><strong>sine</strong></span> <span class='ocrx_word' id='word_1_1001' title='bbox 2751 4522 2909 4576; x_wconf 89' lang='lat' dir='ltr'><strong>terra,</strong></span> <span class='ocrx_word' id='word_1_1002' title='bbox 2937 4525 2998 4566; x_wconf 86' lang='lat' dir='ltr'><strong>ac</strong></span> <span class='ocrx_word' id='word_1_1003' title='bbox 3028 4527 3119 4578; x_wconf 91' lang='lat' dir='ltr'><strong>per</strong></span> <span class='ocrx_word' id='word_1_1004' title='bbox 3144 4511 3239 4564; x_wconf 80' lang='lat' dir='ltr'><strong>hoc</strong></span> <span class='ocrx_word' id='word_1_1005' title='bbox 3269 4511 3522 4581; x_wconf 85' lang='lat' dir='ltr'><strong>elementa</strong></span> 
     </span>
    </p>
   </div>
   <div class='ocr_carea' id='block_1_132' title="bbox 1991 4580 3522 4647">
    <p class='ocr_par' dir='ltr' id='par_1_132' title="bbox 1991 4580 3522 4647">
     <span class='ocr_line' id='line_1_135' title="bbox 1991 4580 3522 4647; baseline -0.007 -9"><span class='ocrx_word' id='word_1_1006' title='bbox 1991 4580 2164 4639; x_wconf 86' lang='lat' dir='ltr'><strong>omnia</strong></span> <span class='ocrx_word' id='word_1_1007' title='bbox 2205 4583 2257 4636; x_wconf 92' lang='lat' dir='ltr'><strong>in</strong></span> <span class='ocrx_word' id='word_1_1008' title='bbox 2304 4580 2600 4635; x_wconf 86' lang='lat' dir='ltr'><strong>hominibus</strong></span> <span class='ocrx_word' id='word_1_1009' title='bbox 2647 4582 2855 4645; x_wconf 86' lang='lat' dir='ltr'><strong>inesse;</strong></span> <span class='ocrx_word' id='word_1_1010' title='bbox 2881 4581 2973 4636; x_wconf 90' lang='lat' dir='ltr'><strong>sed</strong></span> <span class='ocrx_word' id='word_1_1011' title='bbox 3006 4580 3404 4647; x_wconf 83' lang='lat' dir='ltr'><strong>unumquodque</strong></span> <span class='ocrx_word' id='word_1_1012' title='bbox 3429 4589 3522 4628; x_wconf 86' lang='lat' dir='ltr'><strong>eo-</strong></span> 
     </span>
    </p>
   </div>
   <div class='ocr_carea' id='block_1_133' title="bbox 1933 4645 3522 4718">
    <p class='ocr_par' dir='ltr' id='par_1_133' title="bbox 1933 4645 3522 4718">
     <span class='ocr_line' id='line_1_136' title="bbox 1933 4645 3522 4718; baseline -0.006 -12"><span class='ocrx_word' id='word_1_1013' title='bbox 1933 4703 1936 4706; x_wconf 83' lang='lat'><strong>.</strong></span> <span class='ocrx_word' id='word_1_1014' title='bbox 1992 4653 2109 4707; x_wconf 82' lang='lat' dir='ltr'><strong>r‘um</strong></span> <span class='ocrx_word' id='word_1_1015' title='bbox 2137 4667 2199 4706; x_wconf 79' lang='lat' dir='ltr'><strong>ea</strong></span> <span class='ocrx_word' id='word_1_1016' title='bbox 2227 4667 2292 4705; x_wconf 83' lang='lat' dir='ltr'><strong>eo</strong></span> <span class='ocrx_word' id='word_1_1017' title='bbox 2321 4652 2453 4717; x_wconf 88' lang='lat' dir='ltr'><strong>quod</strong></span> <span class='ocrx_word' id='word_1_1018' title='bbox 2473 4652 2697 4718; x_wconf 87' lang='lat' dir='ltr'><strong>amplius</strong></span> <span class='ocrx_word' id='word_1_1019' title='bbox 2720 4651 2891 4713; x_wconf 86' lang='lat' dir='ltr'><strong>habet,</strong></span> <span class='ocrx_word' id='word_1_1020' title='bbox 2915 4645 3522 4718; x_wconf 33' lang='lat' dir='ltr'><strong>accepisse‘vocahulntu.</strong></span> 
     </span>
    </p>
   </div>
   <div class='ocr_carea' id='block_1_134' title="bbox 346 4714 1936 4775">
    <p class='ocr_par' dir='ltr' id='par_1_134' title="bbox 346 4714 1936 4775">
     <span class='ocr_line' id='line_1_137' title="bbox 346 4714 1936 4775; baseline 0.004 -9"><span class='ocrx_word' id='word_1_1021' title='bbox 346 4714 494 4766; x_wconf 83' lang='lat' dir='ltr'><strong>enim</strong></span> <span class='ocrx_word' id='word_1_1022' title='bbox 549 4714 903 4770; x_wconf 79' lang='lat' dir='ltr'><strong>arbitrantium</strong></span> <span class='ocrx_word' id='word_1_1023' title='bbox 951 4727 1029 4770; x_wconf 91' lang='lat' dir='ltr'><strong>est</strong></span> <span class='ocrx_word' id='word_1_1024' title='bbox 1075 4729 1130 4770; x_wconf 89' lang='lat' dir='ltr'><strong>ut</strong></span> <span class='ocrx_word' id='word_1_1025' title='bbox 1175 4717 1300 4772; x_wconf 91' lang='lat' dir='ltr'><strong>illud</strong></span> <span class='ocrx_word' id='word_1_1026' title='bbox 1349 4722 1661 4775; x_wconf 90' lang='lat' dir='ltr'><strong>elementum</strong></span> <span class='ocrx_word' id='word_1_1027' title='bbox 1707 4720 1758 4773; x_wconf 91' lang='lat' dir='ltr'><strong>in</strong></span> <span class='ocrx_word' id='word_1_1028' title='bbox 1797 4721 1893 4773; x_wconf 90' lang='lat' dir='ltr'><strong>hac</strong></span> <span class='ocrx_word' id='word_1_1029' title='bbox 1931 4757 1936 4764; x_wconf 95' lang='grc'><strong><em>-</em></strong></span> 
     </span>
    </p>
   </div>
   <div class='ocr_carea' id='block_1_135' title="bbox 346 4781 1940 4852">
    <p class='ocr_par' dir='ltr' id='par_1_135' title="bbox 346 4781 1940 4852">
     <span class='ocr_line' id='line_1_138' title="bbox 346 4781 1940 4852; baseline 0.006 -19"><span class='ocrx_word' id='word_1_1030' title='bbox 346 4781 622 4852; x_wconf 81' lang='lat' dir='ltr'><strong>Scriptura</strong></span> <span class='ocrx_word' id='word_1_1031' title='bbox 663 4786 1115 4850; x_wconf 57' lang='lat' dir='ltr'><strong>praetermisisset,</strong></span> <span class='ocrx_word' id='word_1_1032' title='bbox 1164 4787 1262 4840; x_wconf 84' lang='lat' dir='ltr'><strong>nisi</strong></span> <span class='ocrx_word' id='word_1_1033' title='bbox 1302 4791 1421 4852; x_wconf 90' lang='lat' dir='ltr'><strong>quia</strong></span> <span class='ocrx_word' id='word_1_1034' title='bbox 1459 4789 1786 4844; x_wconf 80' lang='lat' dir='ltr'><strong>consuetudo</strong></span> <span class='ocrx_word' id='word_1_1035' title='bbox 1813 4799 1894 4843; x_wconf 87' lang='lat' dir='ltr'><strong>est</strong></span> <span class='ocrx_word' id='word_1_1036' title='bbox 1931 4801 1940 4850; x_wconf 62' lang='grc' dir='ltr'><em>ξ</em></span> 
     </span>
    </p>
   </div>
   <div class='ocr_carea' id='block_1_136' title="bbox 348 4851 1940 4916">
    <p class='ocr_par' dir='ltr' id='par_1_136' title="bbox 348 4851 1940 4916">
     <span class='ocr_line' id='line_1_139' title="bbox 348 4851 1940 4916; baseline 0.005 -12"><span class='ocrx_word' id='word_1_1037' title='bbox 348 4851 543 4904; x_wconf 63' lang='lat' dir='ltr'><strong>divinas</strong></span> <span class='ocrx_word' id='word_1_1038' title='bbox 585 4853 863 4916; x_wconf 77' lang='lat' dir='ltr'><strong>Scriptura:</strong></span> <span class='ocrx_word' id='word_1_1039' title='bbox 892 4857 1084 4910; x_wconf 68' lang='lat' dir='ltr'><strong>caelum</strong></span> <span class='ocrx_word' id='word_1_1040' title='bbox 1119 4866 1172 4910; x_wconf 91' lang='lat' dir='ltr'><strong>et</strong></span> <span class='ocrx_word' id='word_1_1041' title='bbox 1213 4851 1404 4910; x_wconf 87' lang='lat' dir='ltr'><strong>terram</strong></span> <span class='ocrx_word' id='word_1_1042' title='bbox 1445 4867 1607 4910; x_wconf 90' lang='lat' dir='ltr'><strong>totum</strong></span> <span class='ocrx_word' id='word_1_1043' title='bbox 1640 4859 1891 4911; x_wconf 73' lang='lat' dir='ltr'><strong>munimm</strong></span> <span class='ocrx_word' id='word_1_1044' title='bbox 1933 4871 1940 4906; x_wconf 74' lang='grc' dir='ltr'><strong>ι</strong></span> 
     </span>
    </p>
   </div>
   <div class='ocr_carea' id='block_1_137' title="bbox 349 4919 1943 4996">
    <p class='ocr_par' dir='ltr' id='par_1_137' title="bbox 349 4919 1943 4996">
     <span class='ocr_line' id='line_1_140' title="bbox 349 4919 1943 4996; baseline 0.003 -23"><span class='ocrx_word' id='word_1_1045' title='bbox 349 4919 639 4989; x_wconf 86' lang='lat' dir='ltr'><strong>appellare.</strong></span> <span class='ocrx_word' id='word_1_1046' title='bbox 671 4921 736 4973; x_wconf 81' lang='lat' dir='ltr'><strong>Et</strong></span> <span class='ocrx_word' id='word_1_1047' title='bbox 765 4923 880 4996; x_wconf 82' lang='lat' dir='ltr'><strong>ideo</strong></span> <span class='ocrx_word' id='word_1_1048' title='bbox 899 4927 1262 4996; x_wconf 51' lang='lat' dir='ltr'><strong>assignandum</strong></span> <span class='ocrx_word' id='word_1_1049' title='bbox 1282 4934 1384 4996; x_wconf 80' lang='lat' dir='ltr'><strong>est,</strong></span> <span class='ocrx_word' id='word_1_1050' title='bbox 1407 4940 1582 4996; x_wconf 79' lang='lat' dir='ltr'><strong>aerem</strong></span> <span class='ocrx_word' id='word_1_1051' title='bbox 1615 4928 1676 4996; x_wconf 85' lang='lat' dir='ltr'><strong>ad</strong></span> <span class='ocrx_word' id='word_1_1052' title='bbox 1700 4927 1890 4980; x_wconf 66' lang='lat' dir='ltr'><strong>caelum</strong></span> <span class='ocrx_word' id='word_1_1053' title='bbox 1933 4927 1943 4996; x_wconf 61' lang='grc' dir='ltr'><strong>ε</strong></span> 
     </span>
    </p>
   </div>
   <div class='ocr_carea' id='block_1_138' title="bbox 350 4991 1938 5063">
    <p class='ocr_par' dir='ltr' id='par_1_138' title="bbox 350 4991 1938 5063">
     <span class='ocr_line' id='line_1_141' title="bbox 350 4991 1938 5063; baseline 0.008 -26"><span class='ocrx_word' id='word_1_1054' title='bbox 350 5000 405 5042; x_wconf 73' lang='lat' dir='ltr'><strong>rt</strong></span> <span class='ocrx_word' id='word_1_1055' title='bbox 449 4999 640 5063; x_wconf 73' lang='lat' dir='ltr'><strong>terram</strong></span> <span class='ocrx_word' id='word_1_1056' title='bbox 689 4991 968 5056; x_wconf 86' lang='lat' dir='ltr'><strong>pertinere.</strong></span> <span class='ocrx_word' id='word_1_1057' title='bbox 1002 4992 1065 5046; x_wconf 83' lang='lat' dir='ltr'><strong>Et</strong></span> <span class='ocrx_word' id='word_1_1058' title='bbox 1101 4993 1354 5063; x_wconf 80' lang='lat' dir='ltr'><strong>quidquid</strong></span> <span class='ocrx_word' id='word_1_1059' title='bbox 1382 5007 1462 5049; x_wconf 88' lang='lat' dir='ltr'><strong>est</strong></span> <span class='ocrx_word' id='word_1_1060' title='bbox 1492 4992 1781 5055; x_wconf 87' lang='lat' dir='ltr'><strong>humidum,</strong></span> <span class='ocrx_word' id='word_1_1061' title='bbox 1811 4996 1898 5049; x_wconf 84' lang='lat' dir='ltr'><strong>vel</strong></span> <span class='ocrx_word' id='word_1_1062' title='bbox 1921 4991 1938 5017; x_wconf 50' lang='grc' dir='ltr'><strong><em>έ</em></strong></span> 
     </span>
    </p>
   </div>
   <div class='ocr_carea' id='block_1_139' title="bbox 1995 4713 3523 4791">
    <p class='ocr_par' dir='ltr' id='par_1_139' title="bbox 1995 4713 3523 4791">
     <span class='ocr_line' id='line_1_142' title="bbox 1995 4713 3523 4791; baseline -0.007 -16"><span class='ocrx_word' id='word_1_1063' title='bbox 1995 4721 2131 4791; x_wconf 82' lang='lat' dir='ltr'><strong>ideo</strong></span> <span class='ocrx_word' id='word_1_1064' title='bbox 2159 4713 2868 4791; x_wconf 50' lang='lat' dir='ltr'><strong>autem&#39;ealoris&#39;privatione</strong></span> <span class='ocrx_word' id='word_1_1065' title='bbox 2893 4733 3010 4770; x_wconf 91' lang='lat' dir='ltr'><strong>cum</strong></span> <span class='ocrx_word' id='word_1_1066' title='bbox 3037 4713 3223 4791; x_wconf 77' lang='lat' dir='ltr'><strong>corpus</strong></span> <span class='ocrx_word' id='word_1_1067' title='bbox 3252 4713 3523 4791; x_wconf 73' lang='lat' dir='ltr'><strong>nimielri-</strong></span> 
     </span>
    </p>
   </div>
   <div class='ocr_carea' id='block_1_140' title="bbox 1993 4784 3521 4859">
    <p class='ocr_par' dir='ltr' id='par_1_140' title="bbox 1993 4784 3521 4859">
     <span class='ocr_line' id='line_1_143' title="bbox 1993 4784 3521 4859; baseline -0.005 -17"><span class='ocrx_word' id='word_1_1068' title='bbox 1993 4789 2161 4859; x_wconf 81' lang='lat' dir='ltr'><strong>gescit</strong></span> <span class='ocrx_word' id='word_1_1069' title='bbox 2189 4787 2428 4859; x_wconf 83' lang='lat' dir='ltr'><strong>obtundit</strong></span> <span class='ocrx_word' id='word_1_1070' title='bbox 2455 4784 2835 4859; x_wconf 79' lang='lat' dir='ltr'><strong>sensnm,_quia</strong></span> <span class='ocrx_word' id='word_1_1071' title='bbox 2854 4796 3038 4859; x_wconf 83' lang='lat' dir='ltr'><strong>motus</strong></span> <span class='ocrx_word' id='word_1_1072' title='bbox 3065 4784 3314 4853; x_wconf 73' lang='lat' dir='ltr'><strong>frigescit,</strong></span> <span class='ocrx_word' id='word_1_1073' title='bbox 3343 4784 3521 4859; x_wconf 72' lang='lat' dir='ltr'><strong>quies</strong></span> 
     </span>
    </p>
   </div>
   <div class='ocr_carea' id='block_1_141' title="bbox 1992 4851 3524 4928">
    <p class='ocr_par' dir='ltr' id='par_1_141' title="bbox 1992 4851 3524 4928">
     <span class='ocr_line' id='line_1_144' title="bbox 1992 4851 3524 4928; baseline -0.004 -15"><span class='ocrx_word' id='word_1_1074' title='bbox 1992 4851 2170 4913; x_wconf 74' lang='lat' dir='ltr'><strong>calore</strong></span> <span class='ocrx_word' id='word_1_1075' title='bbox 2222 4857 2358 4910; x_wconf 62' lang='lat' dir='ltr'><strong>inest</strong></span> <span class='ocrx_word' id='word_1_1076' title='bbox 2409 4857 2640 4922; x_wconf 67' lang='lat' dir='ltr'><strong>corpori,</strong></span> <span class='ocrx_word' id='word_1_1077' title='bbox 2685 4851 2817 4928; x_wconf 72' lang='lat' dir='ltr'><strong>dum</strong></span> <span class='ocrx_word' id='word_1_1078' title='bbox 2854 4856 2984 4928; x_wconf 89' lang='lat' dir='ltr'><strong>ignis</strong></span> <span class='ocrx_word' id='word_1_1079' title='bbox 3011 4851 3215 4928; x_wconf 72' lang='lat' dir='ltr'><strong>aerem,</strong></span> <span class='ocrx_word' id='word_1_1080' title='bbox 3239 4864 3289 4906; x_wconf 89' lang='lat' dir='ltr'><strong>et</strong></span> <span class='ocrx_word' id='word_1_1081' title='bbox 3310 4851 3524 4928; x_wconf 41' lang='lat' dir='ltr'><strong>aerhhtt-</strong></span> 
     </span>
    </p>
   </div>
   <div class='ocr_carea' id='block_1_142' title="bbox 1993 4919 3524 4999">
    <p class='ocr_par' dir='ltr' id='par_1_142' title="bbox 1993 4919 3524 4999">
     <span class='ocr_line' id='line_1_145' title="bbox 1993 4919 3524 4999; baseline -0.008 -19"><span class='ocrx_word' id='word_1_1082' title='bbox 1993 4928 2155 4999; x_wconf 72' lang='lat' dir='ltr'><strong>mida,</strong></span> <span class='ocrx_word' id='word_1_1083' title='bbox 2182 4935 2235 4980; x_wconf 88' lang='lat' dir='ltr'><strong>et</strong></span> <span class='ocrx_word' id='word_1_1084' title='bbox 2263 4928 2448 4979; x_wconf 88' lang='lat' dir='ltr'><strong>humor</strong></span> <span class='ocrx_word' id='word_1_1085' title='bbox 2478 4919 2707 4999; x_wconf 78' lang='lat' dir='ltr'><strong>terrena,</strong></span> <span class='ocrx_word' id='word_1_1086' title='bbox 2737 4919 2915 4999; x_wconf 65' lang='lat' dir='ltr'><strong>afllcii,</strong></span> <span class='ocrx_word' id='word_1_1087' title='bbox 2946 4923 3298 4978; x_wconf 83' lang='lat' dir='ltr'><strong>subtilioribus</strong></span> <span class='ocrx_word' id='word_1_1088' title='bbox 3326 4919 3524 4999; x_wconf 71' lang='lat' dir='ltr'><strong>scilicet</strong></span> 
     </span>
    </p>
   </div>
   <div class='ocr_carea' id='block_1_143' title="bbox 1994 4989 3521 5068">
    <p class='ocr_par' dir='ltr' id='par_1_143' title="bbox 1994 4989 3521 5068">
     <span class='ocr_line' id='line_1_146' title="bbox 1994 4989 3521 5068; baseline -0.006 -19"><span class='ocrx_word' id='word_1_1089' title='bbox 1994 4996 2248 5068; x_wconf 74' lang='lat' dir='ltr'><strong>crassiora</strong></span> <span class='ocrx_word' id='word_1_1090' title='bbox 2314 4989 2724 5068; x_wconf 77' lang='lat' dir='ltr'><strong>penetrantibus.</strong></span> <span class='ocrx_word' id='word_1_1091' title='bbox 2791 4995 2995 5068; x_wconf 82' lang='lat' dir='ltr'><strong>Quanto</strong></span> <span class='ocrx_word' id='word_1_1092' title='bbox 3047 5003 3214 5046; x_wconf 88' lang='lat' dir='ltr'><strong>autem</strong></span> <span class='ocrx_word' id='word_1_1093' title='bbox 3270 4989 3521 5068; x_wconf 78' lang='lat' dir='ltr'><strong>quidquid</strong></span> 
     </span>
    </p>
   </div>
   <div class='ocr_carea' id='block_1_144' title="bbox 1995 5063 3526 5130">
    <p class='ocr_par' dir='ltr' id='par_1_144' title="bbox 1995 5063 3526 5130">
     <span class='ocr_line' id='line_1_147' title="bbox 1995 5063 3526 5130; baseline -0.007 -10"><span class='ocrx_word' id='word_1_1094' title='bbox 1995 5065 2238 5120; x_wconf 84' lang='lat' dir='ltr'><strong>subtilius</strong></span> <span class='ocrx_word' id='word_1_1095' title='bbox 2290 5074 2372 5115; x_wconf 87' lang='lat' dir='ltr'><strong>est</strong></span> <span class='ocrx_word' id='word_1_1096' title='bbox 2417 5063 2468 5115; x_wconf 93' lang='lat' dir='ltr'><strong>in</strong></span> <span class='ocrx_word' id='word_1_1097' title='bbox 2515 5071 2700 5116; x_wconf 89' lang='lat' dir='ltr'><strong>natura</strong></span> <span class='ocrx_word' id='word_1_1098' title='bbox 2729 5064 3007 5130; x_wconf 88' lang='lat' dir='ltr'><strong>corporali,</strong></span> <span class='ocrx_word' id='word_1_1099' title='bbox 3040 5072 3178 5114; x_wconf 87' lang='lat' dir='ltr'><strong>tanto</strong></span> <span class='ocrx_word' id='word_1_1100' title='bbox 3199 5070 3277 5112; x_wconf 88' lang='lat' dir='ltr'><strong>est</strong></span> <span class='ocrx_word' id='word_1_1101' title='bbox 3307 5063 3526 5110; x_wconf 82' lang='lat' dir='ltr'><strong>vicinius</strong></span> 
     </span>
    </p>
   </div>
   <div class='ocr_carea' id='block_1_145' title="bbox 1996 5131 3521 5200">
    <p class='ocr_par' dir='ltr' id='par_1_145' title="bbox 1996 5131 3521 5200">
     <span class='ocr_line' id='line_1_148' title="bbox 1996 5131 3521 5200; baseline -0.005 -11"><span class='ocrx_word' id='word_1_1102' title='bbox 1996 5143 2192 5189; x_wconf 68' lang='lat' dir='ltr'><strong>natura:</strong></span> <span class='ocrx_word' id='word_1_1103' title='bbox 2239 5133 2480 5200; x_wconf 85' lang='lat' dir='ltr'><strong>spiritali,</strong></span> <span class='ocrx_word' id='word_1_1104' title='bbox 2537 5133 2769 5199; x_wconf 82' lang='lat' dir='ltr'><strong>quamvis</strong></span> <span class='ocrx_word' id='word_1_1105' title='bbox 2819 5133 2971 5200; x_wconf 79' lang='lat' dir='ltr'><strong>longe</strong></span> <span class='ocrx_word' id='word_1_1106' title='bbox 3021 5131 3245 5200; x_wconf 83' lang='lat' dir='ltr'><strong>distante</strong></span> <span class='ocrx_word' id='word_1_1107' title='bbox 3289 5141 3521 5200; x_wconf 76' lang='lat' dir='ltr'><strong>genere.</strong></span> 
     </span>
    </p>
   </div>
   <div class='ocr_carea' id='block_1_146' title="bbox 1994 5198 3524 5274">
    <p class='ocr_par' dir='ltr' id='par_1_146' title="bbox 1994 5198 3524 5274">
     <span class='ocr_line' id='line_1_149' title="bbox 1994 5198 3524 5274; baseline -0.005 -20"><span class='ocrx_word' id='word_1_1108' title='bbox 1994 5198 2416 5274; x_wconf 72' lang='lat' dir='ltr'><strong>quandoquidem</strong></span> <span class='ocrx_word' id='word_1_1109' title='bbox 2465 5198 2588 5254; x_wconf 85' lang='lat' dir='ltr'><strong>illud</strong></span> <span class='ocrx_word' id='word_1_1110' title='bbox 2625 5216 2816 5274; x_wconf 89' lang='lat' dir='ltr'><strong>corpus</strong></span> <span class='ocrx_word' id='word_1_1111' title='bbox 2857 5198 2957 5263; x_wconf 84' lang='lat' dir='ltr'><strong>est,</strong></span> <span class='ocrx_word' id='word_1_1112' title='bbox 3008 5199 3147 5274; x_wconf 72' lang='lat' dir='ltr'><strong>illud</strong></span> <span class='ocrx_word' id='word_1_1113' title='bbox 3181 5209 3421 5274; x_wconf 78' lang='lat' dir='ltr'><strong>nonest.</strong></span> <span class='ocrx_word' id='word_1_1114' title='bbox 3451 5198 3524 5247; x_wconf 79' lang='lat' dir='ltr'><strong>Ac</strong></span> 
     </span>
    </p>
   </div>
   <div class='ocr_carea' id='block_1_147' title="bbox 1996 5267 3521 5343">
    <p class='ocr_par' dir='ltr' id='par_1_147' title="bbox 1996 5267 3521 5343">
     <span class='ocr_line' id='line_1_150' title="bbox 1996 5267 3521 5343; baseline -0.003 -19"><span class='ocrx_word' id='word_1_1115' title='bbox 1996 5267 2088 5341; x_wconf 86' lang='lat' dir='ltr'><strong>per</strong></span> <span class='ocrx_word' id='word_1_1116' title='bbox 2114 5271 2211 5324; x_wconf 89' lang='lat' dir='ltr'><strong>hoc</strong></span> <span class='ocrx_word' id='word_1_1117' title='bbox 2225 5267 2480 5343; x_wconf 82' lang='lat' dir='ltr'><strong>quoniam</strong></span> <span class='ocrx_word' id='word_1_1118' title='bbox 2512 5273 2706 5323; x_wconf 86' lang='lat' dir='ltr'><strong>sentire</strong></span> <span class='ocrx_word' id='word_1_1119' title='bbox 2727 5267 2829 5343; x_wconf 68' lang='lat' dir='ltr'><strong>non</strong></span> <span class='ocrx_word' id='word_1_1120' title='bbox 2849 5278 2928 5322; x_wconf 87' lang='lat' dir='ltr'><strong>est</strong></span> <span class='ocrx_word' id='word_1_1121' title='bbox 2945 5267 3199 5336; x_wconf 88' lang='lat' dir='ltr'><strong>corporis.</strong></span> <span class='ocrx_word' id='word_1_1122' title='bbox 3214 5270 3313 5343; x_wconf 66' lang='lat' dir='ltr'><strong>sed</strong></span> <span class='ocrx_word' id='word_1_1123' title='bbox 3334 5267 3521 5343; x_wconf 72' lang='lat' dir='ltr'><strong>anian</strong></span> 
     </span>
    </p>
   </div>
   <div class='ocr_carea' id='block_1_148' title="bbox 1999 5337 3518 5410">
    <p class='ocr_par' dir='ltr' id='par_1_148' title="bbox 1999 5337 3518 5410">
     <span class='ocr_line' id='line_1_151' title="bbox 1999 5337 3518 5410; baseline -0.009 -15"><span class='ocrx_word' id='word_1_1124' title='bbox 1999 5337 2089 5410; x_wconf 83' lang='lat' dir='ltr'><strong>per</strong></span> <span class='ocrx_word' id='word_1_1125' title='bbox 2131 5337 2343 5406; x_wconf 86' lang='lat' dir='ltr'><strong>corpus,</strong></span> <span class='ocrx_word' id='word_1_1126' title='bbox 2376 5340 2496 5392; x_wconf 89' lang='lat' dir='ltr'><strong>licet</strong></span> <span class='ocrx_word' id='word_1_1127' title='bbox 2534 5351 2689 5410; x_wconf 84' lang='lat' dir='ltr'><strong>acute</strong></span> <span class='ocrx_word' id='word_1_1128' title='bbox 2709 5337 2995 5390; x_wconf 87' lang='lat' dir='ltr'><strong>disseratur</strong></span> <span class='ocrx_word' id='word_1_1129' title='bbox 3034 5337 3320 5390; x_wconf 87' lang='lat' dir='ltr'><strong>secundum</strong></span> <span class='ocrx_word' id='word_1_1130' title='bbox 3347 5337 3518 5386; x_wconf 86' lang='lat' dir='ltr'><strong>diver-</strong></span> 
     </span>
    </p>
   </div>
   <div class='ocr_carea' id='block_1_149' title="bbox 1997 5407 3520 5481">
    <p class='ocr_par' dir='ltr' id='par_1_149' title="bbox 1997 5407 3520 5481">
     <span class='ocr_line' id='line_1_152' title="bbox 1997 5407 3520 5481; baseline -0.003 -19"><span class='ocrx_word' id='word_1_1131' title='bbox 1997 5407 2616 5481; x_wconf 78' lang='lat' dir='ltr'><strong>sitatetn__cor_poreorum</strong></span> <span class='ocrx_word' id='word_1_1132' title='bbox 2645 5407 3021 5481; x_wconf 82' lang='lat' dir='ltr'><strong>elementorum</strong></span> <span class='ocrx_word' id='word_1_1133' title='bbox 3050 5421 3235 5481; x_wconf 82' lang='lat' dir='ltr'><strong>sensus</strong></span> <span class='ocrx_word' id='word_1_1134' title='bbox 3267 5419 3386 5481; x_wconf 55' lang='lat' dir='ltr'><strong>esse</strong></span> <span class='ocrx_word' id='word_1_1135' title='bbox 3402 5414 3520 5477; x_wconf 57' lang='lat' dir='ltr'><strong>Cot-</strong></span> 
     </span>
    </p>
   </div>
   <div class='ocr_carea' id='block_1_150' title="bbox 2000 5471 3515 5549">
    <p class='ocr_par' dir='ltr' id='par_1_150' title="bbox 2000 5471 3515 5549">
     <span class='ocr_line' id='line_1_153' title="bbox 2000 5471 3515 5549; baseline -0.005 -19"><span class='ocrx_word' id='word_1_1136' title='bbox 2000 5479 2142 5547; x_wconf 87' lang='lat' dir='ltr'><strong>poris</strong></span> <span class='ocrx_word' id='word_1_1137' title='bbox 2188 5471 2528 5538; x_wconf 87' lang='lat' dir='ltr'><strong>distributos;</strong></span> <span class='ocrx_word' id='word_1_1138' title='bbox 2580 5475 2752 5529; x_wconf 85' lang='lat' dir='ltr'><strong>anima</strong></span> <span class='ocrx_word' id='word_1_1139' title='bbox 2806 5487 2975 5549; x_wconf 77' lang='lat' dir='ltr'><strong>tamen</strong></span> <span class='ocrx_word' id='word_1_1140' title='bbox 3025 5478 3108 5531; x_wconf 86' lang='lat' dir='ltr'><strong>cui</strong></span> <span class='ocrx_word' id='word_1_1141' title='bbox 3137 5471 3407 5549; x_wconf 72' lang='lat' dir='ltr'><strong>sentiendi</strong></span> <span class='ocrx_word' id='word_1_1142' title='bbox 3439 5471 3515 5522; x_wconf 69' lang='lat' dir='ltr'><strong>vis</strong></span> 
     </span>
    </p>
   </div>
   <div class='ocr_carea' id='block_1_151' title="bbox 1999 5544 3513 5612">
    <p class='ocr_par' dir='ltr' id='par_1_151' title="bbox 1999 5544 3513 5612">
     <span class='ocr_line' id='line_1_154' title="bbox 1999 5544 3513 5612; baseline -0.009 -12"><span class='ocrx_word' id='word_1_1143' title='bbox 1999 5544 2151 5611; x_wconf 86' lang='lat' dir='ltr'><strong>inest,</strong></span> <span class='ocrx_word' id='word_1_1144' title='bbox 2196 5557 2321 5600; x_wconf 86' lang='lat' dir='ltr'><strong>cum</strong></span> <span class='ocrx_word' id='word_1_1145' title='bbox 2357 5559 2604 5612; x_wconf 85' lang='lat' dir='ltr'><strong>corporea</strong></span> <span class='ocrx_word' id='word_1_1146' title='bbox 2652 5560 2764 5600; x_wconf 88' lang='lat' dir='ltr'><strong>non</strong></span> <span class='ocrx_word' id='word_1_1147' title='bbox 2798 5548 2883 5605; x_wconf 87' lang='lat' dir='ltr'><strong>sit.</strong></span> <span class='ocrx_word' id='word_1_1148' title='bbox 2938 5560 3027 5610; x_wconf 87' lang='lat' dir='ltr'><strong>per</strong></span> <span class='ocrx_word' id='word_1_1149' title='bbox 3071 5544 3302 5600; x_wconf 65' lang='grc' dir='ltr'><strong>ευὺιῌίυδ</strong></span> <span class='ocrx_word' id='word_1_1150' title='bbox 3325 5552 3513 5601; x_wconf 78' lang='lat' dir='ltr'><strong>corpus</strong></span> 
     </span>
    </p>
   </div>
   <div class='ocr_carea' id='block_1_152' title="bbox 1999 5611 3512 5687">
    <p class='ocr_par' dir='ltr' id='par_1_152' title="bbox 1999 5611 3512 5687">
     <span class='ocr_line' id='line_1_155' title="bbox 1999 5611 3512 5687; baseline -0.005 -18"><span class='ocrx_word' id='word_1_1151' title='bbox 1999 5616 2157 5687; x_wconf 77' lang='lat' dir='ltr'><strong>agitat</strong></span> <span class='ocrx_word' id='word_1_1152' title='bbox 2190 5611 2747 5687; x_wconf 12' lang='lat' dir='ltr'><strong>«lgorempseutieudi.</strong></span> <span class='ocrx_word' id='word_1_1153' title='bbox 2795 5616 3003 5687; x_wconf 71' lang='lat' dir='ltr'><strong>inchoat</strong></span> <span class='ocrx_word' id='word_1_1154' title='bbox 3036 5615 3103 5687; x_wconf 80' lang='lat' dir='ltr'><strong>ita</strong></span> <span class='ocrx_word' id='word_1_1155' title='bbox 3118 5626 3208 5687; x_wconf 56' lang='lat' dir='ltr'><strong>ine</strong></span> <span class='ocrx_word' id='word_1_1156' title='bbox 3231 5621 3424 5687; x_wconf 85' lang='lat' dir='ltr'><strong>motum</strong></span> <span class='ocrx_word' id='word_1_1157' title='bbox 3458 5622 3512 5681; x_wconf 83' lang='lat' dir='ltr'><strong>ut</strong></span> 
     </span>
    </p>
   </div>
   <div class='ocr_carea' id='block_1_153' title="bbox 2001 5681 3518 5745">
    <p class='ocr_par' dir='ltr' id='par_1_153' title="bbox 2001 5681 3518 5745">
     <span class='ocr_line' id='line_1_156' title="bbox 2001 5681 3518 5745; baseline -0.008 -3"><span class='ocrx_word' id='word_1_1158' title='bbox 2001 5681 2522 5742; x_wconf 57' lang='lat' dir='ltr'><strong>oiuttibus&#39;scnsibus</strong></span> <span class='ocrx_word' id='word_1_1159' title='bbox 2565 5682 2629 5738; x_wconf 87' lang='lat' dir='ltr'><strong>ad</strong></span> <span class='ocrx_word' id='word_1_1160' title='bbox 2669 5681 3005 5738; x_wconf 83' lang='lat' dir='ltr'><strong>subtilitatem</strong></span> <span class='ocrx_word' id='word_1_1161' title='bbox 3034 5682 3185 5745; x_wconf 77' lang='lat' dir='ltr'><strong>ianis,</strong></span> <span class='ocrx_word' id='word_1_1162' title='bbox 3212 5681 3300 5735; x_wconf 83' lang='lat' dir='ltr'><strong>sed</strong></span> <span class='ocrx_word' id='word_1_1163' title='bbox 3330 5694 3433 5732; x_wconf 84' lang='lat' dir='ltr'><strong>non</strong></span> <span class='ocrx_word' id='word_1_1164' title='bbox 3464 5691 3518 5730; x_wconf 84' lang='lat' dir='ltr'><strong>tu</strong></span> 
     </span>
    </p>
   </div>
  </div>
