3934 6222
542 387 645 441 ἳῐῦ

1023 393 1219 448 DlﬁlM-J
1264 392 1702 446 VEXERHHLIS
1725 394 1872 446 ΟΝ).
1907 392 2078 448 PARS
2130 392 2194 447 ll.
2232 393 2422 449 SECT.
2457 396 2521 450 ll.
2551 425 2616 434 -—
2643 396 2844 452 DUBM
2887 397 2970 451 ET
3008 397 3275 452 SPURIA.

3643 398 3748 451 2l6

540 501 783 552 omnibus
833 501 902 578 ad
946 501 1081 554 idem
1135 504 1354 578 pertinet
1383 546 1397 568 ,
1428 503 1500 578 _in
1527 504 1637 578 visu
1668 504 1808 578 enim
1839 507 2073 578 pervenit
2106 502 2149 558 Α
2181 501 2382 566 buntur,
2420 512 2475 557 ut
2520 504 2703 578 beatus
2748 508 3063 578 Augustinus
3084 511 3212 564 dicit
3243 510 3380 578 quod
3419 529 3439 561 ς
3481 511 3660 563 bestia:
3691 513 3744 565 in

540 584 792 645 represso
826 570 1020 645 calore,
1071 587 1233 645 usque
1278 574 1342 624 ad
1393 571 1505 638 ejus
1554 574 1761 645 incerti,
1799 575 1848 624 in
1879 575 2083 645 auditu,

539 654 702 705 usque
730 640 792 690 ad
817 640 934 710 pejus
978 641 1301 706 liquidiorem
1352 656 1524 692 aerem
1567 641 1709 694 calor
1751 643 1881 707 ignis
1928 640 2081 710 penei

539 718 670 768 trat;
702 711 749 759 in
778 709 967 763 olfactu
996 722 1165 762 autem
1201 711 1383 763 transit
1411 725 1500 762 aer
1532 726 1712 776 purus,
1761 724 1811 764 et
1843 709 2080 774 pervenit

537 778 600 830 ad
636 779 896 832 humidam
942 782 1346 840 exhalationem,
1382 781 1518 833 unde
1547 796 1774 834 crassmr
1815 783 1926 836 htee
1955 800 2078 842 aura

538 849 805 918 subsistit;
855 851 904 900 in
947 859 1152 916 gnatam
1182 862 1233 902 et
1264 854 1397 902 hanc
1423 852 1624 910 transit,
1648 865 1697 902 et
1729 856 1961 918 pervenit
1992 873 2078 910 us-

537 934 638 984 que
689 917 754 970 ad
804 919 1074 970 humorem
1107 920 1566 983 eorpulentiorern,
1595 936 1698 985 quo
1727 925 1884 974 etiam
1922 941 2077 990 pene-

541 997 675 1039 trato
721 997 878 1053 atque
925 993 1207 1051 transiecta
1233 1004 1350 1040 cum
1383 990 1444 1040 ad
1479 999 1737 1042 terrenam
1768 994 2072 1058 gravitatem

535 1058 793 1128 pervenit,
846 1059 1088 1124 tangendi
1131 1061 1365 1110 ultimum
1408 1075 1619 1113 sensum
1649 1062 1772 1128 agit.
1809 1062 2073 1126 Inquiren-

535 1125 658 1198 duni
685 1135 765 1180 est
792 1136 962 1198 autem
995 1128 1199 1194 quando
1229 1129 1433 1181 m‘niini
1467 1131 1652 1193 pisces.
1686 1125 1774 1183 'vcl
1801 1125 2068 1198 animalia,

535 1196 644 1248 sive
691 1196 978 1259 ventriculi,
1011 1199 1146 1264 quod
1181 1199 1448 1263 Scriptura
1481 1215 1581 1251 non
1614 1201 1869 1259 meminit,
1909 1196 2070 1257 creati

535 1265 754 1338 inissent
783 1308 795 1331 ,
842 1267 964 1319 dum
1016 1268 1149 1320 ratio
1193 1267 1496 1334 inquirenda
1546 1277 1645 1329 est,
1696 1269 1763 1320 ab
1791 1272 2070 1338 elephanto

535 1337 763 1388 maximo
804 1352 968 1403 usque
1007 1338 1069 1388 ad
1108 1339 1449 1390 vermiculout
1479 1339 1771 1396 minimum.
1802 1337 2069 1402 quomodo

535 1407 696 1457 creati
765 1406 996 1459 fuerunt.
1045 1407 1179 1480 Ergo
1231 1411 1434 1458 ratione
1480 1407 1730 1480 debemus
1773 1409 2067 1480 intelligere

533 1476 669 1546 unde
696 1478 868 1546 veniat
895 1485 992 1528 tsta
1023 1477 1234 1528 minima
1264 1486 1522 1538 creatura,
1548 1478 1667 1527 dum
1697 1476 1964 1546 Scriptura
1987 1485 2067 1536 hic

532 1545 658 1596 nihil
711 1545 997 1610 indicavit;
1053 1547 1443 1614 intelligendum
1501 1556 1579 1599 est
1634 1545 1822 1609 enim,
1858 1555 2067 1614 quando

533 1614 666 1665 Dens
715 1618 974 1679 separavit
1026 1631 1184 1681 aquas
1225 1617 1290 1667 ab
1327 1617 1472 1684 aquis
1501 1656 1514 1677 ,
1567 1627 1688 1669 tunc
1715 1619 1927 1671 minima
1953 1623 2065 1673 ani.

532 1684 714 1756 utalia,
756 1700 872 1749 qure
916 1687 980 1737 de
1029 1687 1178 1753 aquis
1225 1687 1543 1750 el'lieinntur,
1575 1688 1624 1739 in
1657 1689 1782 1753 ipsis
1807 1692 1954 1756 aquis
1977 1708 2066 1743 na-

532 1763 640 1805 tura
667 1755 868 1806 illorum
894 1757 1235 1809 consistebat.
1271 1757 1329 1827 lat
1357 1755 1427 1807 illi
1448 1771 1668 1818 vermes,
1688 1760 1775 1823 qui
1793 1755 2065 1827 decorpo-

2186 587 2375 646 genere
2396 589 2492 646 suo
2519 577 2765 628 concives
2795 577 2967 630 sunt»
2997 581 3058 632 Et
3079 577 3286 646 quando
3310 581 3494 634 vident
3519 581 3741 633 bestiam

2183 641 2251 694 de
2273 643 2414 719 “cive
2447 643 2692 707 aliorum,
2739 647 2913 719 statim
2964 641 3178 701 inter'se
3212 651 3441 719 litigant,
3477 652 3596 715 quia
3625 654 3742 702 ani-

2183 711 2335 763 malia
2369 712 2545 783 vivunt
2569 725 2622 766 et
2650 716 2886 767 sentiunt
2912 733 2925 776 ;
2959 719 3172 770 arbores
3202 711 3400 783 autem,
3426 711 3573 772 Vsicut
3600 720 3740 773 dixi-

2180 794 2314 842 mus,
2364 781 2559 840 vivunt.
2615 794 2669 836 et
2719 799 2823 836 non
2853 788 3102 838 sentiunt.
3141 787 3309 840 llorno
3339 781 3468 843 vero
3499 789 3646 850 vivit,
3681 799 3741 842 et

2177 852 2356 922 sentit,
2406 862 2460 922 et
2508 854 2768 922 intelligit,
2822 859 2941 922 quia
2973 857 3126 909 hibet
3155 857 3491 912 discernendi
3523 858 3735 911 discre-

2180 921 2372 972 tionem
2404 921 2536 975 inter
2567 921 2762 975 bonum
2787 933 2839 976 et
2869 924 3082 980 malum.

2621 1031 2698 1085 De
2733 1036 2981 1088 creatione
3009 1037 3284 1090 hominum.

2244 1117 2313 1193 Et_
2351 1120 2472 1172 vidit
2513 1119 2668 1193 Deus,
2699 1125 2832 1192 quod
2853 1136 2976 1177 esset
3007 1127 3210 1193 bonum,
3251 1139 3297 1181 et
3317 1129 3390 1180 ait
3410 1145 3428 1181 :
3461 1127 3741 1187 Faciamus

2173 1185 2427 1261 hominem
2457 1191 2523 1242 ad
2545 1185 2807 1261 imaginem
2837 1206 2879 1246 et
2910 1185 3289 1249 similitudinem
3318 1211 3567 1250 nostram.

2245 1256 2479 1332 Propter
2530 1256 2898 1332 insinuandam
2974 1267 3325 1327 pluralitatern
3379 1282 3728 1332 personarum

2170 1325 2294 1400 dicit
2341 1327 2531 1400 Patris,
2566 1325 2619 1382 et
2661 1331 2804 1395 Filii,
2838 1345 2889 1386 et
2915 1325 3141 1400 spiritus
3167 1337 3354 1388 sancti.
3380 1325 3529 1388 illico
3551 1342 3728 1390 statim

2170 1397 2437 1465 subjungit
2465 1399 2644 1454 dicens
2675 1421 2685 1453 :
2719 1401 2781 1452 Et
2813 1397 2996 1455 creavit
3033 1403 3162 1457 Deus
3189 1406 3461 1465 hominem,
3483 1416 3730 1458 utosten-

2169 1463 2320 1540 deret
2364 1463 2652 1540 maiestatis
2705 1473 2975 1536 unitatem,
3009 1473 3122 1540 ejus
3159 1476 3222 1525 ad
3256 1463 3560 1538 imaginem,
3591 1476 3729 1528 idem

2171 1544 2224 1586 ut
2275 1536 2586 1608 iunnortzilis
2636 1552 2986 1606 permaneret.
3023 1536 3087 1595 Et
3127 1536 3557 1608 similitudinem,
3590 1547 3727 1596 idem

2170 1605 2596 1673 utrintellecutm
2640 1605 2835 1661 mentis
2883 1612 3166 1673 habuisset,
3223 1628 3326 1666 non
3374 1624 3431 1666 ut
3478 1605 3726 1666 animalia

2171 1672 2384 1742 habent,
2438 1679 2527 1742 qui
2579 1677 2818 1730 tuest-lunt
2869 1672 3172 1735 discernere
3209 1682 3475 1736 bonuutet
3509 1687 3724 1736 malum.

2171 1737 2263 1815 ille
2291 1737 2470 1796 autem
2495 1760 2597 1815 non
2623 1747 2955 1803 lineamentis
2987 1764 3209 1815 corpora
3238 1753 3425 1814 induit,
3452 1756 3545 1804 Sed
3578 1755 3728 1807 intel-

528 1823 670 1875 rihus
701 1836 1024 1878 ninrtuorutn
1058 1836 1195 1897 suui,
1217 1825 1353 1897 unde
1385 1810 2058 1894 veniunt?'ltitelligendiim

2176 1810 2364 1862 lectum
2413 1814 2623 1892 mentis,
2680 1825 2733 1868 ιιι
2771 1810 3096 1897 intelligeret
3128 1810 3430 1897 Creatorem
3471 1838 3625 1874 suum
3675 1823 3735 1897 in

527 1904 630 1953 est,
660 1894 795 1958 quod
827 1896 874 1945 in
911 1909 1128 1959 Corpora
1163 1895 1356 1946 habent
1385 1908 1564 1946 eorum
1592 1897 1819 1958 vigorem
1850 1914 2068 1954 nascen-

529 1963 600 2013 di.
633 1963 686 2014 Si
717 1977 844 2040 aqua
881 1965 1084 2030 tegebat
1117 1976 1328 2040 terram,
1360 1978 1423 2040 an
1459 1975 1594 2018 terra
1641 1981 1848 2032 aquam,
1876 1969 1922 2020 id
1948 1970 2068 2040 (sic)

531 2047 661 2104 aqua
693 2033 898 2098 tegebat
927 2042 1142 2097 terram,
1175 2036 1320 2102 quasi
1351 2035 1520 2101 aliqua
1561 2051 1676 2099 pars
1709 2047 1861 2090 terra:
1887 2033 2065 2104 elapsa

525 2102 672 2153 tuerit
704 2115 862 2166 super
889 2117 1099 2168 aquam,
1129 2105 1302 2156 statim
1333 2117 1514 2172 erupta
1545 2117 1624 2159 est
1650 2121 1780 2172 aqua
1812 2109 1859 2161 in
1896 2102 2066 2165 locum

528 2185 678 2224 suum
713 2181 850 2223 terra
895 2176 1191 2227 revertitur.
1223 2174 1494 2238 Quomodo
1521 2185 1693 2227 autem
1724 2178 1850 2230 dicit
1881 2180 1931 2232 in
1963 2183 2066 2232 alio

524 2239 638 2291 loco
684 2259 696 2292 :
745 2243 863 2306 quia
910 2244 1018 2306 ipse
1065 2260 1214 2310 super
1254 2247 1413 2315 maria
1444 2247 1822 2312 [andaviteam,
1853 2259 1898 2299 et
1919 2265 2068 2315 super

521 2312 729 2384 ﬂumina
779 2314 1074 2384 prirparm'it
1123 2316 1262 2366 illam
1302 2314 1469 2378 (Psat.
1519 2317 1690 2382 χχιιι).
1732 2317 1784 2368 Si
1819 2319 1899 2369 hic
1931 2312 2064 2384 aqua

523 2381 725 2443 tegebat
757 2389 966 2443 terram,
1002 2383 1050 2434 id
1081 2393 1168 2435 aut
1195 2385 1261 2437 de
1292 2385 1460 2435 altiori
1496 2394 1629 2437 terra
1654 2381 1762 2437 hoc
1793 2387 1939 2446 dicit,
1976 2381 2061 2441 ubi

525 2459 727 2502 titonti-s
769 2466 882 2504 esse
932 2453 1201 2518 videntur;
1248 2463 1342 2506 aut
1391 2453 1450 2504 de
1501 2456 1682 2506 insulis
1717 2457 1840 2508 illud
1869 2459 2062 2512 dictum

521 2528 622 2578 est,
675 2520 758 2572 ubi
817 2533 948 2574 terra
1000 2525 1155 2574 altior
1182 2535 1258 2575 est
1286 2539 1438 2591 quam
1470 2539 1621 2591 aqua.
1647 2528 1744 2575 Sed
1772 2527 1938 2591 magis
1967 2530 2062 2579 hoc

519 2591 806 2660 secundum
849 2605 1059 2645 sensum
1104 2593 1492 2658 intelligendum
1523 2604 1623 2650 est.
1652 2597 1767 2659 quia
1798 2595 2062 2660 simplices

525 2656 572 2732 in
603 2659 836 2732 Ecclesia
857 2675 1014 2726 super
1042 2656 1322 2726 prudentes
1346 2663 1543 2714 fundati
1569 2656 1691 2715 sunt
1715 2680 1726 2725 ;
1751 2673 1802 2716 et
1828 2656 2062 2732 ita'aqnte

523 2730 651 2779 viva:
698 2730 956 2792 dicuntur,
1004 2733 1121 2800 quia
1152 2739 1444 2785 sustentant
1472 2747 1561 2785 eus
1588 2749 1719 2799 quos
1746 2730 2060 2786 infirmiores

520 2812 638 2849 esse
674 2801 1020 2864 conspiciunt.
1073 2801 1200 2866 Quia
1252 2813 1499 2865 quantum
1534 2813 1610 2855 cst
1641 2804 1776 2854 inter
1812 2807 1979 2855 lunatn
2010 2813 2064 2856 et

519 2867 684 2919 sidera
715 2871 858 2933 0ωεί,
891 2880 1087 2921 tantum
1112 2882 1190 2923 est
1215 2872 1346 2922 inter
1373 2881 1602 2923 sanctam
1637 2873 1974 2926 rusticitatem
2009 2885 2062 2926 et

521 2947 750 2987 sanctam
778 2940 1185 3003 simplicitatem.
1216 2940 1390 2992 Pisces
1417 2952 1588 2993 autern
1616 2943 1751 2994 unde
1784 2958 2060 3005 procrean-

521 3017 619 3068 tur,
651 3009 713 3057 de
763 3023 918 3074 aqua,
952 3018 1038 3061 aut
1087 3010 1150 3063 de
1180 3011 1522 3074 semetipsis?
1563 3011 1614 3062 ld
1666 3013 2060 3079 intelligendum

517 3084 614 3138 est,
667 3080 785 3140 quia
826 3080 891 3131 de
936 3080 1083 3146 aquis
1117 3090 1474 3146 procreantur,
1501 3081 1623 3132 dum
1651 3077 1777 3131 dicit
1810 3077 2058 3133 {Produ-

512 3157 628 3222 cqrit
680 3162 820 3231 aquic-
861 3151 1036 3212 reptile
1079 3150 1283 3231 aniinrc'
1309 3151 1529 3228 virentis.
1583 3149 1946 3228 Beuedixitque
1988 3153 2056 3204 eis
2087 3170 2131 3231 ρ

509 3214 680 3285 dicem
711 3231 728 3269 :
769 3216 983 3268 (It-emite
1011 3227 1056 3269 et
1084 3218 1509 3285 multiplicnnini,
1542 3233 1702 3285 quare
1731 3219 1826 3270 ista
1858 3214 2058 3272 anima-

511 3285 578 3334 lia
595 3284 1024 3340 -benedictionein
1056 3284 1296 3354 accipere
1321 3284 1773 3341 merueruntsicut
1797 3289 1984 3342 homo?
2003 3289 2059 3342 ld

510 3360 568 3404 ut
591 3354 956 3420 intelligamus,
990 3359 1140 3410 istam
1169 3357 1590 3410 benedicrionem
1621 3359 1670 3410 in
1709 3359 1915 3411 cretei-is
1946 3359 2060 3413 ani-

509 3423 731 3474 malibus
759 3439 1082 3490 permanere.

1017 3515 1143 3571 Item
1177 3519 1560 3590 Recapitulatio.

582 3604 856 3684 Etiterum
889 3609 1025 3663 inter
1057 3610 1167 3684 haec
1196 3613 1280 3666 die
1302 3614 1478 3684 quinta
1513 3613 1645 3664 facta
1677 3625 1797 3668 sunt
1831 3615 1880 3668 in
1907 3617 2055 3684 aquis

506 3678 710 3746 reptilia
737 3679 1027 3734 animarum
1065 3678 1587 3746 vivaruin,rliomines
1604 3683 1802 3736 scilicet
1820 3678 2056 3738 renovati

503 3745 752 3818 invitam
809 3764 903 3816 per
938 3752 1177 3818 baptismi
1227 3745 1644 3816 Sacrarnentum;
1699 3756 1831 3806 facta
1859 3766 2058 3808 suntet

509 3815 758 3882 volatilia,
789 3815 838 3871 id
866 3827 966 3884 est,
995 3815 1188 3873 sancte
1216 3822 1405 3874 animae
1445 3824 1510 3875 ad
1537 3838 1763 3889 superna
1797 3825 2055 3884 volantes.

1038 3928 1122 3981 DE
1156 3929 1262 3983 DIE
1290 3931 1529 3987 SEXTA.

584 4040 721 4092 Dixit
767 4058 957 4110 quoque
986 4043 1115 4097 Deus
1145 4061 1164 4098 :
1195 4045 1451 4099 Producut
1483 4058 1614 4099 terra
1641 4051 1862 4103 animum
1889 4051 2054 4104 viven-

508 4120 605 4159 tcm
644 4110 695 4186 iri
742 4127 915 4178 genere
953 4131 1042 4186 suo
1064 4119 1295 4182 jumentu
1329 4128 1374 4168 rt
1409 4118 1608 4186 reptiiiu
1638 4129 1681 4170 et
1705 4121 1884 4173 bestias
1915 4133 2058 4173 terra:

507 4180 778 4258 secundum
828 4185 1014 4248 species
1061 4180 1198 4247 suos,
1245 4196 1292 4238 et
1324 4180 1586 4255 jumenta,
1627 4199 1670 4240 et
1713 4204 1856 4240 omne
1881 4192 2057 4258 reptile

507 4256 649 4300 terrre
671 4249 718 4300 in
744 4266 920 4316 genere
940 4270 1029 4305 suo
1055 4259 1237 4306 animae
1261 4249 1480 4308 virentis.

579 4318 642 4370 Et
663 4321 916 4386 simplicia
947 4324 1214 4387 animalia,
1241 4340 1358 4390 qua:
1383 4327 1500 4377 data
1528 4337 1652 4380 sunt
1685 4327 1734 4380 in
1763 4343 1912 4379 nsum
1958 4330 2051 4381 hii-

504 4401 659 4440 lnano
679 4392 1113 4463 gerie.'i;ireptilia
1138 4409 1281 4457 vero,
1311 4395 1396 4462 qui
1424 4406 1624 4463 reptant
1652 4410 1810 4461 super
1837 4408 2050 4460 terram,

502 4468 774 4535 serpeiites
819 4461 899 4513 vel
953 4474 1140 4535 meti-ra
1189 4461 1336 4515 sunt.
1383 4463 1447 4515 Et
1486 4461 1677 4518 ibestiie
1721 4477 1872 4518 terrae
1903 4479 2043 4535 sunt,

2178 1893 2488 1945 perpetuum
2512 1886 2626 1938 sine
2650 1888 2968 1942 mortalitate
3000 1889 3230 1944 laudire.
3259 1891 3345 1943 ille
3374 1907 3498 1941 vero
3529 1908 3641 1943 cum
3669 1894 3721 1943 in

2174 1949 2362 2029 (rariore
2409 1963 2554 2030 esset,
2605 1971 2704 2007 non
2746 1956 3015 2030 iuiellexit,
3047 1971 3370 2030 comparatus
3389 1969 3461 2012 est
3478 1964 3726 2030 jumemie

2171 2018 2636 2098 iitsipieittiltus,___et
2679 2027 2857 2098 similis
2904 2018 3066 2093 factus
3097 2018 3177 2098 esi,
3197 2031 3296 2081 illis
3321 2018 3496 2097 (Psal:
3524 2036 3725 2098 xum).

2174 2087 2304 2140 Dum
2356 2091 2493 2143 enim
2536 2093 2628 2146 ille
2677 2095 2835 2146 noluit
2865 2087 3120 2162 przecepta
3149 2087 3412 2152 Creatiiris
3439 2101 3524 2151 sui
3547 2087 3725 2152 obser-

2171 2173 2314 2230 vare,
2369 2163 2505 2226 quod
2551 2162 2598 2213 ei
2650 2174 2966 2229 prieceptum
3017 2178 3149 2230 erat,
3183 2170 3348 2220 factus
3378 2178 3462 2222 est
3491 2170 3726 2222 rnnrtalis

2171 2228 2544 2306 "‘_.ltttticriturt'i
2577 2231 2628 2282 in
2658 2228 2900 2306 corpore,
2931 2250 3031 2286 non
3058 2235 3106 2289 in
3136 2228 3329 2298 anima,
3354 2240 3474 2306 quia
3512 2241 3724 2292 immor-

2171 2299 2286 2374 ialt_s
2338 2310 2716 2374 permanserat.
2757 2299 2943 2374 Quare
2993 2306 3178 2358 iterum
3234 2322 3334 2360 nou
3372 2299 3621 2374 repetit:
3669 2308 3726 2360 Et

2169 2365 2282 2441 {ecii
2331 2368 2601 2441 hominem,
2650 2365 2878 2425 sicut'in
2904 2378 3109 2428 caeteris
3138 2379 3392 2429 creaturis
3415 2365 3549 2441 quis
3585 2392 3726 2428 crea-

2167 2435 2282 2485 vit?
2333 2437 2492 2503 hique
2554 2454 2656 2490 non
2727 2455 2944 2494 necesse
2999 2453 3133 2505 erat,
3181 2446 3298 2509 quia
3345 2435 3726 2499 intellectualis

2164 2514 2406 2578 creatura
2440 2516 2553 2578 erat
2581 2509 2716 2564 sicut
2737 2511 2930 2577 angeli,
2963 2512 3029 2564 ita
3052 2525 3104 2565 et
3130 2514 3308 2566 homo.
3339 2516 3470 2578 Quia
3506 2515 3610 2568 hoc
3651 2528 3721 2567 est

2164 2587 2210 2624 et
2243 2574 2545 2650 lieri,_quod
2575 2589 2657 2630 est
2688 2574 2982 2650 inteliige‘re
3013 2581 3238 2636 Verbum
3274 2574 3378 2636 Dei
3409 2585 3607 2644 Patris.
3637 2599 3720 2650 per

2163 2658 2316 2718 quem
2363 2644 2508 2718 facta
2562 2656 2674 2698 sunt
2721 2644 2888 2700 omnii}
2931 2649 3107 2717 (Joan.
3137 2654 3195 2718 t).
3245 2657 3420 2718 Quare
3453 2669 3560 2706 non
3599 2644 3720 2706 dicit

2165 2712 2464 2788 Secundum
2490 2730 2699 2788 genus,
2734 2719 2856 2770 dum
2891 2712 3119 2788 propago
3151 2712 3377 2775 ltouitnis
3409 2724 3718 2775 manifestis-

2162 2784 2293 2832 sima
2342 2783 2445 2858 sit?
2481 2784 2644 2858 idque
2690 2802 2791 2839 non
2838 2783 2953 2840 erat
2988 2783 3143 2858 opus,
3195 2793 3319 2844 dum
3377 2796 3552 2844 Adam
3603 2793 3715 2844 talis

2162 2859 2374 2905 creatus
2419 2855 2535 2917 luit,
2579 2867 2631 2906 ut
2662 2859 2971 2910 immortalis
3001 2855 3357 2926 permaneret,
3390 2874 3444 2914 ct
3480 2872 3708 2926 tempora

2165 2928 2470 2996 transirent,
2507 2935 2560 2977 et
2608 2926 2694 2977 illa
2729 2929 3038 2982 immortalis
3065 2944 3435 2996 permaneret;
3471 2942 3565 2982 aut
3593 2934 3708 2995 quia

2161 2990 2228 3063 de
2275 2992 2364 3044 illo
2415 2993 2699 3046 humanum
2748 3010 2913 3061 genus
2948 2990 3312 3063 processurum
3342 2990 3478 3063 erat.
3519 2990 3620 3052 non
3648 3001 3711 3053 de

2161 3059 2384 3136 diversis
2413 3074 2701 3136 eieztturis,
2740 3056 2876 3136 sicut
2924 3056 3044 3122 sunt
3071 3070 3276 3121 diversa
3301 3056 3494 3136 gene'ra
3521 3072 3718 3122 anima-

2164 3128 2312 3188 liuni,
2346 3133 2423 3184 vel
2458 3134 2672 3198 piscium
2706 3135 2785 3186 vel
2811 3137 3096 3190 volucrum.

2233 3199 2347 3274 Non
2395 3205 2532 3254 enim
2573 3203 2642 3255 ita
2682 3203 2779 3256 fuit
2827 3207 2894 3256 de
2942 3206 3172 3272 homine,
3203 3217 3257 3260 nt
3285 3209 3495 3260 diversa
3529 3223 3716 3274 genera

2167 3267 2434 3340 hominum
2467 3274 2684 3326 inissent
2713 3289 2872 3340 super
2902 3287 3127 3338 terram;
3159 3267 3248 3330 sed
3273 3281 3338 3329 de
3372 3294 3475 3329 uno
3507 3267 3718 3329 lioniino

2164 3337 2447 3413 humanum
2515 3358 2678 3409 genus
2743 3337 3036 3411 processit,
3086 3337 3203 3411 quia
3259 3349 3418 3399 homo
3466 3349 3718 3413 pra'ccllit

2162 3411 2496 3480 animalibus,
2527 3414 2647 3479 quia
2680 3429 2828 3466 mens
2863 3417 2978 3480 ejus
3004 3426 3177 3468 erecta
3211 3429 3291 3469 est
3320 3420 3381 3468 ad
3413 3411 3628 3478 cretum,
3662 3430 3712 3469 et

2162 3476 2403 3544 intelligit
2444 3476 2741 3553 Creatorem
2792 3476 2945 3535 suum
2994 3487 3045 3538 in
3092 3491 3284 3540 caelum
3334 3501 3594 3553 quaerere,
3619 3476 3722 3553 qui

2160 3563 2276 3599 eum
2301 3552 2512 3606 creavit.

2241 3616 2303 3668 Et
2337 3622 2505 3693 prwsit
2549 3624 2763 3688 piscibus
2810 3626 2985 3693 maris,
3017 3635 3061 3677 et
3085 3627 3369 3678 volatitiltus
3393 3625 3527 3688 crzli,
3559 3636 3604 3677 et
3631 3626 3719 3677 be-

2161 3691 2268 3743 stiis
2302 3691 2640 3761 unit'erircque
2683 3703 2941 3746 creaturw.
2973 3691 3052 3748 ιιι
3102 3707 3216 3755 est,
3273 3707 3328 3748 ut
3372 3696 3716 3761 semetipsum

2164 3760 2473 3826 intelligeret
2513 3760 2578 3814 ad
2632 3767 2908 3830 imaginem
2957 3765 3045 3817 Dei
3103 3767 3338 3829 laetum,
3393 3767 3514 3816 dum
3557 3760 3717 3820 tantis

2160 3833 2471 3902 ani_i_nalihus
2501 3833 2762 3886 intellectu
2797 3837 2984 3886 mentis
3012 3837 3289 3902 princellit.

2232 3898 2294 3949 Et
2335 3902 2516 3972 crearit
2560 3901 2694 3954 Deus
2735 3904 2984 3955 hominem
3014 3898 3089 3955 'ad
3121 3905 3252 3972 intag
3276 3921 3385 3956 nem
3439 3919 3603 3965 suam,
3650 3905 3719 3956 ad

2157 3970 2424 4038 imaginem
2474 3970 2567 4023 Dei
2613 3975 2793 4024 creavit
2838 3975 3005 4036 illum,
3059 3970 3334 4024 masculum
3385 3983 3428 4025 et
3478 3974 3717 4038 {cunnum

2158 4041 2341 4090 creavit
2389 4055 2490 4091 eos.
2543 4042 2676 4105 Quid
2705 4053 2786 4095 est
2814 4046 2952 4095 enim
2983 4043 3120 4108 quod
3153 4043 3400 4096 feminam
3436 4044 3563 4095 d.cit
3592 4059 3711 4096 cre-

2158 4124 2275 4160 asse
2318 4125 2434 4162 cuni
2487 4115 2740 4171 masculo,
2787 4128 2904 4176 qua:
2948 4112 3122 4164 adhuc
3170 4130 3271 4166 non
3318 4122 3433 4165 erat
3463 4117 3712 4174 l'orrnata,

2160 4179 2314 4243 idque
2340 4180 2404 4230 de
2436 4183 2598 4231 Adam
2629 4195 2936 4247 processura
2966 4193 3103 4243 erat,
3133 4184 3251 4249 quia
3277 4185 3482 4235 sicutin
3511 4197 3718 4234 semen-

2162 4257 2261 4298 tem
2291 4250 2494 4301 arboris
2528 4251 2686 4303 multa
2709 4255 3056 4305 occultantur.
3083 4254 3258 4305 Primo
3287 4253 3430 4304 enim
3462 4253 3508 4302 in
3537 4252 3718 4306 radice

2160 4319 2355 4388 ligitur,
2397 4320 2587 4373 deinde
2631 4321 2680 4373 in
2733 4323 3036 4386 qualitatem
3073 4322 3304 4384 arboris,
3360 4333 3411 4373 et
3446 4331 3626 4388 postea
3664 4323 3716 4374 in

2158 4387 2411 4442 ell'usioue
2438 4405 2723 4444 ramorum.
2761 4394 2820 4443 Et
2846 4392 3036 4444 exinde
3066 4391 3115 4442 in
3145 4391 3414 4444 viriditate
3439 4387 3714 4455 foliorum,

2159 4471 2210 4508 et
2250 4469 2473 4522 extera;
2521 4463 2587 4512 ita
2635 4472 2686 4513 et
2736 4461 2924 4512 femina
2957 4459 3004 4509 in
3035 4474 3260 4528 corpore
3289 4464 3459 4516 Adam
3489 4465 3713 4525 latebat,

505 4525 632 4604 nisi,
661 4526 854 4604 leones,
885 4532 1051 4604 pardi,
1072 4537 1149 4584 vel
1181 4543 1364 4604 caetera
1390 4551 1402 4595 ;
1429 4536 1608 4589 bestia)
1631 4550 1751 4588 vero
1772 4525 2042 4604 dicuntur,

2167 4528 2269 4604 piia
2296 4530 2359 4580 de
2381 4541 2521 4604 easta
2553 4532 2676 4604 Adit:
2705 4529 3102 4604 labricatahl'uit.

503 4598 750 4669 quidquid
783 4600 1026 4651 dentibus
1055 4610 1143 4653 aut
1173 4603 1374 4669 unguiis
1402 4616 1614 4669 pugnat.
1648 4607 1940 4668 Qnierenda
1959 4598 2041 4661 est

503 4666 669 4741 ιξιιὶιιι⁵
694 4669 844 4728 ratio,
897 4671 940 4722 si
985 4671 1080 4725 ista
1132 4666 1370 4741 artittialia
1396 4666 1732 4726 vet‘ieiiosa'in
1764 4675 2036 4741 principio,

501 4736 709 4799 quando
758 4749 933 4792 creata
982 4742 1213 4802 luerunt,
1269 4740 1562 4795 habuerunt
1613 4736 1872 4796 venenum
1906 4736 2044 4798 sicut

505 4816 661 4856 nunc.
701 4806 1114 4878 intelligendum
1147 4821 1230 4863 est
1258 4812 1394 4878 quod
1425 4813 1557 4864 sicut
1587 4820 1707 4865 tunc
1730 4823 1901 4866 creata
1931 4813 2042 4866 fue-

501 4882 647 4948 runt,
701 4875 765 4927 ita
814 4875 1138 4942 permanent.
1183 4875 1284 4934 Sed
1346 4889 1516 4933 tamen
1571 4883 1622 4934 in
1659 4883 1914 4948 principio
1943 4899 2038 4935 no-

498 4943 648 4996 cendi
695 4957 1001 5020 potestatem
1067 4965 1166 5003 non
1221 4950 1556 5012 habuerunt,
1613 4943 1747 5005 sicut
1819 4943 2040 5020 probare

502 5027 792 5088 possumus
826 5017 916 5088 de,
945 5022 1278 5086 serpentibus
1305 5063 1318 5082 ,
1374 5023 1582 5088 quando
1629 5017 1830 5087 vipera'
1853 5024 2041 5074 invasit

505 5099 714 5161 manuni
775 5085 941 5161 Pauli,
967 5100 1041 5161 _et
1093 5089 1226 5161 nihil
1267 5093 1311 5142 ei
1345 5085 1540 5155 nocuit,
1575 5085 1696 5161 quia
1729 5100 2039 5158 potestatem

499 5153 686 5227 habuit
707 5156 998 5227 invadendi,
1033 5160 1248 5210 nocendi
1279 5170 1448 5212 autem
1475 5153 1790 5214 non'habuit
1816 5173 2041 5227 potesta-

507 5231 630 5294 tem.
677 5226 925 5278 Similiter
973 5227 1037 5280 de
1087 5227 1283 5292 bestiis,
1310 5233 1520 5294 quando
1554 5232 1734 5284 Daniel
1766 5226 1957 5285 missus
1989 5233 2037 5284 in

498 5291 666 5367 lacum
700 5295 906 5367 leonum
932 5296 1043 5349 fuit.
1069 5297 1181 5350 Non
1216 5291 1605 5363 einociierunt,
1642 5303 1736 5354 sed
1772 5303 2038 5367 lingebant

503 5361 663 5427 pedes
714 5362 841 5427 ejus.
905 5371 1004 5419 Aut
1052 5381 1329 5436 propterea
1374 5370 1470 5424 ista
1499 5361 1741 5424 animalia
1773 5361 2038 5425 venenosa

503 5443 694 5508 creata
735 5436 939 5508 inerunt
991 5439 1051 5488 ad
1101 5438 1399 5492 terrendum
1433 5439 1722 5504 hominem,
1752 5446 1870 5508 quia
1905 5441 2038 5492 Deus

503 5500 821 5578 praatidebat
870 5519 987 5578 eum
1042 5517 1374 5578 peccantem,
1402 5520 1474 5578 fut
1507 5500 1825 5578 intelligeret
1857 5524 2038 5577 plenas

503 5566 798 5639 ittlernales,
853 5574 969 5639 quia
1014 5566 1137 5628 alibi
1166 5577 1291 5629 dicit
1322 5596 1332 5628 :
1362 5566 1414 5630 ’ν
1427 5595 1581 5632 erntes
1605 5566 1775 5633 coruum
1807 5566 1905 5631 min
1935 5595 2039 5628 mo-

500 5636 720 5716 riuntur,
750 5652 795 5692 et
836 5636 964 5712 ignis
1001 5661 1170 5698 eorum
1208 5661 1306 5697 non
1344 5650 1845 5716 exstinguiturllsai.
1870 5652 2032 5713 uvt).

503 5709 1056 5781 Quamobrent'bestia:
1087 5718 1222 5769 inter
1248 5709 1560 5781 semetipsos
1584 5709 1793 5773 nocent.
1817 5720 1940 5770 dum
1970 5709 2036 5770 de

503 5778 740 5846 originali
793 5797 1006 5850 peccato
1051 5803 1154 5842 non
1184 5784 1376 5846 habent
1408 5778 1544 5844 unde
1572 5789 1649 5844 eis
1679 5787 1904 5844 vindicta
1936 5788 2030 5844 tri-

2215 4597 2573 4666 llencdixitque
2599 4600 2667 4650 eis
2698 4599 2865 4650 dicens
2897 4617 2907 4650 ε
2942 4598 3158 4652 Crescite
3208 4609 3258 4653 et
3304 4600 3716 4667 multiplicamini

2143 4679 2189 4721 et
2220 4673 2402 4735 replete
2430 4679 2634 4728 terram,
2659 4679 2707 4720 ct
2757 4670 2986 4738 subjicite
3013 4684 3145 4734 eum,
3176 4680 3220 4719 et
3243 4670 3581 4722 dominamini
3630 4672 3711 4738 pi-

2144 4740 2306 4789 scibus
2326 4743 2476 4790 maris
2503 4747 2547 4789 et
2578 4739 2858 4791 volatilibus
2889 4739 2997 4792 caeli
3028 4749 3072 4792 et
3095 4740 3340 4790 universis
3367 4741 3712 4792 animantibus

2143 4823 2253 4874 quin
2276 4819 2532 4870 moventur
2554 4824 2702 4877 super
2732 4821 2935 4860 terram.
2961 4808 3134 4874 Quare
3162 4811 3321 4861 homo
3353 4810 3508 4862 istam
3546 4812 3712 4862 bene-

2143 4877 2426 4931 dictionem
2449 4879 2686 4946 accipere
2715 4879 2942 4932 meruit?
2971 4879 3025 4930 ld
3055 4893 3119 4931 nc
3143 4879 3413 4944 inculpare
3436 4880 3711 4932 videretur

2145 4946 2194 4997 in
2221 4948 2558 5013 procreandis
2600 4950 2739 5010 liliis,
2773 4948 2912 5015 quod
2965 4947 3221 5001 dixissent
3264 4960 3539 5014 pet-catum
3586 4961 3708 5000 esse

2145 5016 2277 5092 lilios
2304 5034 2597 5083 procreare.
2631 5021 2712 5092 ita
2733 5028 2784 5071 et
2818 5017 3069 5092 Dominus
3113 5019 3389 5092 benedixit
3436 5019 3708 5092 homini-ut

2143 5083 2194 5138 in
2238 5092 2571 5154 procreandis
2624 5089 2766 5146 ﬁliis,
2801 5096 2855 5138 ut
2907 5090 3199 5142 declararet
3252 5091 3451 5139 nullum
3516 5088 3711 5140 exinde

2146 5168 2413 5221 peccatum
2457 5159 2668 5218 habere,
2716 5157 2757 5208 si
2808 5156 3038 5223 legitimo
3085 5160 3428 5209 nuberentur.
3479 5156 3534 5207 Si
3580 5171 3710 5223 ergo

2145 5226 2308 5280 Adam
2341 5227 2460 5280 talis
2487 5239 2698 5281 creatus
2739 5225 2871 5289 fuit,
2900 5237 2955 5279 ut
2994 5229 3302 5280 iunnortalis
3345 5240 3709 5292 permaneret,

2143 5297 2267 5359 quid
2300 5306 2379 5349 est
2412 5297 2548 5363 Quod
2579 5296 2704 5347 dicit
2738 5313 2749 5345 :
2781 5295 2995 5350 Crescite
3022 5307 3067 5350 et
3099 5296 3546 5363 ruuttiplicamiui.’
3599 5297 3714 5350 tloc

2143 5378 2268 5419 vero
2300 5365 2695 5434 intelligendum
2719 5374 2819 5430 est,
2844 5370 2963 5433 quia
3015 5384 3118 5422 nou
3168 5369 3458 5417 secundum
3508 5382 3710 5419 concu-

2145 5437 2455 5501 piscentiain
2484 5437 2679 5496 carnis,
2706 5451 2874 5501 neque
2907 5439 3065 5491 ullam
3122 5439 3445 5487 voluntatem
3505 5439 3708 5489 malam

2143 5505 2438 5559 debuerunt
2467 5503 2602 5557 lilios
2634 5519 2933 5570 procreare,
2963 5510 3044 5559 vel
3085 5513 3222 5560 s.cut
3251 5517 3388 5569 nunc
3415 5505 3467 5557 in
3519 5507 3714 5558 dolore

2144 5577 2352 5640 pariunt
2405 5573 2558 5637 litios,
2589 5575 2680 5628 sed
2730 5577 2865 5629 sicut
2915 5579 3136 5644 quisque
3193 5575 3416 5642 imperat
3465 5576 3710 5628 merubra

2141 5659 2233 5695 sua
2285 5644 2477 5711 aliquid
2529 5658 2818 5709 exercere,
2870 5650 2950 5699 vel
3005 5660 3216 5697 manum
3275 5646 3328 5697 in
3387 5645 3663 5709 Operartdo
3698 5683 3714 5699 .

2143 5717 2220 5766 vel
2279 5715 2462 5781 pedem
2518 5713 2567 5766 in
2623 5716 2980 5780 arnbulando,
3031 5715 3098 5767 ita
3149 5725 3202 5770 et
3265 5715 3336 5768 illi
3397 5714 3718 5767 debuerunt

2141 5784 2194 5839 in
2225 5785 2464 5855 paradiso
2519 5787 2652 5840 lctus
2681 5799 2977 5854 procreare.
3015 5788 3068 5842 Si
3095 5797 3268 5842 auten
3291 5785 3371 5839 sic
3398 5781 3710 5845 debuerunt
