3934 6222
589 366 693 423 223

1078 366 1274 420 ΒΕΟᾹΞ
1316 366 1760 421 νεΝιειιΑωιιε
1797 368 1946 422 OPP.
1991 365 2111 419 PAll

2213 365 2260 418 ll.
2301 364 2489 420 SECT.
2532 364 2592 418 ΙΙ.
2632 395 2700 407 -—
2739 364 2941 422 DUBIA
2983 366 3066 421 ET
3104 368 3377 424 SPURlA.

3683 367 3788 426 ΞΜ

586 490 779 547 ﬂuvius
819 487 1035 551 irrigare
1061 486 1354 539 universam
1406 485 1588 537 faciem
1637 495 1814 548 terrte,
1847 501 1938 550 per
1973 485 2135 548 impe—
2165 484 2213 540 Α
2242 482 2438 543 troivit,
2467 478 2603 549 quod
2637 484 2771 536 Deus
2795 483 3099 550 prmsciebat
3123 494 3486 548 peccaturum.
3513 484 3615 538 Sed
3643 487 3783 542 absit

593 561 727 614 rium
753 558 843 609 Dei
889 566 943 609 et
967 557 1250 622 potentiam
1293 556 1427 618 ejus.
1464 555 1565 606 Aut
1591 556 1911 620 singularem
1947 570 2136 606 nume-

591 643 706 683 rum
740 625 912 691 posuit
935 639 1028 688 pro
1057 625 1260 688 plurali,
1289 624 1407 686 quia
1431 639 1534 675 non
1560 623 1686 691 dicit
1717 640 1847 676 unus
1879 623 2013 685 fons,
2043 624 2136 675 sed

589 690 820 750 tantum:
854 692 918 744 Et
948 694 1057 761 fons
1091 692 1411 761 ascendebat,
1465 700 1550 743 et:
1585 690 1814 761 lrrigans
1854 694 2136 744 universam

580 768 772 834 faciem
801 760 966 826 terra,
1011 764 1145 814 sicut
1173 762 1327 834 «lit-it:
1355 760 1518 834 itane
1549 770 1602 834 et
1654 760 1848 834 locum
1882 762 2139 834 ascende-

587 829 707 889 runt
740 847 898 898 super
930 843 1122 884 terram
1159 829 1367 898 Egypti
1411 829 1603 892 (Exod.
1661 832 1803 892 vin),
1862 841 1914 883 et
1957 832 2136 883 multa:

590 903 954 968 intelliguntur
1021 915 1161 951 rana:
1213 908 1267 953 et
1322 900 1568 961 locustae,
1625 900 1692 951 ita
1743 898 1962 951 forsitan
2015 910 2136 951 tunc

586 983 719 1024 unus
769 972 884 1023 fons
951 969 1242 1037 appellatus
1280 975 1361 1020 est
1395 1008 1407 1030 ,
1457 980 1509 1021 et
1566 970 1710 1020 multi
1776 970 2135 1036 intelliguntur

578 1036 778 1095 fontes.

1109 1123 1237 1177 Item
1259 1123 1618 1192 recapitofalio.

653 1216 723 1273 Et
754 1222 866 1286 fons
886 1216 1176 1269 ascendebat
1197 1233 1226 1266 a
1250 1225 1398 1274 terra,
1419 1216 1630 1284 irrigans
1651 1219 1928 1271 universam
1954 1235 2132 1285 super-

584 1287 747 1356 ﬁciem
777 1298 942 1356 terrai.
964 1287 1124 1356 Terra
1154 1295 1322 1339 mater
1350 1286 1497 1356 virgo
1529 1288 1729 1338 Domini
1757 1287 1916 1340 Maria
1952 1290 2131 1341 rectis-

585 1354 718 1410 sime
745 1355 1019 1419 accipitur,
1051 1355 1117 1408 de
1146 1370 1243 1421 qua
1276 1354 1524 1418 scriptum
1547 1365 1657 1407 est:
1690 1357 2126 1422 Aperiaturlerrn,

583 1435 634 1478 ct
681 1426 921 1495 germinet
963 1424 1285 1495 Salvatorem
1338 1422 1487 1495 (Isai.
1528 1427 1670 1491 XLV).
1723 1423 1886 1488 Quam
1935 1433 2127 1479 terram

581 1493 820 1562 irrigavit
838 1494 1061 1557 Spiritus
1087 1503 1318 1555 sanctus,
1342 1493 1430 1560 qui
1461 1493 1619 1546 fontis
1662 1503 1712 1548 et
1740 1509 1888 1561 aquae
1919 1497 2128 1550 nomine

582 1566 634 1618 in
672 1563 953 1628 Evangelio
982 1563 1326 1629 significatur.

655 1631 908 1685 Formavit
930 1633 1082 1700 igitur
1099 1631 1229 1684 Deus
1255 1633 1506 1684 hominem
1533 1631 1593 1683 de
1617 1633 1735 1684 limo
1765 1644 1927 1686 terrm.
1949 1635 2002 1687 ltl
2023 1646 2124 1699 est,

586 1702 749 1754 Adam
774 1703 838 1754 de
863 1702 1077 1765 pulvere
1100 1712 1276 1753 terraz.
1309 1701 1408 1752 Alii
1434 1703 1617 1754 ‘volunt
1647 1703 1820 1756 dicere
1850 1707 1985 1768 quod
2012 1706 2128 1758 ideo

581 1770 738 1823 homo
765 1774 828 1824 ad
856 1772 1131 1838 imaginem
1167 1770 1254 1823 Dei
1283 1779 1489 1822 creatus
1511 1773 1596 1831 sit,
1631 1771 1766 1835 quod
1801 1773 1908 1837 ipse
1937 1774 2124 1827 Domi—

577 1854 678 1893 nus
697 1855 816 1895 eum
863 1840 1085 1907 prtiptiis
1126 1839 1365 1891 manibus
1419 1852 1682 1902 creasset;
1716 1842 1807 1893 sed
1854 1843 1950 1893 hoc
2001 1858 2117 1893 orn-

581 1910 704 1961 nino
734 1924 834 1961 non
864 1919 944 1962 est
972 1907 1356 1972 recipiendum,
1391 1918 1446 1960 ιιι
1475 1907 1631 1959 ullam
1661 1925 1768 1961 rem
1796 1912 2118 1974 corporalem

578 1978 827 2030 Dominus
853 1977 1196 2044 corporaliter
1222 1988 1474 2039 creasset,
1505 1982 1637 2030 sicut
1670 1979 1832 2031 dicit:
1861 1980 2018 2032 Initio
2043 1990 2115 2044 tu,

575 2047 810 2110 Domine,
856 2056 1035 2098 terram
1077 2045 1324 2108 fundasti,
1370 2055 1417 2099 et
1445 2063 1593 2110 Opera
1639 2064 1878 2100 manuum
1919 2059 2119 2102 tuarum

573 2127 690 2167 sunt
711 2118 819 2170 caeli
843 2114 1012 2186 (Psal.
1031 2114 1268 2186 et).QAuia
1301 2115 1438 2169 Deus
1471 2116 1564 2168 ista
1587 2132 1688 2168 non
1714 2132 1806 2184 per
1831 2133 1988 2185 opera
2009 2135 2119 2171 ma-

579 2200 738 2238 nuum
785 2183 1126 2251 corporaliter
1171 2183 1462 2245 fabricavit,
1522 2186 1611 2237 sed
1644 2183 1734 2252 per
1761 2183 2032 2250 imperium
2065 2197 2118 2241 et

575 2255 856 2319 potentiam
891 2269 1036 2307 suam
1066 2253 1216 2319 jussit
1249 2254 1358 2306 fieri
1409 2254 1582 2306 omnia
1629 2256 1892 2322 quomodo
1933 2258 2115 2309 voluit.

571 2325 743 2386 Quare
771 2339 887 2375 eum
919 2325 1038 2374 fecit
1067 2323 1133 2374 de
1162 2322 1288 2374 limo
1309 2333 1485 2384 terrae,
1511 2333 1564 2377 et
1584 2338 1745 2388 quare
1771 2340 1874 2376 non
1897 2325 1962 2378 de
1994 2327 2118 2379 limo

575 2392 836 2453 paradisi?
869 2391 1019 2444 Ratio
1048 2400 1160 2443 erat
1201 2400 1258 2443 ut
1288 2392 1352 2444 de
1395 2401 1532 2446 terra
1564 2393 1826 2447 hominem
1859 2407 2114 2460 creasset,

575 2461 660 2526 qui
711 2462 760 2513 in
789 2473 980 2515 terram
1012 2474 1317 2513 reversurus
1347 2471 1480 2525 erat,
1533 2464 1669 2515 sicut
1721 2463 1971 2528 scriptum
2003 2479 2112 2519 est:

577 2529 750 2602 Putris
775 2545 846 2602 es,
870 2540 914 2583 et
938 2531 989 2581 in
1016 2529 1262 2602 pulverem
1284 2531 1540 2602 reverteris
1572 2531 1722 2597 (Gen.
1754 2532 1850 2602 ut).
1887 2535 2018 2586 Hinc
2034 2551 2116 2588 re-

573 2599 883 2665 quirendum
914 2606 1016 2662 est,
1046 2599 1091 2652 si
1120 2598 1294 2667 statim
1327 2599 1635 2667 imperfecta
1665 2598 1820 2654 tetate
1847 2603 2010 2655 Adam
2042 2603 2116 2656 fa-

574 2678 689 2720 ctus
723 2677 822 2739 est,
845 2683 908 2721 an
937 2669 987 2739 in
1017 2666 1196 2733 puerili
1225 2666 1474 2739 mtate.’ld
1492 2670 1845 2724 arbitrantium
1865 2674 2112 2739 est,quod

575 2739 750 2808 statim
781 2738 1078 2808 imperfecta
1105 2745 1258 2808 tritate
1291 2737 1546 2791 formatus
1576 2740 1755 2792 fuisset
1784 2737 2115 2808 propter—nti-

573 2807 825 2868 raculum,
877 2806 1013 2876 sicut
1039 2805 1159 2859 fecit
1186 2805 1251 2859 de
1280 2822 1410 2873 aqua
1440 2808 1634 2872 viuum,
1663 2815 1718 2860 et
1759 2805 1945 2864 caetera
1987 2811 2112 2876 alia,

572 2876 710 2941 quod
739 2890 984 2929 enarrare
1005 2875 1213 2942 longum
1237 2887 1336 2927 est.
1373 2878 1435 2928 Et
1461 2878 1681 2932 iterum:

1156 2965 1545 3032 Recapitulatio.

647 3054 901 3109 Formavit
948 3057 1097 3126 igitur
1126 3054 1375 3109 Dominus
1421 3056 1553 3110 Dens
1601 3057 1849 3111 hominem
1895 3060 1957 3112 de
2000 3062 2116 3115 limo

571 3137 732 3199 trrrte.
773 3126 920 3199 idem
974 3127 1145 3199 factus
1187 3135 1267 3199 est
1325 3127 1563 3199 Christus
1598 3168 1610 3189 ,
1657 3127 1802 3199 juxta
1858 3131 1994 3195 quod
2044 3135 2188 3199 aitC

573 3196 851 3258 Apostolus
900 3212 911 3244 :
964 3194 1045 3248 Ex
1109 3195 1291 3247 semine
1349 3195 1506 3247 David
1574 3198 1843 3248 secundum
1877 3194 1883 3195 ⁷
1916 3215 2114 3252 carnem

574 3264 745 3330 (llam.
783 3265 844 3330 ι),
869 3273 1111 3329 tauquam
1141 3263 1206 3315 de
1233 3265 1358 3315 limo
1389 3276 1539 3317 terrae
1571 3264 1636 3316 de
1658 3267 1998 3331 inspiratione
2021 3269 2115 3322 ho-

569 3332 743 3394 minis,
797 3343 842 3385 ct
895 3333 1152 3401 inspiravit
1195 3333 1248 3384 in
1295 3333 1473 3402 faciem
1501 3334 1611 3402 ejus
1638 3335 1942 3402 spiraculum
1979 3339 2110 3392 vitat.

569 3403 703 3467 Quid
727 3412 807 3455 est
829 3402 1148 3468 Spiraculum
1178 3403 1331 3454 vitat?
1359 3401 1408 3472 ld
1432 3401 1532 3468 est,
1562 3401 1883 3467 spiraculum
1916 3406 2109 3472 facere,

571 3472 622 3541 id
649 3473 990 3541 est,animat_u
1021 3471 1213 3525 facere.
1233 3473 1376 3523 Sicut
1397 3471 1646 3524 Dominus
1671 3488 1762 3538 per
1791 3475 1972 3526 Isaiam
1994 3471 2113 3541 pro.

566 3540 776 3611 phetam
800 3541 903 3611 ait:
928 3539 1156 3611 Spiritus
1177 3554 1335 3611 exnte
1360 3542 1602 3611 procedit,
1631 3550 1672 3591 et
1704 3558 1897 3594 onmem
1927 3539 2112 3611 ﬂatum

564 3607 656 3676 ego
682 3608 774 3675 feci
808 3607 956 3684 (1.ςαὶἶ
985 3610 1130 3684 LVII):
1170 3611 1229 3684 ΙΞΣι
1252 3607 1409 3684 item:
1443 3609 1663 3684 Spirat)“
1692 3612 1742 3663 in
1769 3607 1949 3680 faciem
1980 3621 2108 3684 ejus,

563 3687 619 3731 et
646 3686 855 3740 ett-tera,
888 3676 1083 3750 utique
1117 3678 1430 3750 inlusionem
1478 3676 1708 3750 Sp’._ritus
1752 3676 1940 3744 salicti,
1970 3676 2108 3750 quod

567 3757 814 3813 operatus
843 3755 923 3798 est
949 3745 1211 3799 hominem
1241 3745 1536 3799 Christumf
1557 3748 1619 3801 Et
1651 3753 1816 3801 lactus
1845 3762 1923 3804 est
1956 3745 2110 3807 homo

571 3817 620 3887 in
645 3816 870 3887 animam
900 3815 1253 3887 viventem,id
1269 3822 1545 3884 est,ca?pit
1566 3819 1764 3872 sentire
1794 3819 1844 3872 in
1867 3837 2106 3887 corpore,

567 3886 613 3938 id
643 3893 740 3947 est,
765 3886 1063 3936 animantis.

1011 3975 1103 4026 llic
1138 3978 1282 4028 modo
1309 3978 1673 4043 recapitnfalio.

638 4068 700 4117 Et
740 4066 912 4117 omnia
944 4081 1006 4119 ex
1042 4068 1222 4118 ordine
1252 4077 1450 4129 narrat,
1482 4067 1746 4128 quomodo
1778 4079 1950 4122 creata
1994 4071 2107 4124 fue-

571 4135 694 4205 rint,
733 4136 876 4205 quod
896 4139 1138 4200 superius
1173 4139 1353 4190 tacuit.
1387 4137 1483 4188 Alii
1525 4148 1697 4190 autem
1728 4139 1929 4203 dicunt,
1967 4143 2105 4205 quod

569 4204 827 4275 animan
863 4204 1142 4275 Divinitate
1179 4207 1450 4268 processit,
1484 4206 1605 4259 dum
1646 4209 1772 4261 dicit
1806 4227 1816 4259 :
1852 4207 1915 4260 Et
1945 4204 2100 4275 insuf-

564 4274 701 4340 ﬂuvit
735 4274 782 4323 in
813 4273 1113 4340 facientejus
1143 4275 1321 4342 ﬂatum
1352 4276 1483 4326 vitaz.
1504 4275 1602 4327 Sed
1642 4277 1738 4328 hoc
1767 4273 2103 4330 omninontin

562 4354 641 4395 est
670 4342 1046 4412 recipiendum,
1080 4353 1144 4412 ut
1183 4343 1350 4394 anima
1393 4344 1457 4394 de
1506 4344 1778 4396 divinitate
1822 4349 2099 4412 procedat;

559 4411 652 4466 Sed
701 4411 772 4463 illi
821 4414 906 4478 qui
941 4416 1035 4465 hoc
1062 4411 1242 4464 dicunt
1270 4424 1447 4464 contra
1497 4414 1649 4465 fidem
1681 4416 1986 4468 catholicam
2021 4411 2094 4468 lo4

2245 561 2299 603 ut
2331 553 2427 606 hoc
2454 553 2806 612 recipiendum
2857 553 2946 610 sit,
3003 564 3057 604 ut
3087 567 3359 617 propterea
3393 557 3565 607 anima
3596 568 3776 610 creata

2246 619 2445 692 fuisset,
2468 631 2516 674 et
2532 629 2812 684 resvrvata,
2838 631 2892 674 ut
2910 622 3167 692 [intraret]
3192 625 3242 675 in
3263 638 3453 686 corpus
3471 625 3610 691 quod
3640 626 3779 685 Deus

2243 691 2556 752 praevalebat
2573 707 2814 757 prccans.
2839 701 2892 744 et
2913 694 2953 744 si
2984 691 3060 743 sic
3079 694 3398 758 eeset,quasi
3433 695 3565 745 Deus
3591 706 3784 748 auctor

2242 761 2437 825 peccati
2463 760 2661 812 fuisset.
2706 760 2808 813 Sed
2840 760 2973 811 absit
3012 762 3127 822 hoc,
3157 778 3273 825 quia
3307 777 3409 813 non
3451 772 3532 815 est
3559 765 3653 825 ita,
3686 767 3781 816 sed

2241 829 2405 901 magis
2431 829 2822 901 intelligendum
2845 837 2927 901 est
2946 839 3100 894 atque
3122 831 3477 901 rccipiendum
3505 835 3647 896 quod
3672 837 3781 901 ipsa

2239 898 2525 957 voluntaria
2560 899 2826 952 introisstet
2854 900 2902 950 in
2935 913 3126 962 corpus
3148 900 3624 953 administrandum
3655 898 3781 956 cor-

2240 979 2351 1035 pus,
2383 967 2502 1032 quia
2534 982 2625 1033 per
2648 969 2875 1020 animam
2903 969 3126 1019 sentitur
3154 971 3501 1035 corpus,quia
3532 970 3575 1022 si
3603 970 3778 1023 anima

2237 1033 2405 1096 deest,
2438 1051 2630 1101 corpus
2660 1044 2922 1089 mortuum
2952 1046 3050 1089 εει.
3087 1036 3145 1088 Et
3171 1037 3292 1103 quid
3326 1033 3563 1103 estquod
3592 1043 3643 1092 iit
3671 1042 3778 1093 alio

2235 1105 2473 1156 membro
2501 1117 2588 1155 aut
2612 1107 2659 1157 in
2687 1107 2901 1171 vertice,
2934 1116 3019 1157 aut
3047 1106 3095 1158 in
3127 1105 3317 1170 fronte,
3351 1108 3430 1161 vel
3476 1110 3526 1161 in
3561 1118 3776 1173 pectore

2235 1187 2336 1223 non
2367 1174 2647 1226 insufflavit
2671 1175 2908 1240 spiritum
2936 1177 3073 1236 vitrc,
3108 1176 3207 1228 nisi
3238 1177 3289 1228 in
3322 1179 3506 1230 faciem
3539 1180 3776 1231 tantum?

2235 1241 2363 1304 Quia
2412 1243 2547 1312 ignis
2593 1245 2741 1309 cujus
2790 1245 3090 1311 principalis
3141 1246 3284 1297 locus
3337 1248 3386 1297 in
3429 1246 3613 1312 jecore
3658 1259 3770 1310 εει,

2232 1311 2470 1383 ascendit
2501 1312 2981 1383 iu_cerebro,quasi
3003 1315 3053 1365 in
3084 1315 3276 1366 malum
3307 1311 3547 1383 corporis
3579 1319 3766 1380 nostri,

2233 1391 2285 1433 et
2304 1381 2498 1434 exinde
2524 1381 2822 1434 officiuntur
2845 1395 2949 1436 tres
2974 1392 3177 1452 partes;
3211 1381 3442 1438 anterior
3471 1400 3599 1438 vero
3631 1400 3770 1452 pars,

2233 1464 2324 1514 per
2351 1465 2503 1514 quam
2527 1467 2709 1503 sensus
2738 1453 2909 1504 omnis
2937 1451 3172 1514 ascendit
3199 1454 3264 1506 de
3292 1455 3516 1508 cerebro
3547 1457 3599 1508 in
3631 1456 3772 1509 fron-

2231 1529 2358 1591 tvm,
2389 1522 2453 1570 tle
2475 1521 2642 1591 trante
2666 1525 2715 1572 in
2743 1521 2806 1572 fat
2827 1523 2949 1585 iem,
2975 1522 3041 1575 de
3064 1522 3190 1574 facie
3212 1532 3388 1577 autem
3414 1524 3658 1577 diffundit
3681 1541 3771 1591 per

2229 1587 2425 1661 fistulas
2458 1589 2704 1661 minutas,
2740 1591 2883 1653 quasi
2913 1605 3002 1656 per
3032 1605 3222 1659 Organa
3249 1594 3301 1645 in
3330 1604 3561 1661 quatuor
3588 1587 3773 1661 corpo-

2229 1658 2299 1707 ris
2329 1670 2532 1717 sensus,
2567 1657 2615 1711 id
2644 1669 2742 1723 est,
2774 1661 2822 1710 in
2855 1663 3045 1725 visum,
3078 1657 3127 1712 in
3168 1657 3423 1727 auditum,
3475 1665 3527 1717 in
3585 1657 3774 1718 odora-

2229 1734 2356 1788 tum,
2391 1727 2439 1778 in
2464 1742 2690 1798 gustum.
2722 1728 2983 1783 l‘osterior
3008 1740 3180 1782 autem
3204 1746 3343 1798 pars,
3372 1735 3640 1797 perquam
3660 1748 3769 1787 mo.

2152 1811 2195 1870 Β
2230 1806 2310 1870 tus
2341 1795 2510 1848 omnis
2556 1796 2962 1870 habet,_tanttnn
2994 1800 3059 1853 de
3087 1795 3268 1870 eadem
3316 1795 3587 1855 ariteridre
3628 1815 3767 1866 parte

2222 1865 2358 1914 viam
2389 1881 2534 1916 suam
2561 1865 2794 1918 ascendit
2813 1867 2862 1920 iu
2887 1869 3134 1921 verticem
3159 1887 3172 1933 ;
3203 1869 3268 1922 de
3290 1871 3485 1922 vertice
3505 1865 3680 1924 autem
3701 1872 3776 1925 ad”

2220 1933 2499 1986 medullam
2552 1935 2737 1998 spinas,
2785 1937 2908 1989 inde
2936 1951 3145 1991 omnem
3199 1947 3394 1991 motum
3425 1938 3675 1992 diffundit
3718 1941 3763 1993 in

2220 2002 2715 2075 tnembris.‘lllerito
2746 2006 2978 2058 anterior
3023 2021 3141 2072 pars
3191 2009 3471 2073 posteriori
3511 2011 3767 2075 prmponi-

2218 2071 2382 2134 nitur,
2430 2073 2549 2138 quia
2589 2075 2864 2126 consilium
2921 2075 3154 2138 sequitur
3194 2071 3388 2129 motus.
3423 2071 3766 2133 Tertia'vero

2220 2155 2360 2205 pars,
2414 2141 2463 2193 iu
2498 2157 2596 2208 qua
2628 2145 2875 2214 memoria
2906 2144 3093 2211 figitur,
3139 2144 3254 2209 quia
3304 2145 3554 2214 quidquid
3584 2149 3665 2200 vis
3697 2150 3765 2200 fa.

2217 2223 2358 2269 cere,
2377 2219 2461 2262 aut
2486 2223 2635 2262 antea
2668 2210 2854 2274 fecisti,
2871 2214 2919 2264 in
2948 2210 3205 2265 memoria
3225 2210 3460 2266 constat;
3477 2216 3567 2269 Ubi
3589 2230 3759 2269 autem

2219 2281 2467 2332 menteria
2499 2295 2602 2331 non
2633 2288 2734 2341 est,
2761 2296 2864 2331 non
2891 2290 2970 2332 est
2997 2292 3315 2345 Spontaneus
3341 2293 3535 2338 motus.
3557 2286 3616 2336 Et
3643 2288 3760 2337 imit:

2217 2348 2464 2412 capilli'et
2485 2363 2685 2415 ungues
2714 2359 3057 2417 procreantur
3086 2350 3151 2404 de
3172 2365 3466 2417 Spoutaneo
3501 2365 3666 2414 motu.
3709 2356 3755 2407 id

2218 2424 2319 2488 est,
2351 2419 2416 2468 de
2438 2418 2700 2488 anteriore
2730 2430 2893 2486 parte,
2915 2435 3008 2487 per
3027 2435 3213 2474 sensus
3241 2421 3548 2485 intelligitur
3564 2428 3756 2488 onmés,

2216 2485 2334 2556 quia
2383 2487 2540 2540 homo
2572 2485 2737 2540 habet
2757 2485 2991 2553 sensum,
3027 2506 3178 2556 quem
3222 2493 3472 2542 animalia
3524 2509 3620 2544 non
3671 2485 3761 2543 ha;

2218 2554 2359 2628 bent,
2385 2568 2435 2628 et
2464 2557 2582 2609 inde
2630 2556 2858 2610 efficitur
2904 2554 3221 2628 spontaneos
3255 2571 3452 2622 motus,
3509 2576 3597 2626 per
3621 2568 3756 2628 quod

2217 2624 2614 2695 administratur
2661 2628 2885 2680 animus.
2929 2627 2981 2679 Id
3030 2627 3333 2694 intelligitur
3367 2645 3458 2695 per
3503 2624 3679 2684 acrem
3710 2645 3762 2685 (ἰ

2220 2693 2408 2770 lucem,
2437 2696 2555 2762 quia
2585 2710 2674 2748 aer
2706 2696 2863 2749 intrat
2889 2697 2937 2748 iu
2970 2693 3242 2761 pulmones
3283 2693 3432 2770 quasi
3465 2701 3512 2753 in
3545 2717 3760 2770 organa,

2217 2763 2407 2836 deinde
2430 2767 2478 2817 iu
2506 2780 2686 2828 venas,
2721 2777 2765 2818 et
2801 2771 3035 2831 pervenit
3070 2780 3240 2836 usque
3260 2763 3322 2819 ad
3354 2785 3463 2833 cor,
3499 2763 3634 2836 quod
3669 2788 3763 2824 nos

2166 2877 2170 2883 .
2217 2833 2436 2906 arterias
2467 2837 2822 2906 vocamus._Et
2851 2835 3113 2903 quomodo
3144 2845 3224 2888 est
3251 2838 3448 2904 anima,
3467 2833 3544 2892 vel
3573 2856 3761 2906 corpus

2219 2903 2506 2976 sentit,_an
2531 2904 2704 2976 non?
2744 2904 3133 2972 Intelligendum
3165 2916 3245 2958 est
3287 2907 3406 2973 quia
3462 2925 3554 2976 per
3574 2903 3764 2962 sensus

2219 2973 2452 3046 corporis
2480 2972 2917 3046 administratur,
2952 2990 3044 3041 per
3079 2975 3262 3029 oculos
3292 2972 3573 3046 videt,'prr
3605 2993 3757 3032 aures

2220 3040 2383 3103 audit,
2419 3057 2509 3107 per
2539 3051 2745 3106 gustum
2776 3053 2826 3096 et
2855 3040 3067 3096 odorem
3097 3048 3277 3098 sentit.
3307 3047 3439 3111 Quid
3473 3040 3551 3100 est
3599 3048 3754 3103 dulce

2219 3112 2299 3160 vel
2351 3125 2608 3182 amarum,
2650 3122 2704 3164 et
2734 3113 2776 3164 si
2809 3125 2885 3164 est
2913 3114 3084 3165 anima
3127 3113 3192 3166 de
3239 3117 3466 3182 quinque
3522 3117 3760 3172 sensibus

2219 3181 2487 3250 corporis?
2519 3181 2911 3250 Intelligendum
2943 3190 3023 3235 est
3054 3182 3194 3248 quod
3225 3198 3327 3236 non
3370 3181 3452 3238 est
3497 3187 3635 3240 unde
3661 3189 3756 3242 hoc

2216 3249 2439 3318 probare
2467 3249 2745 3315 possimus,
2782 3252 2902 3318 quia
2951 3250 3159 3318 quando
3191 3252 3415 3306 hominis
3443 3255 3614 3307 anima
3647 3260 3756 3310 vult

2215 3317 2406 3381 aliquid
2432 3328 2690 3372 secretum
2714 3317 3069 3383 considerare,
3085 3322 3280 3374 claudit
3296 3323 3476 3375 ocuIOs
3500 3328 3576 3376 vel
3596 3341 3749 3381 aures

2217 3400 2442 3460 suas,_et
2463 3389 2763 3460 considerat
2788 3388 3092 3460 quidfecit,
3126 3400 3215 3443 aut
3258 3392 3381 3458 quid
3407 3392 3603 3447 factura
3633 3397 3754 3460 erit,

2215 3455 2324 3530 sive
2355 3456 2419 3530 de
2451 3458 2699 3530 Creatore
2719 3455 2823 3530 suo
2854 3459 2938 3525 qui
2965 3473 3085 3530 eam
3119 3455 3337 3513 creavit.
3367 3461 3445 3525 Qu
3473 3464 3502 3514 d
3534 3478 3657 3530 ergo
3680 3455 3760 3518 est

2212 3526 2408 3597 anima?
2437 3536 2489 3580 et
2514 3527 2554 3597 si
2582 3536 2660 3580 est
2684 3527 2852 3597 aliqua
2873 3543 2956 3580 res
2987 3528 3125 3597 unde
3145 3530 3334 3583 animae
3356 3531 3503 3596 fiant,
3529 3526 3650 3597 quid
3676 3545 3762 3588 est

2215 3595 2362 3666 ipsa?
2389 3595 2535 3661 Quod
2570 3613 2754 3650 nomen
2803 3596 2957 3665 ejus?
2987 3595 3113 3661 Quae
3143 3602 3366 3666 species,
3413 3595 3568 3666 quem
3602 3620 3753 3656 usum

2211 3663 2260 3714 itt
2287 3667 2440 3717 rebus
2467 3666 2691 3718 conditis
2732 3663 2889 3725 tenet,
2923 3667 3048 3719 vivit
3089 3663 3324 3722 εηήοητ
3355 3663 3592 3729 Sivivit,
3628 3675 3754 3734 quid

2210 3735 2412 3786 confert
2436 3735 2786 3787 universitatis
2812 3734 3117 3790 ali‘ectibus?
3145 3737 3424 3790 Beatamne
3467 3740 3622 3790 vitam
3654 3741 3751 3792 du-

2210 3800 2300 3863 (il,
2328 3818 2390 3854 an
2434 3804 2717 3856 miseram?
2746 3805 2873 3869 Quid
2897 3815 2976 3857 est
3006 3821 3130 3872 ergo
3160 3808 3368 3859 anima?
3395 3806 3594 3861 Caium
3643 3826 3750 3863 non

2209 3880 2308 3930 est,
2341 3888 2506 3939 tneque
2539 3884 2702 3946 terra,
2726 3890 2891 3946 neque
2924 3890 3030 3934 aer.
3070 3891 3234 3945 neque
3259 3877 3410 3944 ignis,
3455 3895 3555 3929 non
3588 3896 3746 3946 aqua,

2209 3956 2311 3993 non
2348 3944 2499 4004 Deus,
2535 3959 2636 3995 nou
2663 3945 2853 4006 sidera,
2885 3959 2984 3995 non
3017 3944 3179 4010 visus,
3212 3960 3315 3998 non
3361 3948 3592 4008 auditus,
3639 3944 3746 4001 non

2207 4011 2472 4083 odoratus,
2500 4028 2598 4064 non
2630 4025 2832 4080 gustus,
2883 4013 2964 4065 vel
3008 4023 3196 4067 caetera
3228 4016 3348 4077 alia,
3380 4017 3519 4083 quod
3547 4033 3744 4071 memo-

2209 4094 2325 4132 rare
2357 4082 2561 4148 Iungunt
2579 4096 2676 4144 εει,
2698 4098 2811 4153 qua:
2835 4092 2953 4138 sunt
2985 4084 3034 4134 in
3059 4084 3193 4135 οωιυ
3215 4086 3327 4136 sive
3351 4082 3406 4136 in
3422 4096 3582 4150 terra,
3606 4089 3744 4153 quod

2206 4154 2373 4200 anima
2402 4165 2503 4202 non
2534 4160 2629 4201 est.
2668 4150 2814 4202 L'nde
2839 4163 2963 4214 ergo
2991 4162 3070 4204 est
3101 4154 3371 4206 anima?Si
3398 4169 3460 4207 ex
3491 4154 3598 4207 Deo
3623 4150 3745 4208 data

2205 4229 2303 4279 cst,
2335 4228 2385 4270 et
2413 4234 2474 4271 ex
2499 4219 2659 4270 nihilo
2686 4220 2836 4279 facta,
2869 4220 2984 4284 quia
3013 4218 3172 4291 homo
3192 4225 3276 4291 qui
3307 4224 3375 4276 de
3398 4232 3534 4276 terra
3567 4225 3740 4278 factus

2205 4296 2301 4351 est,
2334 4291 2381 4339 iu
2417 4300 2604 4361 terram
2637 4302 2939 4361 reversurus
2961 4289 3078 4343 erit.
3104 4289 3354 4346 Similiter
3385 4291 3497 4356 nix,
3517 4296 3598 4346 vel
3631 4309 3749 4361 pro-

2203 4359 2351 4418 cella,
2381 4360 2496 4422 quia
2527 4372 2588 4409 ει
2613 4373 2741 4426 aqua
2770 4359 2844 4415 lit,
2874 4371 2923 4409 et
2951 4375 3042 4413 aer
3082 4371 3182 4424 est,
3209 4363 3369 4413 sumit
3400 4362 3464 4415 de
3485 4359 3649 4424 terra,
3691 4367 3744 4418 in

2203 4439 2387 4490 aquam
2419 4427 2712 4500 revertitur,
2743 4437 2793 4480 et
2815 4427 2867 4500 iu
2900 4437 3114 4500 terram,
3141 4432 3206 4482 de
3234 4444 3367 4497 aqua
3393 4443 3634 4500 sumptus
3665 4446 3749 4487 est

563 4488 809 4565 linuntur,
842 4484 958 4565 quia
1011 4483 1253 4565 divinitas
1283 4497 1542 4565 nunquam
1589 4493 1842 4565 tinuatur,
1870 4487 1986 4565 quia
2013 4488 2091 4565 illi
2127 4479 2174 4535 Ι)
2199 4479 2320 4556 ac};
2351 4495 2523 4547 anima
2553 4512 2676 4549 vero
2701 4479 2808 4549 ἠδη
2858 4479 3020 4550 habet
3045 4479 3633 4565 ’uituthiéiéniéoiiiﬁ:

561 4551 768 4614 quando
800 4550 1171 4603 heuefaciendo
1217 4551 1487 4603 meliorem
1532 4551 1771 4604 reddunt.
1806 4550 1931 4606 Nam
1974 4555 2092 4611 ideo

562 4619 649 4682 qui
680 4617 775 4690 hoc
807 4618 1170 4690 dicunt,quia
1221 4619 1353 4690 sicut
1404 4620 1652 4672 Dominus
1708 4623 1757 4672 itt
1791 4623 2090 4690 Evangelia,

563 4687 774 4752 quando
831 4691 971 4739 venit
1019 4689 1081 4738 ad
1125 4688 1405 4753 discipulos
1451 4702 1592 4746 suos.
1644 4698 1695 4740 et
1737 4687 2014 4745 insul'flavtt
2041 4687 2095 4748 et

563 4755 690 4807 dixit
708 4773 720 4807 :
742 4757 958 4819 Accipite
975 4757 1223 4822 Spiritum
1240 4764 1486 4820 sanctum,
1503 4762 1635 4810 sicut
1649 4758 1868 4823 Spiritus
1883 4775 2064 4815 sanctu
2077 4780 2093 4813 ς

568 4831 692 4876 tunc
716 4826 780 4875 de
813 4825 1087 4879 Dil'lttilale
1117 4826 1311 4878 sanctis
1342 4828 1591 4892 apostolis
1619 4826 1770 4878 datus
1797 4838 1892 4890 est,
1943 4832 2013 4881 ita
2043 4841 2094 4884 et

566 4892 739 4943 anima
763 4894 828 4943 de
849 4895 1123 4946 Divinitate
1155 4897 1270 4946 data
1299 4896 1392 4960 sit;
1416 4898 1505 4948 sed
1537 4896 1751 4948 omnino
1771 4901 1869 4949 hoc
1897 4911 2096 4954 nonest

565 4963 940 5027 recipieudmn,
963 4979 1076 5029 qua
1100 4964 1383 5033 iusttf'flatio
1417 4966 1567 5018 flatus
1593 4976 1667 5017 est
1693 4968 1942 5033 corporis.
1964 4967 2090 5022 Nam

564 5034 726 5081 sancti
757 5033 975 5101 apostoli
1005 5033 1068 5082 de
1097 5031 1375 5086 Divtuitate
1399 5036 1645 5101 Spiritum
1687 5031 1920 5088 sanetum
1944 5053 2093 5091 acce-

563 5112 768 5165 perunt,
802 5100 1127 5151 animavcro
1158 5117 1258 5153 non
1284 5100 1449 5156 estde
1478 5104 1771 5166 Diviuitate,
1791 5107 1880 5158 sed
1901 5122 1963 5157 ex
1989 5108 2093 5162 Deo

567 5177 684 5241 nata
714 5181 889 5229 est,ex
921 5170 1082 5241 nihilo
1109 5169 1261 5241 faeta.
1285 5172 1596 5239 Inquirenda
1624 5183 1704 5226 est
1733 5178 1861 5227 ratio
1888 5179 2093 5241 quando

562 5237 733 5289 anima
756 5249 930 5291 creata
955 5240 1067 5302 fuit,
1101 5238 1142 5289 si
1174 5250 1320 5292 sexta
1355 5237 1460 5304 die,
1494 5245 1701 5307 quando
1735 5237 1999 5296 hominem
2028 5248 2093 5299 de

563 5307 685 5358 limo
733 5315 882 5385 terra:
926 5309 1183 5385 formavit,
1233 5309 1415 5385 fuisset
1459 5321 1652 5365 creata.
1708 5317 1929 5385 annon
1970 5329 2094 5385 ergo

564 5378 880 5447 contrarium
906 5390 984 5428 est
1013 5378 1200 5430 ditium
1223 5381 1528 5447 Scriptum,
1561 5395 1674 5446 quc
1705 5383 1858 5434 dixit:
1898 5383 1990 5446 Qui
2022 5378 2095 5437 ῦὶ-

560 5444 621 5495 ινὶι
661 5446 711 5495 in
739 5455 1002 5507 «sternam,
1030 5453 1212 5520 creauit
1246 5451 1417 5501 omnia
1447 5444 1594 5501 simul
1625 5449 1810 5516 (Eccli.
1840 5444 2005 5520 svi—it).
2039 5454 2094 5508 Si

565 5523 683 5588 tunc
710 5517 879 5566 anima
911 5526 1082 5588 creata
1105 5517 1224 5588 fuit,
1251 5520 1338 5571 ubi
1369 5534 1494 5588 ergo
1521 5521 1731 5584 latebat,
1768 5536 1929 5587 usque
1969 5517 2093 5576 dum

564 5582 718 5633 homo
747 5599 861 5636 eaut
884 5585 1123 5652 accepit?
1153 5586 1392 5642 Forsitan
1425 5582 1559 5641 utter
1581 5582 1857 5642 creaturas
1878 5590 1967 5643 Dei
1999 5609 2092 5646 0c-

559 5653 804 5725 CuItabat,
853 5654 1023 5708 donec
1080 5656 1126 5708 in
1158 5658 1419 5708 hominem
1462 5657 1728 5724 introiret;
1774 5668 1826 5712 et
1849 5662 1973 5725 quid
2013 5671 2095 5715 est

560 5720 697 5785 quod
726 5721 916 5787 anima,
948 5741 1060 5793 qure
1094 5729 1339 5781 innocens
1364 5738 1534 5780 creata
1559 5727 1672 5794 fuit,
1705 5720 1756 5782 in
1789 5720 1976 5798 corpus
2001 5733 2090 5786 itt-

2195 4565 2333 4627 quod
2381 4575 2689 4627 revertatur,
2726 4565 2824 4618 nisi
2872 4568 2933 4617 ad
2973 4575 3262 4621 creatorem
3315 4585 3469 4624 suum
3516 4574 3744 4636 quieam

2194 4635 2408 4708 creavit,
2435 4646 2708 4708 postquam
2737 4637 2803 4686 de
2833 4649 3052 4708 corpore
3075 4641 3282 4708 exierit,
3315 4641 3358 4693 si
3388 4635 3743 4708 recteegerit.

2197 4702 2259 4752 Et
2287 4702 2362 4754 illi
2387 4702 2513 4776 caeci
2541 4704 2825 4776 quivismn
2859 4721 2959 4760 non
3018 4706 3230 4772 habent,
3271 4710 3540 4776 quomodo
3567 4702 3748 4767 (idem

2195 4776 2396 4849 summa
2435 4774 2570 4845 sicut
2716 4776 2822 4849 .qui
2854 4779 3015 4830 visum
3061 4772 3302 4849 habent?
3361 4777 3413 4831 Id
3444 4778 3744 4849 intelligen-

2195 4839 2315 4889 dum
2339 4851 2439 4918 est,
2468 4844 2586 4906 quia
2618 4842 2688 4894 illi
2715 4843 3040 4918 iusopiuutur
3063 4847 3114 4898 iu
3148 4850 3390 4918 cerebro,
3409 4859 3462 4901 et
3491 4864 3592 4902 nou
3617 4839 3744 4918 pos-

2195 4917 2318 4984 sunt
2340 4910 2465 4986 lotis
2494 4926 2786 4986 erantpere,
2814 4910 2932 4969 tunc
2980 4917 3028 4968 in
3073 4917 3370 4983 semetipsis
3397 4920 3576 4971 vident
3609 4910 3748 4986 ipsas

2197 4977 2469 5055 imagines,
2503 4979 2601 5056 illis
2630 4977 2835 5056 animus
2861 4998 3121 5056 nunquam
3173 4977 3384 5056 dorittit.
3423 4977 3740 5056 [inquirenda

2194 5049 2434 5118 estgratio
2465 5048 2600 5102 unde
2630 5053 2798 5104 anima
2835 5048 3027 5118 veniat,
3055 5055 3263 5118 quando
3286 5056 3444 5109 immo
3484 5048 3740 5111 nascitur.

2196 5115 2294 5188 Alii
2343 5116 2520 5188 dicunt
2566 5121 2702 5185 quod
2758 5124 2891 5175 sicut
2933 5115 3152 5174 caro'de
3185 5138 3342 5177 carne
3387 5129 3639 5188 nascitur,
3677 5128 3744 5178 ita

2195 5185 2368 5236 anima
2417 5186 2480 5258 de
2527 5191 2694 5240 anima
2745 5201 3006 5243 nascatur.
3065 5191 3168 5244 Sed
3214 5194 3313 5246 hoc
3339 5185 3744 5258 Scripturavnou

2197 5257 2495 5330 narratullo
2527 5259 2574 5308 itt
2610 5259 2742 5321 loco,
2770 5260 2902 5312 unde
2942 5261 3112 5330 anima
3147 5263 3197 5314 in
3243 5265 3511 5316 hominem
3544 5265 3742 5330 veniat,

2195 5326 2415 5395 quando
2449 5339 2600 5377 natus
2646 5339 2759 5388 est;
2809 5343 2976 5395 neque
3026 5329 3090 5382 de
3139 5332 3250 5395 ipsa
3278 5333 3452 5383 anima
3480 5326 3742 5394 mulieris,

2196 5392 2532 5470 quomodo’ei
2564 5405 2687 5470 nata
2713 5392 2916 5470 fuisset,
2947 5398 3081 5450 sicut
3122 5392 3298 5470 narrat
3320 5402 3385 5453 de
3409 5414 3590 5464 carne.
3616 5418 3735 5470 quo

2195 5460 2350 5537 modo
2375 5459 2508 5514 facta
2528 5473 2620 5538 sit.
2653 5467 2715 5538 Et
2737 5467 2822 5517 alii
2853 5459 3031 5520 dueum
3054 5469 3190 5535 quod
3239 5473 3518 5538 unicuique
3542 5459 3738 5524 homini

2194 5528 2474 5604 animae):
2527 5535 2634 5586 Deo
2677 5536 2792 5586 data
2845 5538 2931 5598 sit,
2960 5528 3168 5604 quando
3202 5548 3356 5590 natus
3384 5528 3482 5591 εεί.
3516 5538 3662 5595 Sicut
3693 5545 3745 5594 in

2195 5597 2321 5676 isata
2352 5598 2545 5653 dictum
2573 5611 2682 5657 est:
2715 5597 2926 5658 Unment
2971 5597 3144 5675 flatum
3169 5621 3260 5676 ego
3281 5607 3376 5674 feci
3406 5606 3558 5676 (Isai.
3593 5617 3746 5676 Lvtt}.

2197 5666 2247 5717 ld
2285 5679 2411 5741 est,
2461 5684 2667 5735 omnem
2714 5666 2980 5736 animum;
3033 5687 3084 5727 et
3149 5666 3218 5726 in'
3259 5666 3457 5741 psalmo
3501 5666 3750 5732 similiter

2194 5736 2443 5803 scriptum
2496 5754 2571 5796 est
2616 5761 2628 5796 :
2683 5743 2781 5811 Qui
2830 5747 2973 5812 ﬁnxit
3019 5736 3312 5816 singillatim
3365 5752 3517 5802 corda
3573 5766 3750 5803 eorum
