3934 6222
199 397 316 452 2ἳ5

1187 398 1270 452 nr.
1313 399 1442 453 sex
1487 397 1738 476 manu.“
1776 396 2154 452 CREATIONE
2197 384 2406 452 Licitu-

3283 403 3386 455 925

201 505 379 573 (Psal.
413 505 605 573 xuii).
639 505 737 559 Alii
767 515 935 559 auth
961 509 1138 561 dicunt
1181 509 1314 575 quod
1347 525 1410 562 ex
1449 508 1750 574 parentibus
1778 511 1824 568 Α
1855 508 2056 571 luptatis
2085 526 2113 560 η
2145 511 2410 573 principio,
2434 519 2534 564 etc.
2569 511 2838 564 Paradisue
2873 513 3102 573 Ecclesia
3143 525 3244 568 est.
3300 518 3387 572 Sic

199 577 380 628 anima
404 576 521 628 data
553 578 642 638 sit,
673 577 808 628 sicut
832 591 953 627 caro
977 592 1040 629 ex
1076 592 1250 632 carne.
1282 577 1563 635 Scriptura:
1601 592 1754 644 repu-

200 657 374 709 gnare
419 644 682 702 videntur,
729 647 848 697 dum
878 646 1032 698 dixit:
1088 646 1188 711 Qui
1233 648 1346 699 vivit
1398 648 1447 698 in
1497 657 1750 707 (uernum,

199 715 392 765 creavit
415 715 582 765 omnia
627 715 774 766 simul
802 712 984 780 (Eccli.
1034 719 1202 778 sviti),
1233 716 1375 784 quasi
1408 729 1615 784 semper
1653 729 1774 767 no-'

200 796 300 833 vas
327 783 531 835 animas
561 797 740 836 creare
765 785 1018 838 videatur.
1056 785 1118 837 Et
1139 786 1226 837 alii
1254 785 1430 835 dicunt
1459 783 1594 850 quod
1627 793 1748 835 tunc

199 853 385 920 anima
435 853 671 903 omnium
715 863 884 906 creata
936 853 1138 911 fuisset,
1165 854 1372 920 quando
1399 853 1550 904 simul
1582 854 1752 904 omnia

203 916 358 984 fecit,
388 931 440 974 et
469 921 519 973 in
550 922 775 985 quodam
829 921 945 973 loco
987 916 1330 980 occultantur,
1385 921 1562 990 donec,
1600 921 1755 990 homo

205 999 366 1041 natus
403 989 491 1053 sit,
533 999 588 1043 et
630 1001 751 1043 tunc
778 990 824 1044 ei
849 993 1022 1043 anima
1047 989 1164 1043 data
1192 992 1345 1044 silex
1379 991 1506 1042 Deo.
1535 989 1635 1041 Sed
1660 989 1756 1041 hoc

205 1072 318 1110 non
379 1065 462 1112 est
517 1061 568 1111 in
619 1061 776 1110 rebus
825 1060 1018 1112 nostris
1040 1058 1497 1117 considerandum.
1525 1058 1646 1124 quid
1675 1058 1755 1109 vel

203 1129 352 1180 sinat
384 1129 465 1180 vel
500 1144 600 1180 non
623 1129 784 1192 sinat,
812 1129 1074 1194 quomodo
1092 1129 1263 1181 anima
1293 1128 1412 1179 data
1439 1129 1507 1178 sit
1534 1126 1752 1188 homini,

203 1195 352 1262 quod
382 1197 654 1261 Scriptura
685 1212 786 1249 non
818 1206 995 1249 narrat
1021 1197 1127 1248 ullo
1150 1199 1285 1250 loeti.
1319 1198 1421 1248 Nos
1444 1211 1545 1246 non
1572 1211 1754 1260 possu-

206 1279 334 1337 mus
383 1266 687 1337 discernere
739 1265 874 1329 quod
927 1265 1126 1337 Veritas
1164 1265 1346 1327 tacuit,
1391 1275 1442 1337 et
1485 1280 1584 1337 non
1633 1265 1757 1337 dicit

204 1335 389 1396 neque
433 1335 497 1388 de
543 1337 652 1402 ipsa
699 1337 868 1387 anima
921 1336 1176 1397 mulieris,
1207 1335 1469 1402 quomodo
1511 1335 1643 1402 facta
1668 1335 1752 1394 sit,

207 1403 318 1455 nisi
367 1401 572 1457 tantum
597 1415 768 1456 narrat
798 1403 1059 1471 quomodo
1088 1405 1251 1457 Adam
1282 1403 1399 1456 data
1435 1401 1530 1453 fuit
1558 1401 1754 1454 anima.

209 1472 358 1540 Ergo
385 1472 619 1526 Salvator
640 1470 824 1526 noster
844 1470 998 1526 Jesus
1018 1471 1254 1526 Christus
1285 1472 1419 1524 unde
1445 1472 1621 1523 habuit
1648 1473 1757 1522 ani-

207 1555 380 1605 mam,
415 1557 518 1594 non
545 1541 612 1596 de
639 1542 824 1603 Adam,
853 1544 944 1595 sed
977 1542 1112 1595 unde
1143 1543 1390 1605 Adam,id
1415 1551 1511 1600 est,
1541 1557 1602 1594 ex
1631 1541 1753 1602 Deo,

205 1610 337 1676 quia
362 1612 599 1677 quamvis
639 1612 704 1664 de
734 1611 1017 1677 piopagine
1048 1612 1240 1676 peccati
1271 1611 1560 1672 descendit,
1588 1620 1756 1663 tamen

206 1682 280 1731 de
303 1681 584 1748 propagine
613 1683 806 1747 peccati
840 1696 940 1732 non
965 1681 1218 1747 concepit,
1245 1681 1358 1746 quia
1389 1695 1484 1732 nec
1515 1681 1624 1744 ipsa
1648 1689 1760 1731 erat
1824 1698 1826 1700 ·

205 1763 340 1800 caro
365 1749 578 1815 peccati,
611 1751 697 1802 sed
727 1749 1010 1807 similitudo
1033 1751 1203 1801 carnis
1233 1750 1449 1816 peccati.
1481 1750 1588 1800 Non
1618 1748 1755 1800 enim

205 1816 338 1869 inde
366 1820 564 1886 accepit
594 1828 789 1871 reatum
821 1818 1092 1875 moriendi.
1136 1827 1188 1870 et
1229 1817 1420 1889 anima.
1453 1817 1658 1889 quando
1690 1819 1754 1870 de
1794 1832 1833 1889 Β

209 1889 317 1956 hoc
340 1903 556 1956 corpore
587 1889 902 1952 migraverit,
951 1896 1028 1940 est
1050 1888 1332 1954 corporalis
1357 1902 1420 1938 an
1454 1887 1756 1953 incorpora-

208 1954 316 2009 lis?
336 1954 606 2022 Quomodo
634 1972 757 2022 ergo
788 1957 1111 2020 prmdicatur,
1139 1959 1180 2009 si
1215 1957 1556 2022 incorporalis
1576 1963 1672 2016 est,
1707 1956 1755 2007 id

208 2024 526 2093 incorporea
574 2035 654 2079 est
679 2027 832 2080 simul
869 2029 1194 2093 corporibus,
1221 2037 1272 2078 et
1301 2026 1383 2078 ubi
1415 2036 1666 2092 portatur,
1693 2025 1756 2076 ad

207 2094 388 2148 locum
410 2110 714 2160 corporeum
739 2111 801 2147 an
830 2093 1225 2161 incorporeum?
1244 2095 1292 2145 Id
1317 2094 1377 2144 ad
1399 2096 1754 2157 incorporeum

207 2162 414 2225 locum,
449 2163 632 2216 similia
666 2164 990 2231 corporibus.
1021 2164 1278 2228 Qua-ritur
1306 2177 1428 2224 ergo
1448 2164 1576 2214 ratio
1598 2161 1638 2213 si
1668 2178 1759 2230 po-

209 2240 317 2284 test
347 2235 519 2285 anima
546 2234 740 2299 absque
779 2249 994 2298 Corpore
1035 2236 1166 2285 inter
1194 2233 1405 2290 anet-los
1431 2235 1478 2285 in
1512 2244 1755 2298 perpetua

207 2301 540 2355 beatitudine
587 2302 698 2356 sine
745 2302 945 2355 defeetu
972 2301 1442 2365 consistere?Quid
1485 2316 1609 2366 ergo
1631 2314 1761 2364 opus

207 2382 295 2420 est
324 2379 380 2421 tit
408 2372 590 2423 iterum
620 2380 793 2437 surgat
835 2386 1043 2437 corpus,
1076 2382 1129 2423 ut
1175 2372 1295 2423 illud
1323 2383 1441 2422 tunc
1470 2370 1758 2422 imtnottaie

205 2439 413 2500 induat,
452 2442 584 2506 quod
629 2455 763 2491 nunc
809 2441 1025 2493 mettile
1052 2441 1308 2508 deposuit,
1340 2439 1436 2492 nisi
1460 2441 1577 2505 quia
1624 2439 1759 2492 inest

207 2512 424 2574 quidem
454 2511 686 2575 corporis
734 2511 1133 2572 administratio,
1182 2525 1284 2577 quo
1321 2509 1614 2560 tit-tardatur
1649 2511 1759 2559 ani-

211 2593 354 2640 inus,
381 2588 433 2630 ut
460 2595 560 2634 non
594 2582 642 2631 in
671 2578 813 2631 illum
844 2595 1102 2632 summum
1127 2589 1320 2647 pergat,
1351 2579 1514 2630 donec
1543 2591 1760 2628 consur-

204 2659 295 2714 εει
326 2662 535 2714 Cllt'ptIS,
564 2658 617 2700 ut
645 2651 776 2716 quod
805 2649 848 2699 ei
880 2664 1016 2700 nunc
1043 2648 1301 2699 sarcinunt
1345 2657 1443 2710 est,
1465 2649 1526 2700 sit
1560 2656 1679 2697 tunc
1710 2647 1759 2698 in

208 2722 395 2782 gioria.
433 2717 494 2770 Et
533 2718 656 2785 quid
699 2733 828 2784 opus
856 2729 935 2770 est
963 2731 1012 2770 ut
1035 2718 1258 2782 parvuli,
1293 2717 1377 2783 qui
1406 2726 1642 2781 parentes
1665 2718 1757 2766 Ita-

210 2789 341 2838 bent
383 2785 726 2851 Christianos,
773 2795 971 2855 patrem
1018 2798 1070 2839 et
1124 2795 1364 2848 matrem,
1397 2785 1580 2837 iterum
1612 2798 1759 2855 rena-

211 2864 433 2907 scantur
488 2870 578 2920 per
625 2854 809 2922 aquam
843 2857 1187 2922 baptismatis,
1221 2855 1315 2907 nisi
1344 2855 1460 2922 quia
1489 2854 1760 2920 unusquis-

207 2938 316 2990 que
348 2925 398 2975 in
442 2924 678 2991 originali
710 2935 921 2991 peccato
963 2925 1210 2987 nascitur,
1253 2933 1303 2976 et
1331 2925 1426 2976 nisi
1461 2938 1668 2976 renatus
1691 2923 1760 2974 sit

212 3008 308 3060 per
347 3008 538 3060 aquam
575 2995 914 3060 baptismatis,
973 3009 1074 3046 tton
1104 3002 1277 3061 potest
1307 2993 1521 3045 introire
1575 2993 1624 3042 in
1656 3005 1758 3061 __te-

208 3059 374 3129 gnum
401 3059 553 3125 ’Dei,
601 3059 737 3117 sicut
780 3063 1016 3116 Salvator
1068 3059 1123 3116 iri
1162 3063 1443 3126 Evangelio
1485 3059 1709 3113 o.-tcndit
1741 3097 1757 3123 ,

210 3135 430 3210 dicens:
470 3131 612 3221 ‘Nisi
661 3133 781 3221 quis.
820 3142 1018 3221 renotus
1063 3132 1213 3200 fuerit
1260 3145 1493 3221 ea;
1540 3139 1585 3180 et
1620 3129 1756 3221 .Spi-
1788 3159 1831 3221 Ο

209 3205 315 3253 ritu
341 3213 534 3264 sancto,
569 3219 666 3253 non
700 3211 853 3270 potest
877 3204 1040 3254 videre
1065 3199 1274 3272 regnum
1302 3200 1392 3252 Dei
1415 3199 1588 3266 (Joan.
1620 3208 1719 3266 ιιι).

431 3290 494 3342 Et
531 3293 705 3343 iterum
735 3294 1001 3344 secundum
1033 3308 1231 3344 sensum
1259 3289 1550 3355 spiritalem.

300 3380 366 3432 Et
399 3380 558 3444 factus
599 3391 666 3432 est
697 3382 840 3431 homo
889 3380 938 3430 in
967 3379 1184 3430 animam
1235 3380 1474 3429 virentem
1503 3417 1517 3435 ,
1563 3375 1763 3428 scilicet

212 3461 272 3569 :tl
301 3449 388 3517 qui
420 3454 682 3517 perlectus
731 3458 873 3500 erat.
923 3449 1059 3500 Deus
1089 3447 1348 3515 perlectus
1378 3446 1678 3499 crederetur
1711 3453 1763 3496 et

233 3534 394 3569 101110.

233 3534 394 3570 101110.

523 3609 608 3663 DE
654 3609 681 3661 Γ
695 3608 1116 3664 LANTATIONE
1156 3607 1234 3661 ΡΑ
1247 3607 1485 3660 llADlSl.

291 3701 618 3754 Plantacerat
648 3710 811 3753 autem
845 3699 1084 3753 Dominus
1112 3701 1241 3752 Deus
1271 3701 1560 3767 paradisum
1593 3702 1765 3769 volup.

216 3775 338 3824 tatis
367 3787 396 3822 a
426 3771 686 3838 pr.ucipio,
719 3773 770 3822 in
796 3787 891 3837 quo
923 3773 1084 3836 posuit
1117 3772 1362 3821 hominem
1397 3785 1538 3835 quem
1576 3770 1766 3836 forma-

213 3851 374 3892 verat.
409 3840 677 3892 Paradtsus
710 3838 854 3890 locus
882 3840 1182 3891 deliciarum
1211 3839 1419 3902 dicitur,
1447 3851 1532 3888 aut
1563 3839 1764 3906 pollens

217 3910 490 3963 alﬂuentia
537 3909 840 3975 gratiarum.
867 3908 973 3960 Hoc
1004 3908 1134 3960 dixit
1163 3919 1390 3975 sanctus
1426 3909 1759 3973 Augustinus,

215 3977 362 4044 quod
398 3980 448 4029 in
483 3974 705 4044 quodam
746 3975 862 4029 loco
900 3979 995 4028 iste
1049 3977 1321 4042 paradisus
1350 3974 1606 4038 plantatus
1646 3977 1759 4038 fuit,

217 4049 312 4102 ubi
344 4047 501 4100 homo
540 4057 780 4098 terrenus
832 4046 1066 4097 habitare
1107 4047 1292 4110 potuit.
1327 4045 1452 4095 Nam
1489 4045 1760 4109 paradisus

217 4115 536 4186 spiritaliter
572 4113 894 4180 intelligitur,
928 4115 1017 4166 ubi
1061 4129 1194 4186 nunc
1239 4113 1428 4165 anima:
1458 4124 1759 4186 sanctorum

216 4183 288 4241 de
318 4200 540 4252 corpote
591 4197 845 4237 exeuntes
897 4196 1131 4252 pergunt.
1176 4185 1400 4249 lncujus
1449 4183 1610 4250 tigura
1669 4185 1766 4236 iste

259 4256 497 4314 aradisus
526 4253 783 4321 plautatus
814 4254 928 4317 fuit,
971 4255 1258 4308 secundum
1299 4268 1472 4305 rerum
1503 4263 1766 4320 gestarum

260 4327 400 4379 dem.
1423 4369 1428 4373 .

294 4393 640 4463 Produxitque
686 4393 930 4448 Dominus
975 4392 1108 4445 Deus
1135 4393 1195 4443 de
1221 4391 1368 4444 humo
1395 4407 1536 4444 omne
1574 4389 1764 4461 lignum

1853 579 1990 630 enim
2025 578 2090 631 de
2121 579 2205 630 illa
2240 579 2494 644 Icgiturin
2535 581 2762 633 Canticis
2790 585 3146 636 canticorum:
3193 584 3385 638 Hortus

1852 648 2111 699 conclusus
2146 658 2230 718 est
2269 663 2409 700 soror
2447 665 2553 700 mea
2594 648 2766 716 (Cant.
2801 654 2893 713 iv).
2933 656 2970 703 Α
3017 653 3270 718 principio
3293 670 3388 708 au-

1855 724 1956 785 tem
2000 717 2268 782 paradisus
2312 719 2590 780 plantatur,
2633 721 2748 785 quia
2795 719 3024 773 Ecclesia
3074 717 3325 775 catholica
3359 738 3388 773 τι

1853 784 2086 841 Christo,
2117 787 2201 849 qui
2246 795 2325 836 ρει
2367 784 2675 852 principium
2716 787 2971 848 omnium,
3015 791 3221 842 condita
3269 805 3386 844 esse

1851 854 2199 917 cognoscitur.
2244 854 2454 906 Fluvios
2498 855 2565 908 de
2603 855 2840 920 paradiso
2883 859 3061 910 exiens
3104 857 3381 923 imaginem

1853 923 2239 994 potiattlhristi
2280 924 2344 976 de
2371 935 2584 988 paterno
2627 923 2766 994 fonte
2804 925 3030 994 ﬂuentis.
3079 928 3163 990 qui
3205 928 3384 994 irrigat

1856 988 2141 1063 Ecclesium
2170 994 2504 1063 suatn_verbo
2533 993 2933 1063 prredicationis.
2963 1003 3016 1047 et
3048 988 3186 1046 dono
3216 988 3385 1063 bapti-

1854 1060 2054 1109 siuatis.
2092 1061 2163 1112 De
2191 1075 2294 1126 quo
2323 1060 2454 1113 bene
2494 1076 2589 1125 per
2615 1062 2914 1123 prophetam
2958 1064 3180 1116 dicitur:
3216 1060 3384 1116 Domi-

1855 1143 1946 1197 nus
1978 1127 2107 1178 Deus
2146 1138 2308 1180 noster
2333 1129 2515 1196 ﬂuuius
2540 1131 2810 1197 gloriosus.
2853 1133 3084 1183 exsiliens
3114 1133 3165 1183 in
3207 1144 3390 1184 terram

1853 1195 2114 1266 sitientem.
2155 1195 2595 1266 Quatuorautein
2643 1199 2864 1264 paradisi
2917 1200 3128 1252 ﬂumina
3166 1211 3388 1266 quatuor

1854 1274 1977 1337 sunt
2008 1265 2304 1337 Evangelia,
2356 1265 2437 1337 :td‘
2464 1265 2882 1332 pra-dicidicttem
2925 1267 2974 1320 in
3019 1265 3221 1321 eunetis
3262 1286 3392 1337 geu-

1817 1327 1829 1336 “
1857 1335 1992 1384 tibus
2019 1327 2195 1386 inissa.
2229 1335 2388 1400 Ligna
2417 1327 2674 1389 fructifera
2716 1350 2899 1390 omnes
2921 1340 3086 1390 sancti
3113 1327 3392 1399 suntftrti-

1854 1411 1966 1453 etus
1992 1416 2172 1473 eorum
2213 1419 2377 1473 opera
2416 1419 2617 1473 eorum,
2665 1405 2856 1473 lignum
2885 1407 3004 1458 vita:
3033 1417 3245 1459 sanctus
3271 1421 3394 1458 san-

1855 1482 1917 1521 et.
1943 1485 2054 1548 runt
2105 1471 2281 1536 utique
2323 1471 2583 1552 Christus,
2626 1471 2884 1540 adquam
2932 1476 3153 1545 quisque
3183 1475 3227 1529 si
3271 1489 3392 1543 por-

1858 1548 2050 1592 t'eXertt
2078 1555 2305 1602 manuni,
2337 1548 2475 1594 vivet
2501 1548 2550 1594 in
2581 1552 2853 1596 aeternum.

2004 1628 2086 1681 DE
2140 1629 2334 1684 ιιι]Νο
2381 1629 2705 1684 SCIENTLE
2745 1630 2896 1686 BONI
2941 1632 3026 1686 ET
3065 1631 3252 1686 MALI.

1930 1718 2141 1788 Lignum
2163 1723 2380 1774 scientia:
2403 1721 2519 1774 boni
2546 1733 2591 1774 et
2617 1724 2756 1775 mali.
2801 1722 2970 1788 Quare
3024 1723 3158 1776 ismd
3205 1737 3392 1776 nomen

1859 1789 2096 1854 accepit?
2149 1790 2276 1855 Quia
2325 1790 2460 1843 Deus
2499 1792 2676 1845 omnia
2721 1789 2870 1844 valde
2911 1793 3041 1845 bona
3090 1791 3308 1846 creavit.
3340 1791 3393 1845 ιιι

1859 1860 2188 1928 agnoscendo
2235 1859 2352 1911 boni
2405 1868 2460 1912 et
2509 1860 2669 1924 mali,
2722 1873 2970 1928 quantum
3025 1860 3206 1913 fuisset
3262 1863 3399 1913 inter

1859 1927 2206 1980 obedientiam
2251 1929 2370 1981 boni
2397 1970 2410 1990 ,
2457 1938 2510 1981 et
2551 1927 2955 1983 inohedientiam
3009 1929 3146 1990 tnali,
3178 1928 3295 1992 quia
3351 1930 3397 1981 si

1859 1997 2050 2050 exinde
2080 2007 2438 2064 transgressus
2481 1997 2684 2062 luisset,
2723 1999 2912 2052 malum
2943 1999 3011 2052 illi
3041 2007 3209 2060 esset;
3235 1998 3276 2049 si
3308 1998 3402 2051 bo-

1861 2081 1983 2117 num
2029 2067 2106 2136 illi
2165 2067 2364 2130 luisset,
2405 2071 2522 2135 quia
2558 2068 2600 2119 si
2646 2078 3000 2136 transgressus
3043 2081 3143 2120 non
3194 2066 3396 2129 luisset,

1858 2135 2271 2202 experimentum
2303 2151 2433 2202 pene
2475 2151 2575 2188 non
2616 2136 2904 2189 didicisset.

2199 2225 2284 2278 DE
2335 2225 2749 2280 EGRESSIONE
2795 2225 3034 2282 FLUVII.

1933 2313 1994 2366 Et
2023 2317 2200 2382 ﬂuvius
2231 2316 2571 2382 egrediebatur
2617 2318 2679 2370 de
2718 2317 2827 2369 loco
2873 2319 3145 2381 voluptatis
3185 2320 3250 2368 ad
3277 2317 3394 2369 irri-

1858 2387 2077 2456 gundum
2118 2387 2427 2456 paradisum,
2456 2389 2538 2452 qui
2565 2387 2680 2438 inde
2706 2387 2946 2439 dividitur
2976 2390 3025 2438 in
3069 2397 3281 2456 quatuor
3313 2402 3399 2439 en-

1861 2456 1985 2521 pita.
2030 2455 2223 2525 Nomen
2263 2456 2348 2506 uni
2391 2455 2745 2525 Phison;ipse
2771 2465 2841 2508 εει
2864 2457 2950 2523 qui
2994 2455 3169 2508 circuit
3207 2473 3402 2507 omnem

1861 2535 2041 2574 terram
2074 2522 2292 2584 Evilath,
2327 2525 2408 2576 ubi
2435 2522 2668 2577 nascitur
2695 2542 2894 2578 aurum.
2934 2525 2998 2576 Et
3031 2541 3208 2578 aurum
3255 2535 3400 2577 teme

1814 2611 1816 2614 '
1860 2593 1996 2644 illius
2024 2594 2267 2662 optimum
2297 2604 2388 2657 est,
2421 2594 2581 2662 ibique
2620 2596 2863 2646 invenitur
2891 2594 3149 2658 bdetliunt,
3185 2604 3228 2645 et
3271 2595 3399 2657 lapis

1861 2663 2154 2728 onycliinus.
2191 2661 2254 2712 I'It
2297 2678 2472 2713 nomen
2499 2661 2654 2729 ﬂuvii
2694 2664 2898 2714 secundi
2940 2663 3146 2726 Gehon;
3177 2664 3282 2730 ipse
3320 2671 3394 2714 est

1859 2733 1942 2799 qui
1967 2731 2140 2782 circuit
2165 2747 2355 2800 omnem
2385 2742 2569 2784 terrant
2599 2730 2894 2798 ΑῖιΙιὶορξω.
2929 2731 3124 2784 Nomen
3157 2749 3268 2784 vero
3297 2734 3394 2800 ﬂu-

1862 2800 2007 2852 minis
2031 2801 2180 2862 tertii,
2202 2799 2368 2868 Tigris
2391 2815 2408 2861 ;
2428 2801 2693 2870 ipseipadit
2715 2811 2887 2852 contra
2914 2802 3161 2870 Assyrios.
3187 2799 3396 2854 Flauius

1861 2878 2026 2920 autent
2053 2872 2386 2937 quartus'ipse
2426 2881 2494 2922 est
2527 2869 2827 2935 Euphrates.
2879 2869 3016 2924 Ideni
3065 2881 3120 2924 ut
3161 2874 3398 2937 superius

1862 2937 2143 2991 indicatum
2177 2949 2254 2992 est
2284 2937 2348 2991 de
2377 2939 2488 3004 ipso
2519 2939 2696 3001 tluvio,
2725 2949 2777 2992 et
2803 2942 2868 2993 de
2897 2941 3021 3006 ipsis
3053 2951 3270 3002 quatuor
3299 2942 3394 2992 tiu-

1863 3008 2090 3077 miuibus
2129 3009 2352 3077 paradisi
2384 3010 2738 3072 egrediuntur,
2769 3023 2990 3077 quorum
3035 3010 3136 3061 duo
3186 3013 3395 3077 propria

1863 3076 2074 3146 nomina
2131 3075 2341 3129 habent.
2395 3077 2562 3144 Tigris
2604 3075 2930 3146 autem—ipse
2977 3089 3053 3130 est
3098 3075 3260 3141 Nilus,
3290 3075 3392 3146 qui

1864 3145 2049 3216 e_ircuit
2075 3159 2282 3199 omnem
2313 3155 2503 3198 terram
2529 3146 2758 3215 Egypti.
2797 3145 2986 3200 Phison
3020 3162 3146 3200 vero
3177 3149 3287 3216 ipse
3315 3145 3398 3202 est

1864 3212 2087 3281 Ganges.

2435 3284 2817 3355 Recapilulatio.

1936 3378 1998 3429 Et
2029 3377 2216 3430 iterum
2247 3380 2535 3430 secundum
2583 3391 2789 3428 sensum
2836 3376 3147 3440 Spiritalem,
3173 3377 3386 3445 ilignum

1863 3448 2098 3500 scientiae
2130 3446 2248 3497 boni
2277 3457 2326 3498 et
2359 3447 2475 3496 mali
2507 3449 2770 3511 proprium
2800 3452 2880 3497 est
2929 3444 3216 3506 voluntatis
3241 3444 3398 3499 arbi-

1866 3517 2041 3572 trium.
2075 3514 2209 3580 quod
2243 3516 2291 3564 in
2324 3514 2496 3567 medio
2524 3514 2683 3566 nostri
2731 3523 2808 3565 est
2837 3514 3078 3580 positum,
3124 3514 3188 3565 ad
3229 3529 3392 3580 agno-

1869 3585 2121 3636 scendum
2155 3585 2344 3635 honnm
2372 3585 2449 3635 vel
2477 3585 2689 3634 malum.
2734 3583 2804 3636 De
2834 3600 2934 3650 quo
2955 3585 3060 3650 qui,
3093 3584 3268 3636 relicta
3299 3583 3394 3638 Dei

1863 3655 2048 3719 gratia,
2079 3653 2378 3719 gusmverit,
2403 3664 2569 3706 morte
2601 3653 2868 3706 morietur.
2900 3654 3039 3706 Tulit
3073 3668 3196 3720 ergo
3224 3653 3395 3705 Domi-

1868 3737 1962 3773 nus
1997 3725 2128 3774 licus
2161 3723 2442 3784 hominem,
2476 3732 2526 3774 et
2573 3725 2741 3785 posuit
2778 3737 2894 3774 eum
2936 3724 2984 3774 in
3020 3722 3257 3785 paradiso
3306 3739 3396 3773 vo.

1869 3793 2096 3853 luptatis.
2128 3801 2180 3844 ιιι
2211 3801 2514 3856 operaretur
2535 3801 2586 3844 et
2616 3791 2897 3843 custodiret
2919 3790 3088 3854 illum,
3121 3792 3237 3857 quia
3261 3807 3394 3858 quu-

1871 3864 2174 3926 ticst-unque
2204 3863 2266 3913 de
2299 3876 2514 3925 persmta
2568 3861 2791 3911 hominis
2832 3861 3078 3927 loquitur,
3121 3870 3396 3926 utrumque

1869 3936 2117 3984 nominat.
2147 3942 2196 3982 et
2232 3932 2386 3981 [lenm
2418 3940 2469 3981 et
2503 3930 2792 3989 hominum,
2821 3941 2872 3981 ιιι
2903 3930 3191 3983 ostenderit
3230 3944 3396 3995 quan-

1870 4011 1975 4051 tum
2007 4003 2050 4052 ei
2083 4001 2323 4062 expediat
2370 4001 2562 4051 habere
2614 3999 2888 4050 Dominum
2937 3999 3097 4050 Deum
3127 4014 3311 4060 suum,
3345 3999 3394 4049 id

1868 4077 1967 4130 est,
1991 4069 2086 4120 sub
2115 4069 2228 4132 ejus
2255 4068 2607 4120 dominatione
2636 4068 2943 4119 obedienter
2975 4069 3148 4118 vivere
3180 4076 3236 4118 ut
3269 4081 3399 4132 ope-

1870 4149 2092 4190 raretur.
2123 4136 2394 4202 Quomodo
2437 4147 2604 4189 autem
2632 4137 2809 4189 debuit
2836 4134 3037 4202 operari
3086 4150 3184 4187 non
3216 4137 3397 4188 labore

1868 4207 2065 4271 servili,
2109 4209 2197 4260 sed
2252 4208 2479 4258 honestae
2506 4207 2690 4257 auiutre
2720 4209 3000 4267 voluntate,
3028 4213 3081 4258 et
3110 4207 3396 4258 custodiret

1871 4279 2034 4340 illum,
2071 4278 2117 4330 id
2145 4292 2210 4329 ne
2237 4276 2427 4340 aliquid
2453 4279 2800 4328 committeret
2827 4291 2986 4342 quare
3014 4274 3131 4326 inde
3171 4288 3398 4326 merere-

1870 4358 1952 4401 tur
1981 4347 2259 4413 expellere.
2297 4344 2455 4398 Recte
2487 4362 2607 4413 ergo
2632 4346 2850 4410 quisque
2877 4346 3064 4397 dicitur
3087 4359 3187 4395 non
3220 4353 3392 4413 casto.

1870 4418 2008 4470 disse
2039 4433 2145 4469 rem
2192 4431 2362 4478 suam,
2405 4417 2487 4479 qui
2533 4412 2605 4466 sic
2634 4415 2734 4483 agit
2766 4421 2821 4465 ut
2865 4427 2978 4466 eam
3013 4412 3246 4473 amittat,
3275 4412 3398 4481 quia

219 4464 484 4549 PE’WW"
529 4466 653 4549 εξδυν
678 4475 724 4518 ει
767 4464 1149 4549 ίξξῆυεὲξεηίῖιμίε
1177 4463 1589 4549 ἓςυαίὶεν-¹ἔθ’3,λέἰ⁷ξ.
1616 4463 1760 4549 “‘i‘f’i‘
1797 4483 1841 4539 υ
1867 4463 2362 4538 ἧὸῖῖὶῖἆΐιιοῖἐὲὲἑὲἐ
2385 4463 2603 4549 ιίὲὀρὧὲ
2625 4463 2818 4534 ὑπέκειιὲ
2835 4463 3133 4546 ιιέἰέωιιειιηι
3164 4463 3395 4535 enitimi-

221 4535 338 4585 t'ita!
363 4534 414 4584 in
445 4534 602 4584 medio
631 4532 874 4600 paradisi.
905 4533 1013 4582 Non
1044 4531 1144 4580 alia
1176 4531 1309 4598 ligna
1356 4531 1614 4596 produxit,
1660 4532 1754 4600 nisi

221 4601 310 4655 illa
338 4617 452 4668 qua:
500 4599 737 4666 snperius
778 4600 910 4653 dixit
950 4600 1033 4653 die
1084 4607 1230 4652 te:t:a
1258 4613 1484 4662 creasti,
1516 4609 1564 4649 et
1605 4599 1758 4650 modo

221 4683 408 4724 narrat
436 4674 694 4738 quomodo
723 4669 773 4723 itt
801 4669 1029 4736 speciem
1061 4669 1300 4736 produxit
1330 4669 1379 4719 in
1413 4668 1682 4738 paradiso;
1707 4677 1759 4720 et

224 4742 364 4793 istud
394 4737 584 4809 lignum
617 4743 754 4802 \il‘tP,
779 4741 914 4802 quod
939 4740 1071 4792 idem
1098 4749 1177 4792 est
1206 4739 1290 4807 qui
1334 4738 1397 4789 de
1432 4737 1520 4790 illo
1551 4749 1754 4804 gustas-

219 4818 327 4871 set,
350 4822 404 4861 et
431 4811 734 4864 immortalis
765 4810 1151 4876 permansisset.
1179 4809 1374 4861 Tamen
1411 4817 1529 4860 tunc
1569 4826 1615 4858 tu
1663 4824 1755 4872 pa-

223 4879 404 4931 radiso
446 4894 589 4946 quam
636 4883 784 4934 cibus
835 4879 1092 4932 terrestris
1142 4880 1248 4930 lieri
1300 4879 1599 4935 videbatur,
1657 4894 1758 4929 non

221 4947 364 5017 sicut
408 4945 536 5002 alios
576 4951 722 5005 cibus
769 4950 908 5013 facit,
941 4951 1026 5017 qui
1057 4947 1187 5000 solet
1232 4948 1423 5000 habere
1472 4948 1755 5017 fastidiunt,

222 5016 320 5069 sed
353 5017 485 5069 unde
513 5021 651 5071 omni
693 5021 916 5070 sanitate
961 5016 1169 5069 stabilis
1217 5017 1526 5068 firmaretur.
1565 5016 1757 5066 Tantt-n

220 5085 351 5154 quid
402 5087 454 5154 in
497 5086 595 5138 isto
639 5086 780 5153 ligno
819 5085 1149 5139 continebat?
1189 5086 1240 5138 lu
1288 5085 1387 5136 alia
1436 5087 1572 5135 enim
1621 5085 1755 5150 ligna

219 5153 376 5209 erant
401 5153 666 5217 alimenta,
711 5160 761 5207 iit
804 5156 936 5207 istud
972 5165 1141 5207 autem
1187 5167 1564 5206 sacramentum
1594 5161 1757 5203 conti-

223 5225 466 5278 uehatur.
510 5225 757 5290 Quamvis
787 5235 905 5278 tunc
937 5223 1276 5277 bistorialiter
1322 5225 1508 5275 factum
1542 5220 1718 5272 luisset
1745 5261 1755 5281 ,

223 5295 363 5346 sicut
401 5295 464 5346 de
504 5294 740 5360 paradiso
781 5294 972 5345 dictum
1014 5304 1114 5355 est,
1153 5291 1293 5359 quod
1323 5292 1605 5361 Ecclesium
1634 5303 1762 5350 prte-

223 5362 513 5428 llgurabat;
543 5363 622 5416 vel
646 5361 774 5415 sicut
803 5363 990 5413 iactum
1020 5365 1114 5414 I'uit
1139 5363 1202 5414 de
1229 5362 1386 5427 Agar,
1417 5361 1494 5411 vel
1523 5366 1584 5412 de
1609 5361 1759 5420 Sara,

223 5439 279 5482 et
317 5430 474 5484 multa
504 5433 601 5486 alia
633 5447 748 5499 qua:
779 5430 1115 5499 ltistorialiter
1146 5433 1275 5482 facta
1319 5431 1547 5487 luerunt.
1581 5442 1756 5480 tamen

220 5499 378 5570 aliter
406 5497 786 5570 pratigurabat,
815 5501 884 5550 Ita
912 5506 962 5550 et
989 5497 1186 5565 lignum
1230 5499 1368 5552 istud
1397 5501 1762 5569 praetigurabat

223 5564 423 5634 lignum
457 5564 651 5624 crucis.

643 5659 706 5712 Et
744 5660 918 5712 iterum
966 5655 1353 5718 Recapitulatio.

299 5751 619 5804 Plantartrat
675 5761 839 5805 autent
893 5748 1131 5801 Dominus
1177 5746 1304 5798 Dens
1346 5752 1630 5815 paradisum
1679 5765 1761 5801 vo-

1862 4569 1936 4616 re,
1968 4566 2053 4605 aut
2074 4567 2284 4619 propter
2313 4555 2464 4603 aliam
2488 4568 2597 4604 rem
2630 4552 2738 4603 site
2766 4551 2941 4603 servili
2966 4553 3142 4604 labore
3168 4554 3395 4619 operari,

1861 4626 1977 4694 quia
1999 4625 2126 4676 dixit
2152 4641 2162 4674 :
2194 4621 2321 4674 Ecce
2343 4622 2457 4673 dedi
2481 4624 2612 4673 vobis
2637 4634 2828 4694 omnem
2850 4620 3074 4694 herbam,
3099 4633 3150 4694 et
3175 4623 3398 4694 reliqua,

1860 4689 1949 4746 S't'd
1992 4703 2046 4745 ut
2093 4696 2335 4746 Domitius
2390 4703 2634 4759 operatus
2666 4689 2853 4744 luisset
2892 4692 2944 4743 ill
3000 4693 3077 4745 eis
3115 4691 3392 4758 justitiam,

1862 4766 2124 4832 pietatem,
2147 4771 2198 4814 et
2223 4776 2408 4814 caetera
2438 4769 2566 4813 bona
2593 4779 2605 4823 ;
2629 4761 2764 4827 quod
2791 4762 2926 4832 Deus
2955 4761 3150 4832 homini
3181 4760 3398 4832 tribuet,

1859 4829 1978 4901 quia
2011 4835 2135 4885 nihil
2170 4840 2336 4897 potest
2369 4834 2522 4882 homo
2554 4833 2727 4882 facere
2764 4829 2876 4883 sine
2907 4830 3310 4901 adjtttorioliei.
3335 4829 3402 4882 Et

1860 4898 2161 4965 operaretur
2205 4901 2350 4952 illum
2381 4912 2434 4952 ut
2463 4902 2631 4964 justus
2676 4910 2838 4960 esset,
2889 4909 2940 4954 et
2981 4898 3288 4958 custodiret,
3347 4908 3402 4949 ut

1862 4983 1998 5023 tttttts
2030 4984 2190 5034 esSet,
2227 4972 2346 5038 quia
2378 4971 2420 5022 si
2451 4971 2590 5022 illum
2624 4968 2760 5020 Deus
2791 4968 3238 5035 dereliquerit,.et
3263 4967 3400 5038 sola-

1863 5052 1988 5092 t-um
2019 5041 2132 5107 ejus
2181 5037 2510 5102 abs-traxerit,
2564 5039 2649 5090 ille
2701 5038 2869 5088 inanis
2914 5048 3228 5093 remaneret.
3277 5037 3396 5098 quia

1864 5112 1997 5160 Deus
2029 5111 2153 5160 nihil
2205 5113 2394 5160 bonum
2445 5112 2490 5159 ei
2546 5119 2757 5158 necesse
2789 5108 2875 5156 sit.
2916 5108 3020 5162 Sed
3072 5120 3164 5157 nos
3213 5117 3398 5155 omnes

1863 5178 2153 5237 indtgentus
2205 5178 2562 5229 dominatione
2611 5174 2741 5241 ejus.
2776 5177 2903 5238 Quia
2950 5177 3200 5237 scriptum
3257 5185 3338 5225 est
3389 5188 3403 5224 :

1864 5243 2002 5296 Dixit
2033 5246 2264 5309 Domino,
2314 5245 2444 5296 Deus
2487 5261 2623 5298 meus
2661 5261 2710 5297 es
2755 5254 2830 5304 tu,
2873 5243 3111 5309 quoniam
3161 5242 3404 5294 bonorum

1862 5330 2082 5384 meorum
2103 5332 2199 5366 non
2223 5332 2335 5383 eges
2363 5315 2524 5384 (Psal.
2563 5311 2649 5381 xv)
2674 5329 2685 5373 ;
2717 5325 2767 5364 et
2793 5316 2840 5364 in
2873 5312 2974 5363 alio
3009 5313 3125 5384 loco
3153 5325 3431 5378 scriptum.

1861 5395 1941 5437 eat
1962 5401 1972 5434 :
1995 5383 2119 5436 Mitti
2145 5380 2309 5437 autem
2327 5380 2582 5438 att/iterare
2608 5380 2707 5434 Deo
2728 5384 2904 5433 bonum
2928 5390 2999 5434 est
3022 5380 3194 5452 (Psa';
3215 5385 3404 5447 Lx-xn).

2201 5489 2285 5548 DE
2331 5490 2818 5549 ΡΒᾸΞΟΕΡΤΙΟΝΕ
2866 5489 3063 5545 LIGNI.

1933 5602 2270 5672 Prwcepitque
2308 5609 2356 5657 ei
2377 5607 2542 5658 dicens
2568 5621 2584 5657 :
2616 5604 2696 5659 Ex
2726 5607 2860 5659 omni
2886 5606 3021 5671 tigno
3050 5603 3274 5671 paradisi
3312 5617 3369 5654 co
3388 5629 3407 5641 -

1863 5676 2022 5735 mede,
2049 5675 2107 5725 de
2129 5676 2263 5740 tigno
2291 5687 2458 5727 autent
2479 5678 2697 5729 scientia
2717 5677 2826 5728 boni
2852 5684 2894 5728 et
2921 5674 3036 5726 mult
3062 5687 3120 5723 ne
3149 5674 3400 5724 comedas.

1870 5741 1928 5792 In
1961 5758 2252 5810 quocunque
2278 5747 2408 5798 enim
2448 5748 2526 5799 die
2557 5748 2821 5800 comederis
2849 5760 2908 5797 ex
2935 5760 3010 5817 eo,
3040 5757 3193 5794 morte
3218 5742 3403 5792 morie-
