3934 6222
523 351 622 406 ξδι

982 347 1175 402 DEDIE
1217 341 1658 398 VENERABILIS
1694 340 1839 396 OPP.
1884 339 2054 394 PARS

2198 337 2388 396 SECT.
2431 337 2490 391 ll.
2523 365 2590 377 --
2622 337 2818 391 Dl'BlA
2860 336 2942 391 ET
2982 334 3245 391 SPURH.

3600 333 3713 390 εδει

526 463 612 514 tim
641 462 925 525 aperientur
953 459 1085 511 oculi
1117 459 1284 520 vestri,
1315 469 1359 510 et
1407 459 1544 510 eritis
1583 456 1792 509 scientes
1834 455 1967 507 sicut
1998 455 2071 506 dii
2102 460 2142 510 Α
2183 452 2270 505 Dei
2300 451 2618 525 abscondere
2634 460 2918 525 potuerunt
2938 450 3219 525 {Nunquid
3245 450 3352 503 Deo
3379 459 3549 525 potest
3579 467 3705 505 esse

524 524 707 583 bonum
735 540 778 582 et
803 531 1007 582 malum.
1034 528 1122 580 Sic.
1152 537 1207 580 et
1234 542 1417 578 onmes
1442 527 1668 578 haeretici
1698 524 2065 592 generationes

526 597 810 651 divinitatis
847 600 1087 650 meritum
1138 597 1466 663 proﬁtentur,
1495 603 1650 659 atque
1679 592 1910 646 scientia:
1953 593 2065 657 pol-

527 669 811 721 licitatione
873 667 1178 730 decipiunt,
1229 674 1283 717 et
1337 663 1723 730 reprehendunt
1772 676 1864 714 eos
1934 676 2066 726 quos

525 738 829 798 simpliciter
880 736 1153 787 credentes
1201 734 1532 796 invenerint;
1585 740 1639 784 et
1681 732 1799 796 quia
1847 731 2065 782 omnino

523 807 750 857 carnalia
781 806 1112 869 persuadent,
1161 802 1308 868 quasi
1337 803 1620 853 carnalium
1667 803 1943 869 oculorum
1974 799 2062 851 ad-

522 875 844 939 apertionem
872 880 1124 925 conantur
1171 870 1463 934 adducere,
1513 879 1568 921 ut
1616 868 1831 921 interior
1884 871 2066 923 oculus

521 943 850 1011 obscuretur.
871 1008 874 1010 Ι

867 1050 951 1104 DE
987 1047 1335 1103 CDNSENSU
1375 1046 1709 1102 ιιυιιεῐιιε.

602 1141 738 1194 Vidit
779 1142 929 1210 igitur
972 1142 1151 1192 mulier
1189 1139 1542 1210 quodbonum
1589 1147 1715 1193 esset
1755 1140 1958 1210 lignum
1985 1143 2062 1210 ad

521 1207 828 1280 sescendnui,
860 1222 903 1262 et
933 1207 1375 1273 pulchrum'oculis
1413 1218 1710 1280 aspectuque
1750 1207 2060 1280 delectabile,

522 1278 705 1334 et‘tulit
729 1282 788 1333 de
812 1281 974 1346 fructu
995 1280 1153 1338 illius.
1170 1288 1217 1330 et
1235 1280 1466 1339 comedit,
1480 1278 1710 1344 deditque
1726 1278 1830 1330 viro
1848 1294 1955 1340 suo,
1976 1281 2061 1346 qui

522 1352 754 1402 comedit.
788 1345 841 1401 In
889 1349 985 1400 hoc
1014 1349 1366 1414 unuSquisque
1396 1357 1629 1400 nostrum
1677 1345 1840 1398 discat
1882 1361 2062 1400 exem-

523 1422 686 1485 plum.
715 1419 986 1483 Nunquam
1017 1418 1172 1469 debet
1200 1417 1434 1484 aspicere
1456 1416 1594 1481 quod
1617 1416 1920 1485 contingere
1953 1430 2058 1470 non

525 1488 667 1550 licet,
697 1503 761 1540 ne
793 1490 924 1540 forte
955 1501 1046 1548 per
1070 1485 1540 1550 concupiscentiam
1573 1494 1623 1537 et
1656 1484 2053 1537 delectationem

520 1557 810 1623 decipiatur
841 1557 976 1608 sicut
1005 1556 1128 1617 Eva,
1171 1557 1305 1621 quod
1336 1557 1481 1622 prius
1515 1554 1730 1623 aopexit
1760 1553 1973 1620 lignum,
2007 1565 2060 1608 et

525 1622 701 1689 postea
731 1626 980 1678 delectata
1014 1624 1107 1675 fuit
1135 1637 1187 1676 et
1216 1624 1468 1677 comedit.
1497 1622 1669 1687 Quare
1702 1623 1901 1674 mulieri
1924 1638 2057 1690 sug-

521 1697 701 1759 gessit,
727 1704 780 1746 et
821 1709 920 1746 non
953 1693 1101 1746 viro?
1130 1693 1178 1744 id
1224 1705 1434 1761 propter
1466 1691 1733 1744 mollitiem
1781 1695 1859 1744 vel
1906 1695 2051 1745 iulir-

524 1765 754 1816 tnilztlem
809 1763 1060 1816 mulieris.
1111 1761 1257 1815 Sicut
1314 1764 1449 1814 dixit
1494 1762 1758 1833 apostolus
1811 1761 2048 1833 Paulus;
2083 1773 2128 1833 Β

524 1833 683 1883 Adam
726 1849 822 1883 non
859 1841 928 1884 est
967 1833 1224 1895 seductus,
1275 1834 1354 1882 sed
1405 1829 1580 1880 mulier
1621 1829 1821 1896 decepta
1868 1839 1937 1881 est
1980 1831 2048 1897 (1

525 1899 653 1952 Tim.
687 1901 763 1953 nl.
788 1903 1059 1965 Quomodo
1091 1901 1185 1951 hoc
1214 1902 1406 1951 dictum
1440 1907 1540 1957 est,
1572 1898 1696 1949 dum
1729 1900 1777 1949 iit
1807 1898 1908 1950 alio
1939 1900 2054 1952 loco

519 1970 644 2022 dicit
683 1973 862 2022 beatus
909 1971 1094 2022 Paulus
1126 1986 1138 2020 :
1174 1967 1235 2020 In
1268 1967 1592 2020 similitudine
1630 1969 2051 2033 prwvaricationis

520 2041 661 2099 Ade,
702 2043 789 2105 qui
825 2048 896 2091 est
935 2034 1096 2107 farma
1132 2038 1288 2104 futuri
1325 2037 1498 2106 (Rom.
1526 2035 1750 2107 \)?_ldeo
1780 2038 1875 2090 ltoc
1903 2039 2046 2099 dixit,

517 2110 636 2174 quia
663 2104 822 2159 Adam
854 2104 954 2161 non
989 2107 1085 2160 fuit
1115 2124 1207 2172 per
1227 2104 1520 2174 serpentem
1551 2104 1816 2168 seductus,
1848 2107 1938 2158 sed
1964 2123 2053 2169 per

523 2179 817 2239 mulierem,
851 2177 968 2245 quia
1013 2178 1196 2228 mulier
1227 2177 1370 2244 prius
1391 2175 1615 2227 comedit
1646 2188 1736 2240 per
1764 2178 2053 2243 suggestio-

519 2262 636 2298 nem
681 2250 959 2314 sorpetttis,
992 2256 1044 2297 et
1073 2257 1250 2314 postea
1299 2246 1476 2297 tribuit
1509 2245 1622 2294 viro
1663 2258 1783 2314 suo,
1824 2247 1942 2310 quia
1981 2248 2053 2297 vir

518 2319 684 2384 imago
712 2312 782 2369 est
811 2326 855 2368 et
895 2315 1055 2382 gloria
1096 2313 1202 2374 Dei,
1236 2314 1418 2384 mulier
1444 2326 1615 2384 autem
1656 2312 1818 2379 gloria
1849 2325 1926 2365 est
1955 2316 2050 2369 viri

522 2384 570 2449 (Ι
600 2385 716 2436 Cor.
759 2387 854 2446 ιιι),
883 2396 934 2434 et
978 2384 1095 2436 ideo
1124 2399 1225 2435 non
1268 2383 1434 2435 suasit
1467 2383 1573 2433 viro
1600 2384 1762 2445 prius,
1809 2385 1901 2434 sed
1934 2399 2051 2435 mtt-

523 2452 660 2513 lieri,
688 2449 742 2504 ιη’
771 2469 868 2519 qua
901 2452 1146 2504 mollities
1172 2453 1553 2504 continebatur.
1588 2452 1651 2504 Et
1683 2466 1845 2518 quare
1884 2453 2050 2505 Adam

519 2522 805 2577 eomederit
851 2523 914 2573 de
964 2522 1102 2589 ligno
1149 2523 1331 2582 vetito,
1376 2520 1442 2572 de
1489 2535 1591 2589 quo
1633 2520 1704 2572 illi
1736 2532 2049 2588 prmeeptum

519 2602 633 2646 erat
664 2608 728 2644 ne
754 2587 1080 2656 comederet,
1111 2602 1162 2643 et
1189 2592 1385 2644 sciebat
1417 2593 1461 2642 si
1483 2587 1711 2646 fecisset.
1740 2587 2049 2648 sententiam

527 2663 618 2714 Dei
666 2662 1047 2728 adimplendatn
1089 2676 1225 2723 esse,
1257 2660 1391 2727 quod
1439 2661 1576 2726 prius
1616 2660 1662 2711 ei
1694 2660 1894 2711 locutus
1934 2660 2047 2727 fuit,

521 2732 696 2782 dicens
715 2749 727 2782 :
746 2731 804 2782 Si
827 2732 1134 2782 comederitis
1155 2747 1216 2783 et:
1241 2747 1320 2789 eo.
1341 2739 1497 2780 morte
1522 2729 1841 2780 moriemini?
1865 2729 1909 2780 ls
1933 2746 2050 2798 pro-

523 2812 635 2864 pter
659 2799 988 2853 dilectionem
1031 2802 1264 2853 mulieris
1292 2798 1541 2859 comedit,
1574 2800 1691 2863 quia
1732 2798 1896 2849 noluit
1934 2815 2049 2853 eam

521 2869 788 2923 oﬂc-ndere
814 2877 970 2935 atque
995 2870 1317 2932 contristari,
1354 2869 1490 2920 sicut
1519 2868 1735 2933 legimus
1765 2869 1898 2932 quod
1932 2870 2051 2923 lecit

522 2940 789 2998 Salomon,
818 2941 934 3004 quia
967 2945 1177 3004 propter
1205 2939 1536 2990 dilectionem
1579 2937 1852 2988 mulierum
1885 2938 2047 2991 Deum

519 3021 669 3058 suum
718 3016 896 3059 contra
943 3022 998 3058 se
1050 3006 1288 3060 irritavit.
1343 3008 1410 3059 Ita
1453 3005 1616 3057 Adam
1664 3019 1905 3072 operatus
1948 3020 2044 3072 est,

2171 522 2427 573 occultum
2456 521 2685 588 aliquid?
2715 520 2820 572 lloc
2847 520 3234 584 intelligendum
3259 529 3358 579 est,
3390 522 3509 586 quia
3538 536 3708 572 unus-

2165 590 2384 656 quisque
2425 590 2509 657 qui
2567 599 2833 655 peccatum
2879 588 3192 647 committit,
3241 598 3331 639 aut
3382 599 3710 651 pra'ceptum

2170 658 2369 710 Domini
2414 659 2716 719 contemnit,
2769 658 3106 721 semetipsum
3147 657 3423 709 abscondit
3463 657 3529 708 de
3572 657 3711 719 Deo,

2166 729 2284 794 quia
2319 729 2451 778 Deus
2477 742 2594 779 eum
2620 728 2823 794 ignorat
2850 736 3069 790 proptetr
3087 737 3355 794 peccatum
3387 741 3561 794 suum.
3587 726 3712 779 Sic—

2168 793 2224 846 ut
2259 795 2386 848 dixit
2427 798 2476 848 in
2526 793 2802 860 Evangelia
2836 811 2847 844 :
2880 794 3056 863 Nescio
3106 811 3186 845 ros
3216 793 3360 858 (Luc.
3399 793 3538 863 xm).
3573 794 3710 848 Nam

2169 879 2270 914 non
2307 874 2473 930 potest
2501 864 2611 916 ﬁeri
2638 874 2686 915 ttl
2720 864 2824 915 Deo
2852 862 3047 928 aliquid
3077 865 3439 914 absconditum
3463 866 3556 928 sit,
3581 867 3705 928 quia

2163 933 2410 1000 scriptum
2443 941 2520 985 est
2552 949 2564 983 ε
2599 932 2745 984 Oculi
2789 932 2989 982 Domini
3035 933 3437 998 contemplantur
3480 934 3609 985 bona
3655 943 3706 985 et

2165 999 2296 1071 mala
2337 1000 2598 1071 (Proverb.
2652 999 2914 1071 xiv).hSed
2957 1003 3321 1071 unusquisilue
3352 1005 3700 1069 semetipsum

2162 1069 2434 1122 abscondit
2464 1073 2512 1123 in
2561 1070 2731 1122 medio
2781 1069 2902 1137 ligni
2945 1071 3190 1132 paradisi,
3241 1070 3361 1134 quia
3405 1086 3627 1124 aversus
3673 1086 3706 1123 ι

2165 1151 2422 1206 praecepto
2450 1139 2705 1192 Creatoris
2735 1139 2784 1192 in
2811 1152 3010 1202 errore,
3053 1149 3207 1206 atque
3256 1139 3456 1192 arbitrii
3498 1141 3581 1193 sui
3611 1155 3704 1194 vo-

2164 1207 2441 1274 luptatibus
2463 1209 2607 1260 vivit.

2300 1298 2430 1350 VOX
2473 1297 2912 1352 INCREPANTIS
2951 1297 3080 1352 VEL
3119 1297 3563 1354 “EVOCANTIS.

2236 1388 2535 1450 Vocavitque
2568 1391 2809 1440 Dominus
2858 1391 2988 1441 Deus
3013 1390 3194 1451 Adam,
3226 1400 3272 1441 et
3305 1389 3434 1442 dixit
3481 1393 3528 1442 ei
3557 1406 3577 1442 :
3607 1390 3710 1444 Ubi

2158 1460 2248 1511 es?
2276 1459 2371 1522 Qui
2400 1461 2467 1510 ait
2492 1475 2508 1510 :
2545 1459 2725 1510 Vocem
2752 1470 2888 1510 tuam
2916 1459 3082 1509 audivi
3113 1461 3160 1510 in
3187 1463 3445 1526 paradiso,
3480 1470 3526 1511 et
3558 1460 3706 1512 timui

2159 1543 2218 1578 eo
2239 1528 2370 1594 quod
2400 1529 2562 1580 nudus
2587 1543 2762 1587 essem,
2783 1538 2828 1578 et
2853 1529 3088 1581 abscondi
3117 1545 3211 1580 me.
3248 1529 3345 1591 Qui
3374 1530 3500 1580 dixit
3531 1547 3542 1579 :
3577 1530 3704 1594 Quis

2158 1597 2287 1649 enim
2336 1598 2572 1648 indicavit
2613 1597 2699 1649 tibi
2748 1597 2879 1662 quod
2925 1602 3090 1648 nudus
3133 1614 3282 1660 esses,
3333 1598 3430 1649 nisi
3467 1601 3604 1665 quod
3645 1614 3707 1651 ea:

2158 1666 2291 1733 ligno
2317 1666 2377 1717 de
2405 1682 2501 1732 quo
2540 1665 2626 1717 tibi
2667 1681 3020 1733 praeceperant,
3069 1683 3130 1716 ne
3178 1670 3482 1731 comedens,
3531 1684 3704 1721 come-

2156 1735 2296 1804 disti.
2327 1735 2437 1787 Non
2482 1751 2597 1787 VOX'
2631 1736 2914 1800 ignorantis
2946 1745 3026 1788 est
3074 1738 3197 1796 hoc,
3227 1740 3316 1788 sed
3347 1737 3697 1804 objurgantis.

2155 1803 2209 1856 In
2243 1807 2338 1856 hoc
2368 1815 2541 1856 autem
2581 1805 2718 1871 quod
2761 1815 2928 1867 vdeat,
2971 1805 3035 1856 ad
3076 1807 3432 1867 pmnitentiam
3459 1803 3581 1858 eum
3617 1822 3701 1858 re-

2153 1883 2334 1931 vocat;
2368 1873 2416 1924 in
2447 1876 2691 1941 llﬂcht'rl)
2720 1875 2856 1940 quod
2887 1874 3121 1938 requirit,
3155 1875 3384 1927 ostendit
3405 1875 3544 1941 quod
3581 1889 3702 1940 pec-

2152 1950 2355 1994 catores
2392 1943 2509 2006 jure
2537 1940 2859 1993 damnandos
2911 1946 3044 1994 lieus
3085 1946 3306 2010 ignorat.
3336 1945 3397 1996 Et
3427 1940 3486 1995 'si
3531 1945 3699 1997 Adam

2153 2011 2267 2082 talis
2298 2012 2424 2070 l'uit,
2453 2012 2587 2077 quod
2623 2011 2881 2082 potuisset
2905 2011 3218 2064 locutionem
3259 2015 3347 2066 Dei
3382 2013 3697 2082 intelligere.

2152 2080 2280 2149 sicut
2311 2082 2500 2149 angeli,
2535 2097 2597 2132 an
2640 2081 2810 2132 adhuc
2839 2081 2884 2132 ei
2931 2095 3144 2134 neCesse
3170 2092 3288 2135 erat
3315 2080 3695 2146 perfectionem

2152 2148 2444 2202 intellecms
2478 2151 2696 2210 habere,
2729 2165 2923 2217 qztomo
2945 2153 2993 2202 lo
3035 2166 3219 2215 capere
3249 2151 3499 2204 valuisset
3542 2155 3695 2205 laeu-

2154 2218 2353 2289 tionem
2394 2218 2530 2270 Dei?
2560 2219 2682 2270 Inde
2727 2219 3124 2289 intelligendum
3145 2230 3224 2271 est
3247 2222 3384 2287 quod
3419 2235 3512 2286 per
3537 2236 3696 2289 ange-

2156 2286 2261 2338 lum
2295 2286 2356 2338 ad
2383 2303 2501 2340 eum
2534 2289 2737 2339 locutus
2763 2288 2874 2348 luit,
2903 2290 3037 2339 sicut
3067 2288 3129 2339 ad
3162 2286 3334 2354 patres
3365 2291 3568 2342 locutus
3593 2286 3697 2350 est.

2159 2355 2291 2428 quia
2313 2371 2425 2428 non
2457 2373 2546 2418 per
2569 2357 2900 2428 intelleetutn
2932 2359 3173 2428 cognovit
3199 2359 3333 2426 quod
3373 2361 3511 2413 Deus
3553 2361 3694 2428 loqui

2156 2425 2353 2495 voluit,
2387 2425 2758 2495 sicutlaciunt
2798 2427 2988 2493 angeli.
3026 2427 3096 2478 De
3123 2442 3186 2478 eo
3216 2425 3401 2482 "autem
3433 2431 3569 2495 quod
3605 2425 3700 2482 riu-

2152 2492 2248 2543 dtts
2295 2504 2456 2555 esset,
2507 2494 2555 2545 id
2605 2492 2931 2558 intelligitur,
2979 2498 3098 2560 quia
3145 2497 3250 2563 jam
3299 2492 3598 2549 sentiebant
3643 2499 3696 2550 in

2150 2576 2370 2629 corpore
2399 2577 2581 2616 eorum
2632 2563 2796 2629 legem
2832 2566 3050 2630 peccati,
3079 2565 3216 2632 quod
3267 2566 3413 2630 prius
3460 2580 3562 2618 non
3596 2568 3690 2618 ha-

2152 2633 2378 2684 buerunt
2405 2643 2682 2702 antequam
2714 2644 3016 2699 peccassent
3043 2649 3054 2690 ;
3086 2642 3137 2684 et
3171 2633 3211 2685 si
3244 2636 3311 2689 de
3343 2635 3486 2702 ligno
3516 2637 3694 2688 scien-

2153 2702 2234 2753 tiae
2273 2702 2394 2754 boni
2441 2712 2494 2754 et
2544 2701 2665 2754 mali
2715 2717 2817 2754 non
2870 2703 3241 2763 comedissent,
3295 2701 3428 2757 mori
3480 2707 3696 2759 omnino

2154 2786 2258 2822 non
2289 2771 2606 2837 potuissent,
2640 2767 2779 2826 sicut
2805 2772 3050 2838 superius
3079 2773 3358 2826 indicatum
3386 2785 3484 2827 est.

2771 2860 2837 2913 Et
2873 2861 3069 2914 iterant.

2228 2949 2523 3020 Vocavitque
2538 2950 2673 3007 Deus
2692 2954 2874 3015 Adam,
2896 2963 2938 3006 et
2958 2956 3141 3007 dixitei
3161 2973 3178 3008 :
3203 2957 3298 3010 Ubi
3313 2959 3397 3010 es?
3417 2957 3507 3009 llic
3522 2965 3702 3011 osten-

2154 3021 2252 3091 dit,
2285 3021 2406 3090 quia
2445 3024 2488 3075 si
2519 3025 2606 3091 qui
2637 3038 2665 3074 a
2697 3024 2796 3076 [ide
2824 3027 2901 3077 vel
2931 3025 3078 3077 bonis
3107 3027 3375 3090 operibus,
3403 3029 3464 3078 ad
3494 3030 3706 3079 tuenda-

519 3077 640 3164 dum
664 3076 944 3164 mulierem
1923 3093 2047 3131 COII'
2083 3104 2127 3164 ρ
2156 3075 2251 3164 cia,
2287 3075 2487 3164 suaque
2533 3075 2789 3164 desideria
2839 3075 3265 3164 labuntur,‘non
3299 3075 3704 3163 despicit—"illos

520 3147 726 3212 tempsit
748 3187 763 3211 ,
809 3147 949 3200 etde
977 3147 1077 3198 alta
1110 3147 1497 3198 immortalitate
1531 3145 1578 3195 izt
1610 3144 1712 3197 into
1744 3155 1895 3200 terra:
1933 3164 2052 3215 pro-

516 3225 708 3268 stratus
736 3225 836 3268 est.

591 3284 656 3335 Et
687 3285 845 3353 aperti
879 3293 994 3336 sunt
1015 3286 1147 3336 oculi
1174 3284 1458 3336 antborum.
1489 3285 1597 3336 Non
1631 3285 1692 3350 ad
1723 3285 1858 3336 aliud
1891 3288 2053 3351 aprrli

520 3363 662 3414 sunt,
709 3354 809 3406 nisi
853 3354 916 3405 ad
969 3356 1187 3406 invicem
1226 3355 1696 3418 c0ncupiscendum
1742 3356 1802 3406 ad
1849 3370 2054 3422 poenam

520 3425 736 3489 peccati.
769 3425 897 3476 Cum
929 3423 1320 3496 autemdejecti
1347 3432 1468 3475 sunt
1489 3440 1514 3476 a
1550 3424 1854 3496 ligntrvitag,
1879 3428 2053 3496 statim

518 3506 701 3544 eorum
730 3508 951 3559 corpora
995 3493 1282 3544 morbidum
1328 3501 1482 3555 atque
1527 3491 1863 3545 mortiferam
1898 3495 2056 3548 duxe-

522 3574 641 3612 runt
675 3563 998 3627 qualitatem,
1031 3563 1148 3628 quia
1190 3570 1468 3628 antequam
1513 3572 1835 3627 peccassent,
1864 3565 2052 3617 nullam

521 3630 683 3697 legem
725 3633 1018 3682 sentiebant
1060 3635 1108 3681 ιιι
1158 3633 1408 3682 membris
1451 3647 1630 3682 eorum
1678 3643 2051 3699 repugnantem

528 3700 624 3765 legi
669 3701 856 3751 mentis
902 3715 1029 3751 siste.
1065 3700 1250 3752 l’ostea
1295 3714 1420 3751 vero
1457 3701 1630 3752 statim
1679 3711 1956 3754 senserunt
2005 3703 2054 3755 in

527 3767 776 3819 membris
807 3771 914 3818 suis
947 3769 1098 3819 aliam
1137 3769 1301 3834 legem
1335 3780 1704 3836 repugnantem
1739 3772 1835 3834 legi
1868 3776 2058 3825 mentis

521 3851 648 3898 sum,
689 3847 741 3889 et
769 3837 1117 3903 captivantem
1161 3852 1250 3889 eos
1278 3838 1327 3890 in
1362 3839 1473 3905 lege
1502 3841 1696 3905 peccati
1729 3840 1912 3909 (llam.
1938 3841 2056 3911 vn).

713 3947 777 3999 Et
815 3949 991 3999 iterum
1030 3949 1298 4001 secundum
1337 3966 1534 4002 sensum
1572 3953 1870 4021 spiritalem.

600 4037 732 4110 Vidit
776 4055 889 4106 ergo
927 4039 1106 4110 mulier
1142 4041 1274 4108 quod
1307 4039 1485 4092 bonum
1531 4052 1655 4094 esset
1699 4044 1912 4110 lignum,
1956 4054 2060 4098 etc.

523 4109 707 4161 Mulier
751 4109 977 4161 comedit
1014 4121 1185 4170 antea,
1221 4126 1322 4162 non
1355 4112 1471 4173 vir;
1517 4113 1664 4178 ideo,
1693 4109 1809 4177 quia
1859 4115 2062 4167 fat-ilius

523 4179 764 4230 carnales
817 4179 1191 4244 persuadeatur
1224 4183 1273 4229 in
1322 4191 1586 4246 peccatum
1615 4220 1627 4245 ,
1665 4197 1758 4235 nec
1790 4192 1890 4235 tam
1922 4185 2063 4238 velo-

525 4257 655 4300 crtcr
685 4247 947 4312 Spiritales
987 4247 1336 4313 decipiuntur.

966 4359 1051 4412 DE
1088 4360 1429 4414 CONSE‘NSU
1473 4361 1626 4413 V’llll.

599 4445 660 4498 Et
685 4449 816 4500 dedit
846 4450 947 4501 viro
976 4466 1082 4510 suo.
1106 4461 1152 4504 et
1176 4453 1403 4504 comedit.
1436 4451 1642 4518 Utique,
1667 4450 1783 4518 quia
1814 4463 1927 4520 post
1955 4455 2044 4508 de-

528 4519 852 4571 lectationem
894 4525 1116 4574 carnalis
1159 4523 1589 4588 concupiscentiae
1620 4536 1841 4587 nostrre,
1887 4524 2040 4578 etiam

526 4591 658 4640 ratio
691 4600 861 4640 nostra
891 4590 1159 4655 subjicitur
1189 4593 1250 4642 ad
1281 4592 1616 4657 peccandum.

594 4657 810 4732 Cumque
835 4659 1169 4732 cognovissent
1191 4676 1243 4710 se
1271 4676 1374 4710 esse
1395 4661 1577 4732 nudos,
1601 4672 1900 4732 consuerunt
1922 4664 2045 4732 folia

525 4730 628 4796 ﬁci.
663 4728 808 4782 Folio
837 4729 915 4781 lict
948 4742 1004 4780 se
1045 4739 1361 4794 contegunt,
1399 4728 1484 4792 qui
1529 4730 1772 4781 saeculum
1803 4728 2042 4798 asperum

526 4799 1028 4866 amplectuntur,qui
1059 4801 1323 4866 prurigine
1349 4799 1622 4863 voluptatis
1645 4801 1866 4851 carnalis
1895 4818 2048 4853 urun-

527 4877 646 4930 tur;
677 4870 864 4934 quique
892 4880 944 4921 et
973 4869 1177 4936 decepti
1225 4867 1466 4919 luet-elice
1499 4868 1768 4931 pravitate,
1799 4879 1850 4920 et
1885 4873 2046 4936 gratia

529 4937 620 4989 Dei
652 4939 859 4999 nudati,
891 4947 1182 5004 tegumenta
1228 4937 1618 4989 mendaciortun
1655 4947 1892 5002 tanquam
1927 4939 2047 4992 folia

527 5006 613 5059 fici
642 5007 907 5072 colligunt,
938 5013 1181 5059 laetcntes
1222 5010 1316 5058 sibi
1364 5006 1703 5056 succinctoria
1757 5011 2045 5075 pravitatis,

525 5089 641 5128 cum
673 5075 736 5128 de
768 5075 985 5128 Domino
1009 5079 1090 5128 vel
1123 5075 1348 5128 Ecclesia
1382 5078 1731 5127 mentiuntur.

564 5145 661 5197 .Et
703 5163 811 5196 cum
850 5147 1097 5197 audissent
1144 5161 1305 5197 vocent
1352 5145 1546 5194 Domini
1579 5144 1667 5195 Dei
1692 5145 2050 5200 deambulantis

526 5219 574 5269 in
603 5217 834 5283 paradiso
855 5216 921 5265 ad
944 5230 1120 5264 auram
1144 5223 1249 5283 post
1278 5214 1548 5263 meridiem.
1573 5214 1886 5283 Deatnbulat
1916 5217 2050 5269 Deus

528 5288 577 5339 in
623 5286 742 5349 illis,
775 5294 826 5336 et
858 5300 957 5334 non
991 5295 1114 5341 stat,
1160 5282 1276 5347 quia
1319 5283 1527 5332 stabiles
1570 5282 1618 5332 in
1649 5285 1759 5347 ejus
1793 5296 2051 5351 prmcepto

532 5372 632 5408 non
669 5361 1021 5418 perseverant,
1051 5363 1100 5404 et
1128 5353 1258 5402 bene
1299 5352 1360 5401 ad
1392 5365 1567 5402 auram
1604 5363 1716 5416 post
1759 5355 1886 5405 meri
1911 5355 2047 5415 siem,

526 5428 641 5492 quia
668 5424 774 5491 jattt
807 5421 1035 5492 aufertur
1063 5424 1127 5492 ab
1157 5423 1230 5472 eis
1263 5423 1346 5473 lux
1379 5421 1460 5470 illa
1496 5419 1773 5475 ferventior
1817 5427 2052 5476 cltarita-

531 5491 618 5556 tis,
657 5491 1188 5560 appropinquantibus
1221 5505 1454 5542 errorum
1483 5494 1732 5545 tenebris.
1763 5493 1906 5546 Unde
1928 5495 2055 5544 scri-

527 5573 667 5625 ptum
693 5558 779 5615 est
809 5576 820 5610 :
855 5558 1143 5622 Sequuntur
1166 5560 1407 5618 umbram,
1440 5569 1480 5611 cl
1508 5579 1599 5612 non
1625 5566 1802 5615 lucem.
1837 5565 2056 5615 Abscon-

527 5633 596 5679 dit
625 5647 672 5681 se
695 5632 850 5680 Adam
881 5637 927 5679 et
966 5641 1089 5677 uxor
1111 5629 1215 5694 ejus
1236 5642 1264 5676 α
1294 5634 1419 5693 [oce
1451 5629 1645 5682 Dainini
1674 5634 1781 5692 Dei,
1815 5635 1862 5682 in
1895 5635 2055 5684 medio

528 5700 646 5767 ligni
696 5698 932 5765 paradisi.
989 5699 1259 5760 Quomodo
1307 5711 1475 5750 autem
1524 5705 1829 5770 semctipsos
1870 5718 1897 5754 ιι
1929 5703 2056 5755 facit:

2161 3159 2298 3213 Deus
2319 3203 2333 3226 ,
2363 3161 2457 3214 sed
2489 3162 2656 3213 adhuc
2682 3172 2735 3214 ut
2765 3162 2983 3215 redeant
3012 3179 3100 3230 per
3133 3159 3492 3231 paenitentiam
3519 3177 3700 3229 vocat,

2157 3231 2273 3296 quia
2304 3246 2401 3280 non
2430 3231 2533 3282 vult
2563 3240 2768 3282 mortem
2798 3236 3088 3297 peccatoris,
3131 3237 3287 3287 donec
3309 3247 3620 3288 convertatur
3654 3247 3705 3288 ct

2158 3299 2302 3371 vivat.
2339 3299 2476 3371 Ergo
2509 3315 2608 3350 non
2642 3308 2723 3371 est
2746 3301 3126 3371 desperandum
3161 3304 3482 3367 quibuslibet
3512 3321 3700 3371 pecca-

2169 3370 2388 3428 toribus,
2421 3368 2543 3421 dum
2573 3379 2623 3421 ct
2649 3368 2747 3436 ipsi
2777 3370 2918 3437 itnpii
2943 3371 3007 3422 ad
3041 3384 3186 3439 Spem
3219 3368 3552 3442 indulgentia:
3583 3388 3709 3442 pro-

2157 3447 2429 3489 vocantur.

2538 3528 2624 3582 DE
2666 3528 3128 3584 EXCUS.\TIUNE
3171 3531 3322 3586 VlRl.

2231 3617 2466 3692 Dixitque
2498 3619 2666 3692 _At_l_am
2694 3636 2710 3670 :
2738 3618 2922 3672 Mulier
2947 3637 3096 3692 quam
3124 3623 3306 3676 dedisti
3345 3625 3470 3678 mihi
3494 3628 3704 3692 sociam,

2158 3687 2295 3740 dedit
2325 3689 2448 3738 mihi
2474 3689 2535 3739 de
2553 3687 2708 3753 ligno,
2735 3699 2778 3740 et
2803 3693 3012 3742 comedi.
3039 3689 3102 3743 Et
3133 3694 3259 3743 dixit
3293 3692 3541 3747 Dominus
3570 3687 3706 3749 Deus

2159 3760 2224 3808 ad
2250 3757 2505 3830 mulierem
2530 3773 2545 3808 :
2571 3757 2856 3830 Quare/ioc
2885 3761 3081 3826 fecisti?
3110 3764 3234 3825 Qui:
3252 3765 3507 3830 respondit
3540 3781 3559 3817 :
3591 3767 3712 3819 Ser-

2160 3842 2278 3900 pens
2310 3826 2498 3900 decepit
2535 3842 2632 3879 me.
2668 3827 3146 3900 Ubiergodebuit
3185 3826 3361 3884 venire
3405 3834 3707 3900 humilitas,

2162 3896 2231 3948 ibi
2273 3897 2517 3963 superbia
2547 3897 2837 3963 prtecessit.
2887 3899 2959 3950 Ad
2992 3903 3088 3952 hoc
3117 3903 3254 3952 enim
3304 3905 3542 3968 requisiti
3592 3896 3707 3958 lue;

2163 3972 2307 4030 runt,
2343 3974 2399 4041 ut
2421 3976 2687 4030 peccatum
2722 3968 2947 4041 conleSsi
2979 3981 3150 4021 essent
3178 3985 3191 4032 ;
3221 3970 3292 4023 illi
3325 3986 3451 4024 vero
3478 3984 3700 4041 uterque

2163 4034 2558 4110 excusationem
2580 4035 2918 4110 protulerunt
2942 4077 2955 4099 ,
2997 4048 3048 4090 et
3073 4042 3252 4110 culpas
3292 4055 3414 4093 suas
3444 4043 3578 4096 alius
3609 4034 3706 4110 per

2166 4103 2322 4154 alium
2348 4105 2636 4155 excusavit.
2668 4106 2830 4155 Adam
2861 4120 2949 4172 per
2979 4103 3276 4172 mulier-em,
3314 4111 3503 4162 mulier
3524 4103 3702 4166 autem

2168 4186 2261 4244 per
2299 4181 2613 4244 serpentem,
2639 4181 2690 4224 et
2721 4184 2976 4227 auxerunt
2998 4177 3175 4242 culpas
3207 4191 3334 4230 suas
3376 4195 3506 4244 quas
3535 4182 3706 4233 conli-

2167 4243 2261 4314 teri
2302 4241 2608 4314 debuerant,
2638 4253 2691 4294 et
2732 4245 2876 4309 quasi
2926 4241 3096 4298 Deum
3135 4241 3406 4314 inculpare
3434 4249 3699 4303 videntur.

2166 4313 2339 4374 Quare
2370 4311 2636 4364 mulierem
2668 4313 2860 4364 sociam
2889 4315 2936 4366 ei
2967 4315 3219 4376 dedisset,
3250 4311 3495 4370 similiter
3522 4329 3702 4373 autem

2170 4390 2217 4432 et
2249 4382 2431 4453 mulier
2460 4382 2627 4433 locuta
2673 4391 2771 4453 est,
2821 4397 2982 4449 q-iare
3024 4394 3318 4448 serpentem
3375 4390 3422 4439 in
3458 4389 3706 4453 paradiso

2163 4451 2436 4516 posuisset,
2470 4460 2522 4502 et
2568 4452 2845 4503 vindictam
2893 4465 3225 4519 acceperunt,
3261 4457 3344 4508 ubi
3400 4451 3704 4510 misericor-

2155 4520 2294 4570 diam
2329 4520 2570 4572 invenire
2601 4520 2926 4585 debuerunt,
2973 4534 3022 4575 et
3053 4523 3118 4577 de
3163 4528 3264 4577 alta
3301 4525 3707 4582 immortalitate

2153 4591 2398 4656 prostrati
2429 4600 2548 4642 sunt
2589 4591 2639 4642 in
2669 4591 2776 4642 imo
2808 4599 2982 4644 terrte.

2385 4698 2470 4752 DE
2508 4700 2594 4752 MA
2607 4699 3009 4754 LEDICTIONE
3050 4703 3446 4760 SERPENTIS.

2143 4809 2150 4814 ”
2221 4806 2349 4886 Dicit
2393 4818 2566 4886 autem
2598 4818 2704 4873 post
2748 4812 2855 4886 lure
2900 4814 3114 4881 serpenti
3144 4832 3163 4872 :
3194 4816 3326 4882 Quia
3367 4819 3532 4882 fecisti
3577 4821 3701 4886 hoc,

2146 4877 2437 4928 maledicta:
2470 4893 2520 4928 es
2550 4879 2675 4930 inter
2715 4885 2880 4954 omnia
2927 4877 3287 4937 animantia'ct
3319 4877 3503 4939 bédias
3528 4877 3702 4954 terris,

2147 4962 2298 5013 supra
2328 4957 2494 5026 pecms
2519 4956 2664 5026 tuum
2693 4951 2963 5026 gradieris.
2994 4953 3213 5006 Nomine
3243 4961 3467 5022 pectoris
3495 4951 3701 5026 sigutli;

2147 5027 2294 5093 catur
2324 5016 2562 5093 superbia
2592 5016 2815 5081 mentis;
2847 5026 3058 5093 nomine
3096 5016 3266 5076 autem
3303 5028 3503 5080 ventris
3531 5016 3702 5093 signi-

2150 5086 2368 5137 ﬁcantur
2419 5087 2676 5140 desttlena
2725 5092 2918 5144 carnis.
2970 5093 3060 5145 llis
3103 5094 3240 5146 enim
3281 5096 3485 5147 duabus
3537 5086 3702 5152 nibus

2149 5156 2314 5232 serpit
2343 5157 2574 5232 diabolus
2603 5159 2652 5210 in
2676 5173 2927 5232 eosquos
2951 5163 3063 5214 vult
3092 5165 3358 5232 decipere,
3391 5165 3440 5215 id
3474 5175 3570 5222 est.
3607 5179 3703 5221 aut

2151 5225 2663 5300 terrenancupiditate
2689 5239 2740 5280 et
2771 5225 2994 5292 luxuria,
3026 5243 3112 5283 aut
3143 5225 3393 5299 superbia
3423 5244 3475 5285 et
3505 5235 3696 5292 insana

2151 5291 2316 5343 ruina.
2347 5290 2410 5344 Et
2436 5304 2616 5347 terram
2642 5300 2886 5370 cogmedes,
2932 5290 2989 5353 id
3013 5311 3094 5354 εει
3115 5340 3128 5361 ,
3157 5290 3224 5353 ad
3253 5311 3303 5370 te
3334 5290 3698 5370 pertinebunt,

2151 5375 2280 5436 quos
2331 5373 2532 5436 terrena
2590 5367 2870 5432 cupiditate
2920 5371 3213 5436 deecperis.
3267 5367 3468 5422 cuncta
3517 5367 3699 5428 diebus

2153 5433 2264 5514 eius
2292 5441 2418 5514 tute,
2454 5433 2502 5484 id
2534 5443 2614 5514 est
2635 5475 2649 5497 ,
2683 5439 2822 5514 omni
2872 5433 3104 5503 tempore
3146 5454 3248 5514 quo
3277 5441 3407 5514 agis
3436 5445 3571 5500 banc
3603 5461 3704 5514 po-

2154 5507 2391 5574 testatem
2417 5516 2537 5574 ante
2567 5504 2704 5556 illam
2734 5509 2967 5561 ultimam
3008 5523 3210 5572 pinnam
3237 5504 3431 5574 iudicii.
3603 5504 3616 5514 ’
3664 5517 3672 5524 ·

2233 5566 2535 5623 Inimicitias
2585 5591 2761 5639 ponam
2791 5582 2916 5629 inter
2945 5588 2990 5628 te
3010 5566 3061 5628 ἐι
3109 5566 3364 5630 ηωιὶἓτεηι
3390 5625 3404 5644 ,
3452 5595 3496 5634 et
3528 5601 3700 5636 semen

2156 5645 2312 5721 tuum,
2342 5649 2385 5689 et
2416 5656 2578 5694 semen
2604 5643 2762 5697 illius.
2812 5647 3001 5721 Semen
3044 5646 3235 5721 diaboli
3284 5643 3530 5716 perversa
3574 5669 3700 5721 sug-

2157 5716 2353 5774 gestto;
2407 5724 2586 5766 semen
2638 5725 2812 5768 autem
2861 5715 3128 5780 mulieris,
3182 5714 3378 5773 fructus
3441 5735 3519 5775 est
3572 5714 3702 5777 boni
