3934 6222
221 321 326 375 ἱῑδ

1274 319 1716 388 QIMISTIONES
1753 320 1972 376 SUPER
2013 320 2330 377 GENESIM.

3289 329 3392 382 εδδ

217 435 428 502 operis.
473 449 578 498 quo
631 447 889 501 pervorse
943 426 1254 500 soggesdoni
1312 432 1588 487 resistitur.
1619 434 1757 501 -Ipsa
1790 441 1834 492 Α
1863 433 2052 484 tunicas
2089 435 2339 501 pellice-is,
2389 446 2433 487 et
2476 437 2639 488 induit
2682 451 2787 500 eos,
2837 449 2882 489 et
2929 438 3190 492 ait:Ecce
3236 443 3393 495 Adam

217 513 384 569 caput
409 502 543 555 illius
565 511 821 564 conteret,
852 502 893 553 si
920 517 1036 553 enni
1060 517 1206 554 mens
1231 503 1280 554 in
1304 503 1414 569 ipso
1436 503 1584 553 initio
1611 505 1760 557 mala:

227 572 592 639 suggestionis
621 572 879 633 excludit;
910 573 995 623 ille
1044 569 1315 622 insidiatur
1347 570 1592 623 Calcaneo
1624 572 1759 636 ejus.

221 643 348 706 quia
381 649 611 694 mentem
633 656 788 708 quam
819 643 978 707 prima
1025 640 1356 708 suggestione
1403 656 1502 690 non
1551 640 1761 707 decipit,

222 709 479 775 decipere
508 710 559 762 in
594 711 695 763 line
724 710 905 762 tendit.
932 710 1149 772 Quidam
1178 717 1350 761 autem
1382 708 1478 759 hoc
1507 710 1644 774 quod
1685 707 1762 761 di-

222 790 370 832 ctum
404 788 485 831 est
512 795 526 831 :
561 777 855 832 Inimicitias
889 794 1066 844 ponam
1101 779 1226 830 inter
1254 787 1298 830 te
1317 787 1360 828 et
1393 778 1668 841 mulierem,
1699 778 1781 838 de.

230 850 442 913 virg'ne
467 849 802 915 desponsata.
829 851 879 899 in
909 862 1006 912 qua
1031 846 1280 900 Dominus
1305 856 1454 898 natus
1480 856 1577 907 est.
1612 847 1765 899 intel-

230 918 482 970 lexerunt
502 957 516 978 .
545 934 608 969 ro
637 916 772 984 quod
802 916 1152 984 illotempore
1177 931 1238 967 ex
1280 929 1340 969 ea
1372 915 1616 968 Dominus
1649 930 1767 968 uaso

219 990 442 1038 citurns
470 988 533 1038 ad
574 983 838 1038 inimicum
882 983 1257 1038 devinceudum
1285 1023 1298 1046 ,
1346 994 1399 1036 et
1435 985 1497 1036 ad
1547 996 1764 1037 mortem

226 1053 388 1121 cujus
425 1054 510 1108 ille
549 1066 732 1108 auctor
769 1063 899 1114 erat.
944 1053 1312 1106 destruendam
1348 1054 1765 1119 promittebatur,

226 1129 372 1176 sicut
425 1124 476 1176 in
526 1124 686 1177 David
737 1127 984 1188 scriptum
1026 1132 1106 1174 est
1140 1138 1155 1176 :
1184 1123 1257 1175 De
1283 1123 1448 1189 fructu
1492 1124 1670 1175 ventris
1700 1125 1769 1175 nti

228 1208 425 1257 ponam
454 1208 598 1255 super
627 1195 793 1246 sedem
820 1203 955 1243 tuam
981 1189 1148 1256 (Psal.
1174 1191 1373 1257 cant).
1408 1193 1535 1245 Nam
1563 1201 1617 1245 et
1644 1192 1769 1245 illud

223 1261 373 1327 quod
408 1261 740 1328 subiunctum
773 1273 887 1313 est:
921 1259 1045 1325 Ipsa
1090 1270 1304 1312 conteret
1345 1271 1490 1326 caput
1517 1275 1675 1323 tuum,
1723 1271 1770 1314 et

227 1340 289 1381 tu
337 1331 658 1384 insidiabsris
700 1330 934 1400 calt-aueo
969 1333 1108 1400 ejus.
1140 1333 1237 1400 hoc
1267 1335 1331 1382 de
1362 1333 1540 1400 ii'uctn
1575 1334 1769 1384 ventris

230 1399 442 1463 Mariae,
475 1400 561 1468 qui
588 1411 666 1453 est
691 1397 959 1468 Christus.
991 1397 1298 1466 intelligunt,
1326 1398 1376 1450 id
1405 1408 1485 1451 est
1510 1417 1521 1451 :
1548 1399 1622 1452 'I‘u
1651 1415 1769 1452 eunt

231 1466 612 1535 supplaiitabis
633 1477 690 1521 ut
719 1466 966 1521 moriatur
1002 1483 1016 1521 :
1052 1469 1135 1520 ille
1156 1480 1326 1520 autem
1357 1477 1406 1519 te
1435 1470 1574 1522 victo
1605 1484 1773 1520 resur-

227 1547 346 1605 get,
380 1549 437 1590 et
465 1547 619 1602 caput
646 1548 787 1591 tuum
817 1545 1086 1598 conteret,
1116 1539 1251 1602 quod
1292 1547 1382 1605 est
1414 1553 1570 1589 mors.
1620 1539 1766 1591 Sicut

228 1604 285 1659 et
317 1606 484 1677 David
510 1609 707 1660 dixerat
729 1622 790 1660 ex
821 1619 1039 1677 persona
1073 1607 1239 1660 Patris
1263 1607 1326 1659 ad
1352 1604 1536 1677 Filium
1570 1624 1582 1659 :
1609 1607 1773 1677 Super

228 1676 471 1740 aspidem
496 1687 540 1729 et
561 1677 838 1730 basiliscum
861 1675 1156 1734 ambulabis.
1184 1687 1229 1729 et
1247 1675 1556 1728 conculcabis
1585 1675 1772 1729 leonem

229 1756 278 1820 _e_t
309 1750 584 1798 draconem
606 1745 776 1816 (Psal.
805 1747 910 1820 sc).
935 1745 1178 1820 Aspideiu
1206 1747 1338 1820 dixit
1362 1753 1606 1820 mortem,
1638 1746 1772 1798 basi-
1806 1761 1849 1820 Β

231 1813 429 1935 38011:!!!)
479 1813 764 1882 peccatum,
805 1815 1009 1869 leonem
1057 1813 1463 1880 Antichristum,
1492 1817 1771 1870 draconem

276 1899 322 1934 la
365 1898 400 1935 0
425 1899 532 1935 υιιι.
1697 1925 1700 1928 ~

276 1898 532 1937 laDOIUIII.

527 1973 614 2027 DE
649 1970 1140 2027 MALEDICTIONE
1171 1972 1509 2030 MULIERIS.

314 2061 531 2114 Mulieri
559 2077 750 2130 quoque
791 2062 918 2114 dicit
957 2060 1091 2114 Deus
1119 2077 1136 2110 :
1164 2061 1511 2127 Multiplicabo
1538 2079 1785 2118 erumnas

241 2141 383 2190 tuas,
418 2141 465 2184 et
489 2142 750 2198 conceptus
779 2139 925 2195 tuos;
953 2131 1003 2182 in
1033 2131 1205 2183 dolore
1233 2135 1396 2198 paries
1427 2133 1576 2195 ﬁlios,
1615 2143 1660 2185 et
1697 2137 1784 2186 sub

236 2201 340 2250 uiri
371 2211 614 2267 potestate
639 2203 756 2264 eris,
784 2201 887 2266 ipse
911 2199 1248 2252 dominabitur
1271 2202 1362 2252 tui.
1406 2203 1480 2254 De
1513 2217 1665 2268 pinna
1690 2219 1786 2255 au-

237 2279 348 2321 tem
385 2270 620 2322 mulieris
645 2268 767 2336 quid
815 2269 1073 2337 signiﬁcat
1099 2271 1235 2336 quod
1262 2272 1311 2324 ei
1343 2271 1531 2323 dicitur
1560 2290 1572 2323 :
1607 2270 1670 2323 lu
1695 2274 1788 2324 do-

238 2339 355 2390 lore
388 2339 555 2404 paries
597 2339 750 2407 ﬁlios,
809 2338 904 2391 nisi
950 2339 1072 2406 quia
1121 2339 1357 2407 voluptas
1403 2342 1622 2395 carnalis
1667 2357 1787 2394 cum

239 2408 421 2474 aliqua
466 2408 594 2460 uiala
641 2409 1016 2462 consuetudine
1060 2410 1167 2461 vult
1215 2409 1459 2462 Vincere?
1494 2410 1688 2462 Patitur
1737 2414 1789 2463 in

239 2476 469 2529 exordio
490 2477 719 2543 dolores,
749 2489 904 2546 atque
935 2492 1028 2545 per
1059 2479 1327 2531 meliorem
1353 2481 1786 2532 consuetudinem

243 2546 382 2614 parit
424 2546 614 2599 bonum
657 2562 788 2612 opus
833 2549 979 2614 quasi
1026 2546 1179 2599 filios.
1227 2547 1372 2612 Quod
1405 2561 1531 2600 vero
1577 2548 1787 2613 adjecit:

239 2613 308 2666 Et
337 2618 616 2669 conversio
645 2627 727 2668 tua
773 2617 836 2669 ad
854 2613 1034 2668 'virum
1090 2626 1233 2668 tttum
1259 2656 1271 2677 ,
1323 2617 1428 2682 ipse
1457 2616 1793 2667 dominabitur

243 2685 358 2746 tui,
425 2686 522 2737 hoc
582 2687 838 2752 signiﬁcat
899 2685 1037 2752 quod
1088 2686 1172 2737 illa
1235 2685 1473 2737 voluntas
1539 2686 1790 2750 carnalis,

241 2767 365 2818 quas
395 2767 514 2805 cum
545 2754 726 2808 dolore
766 2756 1134 2816 reluctaverat,
1173 2764 1228 2807 ut
1278 2755 1472 2806 taceret
1515 2764 1795 2806 consuetu-

242 2823 428 2874 dinem
475 2825 685 2886 bonam,
713 2825 821 2889 jam
864 2825 990 2890 ipsis
1033 2823 1236 2876 erudita
1282 2823 1549 2876 doloribus
1596 2824 1796 2876 cautior

249 2891 328 2953 fit,
358 2901 433 2955 et,
466 2908 530 2945 ne
575 2903 803 2955 corruat,
852 2896 1182 2958 obtemperat
1232 2893 1438 2958 rationi,
1472 2901 1524 2948 et
1573 2891 1798 2948 lilienter

243 2965 415 3016 servit
447 2962 595 3030 quasi
625 2963 736 3015 viro
762 2962 984 3029 iubenti.
1496 2991 1499 2995 ν

627 3052 710 3106 DE
749 3051 1238 3108 MALEDICTIONE
1284 3054 1428 3109 VIIII.

1864 502 2026 572 factus
2045 511 2116 555 est
2141 504 2282 572 quasi
2304 520 2427 556 unus
2454 523 2516 558 ex
2540 505 2698 568 nobis,
2722 507 2877 557 sciens
2904 509 3084 559 bonum
3114 519 3159 562 et
3188 511 3391 567 malum.

1868 570 2018 622 Nunc
2058 570 2174 640 ergo
2212 589 2272 625 ns
2317 572 2447 640 (orte
2491 577 2651 626 mittat
2697 591 2896 628 manuni
2936 593 3095 638 suam,
3143 588 3188 628 et
3236 593 3399 633 sumat

1862 642 2013 710 etiam
2048 641 2109 694 de
2144 641 2281 710 ligno
2308 643 2440 703 uitis.
2466 653 2513 695 et
2541 645 2790 703 comedat.
2813 656 2857 696 et
2884 647 3013 696 vivat
3057 647 3106 697 in
3137 655 3394 703 retentum.

1871 707 1976 762 Vos
1997 707 2278 784 _'I‘riu_itatis
2297 721 2377 784 est
2405 711 2595 774 I’atris,
2621 721 2674 766 et
2705 712 2842 784 Filii,
2873 726 2924 784 et
2954 715 3178 781 Spiritus
3203 722 3390 784 sancti,

1862 791 1924 830 ac
1964 779 2008 830 si
2039 779 2293 833 dixisset:
2322 781 2468 834 Sicut
2512 795 2608 835 nos
2646 782 2840 834 scimus
2887 779 3024 836 inter
3051 784 3239 837 bonum
3266 779 3397 840 ube-

1863 847 2094 917 dieutim.
2143 857 2194 902 et
2243 848 2872 917 malum‘inobedientire,
2931 853 2998 905 ita
3049 868 3185 906 nunc
3231 856 3393 910 Adam

1867 915 2129 984 intelligit.
2199 919 2320 984 quia
2367 919 2453 972 ille
2502 935 2602 972 non
2649 920 2819 972 solum
2861 915 2973 973 non
3018 921 3186 976 fuerat
3232 923 3397 978 laetus

1865 986 2033 1050 qualis
2065 985 2174 1057 lteri
2204 987 2385 1057 voluit,
2414 987 2504 1057 sed
2536 1003 2631 1057 nec
2676 987 2802 1041 illud
2847 990 2983 1057 quod
3025 990 3188 1043 factus
3228 990 3399 1047 fuerat

1807 1103 1817 1107 -
1867 1055 2220 1123 conservavit.
2245 1055 2460 1116 Accepit
2483 1056 2638 1110 etiam
2669 1055 2894 1110 tunicam
2921 1058 3189 1123 pelliceaiu
3221 1061 3398 1116 (“\‘IIIO

1864 1120 2080 1195 judicio,
2112 1127 2452 1195 quonomiue
2477 1128 2713 1191 corporis
2743 1120 3028 1180 mortalitas
3076 1129 3398 1195 signiﬁcatur

1822 1240 1834 1256 ,
1869 1191 1918 1242 in
1952 1192 2184 1244 historia.
2219 1193 2270 1246 In
2297 1194 2541 1261 allegoria
2571 1204 2744 1248 autem
2783 1211 2810 1246 a
2841 1191 3148 1249 carnalibus
3162 1201 3406 1252 sensibus

1867 1262 2162 1323 abStractis.
2195 1263 2586 1330 voluptatesque
2631 1266 2912 1317 carnaliter
2941 1265 3192 1323 viventes.
3229 1267 3402 1320 divina

1871 1331 2398 1402 lege_conscquuntur
2423 1341 2476 1383 et
2516 1343 2815 1395 contegunt,
2863 1334 2982 1401 quia
3027 1335 3070 1387 si
3124 1334 3403 1402 aliquando

1869 1399 1931 1449 ad
1980 1398 2137 1469 Deum
2183 1402 2516 1464 converterit,
2552 1403 2818 1469 possitque
2871 1398 3150 1468 aliquando
3197 1398 3407 1458 inaunni

1872 1467 2138 1535 porrigere
2179 1469 2242 1519 ad
2290 1469 2530 1521 arborem
2558 1467 2710 1532 vine,
2735 1467 2794 1523 ct.
2838 1467 3012 1523 vivere
3051 1473 3102 1524 in
3130 1482 3404 1526 aeternum.

1871 1535 2050 1588 Manus
2079 1545 2251 1590 autem
2293 1540 2552 1600 porrectio
2602 1538 2735 1592 bene
2781 1538 3038 1606 signiﬁcat
3084 1554 3294 1594 crucem
3327 1546 3409 1596 vel

1824 1656 1830 1664 ,
1869 1606 2159 1658 cruciatum
2189 1607 2530 1674 plenitcntiai,
2563 1621 2656 1674 per
2682 1623 2833 1674 quant
2881 1608 2980 1660 vita
3018 1617 3212 1663 aeterna
3256 1627 3408 1666 recu-

1875 1683 2102 1740 peratur.

1889 1802 1973 1858 DE
2024 1802 2379 1858 EJECTIUNE
2447 1803 2672 1859 EURUSI
2743 1805 2827 1858 DE
2898 1804 3269 1874 PARADISO.
3325 1809 3411 1864 ET

2134 1892 2454 1948 FLAMMEA
2492 1893 2768 1948 FRANEA
2811 1893 3182 1950 VERSA'I‘ILI.

1957 2021 2137 2078 Emisit
2163 2040 2272 2077 estin
2305 2025 2547 2100 Domitius
2588 2025 2718 2079 Deus
2764 2027 2826 2080 de
2863 2029 3100 2094 paradiso
3126 2031 3415 2100 vulitptatis,

1887 2102 2460 2169 utgoperareturterrum
2503 2097 2563 2147 de
2595 2113 2693 2163 qua
2721 2108 2948 2169 sumptus
2989 2107 3115 2152 erat.
3163 2097 3441 2169 Ejecitqus,

1888 2159 2069 2235 ltitiam,
2101 2173 2147 2215 et
2175 2162 2430 2216 collocavit
2459 2177 2572 2216 ante
2602 2159 2889 2230 paradisum
2933 2159 3417 2235 voluptatis'litieru-

1887 2231 1988 2296 bin,
2017 2243 2063 2284 et
2097 2235 2380 2299 ﬂammeum
2407 2235 2629 2302 gladium
2654 2245 2800 2302 atque
2837 2231 3134 2299 vei-sutilem.
3163 2241 3229 2289 ad
3249 2251 3417 2291 custo-

1889 2303 2122 2354 diendam
2164 2303 2293 2354 viam
2339 2304 2463 2368 ligni
2505 2304 2636 2357 vita.
2688 2305 2786 2357 Iste
2830 2315 3002 2358 autem
3049 2307 3249 2372 gladius
3296 2310 3413 2361 ideo

1893 2373 2090 2440 pontus
2114 2383 2214 2434 est,
2246 2380 2301 2423 ut
2332 2373 2486 2426 homo
2512 2388 2614 2425 non
2644 2372 2881 2428 introiret
2909 2374 2959 2427 in
2999 2376 3314 2440 paradisum,
3348 2393 3412 2430 no

1891 2441 2190 2512 comederet
2231 2443 2297 2494 de
2326 2442 2471 2512 ligno
2494 2442 2633 2506 vitae,
2663 2456 2743 2512 ne
2768 2441 2913 2512 torte
2941 2443 3246 2512 immortalis
3295 2459 3403 2510 per.

1893 2509 2190 2569 mansisset.
2216 2519 2268 2561 et
2296 2509 2436 2562 eséet
2464 2509 2832 2581 irreparabilis.
2875 2511 3008 2563 sicut
3030 2509 3412 2581 dieinonesuui

1894 2590 1994 2628 non
2027 2587 2266 2656 possunt-
2291 2577 2556 2656 reparari;
2599 2589 2653 2631 et
2684 2587 2982 2656 propterea_
3005 2581 3264 2656 versatilis
3317 2577 3418 2650 tr..-

1894 2660 2007 2719 mea
2037 2646 2372 2719 posita_luit,'
2404 2658 2462 2700 ut
2501 2660 2618 2700 cum
2668 2656 2870 2719 tempus
2916 2648 3284 2704 misericordia:
3319 2646 3417 2719 per

1894 2714 2172 2767 adventum
2202 2714 2487 2769 Salvatoris
2525 2719 2686 2769 nostri
2716 2717 3010 2780 advenerit,
3040 2719 3292 2786 potuisset
3319 2714 3417 2774 ite-

1896 2797 2008 2835 rum
2059 2788 2336 2838 removeri.
2369 2788 2498 2850 Quia
2527 2800 2710 2839 omnes
2749 2786 2873 2852 iusti
2904 2796 2956 2840 et
2980 2788 3134 2841 electi
3162 2799 3282 2843 ante
3325 2789 3421 2841 ad-

1899 2863 2107 2905 ventum
2139 2854 2318 2919 ipsius,
2351 2859 2572 2910 claustra
2613 2855 2794 2909 inferni
2828 2866 3255 2922 penetraverunt;
3289 2873 3427 2913 nunc

1896 2931 2067 2974 autem
2098 2937 2280 2976 omnes
2309 2927 2495 2985 sancti,
2527 2925 2591 2976 de
2629 2940 2849 2989 corpore
2874 2935 3150 2988 exeuntes,
3179 2930 3246 2978 ad
3272 2927 3426 2981 Chri-

1897 2997 2034 3041 stum
2085 3001 2326 3058 pergunt,
2369 2993 2501 3045 sicut
2554 2992 2792 3046 Salvator
2830 2994 2880 3045 in
2911 2995 3191 3059 Evangelia
3233 2995 3427 3058 aitzsi

1898 3059 2019 3131 quis
2036 3060 2154 3112 mihi
2181 3065 2449 3128 nituistrat,
2480 3077 2556 3115 me
2584 3073 2848 3131 sequatur;
2866 3072 2912 3117 et
2938 3063 3017 3116 ubi
3043 3079 3137 3131 ego
3162 3079 3294 3130 sum,
3326 3063 3432 3117 ilhc

318 3145 780 3219 Adamserodixit
803 3162 822 3200 :
847 3147 977 3212 Quia
1002 3149 1186 3202 audisti
1217 3165 1382 3202 vocem
1421 3150 1646 3204 mulieris
1670 3161 1789 3219 tute,
1825 3109 1871 3173 c
1901 3128 2118 3181 ἠίηίδίεν
2148 3145 2282 3182 "‘eu‘
2309 3133 2422 3186 eri"

245 3226 292 3268 et
325 3217 582 3287 comedisti
611 3217 862 3287 degligno.
895 3233 954 3270 ea:
981 3234 1078 3284 qua
1124 3234 1458 3286 praeceperant
1498 3221 1583 3272 tibi
1613 3236 1674 3273 ne
1709 3217 1793 3273 co-

246 3285 497 3349 mederes,
526 3285 793 3339 maledicta
833 3297 967 3340 terra
1007 3288 1060 3338 in
1098 3303 1245 3353 apere
1290 3299 1391 3341 tuo.
1435 3287 1499 3339 lu
1543 3289 1792 3342 laboribus

247 3356 480 3407 comedes
507 3371 568 3407 ea;
607 3372 665 3408 ea
693 3359 879 3408 cunctis
909 3356 1079 3407 diebus
1108 3357 1220 3408 viae
1249 3366 1347 3407 tua:
1368 3372 1386 3408 :
1407 3360 1576 3420 spinas
1615 3369 1660 3409 et
1705 3359 1792 3410 tri-

248 3425 397 3475 bulos
421 3425 712 3490 geminabit
741 3425 849 3486 tibi,
880 3434 927 3476 et
956 3427 1182 3477 comedet
1216 3425 1393 3476 herbas
1422 3437 1584 3478 terrm.
1624 3427 1647 3477 I
1659 3443 1689 3478 ιι
1711 3442 1795 3479 suo

251 3497 375 3543 dore
409 3491 576 3544 vultus
612 3494 684 3544 tui
711 3495 917 3545 vesceris
953 3508 1081 3560 parte
1123 3506 1228 3557 tuo,
1261 3495 1415 3546 donec
1456 3497 1717 3547 revertaris
1742 3497 1793 3546 in

249 3570 466 3623 terram,
498 3563 683 3632 de‘qua
726 3572 949 3632 sumptus
979 3578 1050 3621 es.
1074 3563 1188 3629 quia
1219 3564 1376 3630 pulvis
1417 3579 1490 3624 es,
1522 3572 1567 3616 et
1603 3564 1656 3617 in
1681 3565 1796 3632 pul-

251 3644 419 3680 verem
457 3631 730 3684 reverteris.
761 3630 826 3682 Et
863 3633 1051 3685 vocavit
1078 3633 1241 3685 Adam
1285 3649 1459 3685 nomen
1490 3634 1659 3686 uxoris
1683 3630 1798 3687 sua:

253 3697 440 3761 Evam,
458 3714 513 3751 eo
531 3703 662 3768 quod
683 3710 841 3752 mater
865 3709 987 3753 esset
1013 3703 1232 3754 omnium
1251 3702 1532 3755 viventium.
1553 3702 1800 3756 Vocatur-

250 3783 355 3835 que
385 3768 577 3822 dehinc
606 3780 770 3821 mater
811 3771 1066 3831 vivorum,
1112 3773 1159 3821 id
1205 3780 1307 3834 cst,
1349 3781 1489 3824 recte
1519 3773 1795 3836 factorum.

251 3836 448 3901 quibus
474 3837 731 3889 contraria
760 3846 879 3890 sunt
909 3847 1145 3904 peccata,
1176 3853 1290 3905 qua:
1323 3853 1413 3906 per
1442 3853 1629 3892 nomen
1661 3854 1799 3891 mor-

255 3918 466 3975 tuorum
498 3907 887 3975 signiﬁcantur;
911 3907 1018 3972 jam
1051 3921 1172 3959 vero
1200 3924 1291 3974 per
1330 3907 1641 3960 sententiam
1685 3924 1800 3973 quas

254 3975 304 4025 in
342 3973 458 4044 viro
489 3973 725 4037 infertur.
759 3976 890 4028 ratio
921 3973 1380 4044 nostraarguitur,
1409 3990 1531 4042 qua:
1566 3987 1619 4029 et
1644 3991 1799 4042 supra

257 4042 462 4108 peccati
491 4046 909 4111 concupiscentia
953 4042 1376 4106 sedumafhabet
1403 4045 1800 4100 maledictiones

257 4121 487 4164 terrena:
516 4113 855 4180 Operatiunis,
885 4113 1043 4167 habet
1084 4125 1138 4166 et
1179 4115 1386 4169 dolores
1433 4116 1800 4182 temporalium

255 4195 524 4242 curarum,
568 4184 714 4248 quasi
756 4186 935 4250 Spinas
962 4191 1017 4236 et
1048 4183 1298 4246 tribulos;
1344 4186 1388 4237 si
1415 4194 1588 4236 tamen
1617 4185 1804 4237 dimit-

260 4250 389 4301 titur
415 4265 444 4300 a
485 4251 723 4317 paradiso
753 4253 1110 4316 beatitudinis,
1144 4265 1200 4305 ut
1238 4262 1482 4320 operetur
1508 4262 1722 4317 terram,
1753 4252 1802 4306 id

257 4327 359 4387 est,
396 4327 453 4371 ut
485 4323 532 4370 in
565 4334 784 4387 corpore
817 4324 917 4373 isto
947 4323 1167 4387 laboret,
1210 4332 1264 4375 et
1299 4325 1520 4375 collucet.
1548 4322 1645 4374 sibi
1695 4337 1806 4375 tne-

246 4386 418 4458 ritum
451 4386 702 4458 redeundi
730 4389 793 4442 ad
822 4392 981 4443 vitam
1011 4386 1283 4455 aeternam,
1310 4405 1426 4458 qua:
1453 4390 1679 4457 paradisi
1710 4407 1805 4445 no-

261 4457 405 4510 mine
435 4456 774 4524 signiﬁcatur.

681 4555 767 4609 DE
809 4553 1025 4610 V’ESTE
1060 4554 1381 4609 MORTALI.

330 4640 476 4695 Fecit
502 4657 697 4712 quoque
737 4644 980 4699 Dominus
1027 4646 1162 4699 Deus
1209 4646 1370 4699 Adam
1414 4657 1460 4700 et
1508 4648 1650 4701 uxori
1688 4652 1799 4719 ejus

2120 3236 2184 3288 Et
2214 3239 2392 3315 iterum
2416 3239 2522 3293 [nec
2546 3244 2717 3294 semita
2747 3251 2817 3294 est
2844 3241 3183 3296 redeuntibus.

1963 3349 2065 3403 Per
2093 3355 2375 3419 ﬂammeam
2421 3353 2683 3419 frameam.
2733 3353 2785 3406 Id
2828 3363 2930 3419 est,
2975 3368 3070 3422 per
3116 3360 3428 3422 temporales

1896 3421 2503 3492 tribulatiooespeccata
2551 3436 2645 3475 sua
2682 3423 3012 3489 agnoscendo
3040 3434 3092 3476 et
3134 3421 3425 3492 genicndo;

1891 3499 1943 3542 et
1984 3503 2076 3559 per
2102 3487 2374 3554 cherubin,
2415 3491 2465 3543 id
2492 3501 2591 3553 est,
2633 3487 3427 3559 per—plenitudinem'scientiae,

1893 3557 2028 3625 quod
2069 3569 2149 3612 est
2181 3560 2427 3633 charitas,
2460 3557 2819 3633 pervenietAad
2849 3563 3085 3633 arborem
3130 3562 3246 3633 vitai
3276 3563 3429 3633 Chri-

1895 3639 2058 3698 stum,
2088 3639 2142 3698 et
2165 3629 2306 3681 vivet
2335 3628 2386 3682 iii
2417 3637 2692 3688 aeternum.
2715 3628 2978 3683 Cherubin
3011 3628 3234 3698 namque
3264 3630 3429 3698 pleni-

1898 3697 2021 3749 tudo
2059 3697 2289 3752 scientise
2332 3698 2728 3766 interpretatur;
2779 3698 3017 3751 tlau‘unea
3065 3697 3189 3751 vero
3236 3697 3428 3752 irainea

1897 3768 2180 3830 versatilis,
2211 3768 2378 3834 posita
2419 3771 2483 3820 ad
2534 3767 2925 3820 custodiendam
2953 3767 3089 3819 viam
3135 3768 3256 3833 ligni
3288 3770 3427 3825 vine.

1898 3837 2214 3899 temporales
2261 3850 2426 3902 poenae
2468 3836 2845 3903 intelliguntur.
2891 3837 3056 3888 Nemo
3087 3838 3222 3888 cnim
3259 3846 3430 3902 potest

1901 3904 2168 3969 pervenire
2210 3903 2274 3954 ad
2303 3906 2543 3959 arborem
2594 3907 2732 3967 vine,
2762 3904 2859 3956 nisi
2893 3919 2985 3969 per
3014 3906 3105 3957 has
3146 3905 3275 3957 duas
3321 3919 3428 3966 res.

1901 3972 2225 4024 tolerantiam
2253 3972 2492 4027 videlicet
2536 3975 2911 4034 molestiarum,
2956 3983 3009 4025 et
3055 3972 3431 4039 plenitudinem

1900 4043 2149 4110 scientiae.
2198 4043 2247 4094 id
2296 4043 2394 4104 est,
2444 4056 2535 4109 per
2580 4042 2885 4095 charitatem
2918 4041 3011 4096 Dei
3058 4050 3112 4095 et
3162 4043 3435 4110 proximi:

1905 4109 2171 4166 Plenitudo
2216 4112 2342 4164 enim
2384 4112 2525 4180 legis,
2555 4112 2776 4163 charitas
2816 4120 2887 4163 est
2915 4111 3086 4183 (liam.
3136 4109 3270 4183 χιιι),
3315 4129 3435 4183 quas

1903 4192 1982 4232 est
2027 4193 2190 4235 mater
2215 4185 2482 4245 virtutum,
2527 4195 2685 4255 quam
2723 4180 3035 4255 sanctumst
3063 4182 3279 4255 vestigia
3311 4180 3434 4233 III‘ll-

1906 4258 2097 4314 tantes,
2127 4259 2231 4304 tota
2261 4261 2449 4303 Virtute
2495 4262 2548 4302 et
2593 4250 2644 4303 in
2689 4250 2805 4302 aliis
2846 4250 3132 4314 adimplere
3159 4250 3435 4305 conantur.

1906 4317 2049 4393 Hauc
2096 4318 2749 4393 sectemur_cbaritatem_,
2797 4326 2850 4371 et
2895 4316 3141 4393 Operibus
3186 4332 3436 4393 exercere

1907 4386 2226 4448 studeamus.
2254 4399 2308 4441 ut
2327 4389 2391 4440 ad
2415 4387 2794 4454 arboreiuvita:
2821 4386 3118 4454 pertingere
3145 4388 3434 4449 valeamus.

1911 4455 2046 4520 quod
2075 4466 2156 4508 est
2183 4455 2441 4519 Chrisms,
2472 4464 2525 4508 et
2548 4455 2615 4507 de
2647 4453 2811 4507 fructu
2854 4457 2968 4520 ejus
3004 4453 3150 4509 dulci
3194 4463 3247 4508 et
3291 4459 3436 4509 suavi

1912 4519 2090 4596 reiecti
2113 4539 2175 4596 ac
2197 4526 2365 4577 satiati
2396 4525 2446 4596 in
2469 4533 2722 4578 teternum
2743 4537 2862 4596 cum
2886 4519 3005 4593 ipso
3031 4533 3084 4576 et
3105 4524 3302 4578 sanctis
3327 4523 3437 4575 suis

1909 4590 2022 4645 sine
2045 4591 2248 4646 deiectu
2274 4593 2506 4661 gaudere
2534 4590 2849 4650 mereamur.
2877 4590 3064 4649 Attica.

276 4806 3446 4846 ..._________________________.________________

653 4947 1704 5093 QU/ESTIONUM
1798 4955 2283 5082 SUPER
2384 4959 3066 5091 GENESIM

1555 5170 1636 5222 EX
1680 5170 1880 5221 DIC'I'IS
1923 5169 2172 5220 PATRUM

1612 5314 1979 5390 DIALOG
1993 5312 2137 5388 US.

895 5584 1206 5627 DISCIPULUS.

334 5658 524 5712 Primo
553 5656 803 5721 omnium,
833 5669 1128 5729 preceptor
1173 5658 1262 5726 mi,
1307 5658 1495 5729 inquiri
1549 5661 1673 5717 mihi
1724 5676 1820 5717 ne-

523 5748 788 5807 I’nnoc.
821 5749 1042 5808 XCIII.

1924 5581 2067 5624 cesse
2098 5576 2179 5621 est
2214 5569 2329 5636 quis
2361 5569 2512 5636 hujus
2538 5569 2654 5626 libri
2682 5572 2770 5640 Qui
2797 5569 3014 5626 Genesis
3041 5569 3174 5636 apud
3198 5581 3292 5624 nos
3323 5566 3454 5624 dicio

1925 5649 2008 5692 tur
2033 5640 2252 5705 scriptor
2277 5640 2559 5694 habeatur?

2994 5696 3032 5806 is
