3934 6222
329 405 433 458 ἹΗ

1394 391 1846 458 QUr’ESTIONES
1888 391 2102 445 SUPER
2148 392 2185 443 fi
2199 393 2277 443 {CN
2290 390 2458 446 ESIM.

3436 388 3543 439 ’242

331 521 697 576 'I‘es'anwuto,
722 511 995 567 statuimus
1025 509 1304 563 defendere
1327 519 1572 575 quantum
1604 509 1740 558 vires
1773 505 1870 557 Do-
1904 507 1951 561 Α
1977 502 2169 576 cmlurn
2204 510 2259 576 et
2287 511 2419 576 terra
2452 499 2706 565 appellata
2735 500 2956 576 ost__is_to
2990 515 3182 576 genere
3234 499 3538 576 locutionis.

334 591 517 640 rniuns
546 593 796 651 praestare
824 586 1083 648 dignatur,
1110 590 1162 632 et
1204 580 1253 630 iii
1285 578 1360 629 eis
1388 578 1666 651 ostendere
1693 586 1872 651 contra

333 645 616 715 veritatem
650 655 741 708 Dei
786 645 913 706 nihil
942 653 1114 706 valere
1147 651 1411 701 hominum
1441 647 1748 700 excitatam.
1781 645 1883 700 Se-

333 742 516 779 uttttttt‘
547 743 560 776 :

355 747 560 861 '"iiiiini
596 804 767 846 autem
789 794 1038 857 scriptum
1061 799 1138 861 est
1166 786 1265 861 τίει
1283 787 1489 861 spiritus
1513 783 1604 861 Dei
1634 786 1718 861 fer.
1737 784 1885 838 batur

336 856 494 934 super
537 881 714 927 aquas.
746 865 820 917 sic
846 856 1017 915 solent
1055 856 1329 934 lilanichiei
1367 857 1776 934 reprehendere,
1829 863 1886 934 ut

338 924 522 988 iiii-ant
551 924 737 1000 :iAqua
767 948 892 992 ergo
917 941 1028 982 erat
1055 925 1402 1000 habitaculum
1429 925 1651 992 Spiritus
1682 924 1792 984 Dei,
1834 933 1888 976 et

339 1012 457 1069 ip~a
486 999 784 1058 continebat
821 1003 1068 1066 Spiritum
1105 999 1213 1050 Dci.
1247 999 1432 1047 'I‘otum
1483 1004 1740 1069 conantur
1771 1009 1886 1059 per-

343 1065 498 1127 tum
533 1084 706 1126 mente
757 1065 1074 1135 pervertere,
1109 1077 1157 1120 et
1187 1072 1515 1135 exciecantttr
1550 1065 1741 1114 malitia
1767 1078 1882 1116 sua.

336 1149 476 1198 Cum
510 1144 647 1194 enim
679 1134 921 1198 dicimus.
967 1138 1056 1190 Sol
1107 1134 1430 1201 superfertur
1468 1147 1627 1198 Super
1668 1142 1881 1193 terram,

339 1215 577 1277 nzinquid
601 1216 699 1263 hoc
725 1211 942 1276 intelligi
977 1209 1213 1282 volumus
1244 1204 1380 1271 quod
1413 1205 1460 1255 in
1493 1212 1626 1282 terra
1658 1202 1877 1282 habitet,

338 1299 393 1336 n-t
428 1274 559 1335 terra
583 1284 747 1333 solem
793 1274 1096 1332 contineat?
1129 1284 1182 1328 et
1205 1284 1376 1326 tamen
1421 1288 1520 1324 non
1553 1274 1629 1324 sic
1657 1274 1882 1337 Spiritus

341 1355 435 1407 Dei
461 1351 887 1419 superferehatur
907 1364 1063 1414 super
1079 1360 1286 1419 aquam,
1302 1345 1436 1395 sicut
1454 1341 1779 1419 superfertur
1805 1343 1882 1392 sol

337 1441 500 1487 super
532 1412 746 1483 terram,
776 1420 867 1472 sed
891 1412 990 1470 alio
1015 1417 1190 1475 modo,
1214 1427 1368 1480 quem
1397 1412 1881 1487 pauciintelliguut.

342 1480 457 1546 Non
491 1495 627 1544 enim
665 1480 753 1556 per
796 1488 959 1551 Spatia
1006 1489 1235 1556 locorum
1271 1480 1695 1556 soperfcrebatur
1739 1496 1886 1556 aqua:

339 1565 432 1615 ίςιρ
487 1550 902 1631 Spiritum-sicut
952 1565 1106 1631 terra}
1153 1550 1626 1631 ξυιοευμθτΐυῃμτ,
1668 1551 1887 1631 Αδοάλιιθτ

341 1618 625 1695 ιιηιιιιιιίςιιιι
661 1618 1294 1701 invisibilissublimitatis
1339 1635 1471 1701 sum.
1499 1618 1681 1701 Dicant
1707 1629 1880 1701 autem

339 1690 371 1753 ii
417 1703 493 1756 bis
540 1701 622 1754 isti
654 1697 914 1770 quomodo
945 1695 1028 1770 his
1051 1693 1223 1770 rebus
1241 1705 1358 1770 qua!
1387 1690 1720 1770 fabricanda:
1742 1700 1883 1753 sttnt,

341 1760 704 1838 superferatur
733 1768 976 1820 voluntas
1006 1762 1334 1838 fabri._Quod
1357 1761 1397 1838 si
1434 1760 1547 1813 haec
1578 1763 1803 1838 humana
1834 1770 1888 1813 et

338 1829 646 1903 quotidiana
680 1854 781 1890 non
827 1833 1297 1902 comprehendunt,
1351 1829 1567 1903 timeant
1616 1831 1798 1892 Deum,
1831 1839 1883 1883 et
1917 1844 1956 1902 Β

337 1899 564 1975 simplici
591 1909 749 1961 corde
776 1922 888 1973 quae
918 1899 1018 1958 non
1047 1903 1360 1975 intelligunt,
1393 1899 1605 1975 credant
1641 1917 1653 1951 :
1679 1914 1742 1953 ne
1764 1915 1881 1952 cum

339 1971 523 2034 \o'iint
553 1979 727 2033 verbis
765 1971 1032 2045 sacrilegis
1069 1971 1345 2045 concidere
1390 1971 1684 2045 veritatem,
1729 1984 1882 2045 quam

339 2054 521 2103 videre
553 2065 654 2101 non
681 2054 914 2115 possunt,
937 2037 1114 2096 Pedem
1137 2041 1236 2115 illis
1253 2041 1451 2092 securis
1483 2039 1730 2115 inerunt.
1749 2037 1878 2092 Nam

340 2125 427 2172 itla
459 2107 810 2173 concidi-non
844 2107 1016 2181 potest
1064 2127 1178 2178 qua:
1212 2107 1652 2181 incommutabilis
1683 2119 1880 2170 manet,

337 2193 432 2242 sed
466 2200 788 2255 quzrcnnque
819 2177 1052 2255 plagaagin
1080 2177 1218 2255 illam
1243 2182 1449 2255 emissa:
1479 2177 1685 2255 fuerint,
1705 2193 1883 2255 reper-

335 2247 636 2322 cutiu'utur,
669 2247 720 2310 et
768 2247 950 2322 majoii
979 2253 1079 2304 ictu
1110 2252 1328 2303 redeunt
1359 2249 1407 2322 in
1447 2247 1648 2322 eosqui
1679 2249 1884 2301 credere

336 2330 538 2382 audent
579 2317 713 2391 quod
757 2317 973 2376 credere
1007 2322 1282 2395 deberent,
1316 2327 1370 2395 ut
1392 2317 1685 2395 intelligere
1716 2332 1885 2370 mere-

337 2408 544 2450 rentur.
587 2386 784 2450 Deinde
822 2401 1089 2459 qurertmt,
1119 2398 1171 2441 et
1193 2386 1489 2459 insultando
1521 2386 1880 2459 interrogant,

340 2471 483 2520 node
506 2479 618 2519 erat
646 2469 755 2532 ipsa
805 2454 934 2530 aqua
977 2475 1134 2526 super
1177 2473 1330 2532 quam
1363 2454 1626 2510 ferebatur
1657 2455 1884 2532 Spiritus

339 2538 457 2590 Dei.
485 2525 722 2602 Nunquid
752 2525 885 2585 enim
919 2525 1158 2602 superius
1195 2528 1443 2594 scriptum
1485 2535 1561 2579 est
1583 2527 1718 2602 quod
1751 2525 1883 2602 Deus

335 2623 530 2673 aquam
586 2597 1049 2673 feceritillocfsi
1102 2600 1188 2673 pie
1235 2606 1548 2673 quaererent,
1590 2597 1884 2673 inveniri-ul.

335 2665 783 2741 quemadmodum
817 2665 1205 2744 intelligendum
1234 2675 1393 2719 esset.
1436 2665 1724 2744 Nouetiitn
1749 2681 1880 2733 aqua

336 2734 423 2797 sic
447 2746 704 2813 appellata
730 2749 811 2795 est
835 2741 932 2794 hoc
955 2734 1087 2802 luco,
1111 2749 1165 2791 ut
1196 2739 1304 2789 tunc
1334 2751 1360 2787 a
1387 2734 1537 2791 nobis
1564 2735 1884 2813 intelligatur

332 2807 495 2880 quani
521 2807 704 2867 videre
745 2813 849 2879 jam
896 2819 951 2864 et
1006 2819 1221 2880 tangere
1269 2820 1541 2880 possumus
1574 2807 1883 2880 :_quomodo

335 2875 439 2936 nec
474 2893 631 2946 terra,
667 2875 781 2949 quae
828 2879 1100 2932 invisibilis
1125 2886 1181 2949 et
1211 2875 1554 2949 incomposita
1594 2875 1744 2949 dicta
1777 2885 1876 2938 est,

335 2955 464 3007 talis
510 2962 624 3007 erat
653 2945 820 3016 qualis
849 2949 944 3002 ista
977 2963 1090 3016 quae
1119 2947 1222 3014 jam
1249 2946 1410 3016 vide_ri
1442 2955 1494 2998 et
1528 2945 1746 3016 tractari
1788 2961 1880 3012 po-

335 3033 443 3074 test
478 3039 491 3086 ;
525 3025 614 3076 sed
640 3012 765 3074 illud
806 3021 942 3085 quod
971 3012 1164 3086 dictum
1193 3024 1274 3068 est
1303 3031 1316 3066 :
1348 3012 1412 3066 In
1459 3012 1707 3086 principio
1737 3030 1876 3086 crea-

333 3096 412 3144 rit
442 3084 575 3146 Deus
600 3093 776 3145 cretum
805 3084 849 3142 et
872 3099 1073 3140 terram.
1097 3085 1223 3139 (ΣαεΙί
1245 3093 1296 3138 et
1336 3093 1484 3137 terra?
1527 3085 1737 3138 nomine
1767 3084 1880 3138 uoi-

335 3177 492 3214 versa
516 3172 747 3216 creatura
772 3160 1056 3226 significata
1087 3165 1185 3220 est,
1215 3166 1396 3226 quam
1419 3154 1542 3207 fecit
1567 3162 1618 3207 et
1647 3155 1879 3226 condidit

338 3232 499 3283 Deus.
537 3231 655 3284 Ideo
686 3222 856 3282 autem
889 3226 1182 3279 nominibus
1213 3222 1487 3276 visibilium
1541 3238 1714 3278 rerum
1766 3225 1877 3279 hate

334 3301 601 3364 appellata
631 3307 752 3353 sunt
783 3307 992 3363 propter
1023 3295 1354 3359 parvulorum
1381 3293 1758 3364 infirmitatem,
1791 3297 1877 3362 qui

336 3362 514 3423 minus
546 3368 714 3422 idonei
747 3362 1176 3422 suut'iuvisibilia
1208 3363 1675 3429 comprehendere.
1706 3362 1882 3417 Primo

334 3457 469 3507 ergo
509 3441 726 3492 materia
783 3439 916 3490 facta
965 3443 1046 3507 est
1080 3436 1309 3507 contusa
1358 3443 1410 3486 et
1457 3433 1713 3507 informis,
1747 3435 1882 3487 unde

334 3502 517 3560 munia
548 3511 758 3568 tierent,
811 3521 925 3574 ψκε
970 3505 1209 3574 distincta
1266 3513 1418 3574 atque
1447 3502 1694 3574 formata
1718 3514 1878 3574 sunt,

334 3580 479 3642 quod
513 3579 671 3630 credo
697 3593 722 3627 a
765 3571 960 3628 Gr’mris
999 3573 1182 3642 chaos
1212 3571 1482 3642 appellari.
1513 3572 1597 3624 Sic
1622 3571 1784 3642 “enim
1829 3587 1883 3626 et

335 3640 446 3698 alio
478 3648 592 3698 loco
633 3645 850 3714 legimus
869 3644 1063 3697 dictum
1094 3642 1143 3694 in
1173 3640 1575 3714 laudibus_Dei_:
1607 3640 1703 3714 Qui
1725 3643 1883 3710 fecisti

335 3718 585 3768 mundum
633 3711 705 3768 de.
743 3715 950 3766 materia
1003 3712 1226 3778 informi,
1276 3721 1377 3763 etc.
1410 3711 1556 3776 Quod
1600 3711 1757 3778 aliqui
1794 3727 1885 3764 co-

336 3789 486 3838 dices
519 3787 709 3839 habent
732 3786 797 3838 de
827 3781 1041 3836 materia
1077 3781 1262 3842 invisa,
1303 3788 1355 3833 et
1382 3781 1500 3833 ideo
1529 3781 1662 3835 Deus
1702 3787 1882 3835 rectis-

337 3861 474 3908 sime
522 3857 750 3908 creditur
793 3855 964 3904 omnia
1004 3853 1070 3904 de
1116 3852 1279 3902 nihilo
1333 3850 1560 3913 fecisse,
1614 3851 1730 3917 quia
1785 3852 1880 3904 etsi

338 3927 520 3977 omnia
549 3926 768 3977 formata
796 3923 858 3974 de
891 3923 984 3974 ista
1027 3921 1243 3971 materia
1274 3919 1407 3972 facta
1441 3927 1582 3983 sunt,
1633 3920 1743 3972 ι]ωο
1773 3921 1882 3989 ipsa

338 4006 518 4046 tamen
551 3996 766 4046 materia
791 3993 1005 4044 omnino
1035 3990 1102 4044 de
1124 3989 1285 4042 nihilo
1307 3989 1436 4041 facta
1467 3999 1562 4042 est.
1599 3989 1711 4042 Non
1742 3991 1884 4044 enim

338 4066 596 4117 debemus
625 4077 743 4117 esse
769 4062 970 4114 similes
1000 4060 1112 4113 istis
1142 4059 1228 4124 qui
1275 4059 1687 4126 omnipotentem
1722 4060 1883 4114 Deum

337 4151 446 4186 nou
480 4135 701 4185 credunt
748 4131 938 4197 aliquid
982 4133 1046 4183 de
1077 4130 1240 4181 nihilo
1283 4128 1451 4197 facere
1484 4129 1732 4196 potuisse,
1764 4145 1883 4183 cum

335 4203 677 4257 considerant
725 4196 903 4254 fabros
940 4209 995 4252 et
1022 4199 1286 4266 quoslibet
1333 4196 1548 4264 opifices
1595 4215 1697 4250 non
1731 4213 1885 4265 posse

337 4273 535 4339 aliquid
584 4271 873 4332 fabricare,
924 4268 1357 4339 nisiAhabuerint
1407 4268 1543 4320 unde
1592 4266 1880 4339 fabricent:

338 4336 483 4411 ligna
512 4343 647 4394 enim
669 4351 722 4393 et
756 4341 1008 4407 adjuvant
1035 4336 1256 4411 fabrtuu,
1295 4346 1348 4390 et
1376 4349 1647 4405 argentum
1675 4337 1886 4411 adjuvat

337 4405 716 4476 argentarium,
748 4418 802 4462 et
827 4405 1011 4460 aurum
1050 4405 1336 4469 aurificem,
1382 4415 1430 4459 et
1481 4415 1614 4459 terra
1672 4407 1882 4474 figulum

337 4483 576 4544 adjuvat,
606 4487 662 4530 ut
690 4485 852 4542 possit
879 4477 1127 4543 perlicere
1165 4490 1322 4544 opera
1360 4488 1479 4544 sua.
1513 4477 1566 4530 Si
1595 4479 1733 4530 enim
1779 4491 1880 4529 non

338 4542 655 4617 ar-jnveu'tur
680 4561 738 4600 ea
772 4542 1015 4609 matteria,
1049 4542 1410 4617 unde‘aliquid
1460 4542 1709 4617 facittnt_:
1751 4544 1880 4617 nihil

339 4614 559 4684 possent
579 4618 767 4676 facere,
796 4629 913 4668 cum
938 4616 1207 4668 materiam
1237 4615 1398 4681 ipsam
1423 4628 1522 4684 non
1547 4615 1640 4681 ipsi
1668 4614 1879 4666 faciunt.

337 4683 455 4740 Non
489 4689 625 4739 enim
660 4686 800 4738 faber
828 4685 951 4737 facit
995 4687 1207 4753 lignum,
1241 4684 1333 4738 sed
1388 4684 1454 4739 de
1504 4683 1642 4754 ligno
1690 4685 1884 4752 aliquid

339 4758 464 4808 facit
490 4774 501 4806 :
523 4758 597 4807 sic
611 4765 664 4807 et
690 4755 866 4806 cancri
898 4769 1081 4808 omnes
1100 4755 1337 4821 opifices.
1351 4755 1693 4822 Omnipotens
1708 4762 1883 4812 autem

341 4828 484 4878 licus
517 4827 652 4875 nulla
683 4837 739 4875 re
766 4823 1088 4886 adjuvandus
1115 4831 1244 4882 erat,
1275 4837 1431 4889 quam
1474 4825 1587 4890 ipse
1614 4839 1714 4876 non
1747 4824 1883 4876 fece-

336 4907 444 4958 rat,
480 4904 536 4945 ut
577 4894 712 4958 quod
766 4892 971 4944 volebat
1024 4892 1276 4945 efficeret.
1323 4891 1377 4944 Si
1407 4893 1545 4944 enim
1574 4893 1639 4946 ad
1683 4907 1772 4945 cas
1800 4907 1884 4946 res

334 4979 475 5032 quas
502 4967 669 5016 facere
704 4961 924 5024 volebat,
948 4960 1225 5028 adiuvabat
1253 4977 1370 5014 eum
1401 4962 1572 5030 aliqua
1603 4977 1689 5032 res
1727 4976 1882 5029 quam

337 5031 460 5100 ipse
487 5048 587 5084 non
619 5033 832 5094 fecerat,
870 5046 972 5084 non
1003 5041 1116 5084 erat
1159 5033 1510 5098 omnipotens,
1555 5031 1690 5096 quod
1723 5031 1885 5082 sacri-

338 5107 515 5171 legum
541 5102 896 5171 estcredere.
915 5101 1153 5171 Informis
1193 5115 1317 5168 ergo
1349 5102 1432 5151 illa
1458 5102 1708 5171 materia,
1727 5115 1881 5166 quant

332 5168 418 5225 de
440 5171 601 5224 nihilo
628 5170 764 5222 Deus
804 5168 953 5229 fecit,
984 5170 1242 5237 appellata
1287 5178 1366 5221 est
1396 5170 1567 5234 primo
1615 5170 1802 5223 malum
1830 5179 1884 5222 et

339 5255 506 5306 terra,
541 5255 641 5292 non
668 5237 785 5305 quia
819 5238 915 5308 hoc
933 5239 1038 5302 jam
1082 5247 1213 5302 erat,
1246 5241 1334 5308 sed
1366 5239 1484 5308 quia
1521 5239 1618 5291 hoc
1646 5254 1762 5294 esse
1792 5253 1883 5308 po-

336 5322 497 5363 terat.
533 5312 660 5361 Nam
687 5319 738 5360 et
760 5307 948 5358 C(Bllllll
982 5317 1158 5376 postea
1189 5307 1432 5360 scribitur
1456 5306 1668 5373 factum,
1700 5306 1884 5376 quem-

335 5382 625 5431 admodum
668 5378 710 5429 si
741 5390 918 5429 semen
972 5375 1171 5427 arboris
1219 5379 1607 5429 considerantes
1650 5379 1884 5432 dicamus

341 5450 414 5498 ibi
450 5464 568 5500 esse
599 5447 802 5498 radices
833 5456 886 5496 et
937 5445 1114 5505 robur.
1165 5459 1357 5509 ramos,
1391 5447 1586 5499 fructus
1625 5457 1676 5500 et
1721 5447 1881 5500 folia:

338 5533 445 5569 non
477 5518 594 5583 quia
623 5516 736 5583 jam
773 5522 925 5577 sunt,
980 5513 1072 5566 sed
1101 5513 1218 5580 quia
1239 5515 1370 5583 inde
1413 5519 1583 5568 futura
1627 5526 1768 5570 sunt.
1799 5515 1885 5570 Sic

333 5581 536 5640 dictum
571 5581 671 5646 est,
710 5581 774 5634 In
816 5584 1058 5650 principio
1083 5585 1194 5651 fecit
1222 5581 1358 5634 Deus
1393 5585 1572 5636 cretum
1597 5596 1644 5637 et
1680 5596 1882 5649 terram,

333 5659 487 5723 quasi
513 5668 694 5707 semen
724 5655 843 5704 creti
865 5661 917 5703 et
957 5664 1137 5717 terrae,
1161 5667 1277 5723 cum
1312 5654 1527 5706 confusa
1554 5656 1724 5707 adhuc
1745 5663 1884 5706 esset

334 5722 456 5780 ῥωιί
490 5735 546 5778 et
575 5735 728 5774 terrae
767 5723 1003 5775 materia.
1037 5723 1137 5776 Sed
1185 5722 1302 5790 quia
1353 5732 1551 5774 certum
1602 5733 1714 5777 erat
1764 5725 1884 5777 inde

335 5805 570 5850 tutorum
594 5806 711 5846 esse
739 5791 926 5842 catlqu
959 5803 1005 5843 et
1037 5802 1248 5858 terram,
1277 5791 1384 5860 jam
1425 5802 1477 5846 et
1526 5792 1632 5860 ipsa
1668 5795 1879 5847 materia

1985 586 2088 637 quo
2116 571 2366 623 Dominus
2396 573 2637 635 loquitur,
2668 586 2784 622 cum
2811 572 2938 622 tlittil
2976 588 2987 620 :
3019 569 3142 621 Jam
3175 585 3274 622 non
3303 571 3416 623 dico
3457 587 3540 622 vos

1987 657 2170 701 servos,
2199 643 2316 707 quia
2345 658 2516 696 terra;
2560 643 2712 692 ncscit
2757 641 2876 708 quid
2933 641 3083 706 (ariat
3133 641 3537 708 Dominusejur.

1995 709 2093 761 Vos
2116 718 2280 761 autem
2305 711 2414 762 diri
2437 713 2643 771 amicos,
2668 707 2782 776 quia
2806 713 2972 761 omnia
2989 726 3100 778 quae
3134 710 3304 762 audivi
3326 727 3355 761 a
3387 707 3540 762 Patre

1985 795 2113 843 meo,
2140 790 2255 831 nota
2284 783 2378 848 feci
2409 781 2542 832 vobis
2568 778 2740 846 (Jorm.
2770 795 2859 840 xv,
2894 779 2986 845 15)
3020 797 3030 830 ;
3066 796 3166 831 non
3197 780 3315 847 quia
3343 780 3534 832 factum

1986 859 2120 907 erat.
2152 850 2241 900 sed
2292 852 2409 916 quia
2441 852 2736 902 certissime
2788 849 3014 902 futurum
3065 859 3197 902 erat.
3256 849 3384 902 Nam
3418 859 3538 916 post

1989 918 2249 983 paululum
2279 920 2403 972 dicit
2438 936 2449 969 :
2486 919 2661 970 Art/tur:
2692 921 2848 970 multa
2890 919 3045 970 habeo
3075 921 3208 973 vobis
3235 921 3417 981 dicere,
3450 923 3536 973 sed

1988 1005 2082 1039 non
2132 991 2331 1052 potestis
2383 999 2581 1056 portare
2630 988 2797 1039 modo.
2834 987 2897 1041 Ut
2945 988 3068 1055 quid
3117 1003 3244 1049 ergo
3284 988 3530 1043 dixerat:

1989 1056 2170 1109 Omnia
2199 1074 2309 1122 qtae
2334 1060 2501 1109 audivi
2541 1074 2570 1109 α
2605 1056 2755 1108 Putre
2797 1074 2924 1118 meo,
2957 1069 3076 1110 nota
3106 1060 3238 1112 vobis
3263 1059 3358 1128 [cci
3379 1099 3392 1120 ,
3439 1059 3535 1112 nisi

1985 1129 2102 1194 quia
2125 1142 2184 1179 se
2203 1128 2400 1179 sciebat
2426 1129 2520 1179 huc
2537 1143 2652 1180 esse
2675 1128 3054 1182 facturum.Sic
3083 1132 3240 1180 etiam
3271 1132 3459 1183 coelum
3483 1138 3535 1180 et

1987 1207 2123 1246 terra
2155 1199 2316 1260 potuit
2341 1197 2442 1249 diri
2488 1197 2724 1256 materia.
2757 1199 2894 1250 unde
2927 1197 3154 1250 nondum
3187 1213 3302 1254 erat
3335 1200 3532 1264 factum

1984 1268 2174 1318 c'oslum
2217 1279 2268 1318 et
2312 1275 2449 1319 terra
2477 1308 2491 1328 ,
2540 1269 2629 1319 sed
2665 1277 2836 1319 tamen
2869 1283 2968 1318 non
3000 1267 3206 1320 aliunde
3237 1268 3531 1320 fztcieiiduttt

1987 1346 2121 1386 erat.
2154 1337 2562 1389 Innumerabiles
2588 1339 2717 1389 tales
2750 1338 3038 1390 locutiOuos
3067 1340 3113 1388 iii
3143 1337 3428 1404 Scriptor-is
3456 1339 3530 1389 di-

1987 1404 2118 1456 vinis
2141 1406 2492 1468 inveniuntur,
2524 1407 2658 1460 sicut
2685 1409 2731 1458 in
2756 1408 3135 1460 consuetudine
3158 1407 3415 1460 sermonis
3439 1422 3532 1458 uo.

1987 1477 2103 1536 Stri,
2132 1491 2249 1528 cum
2311 1478 2358 1528 id
2389 1477 2528 1544 quod
2559 1475 2852 1530 certissime
2881 1475 3108 1529 futurum
3132 1492 3426 1543 speramus,
3457 1477 3536 1528 dio

1988 1545 2154 1597 cimus
2187 1562 2200 1597 :
2228 1547 2338 1598 Jam
2365 1547 2557 1598 factum
2606 1557 2749 1614 puta.
2785 1548 2926 1598 lianc
2966 1557 3137 1598 autem
3169 1546 3340 1598 adhuc
3371 1546 3535 1600 infor-

1987 1629 2123 1667 mem
2155 1617 2448 1676 materiam,
2477 1624 2529 1668 et
2551 1617 2654 1680 jam
2699 1625 2887 1668 terram
2918 1617 3231 1669 invisibilcm
3259 1625 3311 1669 et
3340 1617 3536 1670 incom-

1987 1683 2205 1749 positam
2231 1688 2389 1738 vo'uit
2418 1685 2708 1752 appellari,
2758 1684 2878 1752 quia
2909 1686 3042 1738 inter
3070 1685 3244 1737 omnia
3274 1684 3537 1740 elementa

1988 1753 2187 1823 tutudi,
2225 1765 2357 1807 terra
2417 1760 2589 1808 minus
2625 1755 2829 1809 videtur
2858 1757 3093 1822 speciosa
3124 1769 3277 1823 quam
3319 1765 3534 1809 cratera.

1989 1820 2302 1877 luvisibdem
2332 1834 2504 1878 autem
2528 1825 2675 1884 dixit.
2703 1820 2912 1890 propter
2938 1820 3305 1878 obscuritatem
3327 1841 3340 1890 ;
3365 1837 3416 1878 et
3446 1827 3536 1878 iu-

1986 1895 2327 1960 c.uupositatn
2357 1934 2374 1957 ,
2432 1907 2644 1962 pr0pter
2674 1894 3042 1948 informitatcm
3091 1897 3327 1948 eamdem
3370 1897 3534 1960 ipsam

1991 1963 2267 2015 materiam
2295 1964 2449 2016 etiam
2481 1979 2667 2030 aquam
2698 1964 3000 2031 appellavit,
3031 1980 3189 2029 super
3214 1981 3367 2031 quam
3401 1965 3536 2018 fcre-

1988 2031 2141 2084 luttur
2172 2033 2398 2098 Spiritus
2435 2036 2542 2095 Dci,
2586 2035 2722 2086 sient
2762 2037 3088 2099 superlertur
3128 2034 3413 2095 fabricandi
3446 2052 3535 2088 vo-

1985 2100 2158 2154 luntas
2202 2102 2436 2155 artilir-is.
2494 2105 2640 2174 Quod
2695 2102 2792 2174 etsi
2859 2119 3139 2169 paucorum
3196 2106 3534 2174 intelligentia

1986 2184 2155 2236 petest
2185 2174 2462 2238 attingere,
2495 2171 2735 2224 humanis
2765 2182 2936 2240 tamen
2961 2189 3003 2224 vi
3027 2175 3134 2226 rbis
3157 2174 3335 2228 nescio
3361 2171 3533 2228 utrum

1986 2243 2064 2311 vel
2114 2256 2143 2293 a
2199 2257 2375 2307 paucis
2423 2243 2719 2311 hominibus
2767 2244 2932 2307 poSsit
2984 2245 3195 2311 exponi.
3252 2243 3536 2311 Propterea

1981 2309 2120 2362 cititu
2154 2325 2256 2362 non
2285 2311 2510 2364 absurde
2533 2310 2685 2364 eliant
2713 2326 2844 2380 aqua
2871 2313 3007 2366 diota
3052 2309 3136 2367 est
3176 2315 3273 2368 ista
3297 2309 3535 2380 materia,

1982 2383 2099 2445 quia
2143 2383 2316 2433 omnia
2345 2395 2464 2448 qua:
2511 2381 2559 2433 itt
2592 2390 2728 2434 terra
2759 2395 3073 2446 nascuntur,
3129 2384 3239 2439 sive
3266 2384 3531 2446 animalia,

1981 2451 2090 2519 sive
2117 2449 2313 2515 herba},
2345 2452 2421 2502 vel
2453 2452 2690 2515 arbores,
2736 2464 2787 2505 et
2836 2453 2914 2504 bis
2960 2456 3177 2519 sintdia,
3207 2458 3272 2509 ab
3320 2456 3539 2510 humore

1983 2517 2248 2593 incipiunt
2282 2523 2492 2573 l'orntari
2538 2530 2695 2586 atque
2729 2522 2934 2574 nutriri.
2994 2517 3114 2577 llmc
3155 2517 3282 2593 ergo
3328 2529 3537 2580 nominat

1981 2605 2174 2651 ouinia,
2209 2591 2319 2643 sive
2349 2593 2538 2644 coelum
2581 2600 2633 2642 et
2676 2599 2836 2655 terra,
2865 2593 2975 2646 sive
3024 2606 3161 2646 terra
3188 2591 3464 2650 invisibilis
3487 2607 3541 2654 et

1981 2658 2350 2734 incomposita,
2371 2669 2422 2712 et
2449 2659 2827 2734 _abyssuscuru
2859 2664 3104 2730 tenebris,
3133 2665 3244 2718 sive
3266 2679 3418 2734 aqua,
3451 2682 3540 2719 su-

1983 2745 2072 2796 per
2104 2740 2291 2782 terram
2322 2732 2546 2796 Spiritus
2583 2731 2863 2797 ferebatur,
2899 2733 3107 2786 nomina
3148 2747 3269 2789 sunt
3300 2731 3538 2794 informis

1981 2803 2236 2862 materiai,
2269 2811 2321 2852 ut
2354 2818 2436 2854 res
2467 2803 2696 2870 ignorata
2731 2806 2866 2857 notis
2903 2808 3164 2860 vocabulis
3189 2809 3537 2861 iusiuuaretur

1983 2869 2614 2942 imperitioribus,etnon
2640 2890 2741 2927 uno
2784 2877 3054 2942 vocabulo,
3102 2879 3192 2930 sed
3223 2879 3398 2933 multis
3428 2895 3439 2928 :
3471 2895 3536 2934 ne

1979 2941 2022 2990 si
2049 2955 2202 2992 unum
2235 2944 2528 3014 esset,_hoc
2577 2958 2694 2997 esse
2746 2955 3015 3009 putaretur
3059 2949 3194 3014 quod
3245 2963 3535 3002 consueve-

1981 3017 2097 3085 rant
2133 3010 2369 3064 homines
2403 3011 2454 3064 in
2495 3013 2880 3085 illo_vocabulo
2929 3010 3236 3085 intelligere.
3266 3018 3410 3072 Dicta
3455 3033 3538 3072 est

1978 3082 2166 3132 cmlum
2197 3090 2250 3133 et
2295 3090 2430 3134 terra
2455 3120 2472 3147 ,
2522 3082 2644 3149 quia
2689 3083 2811 3137 inde
2857 3082 3226 3140 futurum-erat
3267 3089 3456 3142 caelum
3485 3101 3537 3144 et

1983 3157 2137 3225 terra.
2174 3151 2314 3203 Dicta
2357 3159 2618 3225 est_terra
2666 3154 2939 3208 invisibilis
2981 3166 3034 3209 et
3082 3157 3450 3225 incomposita,
3485 3173 3538 3213 et

1983 3222 2211 3293 tenebrat
2237 3234 2397 3289 super
2421 3222 2688 3289 abyssum,
2730 3225 2849 3292 quia
2882 3225 3119 3280 informis
3151 3222 3283 3293 erat,
3315 3239 3368 3282 et
3395 3222 3536 3284 nulla

1979 3292 2155 3352 Specie
2184 3298 2324 3343 cerui
2355 3303 2445 3343 aut
2491 3293 2697 3344 tractari
2728 3303 2952 3359 poterat,
2977 3297 3181 3350 etiamsi
3212 3292 3353 3353 esSet
3382 3299 3540 3354 homo

1979 3360 2066 3438 qui
2098 3359 2296 3438 videret
2320 3373 2472 3438 atque
2505 3371 2769 3438 tractaret.
2804 3362 2950 3417 Dicta
2993 3377 3073 3438 est
3120 3383 3271 3434 aqua,
3307 3369 3426 3438 quia
3457 3371 3537 3421 la—

1981 3426 2098 3500 ctlis
2122 3438 2175 3482 et
2197 3426 2407 3483 ductilis
2452 3431 2756 3496 subiacebat
2783 3435 3041 3500 operanti,
3068 3447 3124 3486 ut
3145 3426 3210 3488 de
3243 3426 3336 3488 illa.
3359 3442 3535 3490 omnia

1982 3496 2350 3556 formarentur.
2396 3500 2500 3553 Sed
2541 3499 2639 3552 snb
2671 3503 2748 3552 his
2773 3496 3340 3558 omnibusnominibus
3370 3517 3536 3560 mate-

1983 3571 2056 3618 ria
2087 3578 2201 3640 erat
2243 3570 2408 3622 invisa
2457 3579 2508 3623 et
2561 3569 2828 3637 informis,
2869 3572 2935 3626 de
2976 3588 3075 3640 qua
3125 3574 3264 3628 Deus
3304 3576 3536 3632 condidit

1983 3638 2256 3690 utunduttt.

2055 3705 2118 3778 In
2167 3709 2416 3778 principio
2443 3710 2625 3763 creavit
2655 3708 2790 3762 Deus
2829 3710 3002 3765 caelum
3044 3723 3092 3766 et
3146 3723 3349 3768 terram.
3392 3715 3534 3771 Istud

1983 3777 2267 3856 capitulum
2297 3780 2543 3856 librorum
2566 3782 2797 3856 omnium
2820 3793 2976 3856 caput
2996 3795 3099 3856 est.
3113 3784 3294 3839 Omnis
3314 3803 3536 3856 namque

1985 3847 2252 3914 Scriptura
2279 3850 2453 3901 divina
2481 3850 2719 3916 bipartita
2750 3860 2848 3914 est,
2881 3851 3038 3908 Vetus
3065 3847 3536 3910 Testamentum'et

1983 3916 2205 3988 Novum.
2237 3920 2570 3986 Altaquippe
2611 3929 2751 3988 sunt,
2779 3922 2864 3975 ubi
2895 3933 3091 3977 interna
3123 3925 3451 3988 iutimantur,
3478 3938 3536 3978 ut

1984 3998 2063 4041 est
2095 3999 2107 4039 :
2133 3987 2197 4040 1η
2225 3989 2470 4057 principio
2499 3998 2602 4040 erat
2643 3987 2875 4041 Verbum.
2911 3994 3024 4044 Alia
3055 3999 3186 4047 facta
3232 3987 3532 4057 narrantur,

1986 4071 2040 4109 ut
2062 4067 2142 4111 est
2173 4075 2183 4108 :
2213 4057 2276 4109 In
2296 4057 2542 4125 principio
2566 4061 2749 4109 creavit
2781 4058 2912 4110 Deus
2935 4062 3111 4114 caelum
3133 4075 3175 4115 et
3199 4073 3400 4116 terram.
3419 4068 3533 4118 Alta

1987 4126 2153 4180 futura
2173 4127 2591 4194 pronuntiantur,
2613 4127 2934 4180 tttestzCum
2956 4133 3140 4184 venerit
3172 4135 3333 4189 Filius
3364 4136 3530 4186 honu-

1985 4200 2061 4249 nis
2085 4197 2416 4269 inqmajatate
2443 4213 2536 4249 sua
2562 4195 2705 4262 (Luc.
2741 4197 2955 4269 11,26).
2979 4202 3092 4254 Alia
3122 4217 3248 4256 vero
3269 4214 3390 4254 sunt
3418 4221 3533 4269 qua:

1984 4268 2180 4334 agenda
2206 4271 2742 4339 przecipiuntur,_cttni
2775 4267 2967 4321 dicitur
2999 4286 3011 4321 :
3045 4271 3226 4339 Diliges
3249 4267 3538 4339 proximum

1987 4347 2126 4389 tuum
2155 4339 2284 4390 sicut
2322 4339 2531 4407 teipsum
2559 4335 2770 4404 (Matth.
2803 4352 2913 4401 xu,
2947 4339 3069 4407 19),
3101 4335 3162 4394 cf
3200 4335 3414 4408 reliqua.
3451 4343 3533 4394 Bi-

1987 4409 2174 4482 partita
2206 4423 2328 4460 vero
2355 4419 2455 4471 est,
2500 4410 2620 4476 quia
2650 4415 2770 4482 sunt
2792 4408 2900 4482 alia
2940 4424 3055 4482 qua:
3094 4411 3377 4463 secundum
3407 4413 3538 4482 ligu-

1988 4491 2097 4529 ram
2125 4477 2259 4531 dicta
2281 4489 2421 4542 sunt,
2452 4488 2507 4530 ut
2531 4489 2608 4530 est
2654 4475 2866 4545 Cantica
2896 4480 3241 4545 canticorum,
3271 4489 3325 4535 et
3351 4492 3407 4534 ut
3432 4475 3535 4545 est,

1987 4547 2199 4598 Audivrt
2251 4547 2414 4598 Adam
2446 4561 2625 4600 vocem
2667 4544 2872 4598 Dotnini
2919 4546 3008 4601 Dei
3057 4544 3442 4606 deatubulamis
3486 4544 3536 4604 in

1988 4618 2246 4682 paradiso.
2281 4617 2342 4669 Et
2387 4616 2489 4670 alia
2544 4624 2667 4670 sunt
2711 4617 2999 4678 secundum
3049 4634 3224 4672 rerum
3271 4636 3532 4686 gestarum

1987 4686 2163 4762 tidem,
2197 4696 2252 4738 ut
2290 4695 2371 4740 est
2405 4687 2542 4762 quod
2590 4688 2810 4762 pouulus
2839 4688 3038 4762 exieris
3077 4688 3141 4741 de
3171 4689 3399 4758 Egypto
3424 4731 3438 4754 ,
3482 4703 3538 4743 et

1985 4757 2121 4823 quod
2152 4771 2295 4810 mare
2335 4757 2554 4828 pedibus
2596 4755 2898 4810 ambulavit.
2945 4755 3060 4812 Alia
3101 4773 3226 4813 vero
3248 4755 3371 4811 sunt
3418 4776 3534 4828 qua:

1986 4838 2205 4892 utroque
2253 4826 2408 4878 modo
2460 4827 2596 4879 dicta
2648 4835 2809 4888 sunt,
2858 4836 2915 4879 ut
2958 4836 3038 4880 est
3082 4830 3327 4881 transitus
3376 4826 3536 4884 utaris

1985 4892 2172 5015 Pubri,
2213 4903 2269 4948 et
2310 4896 2560 4949 miracula
2597 4895 2686 4950 illa
2715 4909 2832 4961 quae
2876 4898 3123 4950 Dominus
3152 4899 3202 4950 in
3249 4897 3532 4967 Evangelia

2006 4973 2133 5015 eett.

2006 4973 2133 5016 cett.

2602 5037 2916 5091 btscwuws.

2054 5119 2120 5196 In
2156 5123 2400 5193 principio
2427 5126 2609 5177 creavit
2650 5126 2783 5178 Deut
2821 5127 2997 5180 caelum
3034 5137 3079 5180 et
3117 5139 3315 5182 terram.
3359 5128 3531 5196 loqui-

1983 5194 2198 5267 rendum
2230 5209 2561 5267 summopere
2601 5205 2679 5249 est
2717 5197 2767 5247 iit
2809 5213 2912 5264 quo
2951 5199 3223 5267 principio,
3268 5194 3447 5250 utrunt
3478 5199 3539 5251 in:

1984 5262 2241 5330 principio
2270 5265 2548 5330 temporis,
2577 5278 2642 5317 an
2674 5267 2725 5317 in
2759 5262 3034 5332 principio,
3065 5262 3242 5321 ut'hoc
3270 5282 3406 5320 esset
3435 5268 3528 5320 ini-

1984 5335 2110 5386 tium
2139 5345 2388 5386 creatura:
2416 5335 2559 5406 ejus,
2591 5350 2656 5388 ex
2683 5351 2786 5403 quo
2811 5335 2910 5387 alia
2941 5352 3056 5390 esse
3084 5347 3373 5406 creperum.
3417 5338 3528 5392 Non

1983 5406 2119 5457 enim
2149 5413 2408 5456 coaeterua
2436 5405 2542 5458 Deo
2566 5419 2772 5471 semper
2800 5406 3022 5460 fuerunt.

2623 5509 2894 5547 IAGISTER.

2058 5581 2296 5633 Dicamus
2324 5581 2442 5649 quia
2475 5582 2523 5634 in
2555 5581 2810 5650 principio
2833 5583 2933 5635 sibi
2963 5594 3220 5639 comteruo
3244 5585 3362 5636 fecit
3393 5584 3542 5638 Deus.

1983 5653 2171 5705 C(Blllllt
2203 5663 2253 5702 ct
2283 5663 2470 5704 terrain
2494 5690 2508 5713 ,
2538 5653 2586 5704 iti
2621 5653 2888 5720 ttuigenito
2920 5652 3071 5716 Filio,
3102 5657 3187 5719 qui
3217 5664 3296 5705 est
3321 5655 3529 5720 sapiet»-

1985 5723 2051 5773 tia
2086 5721 2270 5783 Patris,
2301 5723 2365 5771 de
2397 5739 2498 5788 qtto
2527 5722 2652 5774 dicit
2690 5724 2982 5787 Apostolus,
3015 5723 3262 5774 Christum
3300 5723 3388 5774 Dat
3430 5727 3530 5776 vir-

1985 5803 2129 5844 tutem
2150 5831 2162 5853 ,
2195 5800 2238 5841 ct
2273 5791 2358 5843 Uci
2390 5793 2681 5859 sapientiam
2713 5791 2760 5859 (Ι
2795 5791 2907 5846 Cor.
2942 5807 2983 5856 t,
3016 5791 3124 5859 εἰ),
3169 5806 3219 5846 et
3251 5794 3297 5845 itt
3330 5797 3526 5862 psalmo
