3934 6222
486 292 592 346 25

483 474 669 525 iterum
712 472 836 526 dicit
879 473 1159 539 Apostolus
1193 490 1205 523 :
1243 472 1372 534 Quia
1413 473 1464 522 in
1504 473 1613 537 ipsa
1660 472 1862 523 condita
1905 481 2019 523 sunt

482 540 651 592 omnia
670 582 683 604 ,
710 554 819 607 quin
843 541 897 608 in
929 545 1051 592 calo
1076 548 1220 605 sunt,
1250 548 1298 591 et
1321 554 1436 608 quite
1462 540 1515 591 iu
1543 551 1673 593 terra
1691 582 1709 605 ,
1737 540 1948 592 risibilia
1977 549 2024 591 et

482 608 744 662 invisibilia
772 607 986 677 (σείου.
1014 623 1052 673 ι,
1084 608 1193 673 16).

1101 709 1412 751 υιδςιρυιυι.

554 784 775 839 Genesis
804 784 1113 852 principium
1146 793 1243 837 est.
1288 782 1353 836 In
1392 783 1634 850 principio
1666 785 1850 837 ereavit
1890 783 2027 839 Deus

486 854 664 906 celum
710 863 757 906 et
795 863 977 906 terram
1005 868 1023 905 :
1051 853 1217 920 angeli
1259 852 1584 917 postmodum
1628 852 1745 905 facti
1788 864 1926 907 sunt.
1971 856 2026 909 Si

483 922 656 987 angeli
698 930 822 974 ante
863 921 982 974 lacti
1021 934 1165 985 sunt,
1206 936 1308 973 non
1353 922 1524 988 primo
1561 921 1795 975 omnium
1832 924 2027 977 creavit

486 989 624 1044 Deus
652 990 843 1044 culum
871 999 923 1044 et
952 1000 1161 1044 terram.

1121 1093 1394 1134 πιαιετει.

560 1167 779 1234 Quando
820 1169 954 1223 facta
999 1180 1121 1224 sunt
1164 1172 1317 1224 simul
1361 1170 1554 1233 sidera,
1595 1172 1669 1225 ait
1710 1172 1976 1240 Scriptura
2010 1194 2020 1227 :

488 1234 842 1307 Landacerunt
879 1254 957 1292 me
991 1240 1154 1307 angeli
1196 1241 1289 1291 mei
1318 1255 1433 1291 voce
1460 1256 1663 1307 magna.
1706 1234 1898 1306 Quarta
1941 1244 2027 1297 die

490 1306 624 1378 (acta
664 1315 786 1378 sunt
842 1307 1030 1371 idera,
1064 1306 1228 1378 etiam
1258 1306 1646 1378 eratttaugeli,
1681 1324 1851 1378 neque
1887 1312 2024 1364 enim

489 1373 576 1428 die
625 1376 777 1429 tertio
820 1390 990 1439 neque
1037 1376 1267 1429 secundo
1313 1377 1429 1429 lacti
1477 1373 1641 1430 sunt.’
1673 1378 1727 1431 in
1765 1373 1850 1430 bis
1888 1381 2024 1432 enim

490 1452 707 1509 apparet
742 1457 858 1512 qua:
890 1444 1019 1497 tacta
1048 1456 1190 1497 sunt.
1222 1445 1393 1497 Tertia
1421 1446 1509 1499 die
1548 1447 1748 1499 scilicet
1787 1456 1923 1500 terra
1961 1452 2026 1501 ab

494 1512 643 1579 aquis
680 1512 906 1566 discreta
944 1522 1024 1566 est
1056 1530 1068 1565 :
1109 1513 1334 1567 secunda
1374 1513 1565 1567 factum
1607 1527 1687 1570 εει
1728 1516 2026 1571 ﬁrmamen-

494 1588 629 1641 tum,
673 1581 759 1633 ubi
801 1582 880 1634 sol
924 1592 978 1635 et
1020 1582 1139 1635 luna
1182 1582 1499 1645 discurrunt,
1532 1594 1585 1637 et
1626 1584 1819 1639 sidera.
1863 1584 2026 1640 Porro

494 1648 693 1721 primus
734 1648 845 1721 dies
891 1650 1003 1717 ipse
1046 1661 1127 1703 est
1168 1652 1405 1721 angelica
1444 1662 1645 1716 natura,
1692 1669 1808 1721 quae
1856 1657 2024 1721 primo

928 291 1127 345 BEDE
1165 290 1603 347 VENERABILIS
1642 293 1789 347 UPP.
1834 295 2004 351 PARS
2040 296 2100 349 ll.
2140 268 2430 353 815012,".
2468 326 2539 341 --
2577 296 2773 353 BUDIA
2814 295 2900 350 ΕΤ
2936 295 3196 350 Sl‘UlllA.

485 402 609 481 dicit
630 443 643 465 ,
678 402 857 481 Omnia
889 403 941 481 in
968 404 1213 481 sapientia
1232 403 1393 481 recini
1418 401 1648 481 '(Psalnt.
1677 417 1809 481 cui,
1826 402 1937 471 24),
1967 413 2019 457 ει
2046 409 2097 465 Α

3556 298 3658 349 ειι

2749 422 3025 462 κλοιςτει.

2190 496 2246 547 id
2276 506 2386 557 εει,
2416 498 2534 564 quia
2564 513 2664 550 non
2690 508 2854 550 erata
2883 500 3011 551 mari
3042 498 3315 563 distincta,
3350 512 3516 550 vacua
3535 537 3549 558 ,
3583 498 3668 545 iu-

2123 567 2251 631 quit,
2278 566 2395 632 quia
2425 568 2682 618 littoribus
2708 582 2809 617 non
2837 578 2950 619 erat
2976 567 3312 629 circumdata,
3346 569 3433 620 vel
3460 567 3667 620 vicibus

2122 634 2232 685 suis
2261 642 2460 696 ornata,
2493 633 2542 685 id
2577 646 2656 686 est
2684 634 2958 687 arboribus
2985 644 3037 687 et
3065 636 3392 689 animalibus.

2193 701 2316 771 Item
2353 703 2693 771 spiritualiter.
2722 730 2791 741 —
2815 703 2974 756 Terra
3020 706 3219 765 scilicet
3256 705 3428 757 carnis
3466 712 3668 756 nostrae

2122 768 2291 891 inanis
2327 768 2387 823 ει
2408 785 2568 824 vacua
2604 778 2749 837 erat,
2780 774 3082 839 priusquam
3115 772 3362 827 doctrina:
3397 772 3672 840 acceperit

2142 853 2361 891 urinam.

2142 853 2361 892 urinam.

2735 944 3049 984 βικινυιυε.

2735 945 2785 983 at
2850 945 2865 983 ι
2901 946 2930 983 u
3004 944 3049 984 s.

2197 1017 2369 1085 Quare
2392 1017 2617 1073 tenebrat
2634 943 3056 1088 dicunifir’stizer
3072 1020 3253 1074 faciem
3273 1020 3434 1076 fuisse
3448 1020 3628 1088 abyssi
3646 1020 3673 1072 τ

2753 1123 3032 1165 κλειετεει.

2192 1196 2323 1262 Quia
2353 1214 2455 1250 non
2486 1207 2600 1252 erat
2629 1200 2716 1251 lux
2751 1213 2866 1267 qua:
2888 1198 3388 1267 superfunderetur;
3445 1198 3584 1266 quod
3621 1198 3672 1250 si

2124 1276 2303 1328 esset,
2334 1268 2512 1331 utique
2537 1266 2856 1333 superesset.
2886 1266 3013 1320 Item
3042 1268 3155 1331 quia
3188 1277 3303 1321 erat
3326 1270 3523 1329 spissus
3549 1282 3665 1327 aer,

2124 1351 2309 1389 carens
2350 1337 2465 1389 luce
2493 1337 2758 1389 diuturna.
2800 1336 2990 1390 Aliter.
3029 1336 3283 1389 Tenebrae
3320 1346 3467 1388 erant
3504 1350 3671 1399 super

2126 1404 2311 1457 faciem
2338 1405 2533 1474 abyssi,
2558 1406 2673 1468 quia
2696 1406 3003 1458 delictorum
3029 1406 3253 1460 caecitas.
3278 1414 3330 1456 et
3359 1406 3673 1472 ignorantia:

2126 1473 2378 1540 profunda
2404 1473 2719 1540 obscuritas,
2750 1474 2903 1526 corda
2935 1481 3106 1525 nostra
3136 1474 3361 1542 tegebat.

2739 1578 3057 1617 υιεειιιυιυε.

2196 1630 2555 1724 Hieronymus.
2596 1684 2664 1693 -—-
2705 1654 2976 1719 Quomodo
3012 1653 3233 1722 Spiritus
3272 1654 3363 1710 Dei
3402 1655 3675 1712 ferebatur

491 1719 610 1793 εφιὶ
641 1720 849 1793 nomine
891 1728 1179 1793 nuncupata
1214 1730 1322 1793 est.
1371 1720 1515 1793 unde
1554 1719 1821 1793 evidenter
1847 1719 2023 1776 ostett-
2056 1722 2099 1779 Β
2125 1739 2281 1790 super
2309 1719 2485 1793 aquas,
2519 1724 2765 1778 edissere.
3053 1719 3065 1722 ⁷
3640 1758 3666 1766 -

492 1786 654 1850 ditur,
683 1787 902 1853 primum
933 1789 1071 1841 diem
1103 1788 1384 1856 spiritalem
1414 1792 1603 1843 factum
1624 1832 1636 1851 ,
1681 1791 1730 1843 id
1770 1800 1882 1855 est,
1920 1807 2024 1844 au-

493 1856 708 1921 gelicam
750 1865 985 1909 naturam
1006 1896 1021 1918 ,
1062 1866 1115 1909 ct
1155 1860 1252 1909 hoc
1278 1857 1464 1910 uelum
1494 1860 1628 1923 quod
1659 1860 1824 1911 oculis
1853 1861 2024 1913 cerni-

496 1938 631 1975 mus.
662 1924 788 1976 Nam
818 1925 955 1991 quod
986 1928 1088 1983 ait.
1122 1924 1185 1976 In
1211 1925 1455 1992 principio
1483 1929 1662 1979 creavit
1692 1926 1824 1980 Deus
1851 1930 2026 1981 calum

493 2002 541 2043 et
586 2000 788 2057 terram,
834 2010 935 2046 non
986 1995 1152 2060 primo
1198 1994 1425 2047 omnium
1474 1996 1607 2048 sicut
1645 1998 1740 2062 ais,
1792 1997 1916 2059 sed,
1971 1998 2024 2051 In

501 2062 771 2128 principio,
801 2063 974 2131 idest,
1006 2065 1056 2115 in
1087 2062 1239 2124 Filio,
1270 2064 1374 2116 imo
1402 2080 1494 2131 per
1521 2064 1709 2119 Filittm
1736 2065 1858 2120 fecit
1886 2066 2025 2120 Deus

494 2144 703 2203 omnem
748 2130 1509 2203 spiritalemcorporalemqoe
1552 2142 1869 2197 creaturam,
1911 2150 2027 2203 qua

494 2198 614 2272 coeli
643 2210 695 2272 ct
725 2209 879 2272 terra:
910 2201 1117 2254 nomine
1143 2198 1395 2269 appellata
1426 2198 1539 2256 est.
1582 2203 1711 2256 Nam
1740 2204 1877 2271 quod
1917 2198 2029 2272 ipse

496 2268 566 2320 sit
613 2269 937 2334 principium,
984 2272 1050 2323 de
1083 2284 1148 2338 se
1194 2268 1629 2338 interrogantibus
1676 2268 1870 2326 ludatis
1914 2268 2028 2338 quis

495 2345 666 2407 esset,
713 2338 1021 2407 respondit,
1072 2336 1512 2407 Principium—qui
1557 2351 1603 2393 et
1654 2342 1829 2407 loquor
1873 2336 2024 2394 vobis.

497 2404 673 2476 Primo
710 2404 869 2476 igitur
897 2408 1056 2459 voluit
1091 2404 1279 2461 malum
1317 2416 1369 2459 et
1411 2404 1639 2472 terram,
1676 2404 1814 2461 velut
1849 2424 2029 2476 quam-

496 2474 615 2527 dam
652 2474 937 2538 spiritalem
965 2477 1394 2543 corporalemque
1434 2478 1705 2531 materiam
1731 2474 1939 2542 dicere,
1978 2488 2032 2532 et

496 2544 576 2595 sic
613 2545 1047 2609 quemadmodum
1082 2545 1379 2613 singillatim
1428 2549 1557 2600 facta
1600 2556 1751 2611 sunt,
1794 2548 2029 2602 ordinem

497 2622 693 2664 texere.
723 2613 870 2678 Quod
910 2614 1050 2667 enim
1089 2616 1239 2680 dixit,
1283 2615 1481 2680 (telum,
1527 2616 1627 2669 hoc
1668 2618 1792 2669 mihi
1836 2618 2032 2671 dixisse

500 2682 994 2753 \r'ideturinquarum
1044 2685 1309 2750 abyssum,
1358 2685 1686 2737 tenebrosam
1733 2685 1860 2737 Adae
1905 2702 2033 2753 quo-

498 2751 778 2805 dammodo
834 2752 1117 2805 ﬂuitantem
1176 2757 1369 2814 vitam,

497 2822 830 2883 Creatorem,
864 2832 923 2891 et
962 2824 1049 2891 liat
1077 2822 1161 2874 ius
1185 2833 1283 2891 ,et
1310 2823 1692 2891 contempletur
1726 2823 2033 2877 Trinitatem

501 2891 663 2959 Deum
705 2902 822 2943 esse
862 2889 914 2942 in
958 2890 1139 2943 Deum.
1184 2890 1363 2959 Neque
1406 2889 1546 2944 enini
1590 2893 1661 2946 ita
1691 2892 1933 2959 dicimus,
1981 2902 2037 2947 ut

495 2955 593 3009 ista
627 2960 868 3028 materies
912 2960 1170 3027 praecedat
1212 2955 1430 3013 formam
1470 2976 1639 3025 suam,
1671 2962 1803 3014 sicut
1842 2955 2036 3028 praece-

497 3030 578 3079 tlit
608 3024 1000 3112 ligitumarc'as,
1022 3038 1075 3082 et
1100 3030 1233 3112 sicut
1264 3031 1509 3112 persedit
1539 3046 1633 3109 tros
1668 3024 1877 3109 verbum
1904 3047 1917 3083 :
1945 3047 2034 3085 ne-
2064 3052 2108 3112 ρ

499 3110 601 3160 que
640 3097 778 3168 enim
812 3108 1070 3168 tempore,
1110 3101 1201 3151 sed
1230 3097 1450 3167 origine.
1493 3097 1652 3168 igitur
1692 3101 1852 3166 prima
1884 3116 2027 3152 crea-

502 3174 613 3215 tura
659 3165 768 3230 lus,
816 3181 918 3218 non
967 3167 1062 3219 ista
1111 3184 1224 3232 qua:
1266 3165 1445 3233 qtiarta
1491 3165 1578 3222 die
1624 3165 1756 3221 facta
1804 3179 1902 3229 est,
1942 3170 2033 3222 sed

504 3233 772 3299 spiritalia,
800 3234 851 3287 id
882 3245 977 3296 est,
1014 3236 1244 3301 angelica
1274 3248 1475 3289 natura.
1510 3240 1618 3291 lloc
1645 3247 1814 3289 tamen
1844 3237 2036 3289 intelli-

499 3301 728 3369 gendum
771 3304 908 3369 quod
956 3304 1106 3355 simul
1150 3306 1343 3357 creavit
1389 3307 1601 3369 ctelum,
1646 3316 1700 3358 et
1744 3319 1935 3359 terram
1982 3315 2036 3359 et

500 3372 692 3423 lucem.
724 3371 853 3443 Quia
882 3371 1256 3443 nihilinterest
1276 3412 1290 3437 ,
1321 3374 1419 3427 nisi
1448 3376 1593 3443 origo
1620 3384 1839 3443 tantum.
1887 3374 2037 3427 Sicut

504 3445 663 3493 homo
714 3440 843 3510 duas
895 3442 1162 3510 parabolas
1217 3445 1448 3509 cognitas
1502 3440 1660 3497 simul
1703 3440 1814 3496 bon
1868 3454 2036 3510 potest

504 3522 771 3572 enarrare,
793 3509 870 3582 ita
898 3509 1227 3582 et_Dominus
1258 3513 1376 3565 legit
1397 3550 1412 3575 ,
1440 3529 1563 3580 quza
1594 3516 1692 3567 hoc
1716 3514 1859 3582 prius
1872 3509 2036 3565 enar-

507 3588 639 3627 ravn
667 3579 809 3649 quod
848 3579 1105 3649 originem
1134 3583 1332 3648 habuit,
1359 3592 1413 3637 et
1456 3579 1630 3649 postea
1671 3579 1805 3649 quod
1848 3584 2036 3635 exinde

507 3652 697 3717 tactum
742 3646 1140 3717 [ιιὶιηίιιιιηηνίε
1190 3646 1469 3717 utrumque
1503 3652 1656 3705 simul
1689 3646 1932 3713 iecisset;
1983 3662 2036 3704 ut

505 3714 645 3778 quod
675 3718 783 3765 sola
811 3714 1010 3784 origine
1037 3720 1176 3784 prior
1202 3730 1280 3771 est
1312 3722 1362 3770 in
1383 3714 1654 3779 iaciendo,
1697 3719 1839 3785 prior
1877 3721 1945 3771 sit
1971 3734 2033 3773 ex

504 3794 740 3847 tempore
788 3787 1098 3838 enarranda.
1134 3785 1269 3853 Ergo
1316 3789 1437 3839 dum
1468 3788 1741 3855 Oportebat
1787 3798 1842 3841 ut
1889 3791 2033 3850 Scri-

505 3862 654 3917 ptura
696 3863 872 3905 sancta
918 3865 1192 3923 utrumque
1241 3867 1554 3917 enarrasset,
1597 3868 1699 3908 tam
1743 3872 1826 3911 res
1862 3872 2036 3924 ges‘tas

503 3935 657 3985 quam
691 3936 772 3974 res
801 3934 1086 4000 enarratas,
1128 3927 1265 3992 quod
1308 3924 1731 4000 csiude‘factum
1759 3937 1856 3979 est.
1887 3930 2036 3981 ltatio

504 4000 621 4044 erat
660 4001 708 4048 ut
734 3996 898 4065 prius
941 4006 1239 4049 enarrasset
1283 3997 1418 4052 unde
1458 3996 1651 4065 aliquid
1692 3998 1881 4050 factum
1922 4008 2037 4050 erat

500 4077 659 4128 quam
689 4064 815 4116 illud
843 4067 978 4134 quod
1008 4067 1199 4119 exinde
1229 4066 1417 4120 factum
1447 4064 1562 4130 est,
1604 4081 1815 4133 propter
1845 4064 2036 4119 tardio-

505 4147 592 4185 res
622 4133 884 4185 intellectu
907 4158 923 4196 ,-
950 4143 1006 4186 ut
1029 4149 1213 4200 capere
1240 4139 1544 4202 potuissent.
1577 4137 1706 4199 Quia
1736 4150 1819 4187 res
1848 4150 2036 4201 corpo-

502 4217 610 4255 reae
658 4214 723 4253 ex
755 4203 947 4269 'aliquo
994 4204 1186 4255 fiebant
1234 4218 1250 4258 :
1300 4205 1417 4271 quia
1466 4204 1592 4256 nihil
1642 4207 1855 4255 interest
1900 4205 2040 4257 inter

503 4272 818 4324 creationem
850 4272 967 4324 curii
988 4311 1002 4333 ,
1034 4279 1087 4324 et
1115 4281 1287 4335 terrm,
1319 4282 1371 4324 et
1397 4272 1549 4337 lucis,
1582 4272 1677 4325 nisi
1709 4272 1808 4326 hoc
1840 4282 2036 4327 tantum

505 4340 643 4405 quod
670 4350 751 4394 est
776 4340 923 4395 inter
943 4341 1151 4394 verbum
1181 4352 1232 4394 et
1263 4356 1464 4395 vocem.

1116 4447 1432 4488 DlSCll’ULUS.

573 4522 679 4583 Cur
706 4538 827 4594 non
855 4520 1019 4585 dixit,
1064 4521 1131 4594 lu
1175 4525 1422 4594 principio
1455 4522 1579 4579 fecit
1623 4525 1753 4580 Deus
1782 4526 1957 4580 caelum
1997 4536 2042 4580 ct

506 4602 711 4658 terram,
740 4592 834 4646 sed
857 4593 1075 4643 creavit?
1177 4592 1184 4594 “
1215 4608 1223 4617 ’
1335 4617 1345 4625 ·

1138 4675 1413 4714 ΙΔςιετειι.

576 4752 796 4822 PrOpter
818 4750 1191 4807 inlormitatem
1220 4752 1474 4806 materiae.

1121 4856 1430 4896 ιιικιρυιυε.

578 4940 651 4995 Da
677 4954 888 4995 sensum
918 4939 1224 5010 spiritalem.

1137 5045 1412 5085 Ιιςιδτειι.

560 5121 893 5198 Principium
919 5119 1165 5198 Cirris-tus
1198 5129 1307 5198 est,
1339 5122 1473 5173 sicut
1498 5120 1718 5198 _ipse_in
1741 5093 2041 5198 _Evangelio

505 5184 579 5243 ait
610 5210 622 5242 ε
661 5176 970 5259 Principiam
996 5190 1079 5251 qui
1125 5176 1395 5259 dloquar
1431 5176 1582 5242 rubis.
1637 5190 1690 5241 In
1739 5191 1837 5241 huc
1887 5176 2041 5257 igitur
2072 5176 2117 5217 κη

512 5260 766 5328 principio
795 5257 916 5312 fecit
947 5259 1079 5311 Deus
1104 5257 1313 5328 C(elutn,
1348 5257 1397 5307 id
1421 5270 1525 5328 est,
1555 5259 1639 5323 qui
1666 5260 1897 5311 cmlestia
1928 5272 2039 5328 incf

504 5326 738 5381 ihtautur
773 5337 827 5379 et
864 5337 1121 5393 quierunt.
1173 5326 1223 5376 ltt
1268 5326 1381 5391 ipso
1412 5326 1533 5377 fecit
1574 5336 1624 5377 et
1666 5330 1921 5391 carnales,
1953 5326 2043 5393 qui

513 5407 772 5450 terrenum
802 5397 1061 5449 hominem
1090 5398 1308 5449 necdum
1333 5396 1706 5461 deposuerunt.

1121 5502 1432 5541 DISCIPULUS.

578 5581 730 5633 'l‘erra
772 5592 933 5635 autem
974 5591 1077 5633 crat
1120 5579 1279 5631 inanis
1318 5588 1365 5633 et
1408 5594 1579 5632 vacua.
1628 5576 1729 5631 Cur
1778 5577 1942 5632 inanis
1990 5586 2041 5629 ct

518 5658 713 5706 Vetus?

1433 2754 1530 2806 nisi
1581 2763 1914 2807 convertatur
1968 2754 2065 2806 ad’

2070 4393 2119 4449 ι)

2756 1826 3029 1867 κιοιετεκ.

2196 1900 2296 1954 Pro
2337 1914 2402 1954 eo
2446 1900 2582 1968 quod
2628 1902 2678 1953 in
2721 1902 2913 1954 nostris
2954 1899 3223 1954 codicibus
3267 1900 3518 1967 scriptum
3565 1911 3669 1961 est.

2126 1969 2394 2039 ferebatur,
2436 1970 2489 2022 in
2523 1972 2744 2023 Hebraeo
2782 1972 2967 2031 habet,
3012 1969 3351 2039 Meraliefeth,
3390 1973 3527 2037 quod
3566 1985 3667 2022 nos

2124 2040 2387 2106 appellare
2426 2054 2725 2105 possumus,
2765 2039 3061 2103 incubabat,
3101 2038 3212 2092 sive
3250 2038 3573 2104 cuufouebat,
3615 2039 3672 2091 in

2125 2108 2512 2161 similitudinem
2540 2108 2763 2160 volucris
2788 2122 2885 2160 ova
2913 2110 3085 2161 cabire
3110 2110 3423 2161 incubantis.
3454 2108 3529 2161 Ex
3562 2123 3672 2176 quo

2078 2193 2083 2197 '
2126 2178 2463 2243 intelligimus
2506 2192 2606 2229 non
2652 2176 2718 2229 de
2760 2178 2945 2243 spiritu
2976 2178 3155 2230 mundi
3182 2178 3318 2239 dici,
3347 2189 3402 2229 ut
3434 2178 3673 2230 nonnulli

2126 2246 2445 2299 arbitrantur
2471 2261 2487 2309 ;
2519 2246 2611 2298 sed
2642 2246 2706 2298 de
2735 2245 2933 2310 Spiritu
2965 2256 3164 2309 sancto,
3195 2245 3283 2314 qui
3312 2257 3364 2299 et
3395 2246 3507 2309 ipse
3536 2244 3669 2297 vivi—

2129 2314 2309 2365 llcator
2346 2316 2574 2366 omnium
2613 2328 2641 2364 a
2683 2317 2941 2378 principio
2979 2316 3187 2369 dicitur.
3227 2315 3281 2367 Si
3321 2327 3492 2366 autem
3533 2314 3668 2367 vivi-

2127 2382 2328 2448 ﬁcator,
2348 2384 2491 2449 quasi
2517 2383 2752 2435 conditor
2772 2395 2823 2436 et
2852 2383 2987 2436 Deus
3017 2400 3029 2435 :
3056 2381 3283 2445 Etnittcs,
3306 2387 3399 2445 ait,
3423 2382 3676 2449 Spiritum

2129 2460 2270 2504 tuum
2293 2464 2338 2505 et
2363 2451 2677 2505 creabantur.

2743 2556 3057 2596 DISCIPULUS.

2201 2632 2526 2701 Augustinus.
2553 2661 2621 2671 —
2650 2631 2873 2700 Spiritus
2902 2632 2991 2683 Dei
3016 2631 3265 2699 ferebatur
3291 2646 3442 2699 super
3466 2648 3622 2699 aquas
3655 2657 3676 2694 ,-

2131 2701 2368 2755 localiter
2398 2701 2681 2764 ferebatur,
2715 2706 2848 2753 sicut
2878 2706 2953 2752 sol
2982 2711 3031 2753 et
3060 2701 3255 2766 sidera,
3283 2716 3351 2753 an
3379 2702 3568 2755 aliterl

2768 2806 3042 2845 ιισιδτεκ.

2160 2922 2170 2932 .
2202 2878 2430 2947 Spiritus
2453 2889 2667 2934 sanctus
2688 2880 2825 2934 Deus
2855 2890 2954 2943 est,
2982 2896 3079 2949 qua
3110 2880 3161 2934 in
3190 2894 3249 2935 re
3280 2894 3383 2933 non
3408 2880 3522 2932 loco
3545 2894 3676 2932 con-

2135 2948 2332 3003 tinetur
2366 2960 2419 3003 et
2456 2949 2786 3016 distenditur,
2829 2966 2927 3003 nec
2967 2948 3258 3014 temporum
3300 2950 3677 3002 mutationibus

2137 3021 2391 3087 subiacet,
2441 3020 2533 3072 sed
2580 3030 2659 3072 est
2703 3021 2893 3084 ubique
2933 3033 3163 3085 prmsens
3204 3026 3362 3070 totus.
3406 3018 3678 3082 Quomodo

2138 3104 2264 3142 sane
2293 3088 2577 3140 nominarit
2618 3099 2938 3148 creaturam,
2980 3089 3062 3140 cui
3093 3087 3389 3155 superferre
3415 3090 3675 3140 diceretur

2132 3159 2357 3225 Spiritus
2384 3169 2619 3220 saueius,
2649 3173 2748 3207 non
2780 3156 3034 3225 localiter,
3066 3160 3156 3210 sed
3193 3156 3543 3223 potentialiter
3573 3156 3676 3208 Do-

2134 3224 2325 3287 minus,
2361 3240 2461 3278 non
2489 3240 2551 3277 ex
2584 3224 2865 3294 indigentia
2894 3224 3014 3294 fecit
3041 3239 3199 3289 Opera
3222 3239 3343 3287 sua,
3373 3225 3555 3294 sedes
3586 3228 3677 3277 be-

2128 3296 2445 3373 nclicentia:
2478 3309 2648 3362 neque
2681 3292 2865 3347 borum
2898 3293 3251 3373 indiget-quae
3284 3294 3437 3373 iecit.
3472 3292 3679 3373 Indigna

2131 3364 2322 3432 quippe
2351 3373 2506 3430 atque.
2530 3376 2724 3430 egenus
2749 3377 2896 3415 amor
2923 3362 3197 3432 subjicitur
3221 3362 3376 3415 rebus
3402 3376 3530 3432 quas
3556 3362 3676 3413 dili-

2130 3429 2272 3501 git?
2300 3433 2418 3486 ideo
2462 3429 2631 3485 dictus
2670 3441 2752 3486 est
2790 3429 3074 3499 superferri
3111 3441 3403 3483 creaturam
3453 3429 3676 3496 Spiritus

2131 3514 2367 3565 satietas,
2397 3503 2518 3568 quia
2547 3517 2653 3554 non
2681 3516 2745 3554 ex
2789 3502 3073 3569 indigentia
3100 3510 3348 3567 operatus
3386 3509 3469 3553 est
3510 3503 3674 3568 ipsum

2131 3580 2444 3624 creaturam.

2749 3673 3061 3715 DISCIPULUS.

2203 3740 2510 3806 Ambrosius.
2539 3780 2609 3793 -—
2637 3752 2909 3819 Quomodo
2938 3754 3158 3824 Spiritus
3190 3752 3283 3807 Dei
3314 3753 3564 3824 ferebatur
3592 3772 3677 3807 ης

2132 3829 2219 3894 per
2242 3840 2393 3894 aquas
2410 3825 2435 3877 .’

2764 3904 3053 3971 atctsren.

2202 4010 2349 4063 Sicut
2398 4009 2471 4059 ait
2521 4007 2804 4074 Apostolus
2856 4024 2870 4060 :
2928 4006 3422 4074 Superentinentem,
3477 4006 3675 4069 intuit.

2133 4080 2387 4131 scientiam
2416 4078 2630 4128 Charitas
2650 4073 2835 4128 Christi
2857 4074 3071 4145 (Ephes.
3095 4090 3170 4136 Ill,
3200 4074 3394 4145 l9)_,et
3418 4076 3539 4128 alibi
3567 4077 3675 4127 ait:

2136 4148 2479 4215 Superexaltat
2504 4143 2882 4215 autem‘omuem
2911 4143 3215 4215 intellectum
3240 4143 3325 4212 (Il
3357 4143 3471 4215 Cor.
3504 4146 3675 4215 ινδ),

2134 4212 2259 4281 ergo
2288 4215 2583 4267 inchoatqu
2613 4212 2806 4281 aliquid
2830 4214 3077 4279 ostendit,
3105 4228 3263 4280 super
3286 4214 3422 4281 quod
3450 4213 3676 4280 Spiritus

2138 4284 2228 4338 Dei
2258 4282 2396 4337 ferre
2423 4281 2702 4343 diceretur,
2736 4297 2835 4334 non
2868 4283 3001 4344 loco,
3048 4281 3140 4335 sed
3182 4284 3356 4335 omnia
3392 4296 3675 4345 superante

2145 4366 2298 4420 atque
2327 4354 2652 4419 prteccllente
2677 4351 2926 4418 potentia.
2957 4350 3069 4404 Duo
3096 4352 3287 4419 quippe
3312 4361 3432 4405 sunt
3461 4362 3675 4420 prapter

2143 4439 2259 4490 quin
2286 4429 2425 4473 amat
2454 4420 2590 4473 Deus
2616 4430 2906 4475 creaturam
2945 4436 3092 4473 suam
3120 4436 3133 4471 :
3170 4430 3224 4472 ut
3258 4422 3349 4484 sit,
3378 4430 3433 4473 et
3470 4430 3526 4471 ut
3566 4436 3676 4472 uta-

2139 4501 2290 4567 ncat;
2319 4490 2467 4567 ut_sit
2492 4491 2737 4554 formata,
2764 4499 3050 4567 et_mat_teat
3077 4492 3127 4567 Ψ
3155 4492 3673 4567 pracepto‘suieoa-

2137 4561 2341 4613 ditoris.
2377 4558 2442 4612 Ut
2478 4568 2619 4611 esset
2655 4572 2781 4625 ergo
2819 4557 3041 4624 Spiritus
3084 4556 3198 4620 Dei,
3249 4556 3676 4625 superferebatur

2137 4643 2294 4695 super
2330 4642 2515 4693 aquam
2549 4644 2562 4678 :
2596 4636 2654 4679 ut
2686 4624 2857 4678 autem
2900 4634 3165 4685 maneret,
3208 4624 3329 4677 vidit
3375 4624 3512 4678 Deus
3556 4643 3675 4689 quia

2138 4696 2320 4748 bonum
2365 4706 2472 4757 est,
2516 4697 2858 4761 quamobrem
2912 4698 3053 4760 prius
3103 4710 3185 4745 res
3232 4696 3569 4755 iutormatas,
3623 4707 3676 4746 es

2141 4776 2315 4831 postea
2372 4765 2623 4828 Spiritum
2672 4773 2909 4817 sanctum
2958 4764 3278 4828 nominavit,
3329 4768 3447 4831 quia
3501 4766 3677 4816 omnis

2137 4849 2353 4903 exiguus
2379 4849 2527 4887 amor
2556 4835 2708 4887 rebus
2737 4833 2865 4902 quas
2894 4833 3063 4902 diligit
3089 4834 3499 4901 subterpouuur.

2751 4958 3063 5000 υιεοιειιιυδ.

2210 5046 2336 5099 Item
2361 5050 2413 5098 in
2446 5046 2762 5098 llexamerou
2790 5044 3115 5113 Augustinus.
3146 5074 3213 5085 -
3253 5046 3325 5101 De
3355 5045 3676 5098 informitate

2138 5116 2389 5182 materiai,
2419 5125 2476 5167 ut
2504 5116 2704 5181 plenius
2730 5124 2784 5167 et
2812 5116 3024 5191 uberius
3051 5130 3304 5183 exponas,
3335 5128 3513 5183 posco.

2779 5220 3056 5260 ιιΑῡιςτειι.

2213 5297 2413 5349 Verum-
2429 5305 2479 5348 et
2509 5292 2836 5355 manifestum
2863 5307 2962 5358 est,
2986 5304 3150 5348 omne
3192 5292 3438 5347 mutabile
3480 5309 3539 5348 es
3585 5295 3676 5346 ali-

2140 5380 2241 5433 qua
2272 5363 2853 5433 inlormitatelormari,
2882 5365 3142 5432 simulque
3167 5373 3221 5415 et
3249 5364 3673 5433 utanilestissitua

2142 5428 2274 5487 ratio
2299 5433 2479 5494 docet,
2513 5432 2769 5484 nullarum
2802 5428 3106 5485 naturarum
3133 5428 3407 5485 materiam
3433 5449 3547 5487 esse
3581 5448 3674 5496 p0-

2145 5507 2327 5567 tuisse,
2357 5504 2452 5555 nisi
2480 5516 2542 5558 ex
2574 5503 2699 5564 Deo,
2732 5501 2852 5554 licet
2878 5501 3017 5571 dicat
3045 5499 3309 5571 Scriptura
3342 5520 3354 5554 :
3386 5505 3486 5566 Qui
3514 5502 3675 5569 fecisti

2146 5573 2385 5623 mundum
2429 5587 2491 5623 ex
2536 5574 2742 5621 materia
2789 5570 3016 5639 informi.
3062 5568 3173 5622 Non
3224 5568 3397 5624 tamen
3441 5572 3678 5624 informis

2146 5653 2359 5697 materia
2400 5640 2633 5696 formatis
2678 5639 2834 5693 rebus
2873 5648 3106 5705 tempore
3147 5644 3287 5709 prior
3325 5652 3424 5706 est,
3453 5656 3570 5695 cuiu
3613 5647 3679 5692 sit
