3934 6222
307 368 412 423 Ξιὲ)

1382 362 1820 427 ΟυιίΕΞΤΙΟΝΕΞ
1858 363 2075 416 SUPER
2115 364 2429 427 GENESIM,

3384 373 3488 428 9.50

303 496 384 538 est
428 484 697 545 Dominus,
732 490 852 533 tunc
901 479 1054 530 etiam
1083 478 1313 532 creditur
1344 479 1497 531 fuisse
1526 489 1827 541 conreptus,
1863 483 1908 536 Α
1938 493 2037 529 non
2090 481 2254 544 possit
2301 491 2351 532 et
2382 495 2536 545 super
2567 481 2688 535 illud
2742 483 2906 536 levius
2935 484 3123 537 malum
3169 483 3478 537 minutiori-

302 568 470 618 usque
500 556 550 604 in
591 553 726 603 diem
776 559 1015 603 octavum
1066 549 1284 600 Kalend.
1326 549 1468 609 Jan.,
1513 559 1565 600 et
1607 551 1834 601 reperies

300 617 418 674 dies
443 637 688 678 ccuxw.
720 620 807 685 qui
853 621 1088 670 constant
1122 633 1210 682 per
1240 617 1499 669 senarium
1540 632 1832 669 numerum.

301 693 436 758 Quid
469 692 536 744 de
562 691 645 742 illa
687 689 903 758 muliere
944 686 994 737 in
1026 687 1330 753 Evangelio,
1359 700 1511 758 quain
1543 686 1834 758 octodecim

295 755 454 813 aiinis
485 760 807 812 cruciaverat
843 757 1082 817 Satanas,
1122 772 1274 820 quam
1309 755 1510 806 sanavit
1543 755 1831 807 Domitius:

297 832 545 886 dicimus.
577 830 694 893 quia
725 840 773 880 et
827 826 921 890 ipsi
956 827 1074 876 aiini
1109 826 1367 893 senarium
1419 837 1688 893 numerum
1740 823 1832 893 ha-

296 898 443 956 bent,
482 908 558 948 ter
588 891 740 967 igitur
782 896 891 967 seni
944 893 1258 945 octodecim.
1316 891 1416 967 Illa.
1457 891 1610 958 igitur
1650 892 1834 944 mulier

296 959 631 1032 intelligitur“
651 980 811 1034 genus
857 963 1180 1034 humanum,
1207 977 1360 1034 quam
1407 959 1457 1034 in
1493 970 1637 1034 sexta
1681 969 1834 1034 :etale

291 1027 500 1094 satculi,
531 1052 557 1087 a
585 1027 779 1087 diaboli
811 1034 1108 1100 captivitate
1135 1027 1387 1100 liberavit.
1424 1031 1590 1080 l’rima
1617 1038 1739 1100 mtas
1767 1031 1832 1081 ab

293 1108 463 1156 Adam
488 1119 653 1170 usque
677 1105 737 1153 ad
767 1098 910 1163 Noe;
943 1101 1169 1154 secunda
1195 1114 1222 1150 a
1254 1099 1359 1152 Noe
1374 1101 1552 1170 usque
1579 1099 1640 1148 ad
1670 1098 1828 1150 Abra-

293 1175 415 1224 liam
446 1191 458 1236 ;
497 1168 644 1225 tertia
674 1175 738 1222 ab
770 1171 1030 1222 Abraliam
1063 1184 1222 1233 usque
1265 1170 1326 1220 ad
1373 1168 1557 1225 David;
1591 1177 1771 1231 quarta
1801 1183 1827 1218 a

292 1243 464 1294 David
493 1258 652 1307 usque
680 1242 742 1292 ad
771 1239 1277 1303 transinigrationeni
1311 1236 1624 1307 Babylonis;
1649 1237 1825 1307 quinta

285 1326 313 1361 a
348 1305 804 1380 lrzlnSllligralitlnc
838 1308 1111 1380 Babylonis
1137 1322 1300 1380 usque
1339 1306 1400 1357 ad
1421 1306 1687 1380 _.loannein
1727 1305 1827 1355 Ba-

289 1381 524 1444 ptistam,
557 1373 606 1432 Et
637 1379 914 1430 adventum
947 1373 1148 1428 Domitii
1179 1373 1491 1435 Salvatoris;
1524 1385 1825 1444 sexta,quae

286 1443 427 1500 nunc
486 1450 672 1510 agitur,
724 1446 890 1498 donec
935 1446 1170 1498 excelsus
1224 1446 1393 1497 veniat
1438 1446 1501 1494 ad
1553 1443 1824 1505 judicium.

285 1520 453 1568 Sexto
496 1520 651 1584 igitur
679 1515 1216 1584 sa-citloireformalur
1245 1529 1406 1578 genus
1447 1512 1729 1584 humanum
1761 1513 1823 1562 ad

284 1580 565 1651 imaginem
619 1586 726 1638 Dei.
774 1583 1011 1636 Profecto
1051 1582 1189 1634 enim
1238 1597 1360 1634 anni
1399 1580 1688 1651 octodecim
1722 1595 1823 1631 non

280 1649 453 1705 solum
485 1670 581 1707 sex
623 1663 822 1715 mtales,
851 1652 940 1705 sed
971 1653 1127 1703 etiam
1161 1651 1258 1704 tria
1291 1659 1521 1718 tempora
1553 1649 1824 1702 evidenter

280 1725 646 1776 demonstrant
671 1741 682 1775 :
708 1737 864 1773 unum
889 1720 1090 1774 scilicet
1115 1731 1235 1772 ante
1256 1721 1446 1787 legem,
1475 1719 1695 1770 alterum
1726 1721 1824 1770 sub

1942 549 2034 619 hiis
2058 541 2213 614 guttis
2243 561 2293 619 et
2319 541 2596 603 levioribus
2629 552 2903 606 imminere
2927 554 3226 617 vaporibus.
3253 554 3472 619 Quidam

1940 617 2096 667 etiam
2136 618 2297 689 nostri
2331 619 2450 689 illos
2486 620 2550 668 de
2603 622 2829 683 ipsorum
2882 622 3108 673 siderum
3138 617 3480 689 qualitatibus

1939 695 1988 735 ei
2019 687 2274 736 meatibus
2305 688 2620 740 cetiviucere
2647 691 2947 755 moliuntur,
2984 691 3116 743 idem
3148 687 3368 756 namque
3397 707 3480 744 as-

1939 763 2120 827 serunt
2147 756 2370 817 stellam,
2401 772 2552 818 quam
2603 758 2811 810 Saturni
2857 762 3140 825 appellant,
3167 774 3299 814 .esse
3331 757 3476 827 frigi-

1939 822 2507 895 liiSSimIImpCﬂlelC
2556 842 2646 884 per
2695 843 2857 878 annos
2909 822 3112 891 triginta
3167 822 3474 895 signiferum

1938 907 2189 958 pi'ragere
2227 894 2501 945 circulum.
2535 895 2797 956 Quaeritur
2826 897 2979 961 igitur
3006 898 3070 949 ab
3109 899 3184 950 eis
3213 894 3347 949 unde
3377 899 3474 949 ista

1933 961 2085 1011 Sle'la
2118 963 2182 1012 sit
2216 961 2421 1028 frigida,
2456 979 2568 1027 qum
2601 975 2740 1014 taitlo
2781 967 3054 1018 ardentior
3082 982 3197 1019 esse
3241 967 3474 1028 deberet,

1933 1041 2126 1092 quanto
2155 1032 2423 1101 sublimior
2450 1046 2478 1080 e
2514 1035 2647 1084 cmlo
2685 1035 2902 1097 rapitur.
2950 1036 3075 1088 Nam
3111 1036 3284 1101 procul
3317 1035 3474 1086 dubio

1934 1112 2048 1148 cuni
2090 1100 2308 1150 rotunda
2359 1101 2525 1152 moles
2554 1104 2792 1154 circulari
2827 1114 2966 1154 niolu
3002 1100 3187 1167 agitur,
3219 1103 3471 1156 interiora

1930 1169 2042 1239 ejus
2081 1169 2276 1239 tardius
2326 1177 2469 1239 euiil,
2523 1172 2806 1222 exleriora-
2837 1174 3099 1234 celerius;
3142 1189 3256 1239 qum
3304 1182 3473 1225 autem

1930 1237 2178 1298 celerius,
2208 1237 2383 1303 utique
2416 1238 2713 1292 ferventius.
2751 1242 2973 1292 Proinde
3006 1237 3298 1293 memorata
3328 1243 3474 1295 stella

1929 1306 2290 1377 ttiagisilehiiit
2320 1306 2486 1377 calida
2513 1322 2630 1360 esse
2662 1326 2814 1372 quam
2840 1311 3038 1377 lrigda.
3074 1311 3328 1361 Nimirum
3351 1324 3475 1377 ergo

1927 1387 2044 1423 eam
2079 1371 2314 1439 frigidam
2345 1373 2469 1426 facit
2516 1371 2763 1440 aquarum
2811 1371 2966 1440 sopitr
2991 1382 3180 1432 C(Biltm
3223 1371 3475 1431 constitit-

1930 1449 2096 1512 tat*uiii
2137 1443 2211 1495 illi
2235 1444 2496 1495 vicinitas.
2527 1446 2603 1508 Qu
2626 1448 2696 1497 vri
2730 1448 2885 1500 etiam
2923 1450 3055 1501 solet
3083 1464 3196 1512 quae
3225 1449 3386 1498 forma
3418 1458 3470 1500 et

1927 1508 2086 1575 figura
2132 1513 2249 1565 coeli
2281 1528 2395 1565 esse
2423 1515 2679 1566 credenda
2724 1517 2810 1578 sit,
2858 1527 3030 1569 ittruin
3073 1508 3286 1579 coelum,
3332 1518 3468 1569 sient

1925 1583 2130 1642 splimra
2163 1579 2390 1648 undique
2435 1585 2711 1635 concludat
2744 1594 2932 1637 terram
2980 1588 3028 1637 in
3080 1585 3248 1641 media
3293 1587 3472 1639 mundi

1928 1649 2063 1720 mole
2107 1649 2366 1714 libratam,
2415 1665 2478 1701 an
2510 1666 2624 1703 eain
2672 1652 2861 1706 eximia
2892 1665 3035 1716 parte
3073 1656 3296 1720 desuper
3330 1654 3474 1707 velut

1925 1716 2104 1769 discus
2130 1720 2418 1784 coeperint.
2454 1720 2555 1772 Sed
2597 1721 2671 1772 ait
2709 1722 2933 1788 aliquis:
2960 1716 3231 1789 Quomodo
3263 1738 3364 1776 non
3396 1731 3476 1776 est

282 1792 415 1859 lege.
452 1796 658 1846 tertium
690 1792 786 1843 sub
816 1791 1000 1855 gratia.
1026 1790 1191 1859 igitur
1235 1801 1286 1840 et
1331 1790 1442 1859 ipse
1470 1803 1637 1839 annus
1666 1803 1820 1840 sena-
1857 1795 1900 1852 Β
1927 1790 2241 1859 contrarium
2280 1789 2361 1841 liis
2400 1789 2482 1853 qui
2532 1789 2745 1856 liguram
2784 1793 3002 1856 Spliieraa
3043 1794 3176 1845 caelo
3220 1792 3473 1854 tribuunt,

277 1857 357 1911 riu
388 1877 609 1913 numero
653 1859 985 1920 continetur;
1024 1858 1180 1910 habet
1222 1859 1360 1910 enim
1402 1857 1515 1909 dies
1561 1866 1823 1909 trecentos

271 1933 553 1996 [sexaginta
595 1931 822 1997 quinque
853 1939 902 1980 ei
934 1928 1215 1997 quadrans.
1253 1926 1437 1997 Sexies
1461 1926 1652 1997 quippe
1675 1941 1826 1976 sexa-

277 1995 427 2064 geni.
452 1995 694 2052 trecenti.
746 1999 1039 2049 Remanent
1083 1996 1314 2062 profecto
1342 1995 1455 2048 dies
1498 1996 1724 2060 quinque
1771 2003 1826 2046 et

273 2070 561 2124 quadrans.
587 2068 827 2132 Quinque
851 2065 961 2116 dies
983 2066 1116 2116 sexti
1150 2067 1366 2128 mensis,
1400 2075 1451 2116 et
1481 2074 1652 2114 tamen
1687 2066 1728 2114 si
1761 2064 1823 2114 il-

273 2133 360 2204 lud
389 2133 637 2201 quadram
664 2150 758 2204 pro
781 2136 862 2187 die
889 2148 1071 2199 ponas,
1096 2144 1273 2204 aperte
1298 2145 1575 2204 tottintsex
1604 2132 1823 2185 faciunt.

276 2203 412 2255 Ecce
443 2203 694 2270 quantum
739 2218 824 2256 me
872 2204 1124 2254 Dominus
1152 2203 1401 2268 adjuvare
1445 2203 1688 2267 dignatus
1722 2213 1820 2263 est,

275 2271 340 2322 de
370 2275 564 2325 senarii
594 2274 793 2325 numeri
829 2271 1148 2338 perfectione
1193 2273 1287 2323 etsi
1322 2287 1423 2322 non
1451 2280 1700 2336 quantum
1732 2286 1822 2322 vo-

271 2341 362 2403 lui,
397 2351 568 2394 tanieu
593 2352 844 2409 quantum
878 2343 1018 2407 potui
1050 2340 1251 2394 reddidi
1293 2341 1575 2392 rationem.

569 2450 758 2520 Incipit
787 2453 850 2504 de
877 2452 956 2504 die
983 2453 1202 2504 secunda
1229 2453 1524 2521 disputatio.

343 2543 481 2594 Dixit
523 2560 714 2610 quoque
765 2543 941 2596 Deut:
968 2541 1086 2594 Fiat
1135 2543 1505 2610 ﬁrmamentum
1560 2543 1611 2593 in
1657 2543 1821 2594 media

267 2609 541 2680 aquarum,
569 2623 614 2664 et
640 2613 833 2663 dii-idat
870 2628 1024 2679 aquas
1047 2612 1117 2669 ,σὺ
1138 2612 1280 2678 aquis
1305 2609 1454 2678 (Ceu.
1486 2613 1546 2678 i).

338 2703 666 2768 Augustinus.
691 2702 918 2753 -—Ordo
960 2702 1343 2755 elementorum
1371 2710 1424 2752 et
1463 2699 1666 2766 pondus
1714 2715 1816 2753 non

260 2770 394 2822 sinit
425 2781 480 2820 ut
524 2771 592 2821 sit
638 2779 889 2836 aquarum
937 2771 1227 2822 substantia
1266 2785 1426 2834 super
1456 2771 1649 2829 caelos;
1683 2784 1812 2834 aqua

261 2842 404 2892 enim
438 2839 575 2890 cedit
618 2849 790 2903 terrie,
837 2849 889 2891 et
916 2853 1007 2891 aer
1054 2839 1191 2892 cedit
1242 2853 1411 2905 aqum.
1439 2848 1490 2888 et
1520 2838 1649 2903 ignis
1678 2841 1816 2890 cedit

258 2907 392 2960 aeri.
431 2908 582 2960 Nullo
605 2909 762 2960 modo
789 2909 929 2960 enim
950 2917 1116 2973 potest
1147 2921 1283 2968 esse,
1310 2915 1367 2958 ut
1385 2909 1674 2960 secundum
1704 2912 1812 2959 ele-

262 2987 526 3039 mentum,
571 2977 707 3044 quod
753 2987 833 3030 est
877 2992 1031 3041 aqua,
1080 2978 1148 3028 sit
1187 2992 1345 3044 super
1372 2987 1632 3042 quartum,
1671 2977 1808 3043 quod

259 3057 344 3096 est
376 3047 532 3114 ignis,
557 3043 608 3099 et
635 3047 898 3112 quomodo
919 3046 1112 3098 dictum
1141 3056 1221 3101 est
1249 3063 1262 3098 :
1293 3043 1413 3097 Fiat
1439 3046 1809 3114 ﬁrmamentum

258 3116 314 3165 iu
355 3112 519 3166 ml’dio
548 3131 806 3183 aquarum,
858 3128 903 3168 et
933 3115 1122 3168 dividat
1150 3131 1305 3184 aquas
1331 3114 1390 3167 ab
1433 3116 1574 3183 aquis
1606 3112 1811 3184 (ltuit).
1842 3112 1884 3171 C

902 3222 1181 3262 MAGISTER.

329 3294 605 3359 Quomodo
652 3304 742 3348 aut
788 3294 968 3363 quales
1013 3296 1128 3348 libri
1171 3297 1293 3362 sint,
1331 3308 1478 3362 aqua:
1530 3296 1651 3356 ill-ir,
1685 3310 1814 3361 quas

259 3365 532 3431 Scriptura
575 3365 702 3417 dicit
738 3380 896 3431 super
942 3367 1106 3419 ccelos
1153 3381 1293 3427 esse,
1331 3379 1452 3418 esse
1497 3379 1587 3419 eas
1619 3366 1811 3418 ibidem

257 3433 482 3485 minime
509 3432 826 3486 dubitemus.
874 3432 1020 3486 Sicut
1050 3436 1188 3487 enim
1223 3437 1335 3487 ista:
1366 3435 1529 3487 nubes
1555 3450 1668 3500 qua:
1711 3437 1812 3487 uti-

256 3516 364 3566 que
391 3513 511 3554 sunt
540 3502 777 3554 teruntur
799 3518 956 3568 super
1000 3518 1200 3560 aerem.
1231 3504 1296 3556 ita
1331 3504 1442 3556 fieri
1473 3518 1624 3569 posse
1665 3506 1808 3554 arbi-

261 3582 373 3622 tror
411 3580 464 3621 ut
508 3585 657 3634 aquai
696 3581 882 3640 tenues
922 3581 1080 3640 atque
1130 3573 1348 3625 subtiles
1394 3575 1625 3624 ferantur
1653 3587 1809 3636 super

255 3640 476 3692 coelum.
526 3640 652 3692 Nam
696 3639 769 3694 "ex
814 3641 911 3694 hoc
964 3639 1196 3708 pondere
1237 3645 1616 3695 elementorum
1662 3643 1806 3693 multi

255 3707 724 3776 philosophorum.
773 3707 1214 3764 resurrectionem
1270 3712 1442 3762 carnis
1492 3712 1802 3773 illudentes,

253 3793 363 3828 non
398 3791 553 3841 posse
585 3778 694 3829 fieri
726 3779 965 3841 inquiunt
990 3789 1045 3830 ut
1073 3781 1230 3831 homo
1259 3779 1346 3842 qui
1379 3779 1557 3846 utique
1578 3794 1641 3831 ex
1667 3791 1805 3831 terra

255 3851 423 3897 lactus
444 3847 612 3898 estsit
633 3846 683 3897 iii
711 3848 864 3899 C(Bll).
895 3848 996 3901 Sed
1030 3850 1124 3901 bos
1147 3849 1349 3900 Veritas
1377 3850 1658 3912 convincit,
1690 3865 1805 3913 qua:

256 3914 384 3965 facit
435 3916 595 3966 multa
639 3915 883 3968 animalia
916 3929 1122 3970 terrena
1157 3918 1376 3970 volitare
1414 3918 1463 3968 iit
1512 3933 1712 3978 aeteiti.
1753 3929 1807 3971 ei.

258 3984 741 4055 igiiein,_qiiod_est
766 3985 942 4052 Utique
969 3996 1208 4055 quartum
1237 3988 1575 4048 elementum,
1608 4001 1723 4041 esse
1755 3988 1803 4039 in

255 4065 417 4104 t’rrra.
456 4053 592 4120 Ergo
637 4053 726 4122 Dei
760 4053 1012 4118 potentia,
1053 4071 1168 4122 qua:
1198 4057 1308 4108 haec
1343 4055 1514 4107 facere
1544 4059 1802 4122 approba—

254 4133 363 4184 tur,
413 4122 534 4172 lacit
579 4129 633 4172 ut
675 4121 829 4174 lionio
858 4133 909 4176 et
953 4121 1083 4187 aqua
1120 4126 1224 4176 sint
1268 4139 1423 4189 super
1454 4121 1663 4176 cadum.
1696 4125 1798 4178 Sed

253 4190 458 4242 talibus
503 4189 922 4244 adversariorum
975 4193 1411 4256 disputationibus
1456 4195 1663 4259 quidam
1714 4209 1801 4246 ce-

252 4259 387 4312 dens
415 4259 745 4312 laudabiliter
773 4272 994 4314 conatus
1018 4271 1100 4314 est
1129 4262 1494 4314 demonstrare
1514 4277 1676 4328 aquas
1704 4279 1800 4315 su-

254 4343 352 4392 per
382 4329 566 4388 caelos,
593 4339 644 4379 ut
666 4343 729 4380 ex
754 4329 878 4394 ipsis
909 4332 1195 4383 visibilibus
1219 4332 1616 4397 conspicuisque
1647 4342 1798 4384 tiatu-

259 4398 332 4467 l‘ls
362 4407 625 4467 assereret
656 4399 942 4464 Scriptura:
982 4401 1135 4451 Iidem
1156 4410 1231 4452 :et
1261 4415 1404 4466 prius
1429 4401 1636 4466 quidem
1660 4402 1794 4467 quod

254 4465 563 4534 facillimum
596 4464 711 4526 fuit,
741 4468 990 4528 ostendit,
1019 4476 1073 4521 et
1099 4469 1234 4520 bunc
1261 4464 1462 4520 aerem_
1485 4464 1687 4520 eiciunt
1705 4486 1797 4534 ap-

257 4533 470 4600 pellari,
506 4546 714 4601 proiiter
756 4537 892 4603 quod
916 4538 1136 4589 dicimus
1183 4552 1426 4590 serenum
1458 4539 1535 4589 vel
1566 4533 1796 4591 nubilum

253 4605 474 4667 cmlum,
507 4606 588 4656 vel
617 4604 752 4671 quod
783 4617 1030 4657 vocantur
1059 4607 1285 4658 volatilia
1323 4607 1460 4658 etcli.
1511 4607 1637 4658 Cum
1674 4623 1798 4673 ergo

255 4674 534 4736 probasset
579 4672 713 4724 liiinc
741 4688 916 4726 aerem
945 4676 1134 4728 C(BiUlll
1166 4676 1289 4737 dici,
1324 4677 1460 4726 nulla
1506 4677 1602 4728 alia
1643 4672 1795 4730 causa

252 4742 417 4791 etiam
468 4741 857 4809 ﬁrmamentum
915 4747 1232 4809 appellatum
1284 4746 1445 4795 voluit
1487 4746 1793 4808 existimari,

251 4810 354 4860 nisi
413 4813 531 4874 quia
588 4808 924 4861 lntervallum
955 4808 1084 4880 ejus
1142 4813 1333 4863 dividet
1390 4813 1528 4864 inter
1579 4830 1796 4879 vapores

249 4893 531 4947 aquarum,
562 4888 615 4932 et
661 4881 786 4931 istas
815 4895 997 4947 aquas,
1022 4897 1136 4947 qua:
1165 4882 1521 4946 corptilentius
1550 4884 1597 4934 iii
1646 4891 1796 4935 teri-is

250 4945 480 5018 ﬂuitant.
510 4947 644 5015 Ergo
673 4964 738 5000 ex
766 4945 885 5002 aere
905 4953 990 5016 qui
1021 4945 1100 5004 est
1128 4945 1505 5018 intervapores
1531 4953 1793 5015 humido-3,

251 5016 396 5087 unde
428 5018 692 5081 superiora
737 5019 911 5069 nubila
941 5016 1436 5087 conglobantur,‘et
1477 5022 1638 5071 mai-ia
1669 5026 1793 5073 sub-

249 5084 478 5145 terfusa,
506 5088 783 5139 ostendere
809 5087 895 5140 ille
923 5084 1079 5140 voluit
1101 5104 1217 5143 esse
1239 5091 1429 5143 coelum
1453 5090 1585 5140 inter
1609 5106 1794 5156 aqiiiiii

245 5166 306 5204 et
337 5170 548 5227 aquam,
570 5170 866 5222 quanquam
892 5158 1053 5224 possit
1079 5161 1241 5211 videri
1267 5177 1367 5211 non
1401 5160 1652 5226 impedire
1678 5176 1794 5227 pro-

247 5227 377 5296 pria
412 5225 639 5296 pondera
691 5227 1089 5296 elementorum,
1130 5230 1389 5294 quomodo
1438 5225 1593 5282 etiam
1640 5225 1797 5296 super

245 5294 380 5344 illud
412 5293 636 5345 sublime
664 5294 851 5345 cwlum
886 5307 1084 5359 possunt
1112 5293 1227 5349 eSse
1254 5311 1398 5362 aqua:
1430 5313 1520 5362 per
1550 5302 1664 5351 illas
1693 5293 1792 5350 iiii-

245 5364 446 5425 nuiias,
477 5377 573 5430 per
600 5377 760 5428 aquas
785 5365 940 5415 etiam
974 5380 1126 5429 super
1149 5366 1246 5418 lzoc
1272 5366 1492 5431 spatium
1516 5369 1653 5419 aeris
1677 5385 1794 5422 esse

247 5441 556 5498 potuerunt.
604 5433 702 5500 Ipsi
745 5433 935 5500 qtiip,e
984 5435 1317 5486 subtilissima
1361 5434 1557 5486 ratione
1587 5450 1793 5501 persua-

243 5507 374 5552 dent
409 5503 606 5552 nulluni
652 5518 769 5553 esse
814 5504 1083 5570 quodlibet
1122 5505 1362 5570 exiguum
1402 5508 1788 5568 corpusculum,

243 5572 298 5624 in
331 5585 456 5642 quo_
480 5571 671 5642 ditiisio
702 5572 942 5633 litiiatur;
974 5587 1036 5624 ac
1081 5589 1172 5638 per
1201 5575 1298 5625 huc
1343 5574 1386 5625 si
1438 5583 1607 5640 potest
1636 5589 1786 5642 aqua,

241 5641 382 5690 sicut
412 5639 674 5698 videmus,
703 5643 765 5691 ad
801 5651 966 5694 tantas
1015 5650 1274 5709 guttarum
1322 5639 1565 5694 minutias
1609 5639 1791 5709 peive¥

243 5724 376 5772 ii.te,
417 5720 467 5758 ut
503 5718 658 5772 super
684 5709 838 5762 istum
869 5726 1038 5765 aerem
1075 5713 1385 5778 vaporalitcr
1418 5713 1670 5782 ferantur,
1700 5731 1789 5766 cur

1826 4445 1874 4500 D

1928 1858 2062 1921 quod
2091 1859 2336 1924 scriptum
2367 1869 2446 1909 est
2491 1859 2539 1908 iu
2591 1861 2774 1910 litteris
2823 1863 3057 1915 nostris:
3111 1862 3207 1924 Qui
3249 1864 3468 1912 extendit

1927 1928 2101 1998 cretum
2123 1928 2248 1998 sicut
2271 1929 2447 1990 pellent
2468 1926 2632 1992 (Paul.
2655 1928 2790 1994 etii).
2821 1930 2910 1983 Cui
2947 1931 3248 1998 responderi
3282 1940 3472 1997 potest,

1927 1995 2060 2056 quod
2091 1996 2236 2059 pellis
2267 2012 2368 2047 non
2395 1998 2563 2047 solum
2590 1999 2635 2047 iit
2664 1998 2892 2062 planum,
2923 1995 3102 2053 Verum
3126 1995 3293 2054 etiam
3315 2001 3364 2051 in
3391 2016 3474 2047 ro-

1927 2063 2139 2115 tundum
2185 2067 2354 2118 sitiutu
2403 2069 2738 2118 extenditur:
2787 2083 2901 2120 uani
2944 2078 2996 2124 et
3043 2079 3158 2123 uter
3204 2081 3256 2123 et
3301 2071 3474 2122 vesica

1926 2133 2072 2199 pellis
2100 2144 2195 2187 est.

1994 2203 2302 2256 Ambrosius.
2336 2233 2402 2243 -—
2425 2202 2498 2255 De
2531 2213 2671 2254 motu
2694 2205 2850 2256 etiam
2874 2207 2990 2258 eteii
3021 2205 3258 2258 nonnulli
3286 2205 3472 2259 fratres

1923 2272 2265 2335 qiiatstioneui
2300 2282 2529 2334 movent,
2562 2284 2735 2324 utrum
2769 2283 2888 2336 stet,
2922 2290 2984 2325 an
3018 2286 3309 2327 moveatur.
3339 2277 3467 2339 Quia

1923 2340 1967 2390 si
2015 2349 2270 2404 movetur,
2316 2342 2572 2409 inquiunt,
2630 2344 3305 2410 quomodofirmamentum
3348 2345 3468 2397 liinc

1924 2411 2163 2482 noverint
2196 2426 2387 2482 ttoan
2416 2413 2724 2463 firmamenti
2751 2427 2868 2482 non
2882 2428 3089 2482 cogere,
3121 2425 3175 2465 ut
3192 2424 3331 2467 stare
3356 2429 3466 2467 ca:-

1924 2477 2028 2528 ltiin
2069 2487 2296 2542 putetur.
2335 2478 2741 2532 Firmamentum
2791 2481 2929 2534 enini
2952 2477 3081 2534 ἰιοη
3122 2493 3332 2549 propter
3360 2493 3466 2535 sta-

1923 2549 2137 2617 tmnein,
2165 2548 2254 2599 sed
2290 2560 2496 2611 propter
2529 2550 2845 2612 lirniitatem,
2877 2561 2966 2602 aut
2993 2564 3202 2617 prepter
3225 2548 3470 2604 intraus~

1919 2616 2245 2679 gressiliilem
2279 2620 2555 2668 terminum
2587 2619 2914 2682 stiperioruin
2964 2616 3117 2686 atque
3162 2620 3464 2673 inferiorum

1919 2698 2167 2747 aquarum
2200 2696 2434 2736 vocatum
2467 2686 2754 2753 intelligere
2781 2687 2922 2740 licet.
2971 2687 3079 2740 Hoc
3111 2700 3281 2741 tamen
3310 2689 3466 2742 intel-

1919 2753 2200 2818 ligeudum,
2228 2756 2362 2822 quod
2387 2756 2556 2807 sidera
2578 2754 2931 2823 circumeunt,
2964 2759 3154 2812 cretum
3182 2766 3356 2817 autem
3379 2760 3465 2811 fir-

1919 2837 2058 2873 mum
2098 2831 2218 2885 stat,
2251 2833 2306 2876 ut
2330 2836 2484 2890 poeta
2512 2841 2524 2876 :

2038 2911 2154 2959 Nam
2181 2913 2286 2960 cotli
2313 2915 2360 2960 iu
2381 2927 2535 2962 azvum
2559 2926 2696 2962 suum
2717 2916 3086 2963 incontaminala
3109 2914 3358 2964 materies.

1915 3014 2157 3067 Naturam
2193 3023 2364 3068 tamen
2411 3031 2659 3083 aquarum
2717 3017 2819 3068 illic
2844 3016 3094 3082 jatn~non
3124 3018 3353 3084 vaporali
3387 3027 3463 3071 te-

1919 3087 2135 3145 nuitate,
2179 3087 2267 3156 sed
2317 3086 2515 3148 glaciali
2561 3086 2822 3156 soliditate
2861 3088 3090 3151 pendere
3118 3090 3460 3156 aestimamus,

1922 3169 2128 3221 propter
2159 3155 2389 3206 siderum
2423 3163 2632 3206 naturas
2676 3155 2986 3221 mitigandas
3013 3196 3026 3217 ,
3081 3170 3147 3208 ne
3192 3155 3464 3210 creaturas

1919 3224 2007 3275 Dei
2040 3226 2418 3289 subterposuas
2450 3226 2608 3275 tiitiiio
2635 3225 2822 3276 ardore
2847 3234 3204 3278 concrcmeut.
3232 3225 3464 3278 Dicimus

1915 3307 2036 3357 ergo
2073 3294 2288 3362 de‘ipsis
2313 3295 2465 3362 aquis
2509 3295 2644 3359 quod
2677 3294 3000 3362 coiiglnbaire
3048 3294 3275 3348 minimae
3302 3305 3467 3362 gutta)

1914 3362 1963 3413 iit
1997 3359 2173 3422 nmini,
2208 3374 2258 3414 et
2303 3361 2496 3413 faciunt
2542 3359 2904 3415 Collectioiteui
2954 3377 3131 3426 unam,
3164 3373 3217 3416 et
3249 3359 3460 3430 propter

1912 3432 2215 3496 gravitatem
2262 3433 2505 3497 ponderis
2550 3449 2652 3484 noti
2698 3448 2784 3484 eas
2817 3430 2996 3483 suffert
3041 3446 3131 3483 aer
3171 3433 3454 3497 sustinere,

1911 3503 2002 3552 sed
2035 3503 2147 3565 ejus
2179 3501 2422 3565 [intuleris
2461 3503 2522 3551 ad
2571 3506 2726 3552 imum
2764 3500 3100 3551 diti-itideiido
3139 3501 3228 3553 dat
3256 3501 3451 3567 locum,

1913 3569 2022 3620 li:ec
2049 3580 2129 3621 est
2158 3571 2345 3633 pluvia.
2382 3570 2517 3635 Ergo
2547 3586 2657 3632 aer,
2690 3571 2774 3634 qui
2805 3578 2885 3621 est
2930 3572 3065 3622 inter
3105 3583 3326 3636 vapores
3357 3573 3451 3622 litt-

1911 3640 2098 3699 intdos,
2150 3637 2285 3690 unde
2337 3638 2567 3701 desuper
2621 3637 2794 3690 nuliiia
2849 3640 3144 3706 globantur,
3196 3650 3251 3692 et
3291 3641 3453 3693 maria

1909 3707 2204 3760 subterfusa
2226 3708 2405 3758 volunt
2435 3709 2742 3774 intelligere,
2761 3711 2952 3759 emtum
2974 3723 3090 3762 esse
3113 3709 3248 3763 inter
3266 3724 3454 3777 aquam

1908 3785 1960 3827 et
1988 3792 2204 3842 aquam;
2250 3779 2536 3828 secundum
2568 3794 2690 3828 vero
2736 3783 2949 3843 cteluni,
2997 3780 3134 3845 quod
3169 3793 3259 3844 per
3301 3782 3455 3848 spiri-

1911 3854 2014 3895 tum
2046 3849 2332 3909 ceriiimus,
2367 3849 2501 3897 unde
2532 3847 2842 3898 animalibus
2876 3847 3039 3913 plenis
3069 3849 3244 3901 discus
3277 3847 3361 3901 ille
3391 3848 3452 3900 ad

1911 3913 2115 3965 l’eti-uui
2147 3916 2356 3978 missus,
2391 3918 2440 3966 iii
2478 3917 2643 3967 extasi
2675 3916 2863 3969 mentis
2895 3917 3168 3969 descendit
3195 3932 3210 3979 ;
3244 3918 3452 3969 tertium

1907 3997 2032 4034 vero
2060 3987 2272 4044 cretum,
2307 3985 2442 4051 quod
2473 3994 2648 4036 mente
2671 3986 3054 4050 cognoscimus,
3089 3985 3157 4036 ita
3188 3998 3448 4036 secretum

1902 4065 2057 4117 atque
2104 4063 2382 4115 remotum,
2418 4055 2498 4104 vel
2528 4054 2742 4105 omnino
2793 4054 3119 4116 ninndatuui,
3152 4055 3230 4103 vel
3276 4055 3450 4104 carnis

1902 4124 2142 4173 sensibus
2186 4122 2482 4188 abreptum,
2533 4131 2588 4174 ut
2640 4137 2698 4173 ea
2750 4136 2865 4188 qua:
2914 4122 2964 4172 in
3013 4121 3100 4173 illo
3139 4121 3274 4174 coelo
3301 4135 3446 4183 sunt,

1904 4189 2067 4254 ipsam
2103 4191 2192 4244 Dei
2217 4192 2588 4255 substantiam,
2620 4193 2846 4244 Verbum
2880 4206 2970 4257 per
3001 4192 3136 4257 quod
3171 4192 3308 4244 facta
3340 4210 3452 4244 oui-

1903 4263 1984 4310 iiia
2016 4272 2134 4314 Sunt
2157 4260 2331 4330 (Joau.
2362 4262 2423 4326 i),
2460 4263 2508 4312 iii
2533 4263 2791 4314 charitate
2815 4262 3041 4329 Spiritus
3070 4261 3236 4314 sancti
3268 4260 3451 4315 inetia-

1904 4331 2077 4382 biliter
2106 4333 2284 4383 videre
2319 4334 2542 4384 valeant.

1971 4399 2550 4454 Isidorus—-Tandetn
2605 4400 2830 4452 insanire
2885 4399 3124 4452 desinant
3178 4398 3445 4460 barelici,

1900 4477 2054 4534 atque
2113 4470 2313 4521 confusi
2378 4479 2662 4538 agnoscant
2720 4471 2837 4535 quia
2895 4468 2979 4531 qui
3037 4478 3225 4520 cuncta
3275 4470 3444 4532 potuit

1899 4553 2078 4590 creare
2110 4554 2172 4590 ex
2224 4538 2404 4599 niltilo,
2449 4540 2611 4605 potuit
2639 4547 2691 4590 ct
2735 4538 2869 4587 illam
2903 4551 3153 4604 aquarum
3200 4544 3446 4605 naturam

1899 4607 2109 4672 glaciali
2143 4607 2404 4660 soliditate
2431 4604 2662 4660 stabilire
2693 4606 2741 4658 in
2772 4607 2941 4666 caelo;
2973 4621 3092 4658 nant
3122 4620 3240 4658 cum
3267 4616 3318 4655 ct
3344 4604 3446 4668 ipsi

1898 4677 2071 4727 dicant
2101 4677 2234 4728 Volvi
2284 4679 2463 4729 urbem
2514 4679 2679 4730 stellis
2720 4675 3023 4728 ardentibus
3074 4676 3450 4742 refulgentetti,

1900 4761 2072 4797 lltillllc
2114 4747 2295 4804 divina
2349 4747 2676 4798 Providentia
2730 4747 3026 4797 necessario
3063 4744 3336 4810 prospexit
3383 4755 3437 4794 ut

1900 4815 2031 4866 intra
2064 4816 2243 4865 orbein
2276 4816 2418 4878 caeli,
2456 4827 2506 4866 et
2533 4831 2686 4881 supra
2718 4815 2899 4866 orbein
2929 4812 3250 4866 redundaret
3270 4825 3434 4881 aqua,

1897 4898 2010 4946 qth
2052 4885 2136 4933 illa
2171 4883 2423 4936 ferventia
2455 4879 2862 4936 srvis—incendia
2900 4891 3233 4946 temperaret.
3269 4879 3432 4932 Item:

1896 4952 2152 5015 Secunda,
2189 4953 2373 5020 inquit,
2409 4953 2493 5005 die
2524 4953 2790 5018 'dilehUil
2840 4952 2974 5004 Deus
3028 4953 3443 5020 liriiiamentiiin,

1899 5023 1944 5073 id
1977 5033 2076 5083 est,
2111 5014 2508 5073 sulidatuentutu
2555 5014 2850 5073 satietartim
2891 5021 3305 5087 Scripturarum;
3339 5014 3428 5067 fir-

1899 5104 2215 5143 tiiantentuui
2246 5092 2382 5141 enim
2415 5093 2462 5141 iii
2490 5091 2720 5142 Ecclesia
2755 5095 3034 5155 Scriptura:
3062 5091 3252 5141 divitia:
3283 5087 3434 5138 ititol-

1896 5161 2140 5226 ligantur,
2173 5161 2290 5225 quia
2323 5161 2511 5211 caelum
2555 5161 2827 5225 plicabitur
2860 5167 2993 5214 sicut
3024 5160 3173 5211 liber.
3222 5156 3430 5210 Discre-

1895 5235 2070 5292 vitque
2099 5244 2255 5292 super
2283 5230 2379 5281 hoc
2412 5229 2737 5282 ﬁrmamento
2766 5247 2948 5296 aquas,
2976 5230 3023 5279 id
3053 5236 3154 5287 est,
3185 5227 3436 5280 ealestes

1896 5300 2114 5366 populos
2135 5298 2462 5365 angelorum,
2496 5299 2581 5364 qui
2614 5317 2714 5350 iioti
2754 5316 2882 5365 Opus
2911 5301 3103 5350 habent
3127 5299 3226 5350 hoc
3264 5297 3428 5366 susci—

1897 5365 2018 5430 pere
2046 5369 2454 5424 lirmatiieutiitn.
2489 5381 2542 5419 ut
2571 5371 2796 5433 legentes
2821 5368 3034 5418 audiant
3066 5369 3279 5420 verbum
3314 5365 3430 5417 Dei.

1899 5438 2081 5489 Vident
2104 5439 2240 5487 tniin
2277 5454 2484 5504 semper
2511 5454 2647 5499 eum,
2691 5448 2741 5488 et
2769 5437 3008 5502 diligunt.
3041 5436 3143 5488 Sed
3173 5449 3430 5500 superpo-

1892 5510 1991 5558 suit
2016 5509 2181 5570 ipsum
2227 5509 2608 5558 liriiiantentutn
2649 5507 2772 5570 legis
2798 5521 2903 5556 sua:
2934 5520 3091 5570 Super
3121 5504 3424 5555 iiilerioriiiti

1894 5581 2199 5640 [iOpUlUl'tllll
2232 5580 2606 5640 ti'ilirtnilateiti,
2655 5588 2707 5627 ut
2739 5577 2821 5627 ubi
2867 5574 3208 5639 suscipientes
3235 5587 3433 5639 cogito—

1890 5656 2058 5706 siraiit,
2085 5648 2307 5708 qualiter
2331 5646 2627 5697 liis‘tx‘t‘tlitltt
2654 5648 2785 5697 inter
2809 5643 3030 5695 Carnalia
3063 5650 3117 5691 et
3148 5642 3426 5709 spiritaliar

1893 5720 2034 5781 quasi
2071 5715 2203 5766 inter
2237 5732 2394 5784 aquas
2426 5711 2719 5782 superiores
2749 5723 2799 5768 et
2829 5711 3117 5765 inferiores.
3423 5713 3427 5716 '
