3934 6222
257 333 361 393 9Ξὸ

1325 334 1759 402 QUIESTIONES
1796 337 2013 424 SUPER
2053 338 2364 394 GENESIM.

3311 339 3415 392 256

256 451 482 526 majores
511 449 700 526 audent
723 449 927 512 dicere;
963 449 1066 526 sed
1109 446 1308 526 longius
1353 448 1549 526 positas
1592 461 1776 526 parvas
1804 452 1849 506 A
1879 448 2028 502 initio
2047 455 2222 516 operis
2247 461 2299 504 et
2345 453 2446 503 line
2477 450 2643 503 lucide
2678 459 3067 516 cognoverunt,
3117 451 3254 519 quod
3300 467 3413 504 vcs-

255 519 443 581 videri,
472 529 524 572 et
551 520 596 572 si
625 522 691 571 ita
721 528 820 581 est,
849 533 943 571 cur
963 517 1089 568 istas
1117 531 1206 582 per
1226 518 1370 581 signa
1393 517 1773 568 circumeuntes

254 588 479 648 amplius
516 598 850 648 venerantur,
881 602 973 638 cur
997 600 1088 638 eas
1110 585 1374 649 signorum
1398 584 1634 635 dominas
1658 598 1775 636 esse

256 656 565 720 perhibent?
597 656 796 708 Etenim
827 659 868 706 si
919 654 1303 720 regradationes
1358 653 1472 703 illas
1519 651 1774 712 siderum,

254 725 338 775 vel
363 724 582 776 fortasse
610 724 875 776 tarditates
906 737 1040 774 novo
1067 723 1176 774 sole
1194 721 1301 772 ﬁeri
1321 721 1542 788 quisque
1561 728 1777 771 conten-

253 791 369 852 dat,
397 793 622 845 sedaliis
646 793 1011 844 occultioribus
1031 791 1198 842 causis
1227 789 1322 840 soli
1354 799 1549 840 tantum
1577 790 1702 839 istos
1725 787 1775 838 in

253 861 364 912 suis
396 861 785 924 deliramentis,
817 862 1005 927 quibus
1069 858 1172 909 vini
1219 855 1470 908 factorum
1499 872 1527 908 a
1560 856 1777 907 veritate

255 929 394 980 devii
425 926 1135 994 suspicantur,-pr:eciptiam
1167 926 1409 994 tribuere
1443 933 1774 990 potestatem,

256 1012 317 1047 es
353 998 497 1049 libris
524 993 699 1050 eorum
727 1008 868 1049 certe
897 997 1224 1047 manifestum
1248 1003 1352 1046 est.
1383 993 1512 1058 Quia
1528 1006 1650 1044 vero
1673 1000 1778 1042 ter-

255 1067 400 1116 renis
450 1076 503 1118 et
549 1067 901 1130 corporalibus
929 1064 1013 1116 illa
1042 1078 1258 1130 corpora
1301 1078 1402 1114 non
1449 1064 1511 1112 ad
1558 1075 1617 1112 ea
1661 1074 1776 1130 quite

256 1134 354 1197 ipsi
385 1143 608 1186 tractant
647 1129 935 1201 potentiora
991 1129 1149 1193 sunt,
1193 1131 1276 1183 vel
1328 1129 1777 1201 binc_aliquantlo

255 1212 606 1270 cognoscant,
648 1199 777 1268 quia
807 1217 924 1254 cum
979 1201 1141 1253 multa
1184 1213 1406 1270 corpora
1449 1199 1776 1270 diversorum

254 1265 504 1338 generum
533 1265 611 1323 vel
637 1265 975 1324 animantium
1005 1270 1085 1322 vel
1109 1269 1384 1338 herbarum
1433 1275 1486 1318 et
1534 1265 1774 1317 arbusto-

254 1336 374 1391 rum
409 1355 511 1392 uno
535 1341 684 1392 simul
708 1347 900 1406 puncto
927 1337 1177 1406 temporis
1200 1336 1542 1396 seminentur,
1566 1346 1773 1399 unoque

255 1419 450 1473 puncto
475 1405 723 1475 temporis
744 1405 1139 1475 innumerabilia
1163 1406 1320 1475 multa
1341 1413 1648 1475 nascantur,
1671 1415 1773 1475 non

255 1469 456 1528 iantnm
503 1469 739 1538 diversis,
789 1477 879 1528 sed
912 1474 1065 1526 etiam
1111 1473 1292 1526 iisdem
1324 1481 1578 1524 terrarum
1611 1469 1738 1522 locis
1761 1509 1776 1530 ,

256 1554 415 1596 tanta:
444 1554 564 1595 sunt
592 1542 866 1595 varietates
897 1543 945 1593 in
995 1544 1349 1608 progressibus
1370 1580 1384 1602 ,
1415 1541 1463 1591 in
1500 1539 1697 1590 actibus
1725 1549 1776 1590 et

255 1613 584 1676 passionibus
615 1627 814 1673 eorum,
851 1620 906 1664 ut
932 1625 1052 1662 vere
1092 1609 1199 1670 isti,
1247 1613 1383 1662 sient
1411 1608 1620 1668 dicitur.
1653 1620 1770 1673 per-

252 1681 380 1732 tlaut
406 1682 597 1744 sidera,
628 1681 669 1732 si
692 1681 786 1732 ista
812 1679 1164 1733 considerent.
1193 1678 1478 1730 Fatendum
1523 1690 1646 1742 ergo
1671 1683 1772 1737 est,

253 1751 466 1820 quando
492 1749 558 1820 ab
578 1750 653 1820 eis
671 1765 796 1802 vera
821 1751 1082 1810 dicuntur,
1104 1747 1346 1820 instinctu
1362 1745 1584 1812 quodatn
1602 1745 1770 1795 occul-
1806 1765 1852 1820 Β

253 1819 460 1870 tissitno
487 1819 588 1870 dici
611 1860 624 1883 ,
659 1834 812 1883 quem
855 1820 1146 1870 nescientes
1176 1817 1414 1867 humanae
1456 1824 1655 1865 tuentes
1685 1827 1773 1883 pa-

254 1898 470 1950 tiuntur.
498 1882 642 1952 Quod
665 1882 783 1939 cum
813 1888 874 1938 ad
907 1884 1240 1948 decipiendos
1284 1885 1521 1936 homines
1549 1887 1638 1944 sit,
1668 1882 1774 1952 spi-

252 1957 450 2009 rituum
493 1950 820 2008 seductorutn
864 1954 1098 2020 operatio
1143 1961 1255 2016 est,
1285 1953 1489 2019 quibus
1536 1950 1774 2017 quaedam

251 2039 377 2076 vera
409 2029 475 2076 de
507 2023 872 2089 temporalibus
897 2019 1052 2073 rebus
1084 2035 1236 2074 nosse
1268 2019 1580 2086 permittitur
1604 2026 1776 2089 partes

255 2093 547 2145 subtilioris
567 2085 750 2144 sensus
778 2091 1037 2144 acumine.
1083 2091 1210 2153 Quia
1231 2085 1563 2153 corporibus
1609 2085 1778 2150 subti-

251 2162 474 2213 lioribus
503 2163 675 2230 vigent
697 2164 880 2227 partim
903 2159 1223 2224 experientia
1247 2158 1534 2230 callidiore,
1569 2164 1782 2230 prapter

253 2240 362 2281 tam
417 2224 653 2298 magn'am
698 2224 1086 2296 longitudinem
1138 2237 1295 2298 vute,
1347 2225 1533 2298 partim
1588 2224 1781 2298 sanctis

250 2301 475 2365 angelis,
502 2292 641 2366 quod
668 2299 764 2362 ipsi
793 2292 857 2350 ab
886 2302 1239 2362 omnipotente
1270 2296 1376 2366 Deo
1395 2295 1602 2345 discunt
1625 2292 1780 2366 etiam

243 2359 398 2432 jussu
418 2359 537 2433 ejus
548 2368 643 2420 sibi
668 2359 1044 2423 revelantibus,
1061 2366 1147 2431 qui
1170 2364 1354 2415 merita
1374 2366 1594 2433 humana
1611 2359 1785 2433 occul-

255 2428 467 2489 tissime
515 2438 727 2500 jostitia:
796 2428 1096 2487 sinCeritate
1151 2431 1453 2492 distribuit,
1503 2428 1783 2500 aliquando

257 2520 439 2558 autent
474 2498 609 2557 idem
641 2504 847 2557 nefandi
879 2504 1107 2569 spiritus,
1149 2503 1305 2554 etiam
1335 2514 1450 2567 quze
1481 2500 1576 2566 ipsi
1599 2498 1784 2550 facturi

250 2586 380 2627 sunt
411 2577 548 2627 Velut
577 2575 858 2627 divinando
889 2573 1193 2638 pradicant.

881 2672 1200 2714 DISCIPULUS.

322 2757 568 2822 Sequitur
598 2773 611 2806 :
640 2755 779 2807 Fecit
803 2771 994 2822 quoque
1021 2751 1149 2805 Deus
1169 2761 1266 2803 duo
1287 2766 1464 2822 magno
1488 2747 1754 2800 luminaria
1771 2761 1791 2800 :

246 2819 505 2878 luminare
535 2827 692 2892 majus
717 2863 732 2885 ,
771 2819 825 2874 ut
861 2819 1084 2889 praeesset
1116 2823 1247 2884 diei;
1273 2830 1318 2871 et
1343 2819 1588 2892 luminare
1609 2823 1792 2880 minus,

246 2907 302 2947 ut
329 2905 558 2962 pt'wesset
577 2889 706 2946 nocti
725 2909 742 2955 ;
775 2903 819 2944 et
845 2893 1032 2948 stellas.
1053 2900 1096 2942 et
1119 2891 1281 2958 posuit
1303 2904 1384 2940 eas
1410 2890 1456 2937 in
1482 2889 1796 2962 [irritamento

243 2954 381 3024 αεὶῂ
407 2975 457 3015 ut
488 2964 702 3014 (urerent
723 2954 867 3029 Super
903 2972 1101 3022 terram,
1119 2954 1452 3029 'et_prwesseitt
1475 2958 1569 3007 diei
1587 2971 1646 3006 ac
1667 2954 1799 3007 nocti

247 3045 294 3084 et
322 3035 599 3084 dividerent
631 3027 789 3083 lureui
810 3047 866 3082 uc
890 3031 1109 3081 tenebras
1137 3027 1283 3095 (Gen.
1317 3029 1379 3093 t).

321 3104 597 3164 Quomodo
617 3106 712 3153 ista
733 3102 1015 3152 secundum
1033 3092 1244 3151 sensum
1263 3092 1582 3165 spiritualem
1603 3092 1790 3147 intelli-

245 3170 423 3238 genda
443 3180 583 3234 sunt,
607 3183 784 3237 quaeso
809 3181 858 3220 ut
890 3169 1069 3219 dicas?

893 3270 1168 3310 ιιλσιδτειι.

325 3351 582 3406 Isidorus.
606 3380 671 3389 —
693 3350 884 3414 Quarta
912 3363 1135 3410 namque
1160 3345 1245 3398 die
1275 3343 1603 3397 emicuerunt
1639 3337 1796 3414 lumi-

255 3423 406 3472 naria
437 3409 765 3471 lirtnatncnio
797 3419 919 3482 legis
966 3409 1119 3467 inlisa
1141 3454 1155 3476 ,
1189 3415 1236 3465 id
1289 3423 1391 3475 est,
1435 3409 1794 3482 evangelista},

251 3496 505 3541 doctores
527 3481 909 3551 Scriptor-arum
935 3495 1111 3535 Sancta
1123 3499 1258 3544 rum,
1285 3482 1595 3545 disputando
1619 3481 1795 3551 colla:-

259 3571 482 3620 rentes,
539 3567 589 3607 et
641 3545 882 3608 omnibus
929 3553 1262 3604 inlerioribns
1309 3552 1481 3620 lumen
1529 3545 1798 3611 sapientia:

257 3619 710 3678 demonstrantes.
747 3623 940 3675 l’rodiit
987 3622 1141 3674 etiam
1188 3619 1340 3671 simul
1388 3629 1438 3669 et
1492 3625 1797 3668 caeterornnt

259 3696 566 3748 micantium
600 3693 826 3746 siderum
858 3692 1024 3750 turba,
1060 3692 1106 3741 id
1137 3699 1235 3749 est,
1265 3688 1591 3740 diversarum
1635 3691 1796 3733 virtu-

263 3778 374 3818 tum
410 3766 459 3815 in
492 3764 724 3815 Ecclesia
755 3761 1122 3820 numerositas,
1153 3757 1268 3824 qua:
1303 3760 1352 3808 in
1379 3755 1531 3822 lmjus
1561 3752 1680 3806 vita:
1708 3751 1798 3802 ob-

264 3833 524 3887 scnritate
560 3843 796 3896 tauquam
837 3829 891 3879 in
924 3841 1073 3878 noete
1129 3827 1445 3896 rclnlgentes
1490 3824 1799 3896 dividantdnt

264 3886 368 3956 iiut:
402 3886 729 3951 hrtnantetito
751 3900 1034 3963 Scriptura:
1064 3886 1333 3947 setisiliiita
1357 3903 1415 3963 et
1433 3886 1796 3963 intelligibilia,

258 3971 411 4035 quasi
440 3970 754 4020 interlucent
781 3959 1150 4033 peri'ectorutn,
1192 3974 1244 4014 ct
1285 3961 1525 4035 tenebras
1555 3959 1798 4035 parvulo-

263 4030 404 4091 rum.
456 4038 517 4087 Et
553 4037 750 4088 suntin
783 4030 950 4102 sgth
999 4036 1253 4084 virtutum
1303 4042 1356 4084 ct
1406 4030 1797 4102 miraculorum,

258 4119 386 4162 sunt
413 4109 567 4158 etiam
597 4108 648 4158 iit
677 4098 905 4172 tempora
933 4113 988 4155 et
1016 4105 1126 4154 dies
1154 4112 1207 4155 et
1241 4117 1430 4163 annos,
1461 4104 1575 4166 quia
1605 4098 1788 4172 praedi-

261 4189 473 4231 catores
531 4177 750 4243 propriis
784 4167 1335 4243 'tetnporibusvivunt
1385 4177 1440 4220 et
1491 4167 1794 4243 transeunt,

263 4247 467 4300 t'erbum
501 4233 674 4299 autem
704 4233 1077 4296 Dontini'stabit
1119 4242 1172 4291 in
1217 4251 1454 4291 retentum
1485 4234 1533 4304 ll
1567 4233 1704 4284 l’cfr.
1737 4235 1796 4298 ι).

886 4343 1198 4383 υιτοιιιυιυε.

333 4427 439 4476 Cur
468 4423 636 4489 primo
665 4431 803 4475 terra
833 4418 1235 4487 germinaverit,
1285 4415 1475 4469 deinde
1519 4413 1652 4467 facta
1697 4412 1801 4464 sint
1827 4401 1876 4458 D

260 4493 579 4550 luminaria?

913 4592 1190 4634 IACISTER.

335 4678 469 4743 Quia
500 4686 618 4742 post
646 4687 804 4741 opera
832 4671 967 4743 bona
1001 4670 1142 4743 venit
1171 4661 1481 4741 illuminatio
1537 4659 1685 4725 lueis,
1737 4657 1802 4711 ad

264 4735 722 4813 contemplandum
752 4742 981 4808 speciem
1006 4735 1201 4789 divina:
1227 4735 1446 4786 Vll‘lutis.

881 4840 1193 4881 υιδοιρυιυε.

341 4924 404 4976 Et
444 4921 564 4973 uidit
608 4918 741 4972 Dens
765 4921 898 4985 quod
942 4925 1066 4969 esset
1123 4916 1344 4985 bonum,
1397 4922 1442 4985 et
1501 4911 1806 4985 factm-est

264 5007 465 5064 vespere
500 5000 547 5040 et
601 5005 744 5039 mane
777 4980 893 5040 'dt'es
933 4994 1144 5055 quartus
1193 4981 1359 5048 (Gen.
1400 4980 1473 5046 ι).
1529 4980 1634 5064 (iur.
1665 4991 1805 5064 ,αξξ-

270 5047 396 5130 per'e
415 5062 498 5116 vel
521 5073 681 5112 mane
699 5047 1014 5119 nounnav'it,
1043 5059 1106 5107 de
1130 5047 1287 5105 nocte
1308 5061 1480 5102 autem
1508 5047 1639 5101 nihil
1665 5047 1803 5098 iudi-

265 5132 455 5188 cavit?

905 5232 1176 5274 IMGISTBB.

339 5315 476 5378 Quid
505 5327 630 5382 ergo
657 5308 808 5363 aliud
852 5319 1055 5361 noctein
1085 5309 1339 5369 dicamus,
1390 5308 1486 5360 nisi
1513 5308 1806 5382 absentiam

269 5377 717 5448 lucis,qua:iuter
742 5392 1011 5442 vesperam
1033 5387 1080 5427 et
1105 5392 1254 5448 mane
1278 5387 1476 5448 restare
1499 5377 1810 5448 videbatur?

266 5470 334 5504 an
369 5447 487 5517 quia
518 5453 679 5516 prima
709 5451 791 5501 lux
815 5448 1103 5512 angelicam
1124 5447 1553 5511 signiﬁcationem
1577 5447 1807 5498 creatioc

269 5516 496 5586 nemque
512 5516 909 5582 contemplanda
943 5524 1234 5586 creatorem
1258 5528 1430 5586 suum,
1450 5529 1564 5586 cum
1587 5528 1806 5586 concor-

269 5582 488 5644 tltssinta
518 5587 771 5638 charitate
791 5587 911 5638 sine
961 5582 1208 5634 c.rcitatis
1264 5583 1549 5647 ignorantia
1585 5582 1800 5634 Cleato-

272 5673 382 5714 rcnt
412 5660 462 5713 in
491 5663 794 5723 perpetuum
827 5652 1038 5706 laudare
1070 5667 1170 5704 non
1201 5653 1439 5705 ccasaut?
1489 5651 1590 5706 Sed
1622 5661 1796 5705 tamen

1878 532 2000 584 pere
2037 530 2089 572 et
2135 535 2285 571 mane
2319 529 2553 572 vocatur.

2326 605 2512 672 Incipit
2546 607 2607 657 de
2647 607 2726 657 die
2759 608 2952 673 quinta.

1910 748 1921 758 _
1946 680 2084 761 Disjt
2107 681 2262 761 etiam
2295 682 2430 761 petis
2458 700 2470 733 :
2505 681 2793 734 Producant
2821 700 2961 761 aqum;
2975 683 3153 761 reptile
3178 723 3191 743 .
3232 685 3415 761 animi!

1875 750 2075 884 mean;
2129 759 2179 802 et
2233 750 2432 803 uolatile
2458 767 2606 820 super
2633 761 2811 803 terram
2845 755 2933 803 sub
2962 753 3274 818 ﬁrmamento
3302 751 3414 803 caeli

1965 833 1982 869 t
2023 856 2035 870 .
2068 855 2084 871 .

1880 818 2084 884 (lbid.).
2520 818 2527 820 '

2502 902 2810 941 DISCIPULUS.

1951 971 2082 1037 Quid
2110 988 2235 1040 ergo
2254 983 2334 1027 est
2354 975 2487 1041 quod
2522 976 2663 1041 prius
2692 975 2895 1027 ornavit
2921 988 3077 1041 aquas
3101 974 3166 1028 dc
3211 972 3408 1042 replili-

1882 1039 1981 1093 lius
2008 1039 2284 1108 antequam
2313 1039 2502 1094 terram
2524 1039 2598 1095 Vde
2627 1043 2970 1098 animalibus?

2518 1145 2794 1184 IACIS'I‘ER.

1935 1207 2239 1257 'Ambrosius
2265 1207 2314 1258 in
2346 1205 2682 1260 Hexamerun.
2720 1235 2784 1246 -—
2831 1207 2983 1260 llatio
3030 1220 3250 1270 namque
3293 1213 3406 1256 erat

1879 1282 1936 1324 nt
1971 1291 2085 1341 qua:
2113 1278 2255 1340 prius
2285 1277 2504 1327 visibilis
2530 1276 2788 1342 apparuit,
2813 1277 2952 1338 prius
2973 1275 3129 1327 etiam
3159 1281 3398 1342 ornatum

1875 1358 2028 1394 suum
2056 1344 2338 1408 reciperet;
2373 1355 2460 1394 aut
2488 1347 2604 1407 quia
2637 1345 2685 1395 itt
2720 1344 2973 1409 principio
2993 1346 3181 1395 caelum
3208 1341 3403 1409 recepit

1876 1421 2235 1463 Ornamentutn
2283 1427 2462 1472 suum,
2515 1414 2562 1463 id
2614 1408 2729 1472 est,
2788 1412 2853 1464 tle
2893 1408 3142 1474 angelis,
3193 1408 3404 1473 quando

1876 1483 2036 1532 creati
2067 1482 2293 1531 luertntt.
2323 1482 2572 1532 Similiter
2593 1491 2763 1532 autem
2791 1491 2842 1532 et
2865 1490 3024 1539 terra,
3047 1479 3257 1546 quando
3284 1492 3402 1529 eant

1875 1551 1942 1600 de
1973 1549 2146 1600 lterhis
2176 1549 2253 1598 vel
2290 1548 2357 1600 de
2385 1550 2658 1601 arboribus
2687 1551 2916 1609 vestivit,
2949 1549 3080 1599 ratio
3122 1549 3259 1598 enim
3289 1553 3404 1597 erat

1884 1624 1940 1666 nt
1968 1633 2115 1682 aqua:
2147 1617 2437 1677 reciperent
2459 1627 2823 1670 ornamentum
2847 1631 2995 1668 suum
3019 1617 3086 1669 de
3108 1614 3402 1680 reptilibus,

1879 1685 1958 1737 vel
1985 1700 2073 1737 aer
2099 1684 2165 1736 de
2194 1685 2504 1737 volatilibus.

2501 1774 2813 1814 οιεῦιρυιυε.

1944 1840 2074 1905 Quid
2107 1848 2187 1892 est
2237 1839 2375 1892 enim
2417 1840 2553 1906 quod
2600 1854 2737 1903 saepe
2782 1839 2998 1906 legimus
3057 1836 3124 1890 de
3169 1842 3408 1906 creatura

1876 1915 1991 1962 caali
2014 1917 2068 1960 et
2106 1917 2256 1960 terrm.
2280 1917 2331 1961 et
2379 1905 2534 1959 maris
2557 1909 2814 1968 similiter,
2844 1905 3051 1971 quando
3077 1905 3237 1959 creati
3265 1912 3404 1968 sunt,

1878 1979 1962 2031 vel
1992 1977 2281 2044 quomodo,
2327 1976 2392 2028 de
2420 1990 2541 2028 aere
2564 1987 2735 2028 autem
2761 1977 2887 2030 nihil
2915 1974 3189 2029 indicavit?

2519 2079 2792 2117 ιιΑιῑιετειι.

1951 2144 2063 2197 Non
2091 2142 2228 2194 enim
2252 2141 2606 2193 arbitrantium
2671 2153 2723 2192 ut
2772 2140 2934 2193 ullum
3011 2141 3323 2193 elementum
3359 2139 3409 2190 in

1882 2213 1978 2264 hac
2020 2212 2282 2276 Scriptura
2329 2208 2775 2276 prtetertnisisset,
2819 2211 2915 2261 nisi
2959 2210 3075 2275 quia
3097 2207 3418 2262 consuetudo

1881 2291 1961 2335 est
1982 2281 2168 2332 divinae
2196 2277 2482 2344 Scriptura:
2511 2280 2701 2330 coelum
2733 2286 2786 2330 et
2815 2290 3003 2329 terram
3053 2288 3214 2331 totum
3267 2292 3415 2328 mun-

1883 2351 2006 2401 dum
2035 2347 2316 2414 appellari;
2349 2355 2404 2400 et
2433 2348 2549 2399 ideo
2593 2347 3080 2399 aastirnnndurn'est
3124 2360 3298 2398 aeretn
3346 2345 3410 2396 ad

1888 2417 2082 2472 ccelum
2106 2413 2167 2468 et
2195 2423 2386 2468 terram
2422 2417 2711 2481 pertinere,
2764 2424 2816 2467 et
2860 2413 3106 2482 quidquid
3133 2426 3213 2466 est
3246 2415 3416 2464 humi-

1887 2488 2031 2547 dum,
2063 2485 2146 2536 vel
2177 2485 2488 2549 vaporaliter
2512 2495 2824 2546 extensum,
2863 2483 3045 2545 hocad
3078 2495 3266 2533 terram
3301 2496 3415 2547 per-

1891 2560 2056 2612 tinet;
2086 2554 2331 2619 quidquid
2365 2568 2487 2604 vero
2519 2551 2852 2611 tranquillum
2882 2560 2934 2604 et
2964 2549 3192 2616 quirtum
3220 2559 3318 2607 est,
3347 2550 3411 2599 ad

1889 2624 2081 2675 ctelum
2116 2622 2372 2687 pertinere
2402 2620 2611 2671 dicitur.
2653 2621 2715 2672 Et
2742 2620 2875 2686 quod
2927 2619 2997 2671 ita
3046 2619 3114 2670 sit
3152 2631 3417 2687 aeraque

1891 2685 2189 2749 similisfet
2217 2703 2279 2740 ex
2308 2688 2384 2739 eis
2413 2685 3117 2755 halationibuspinguescere
3148 2685 3411 2751 probatur,

1893 2761 1961 2812 ita
1981 2758 2284 2820 utspiritutn
2308 2757 2544 2821 procellae
2568 2757 2719 2809 faciat
2745 2759 2791 2808 id
2815 2757 3073 2820 nebulam,
3090 2757 3415 2807 :ethernam-

1893 2843 1997 2896 que
2026 2829 2158 2880 coelo
2185 2828 2234 2877 in
2263 2840 2362 2891 quo
2384 2835 2504 2878 sunt
2528 2823 2800 2896 luminaria
2830 2827 2896 2876 ita
2931 2826 3129 2896 vicinus
3150 2834 3251 2896 est,
3280 2834 3340 2896 ut
3364 2830 3420 2896 et

1896 2891 2005 2962 ipse
2026 2897 2144 2947 cmi
2177 2909 2362 2946 nomen
2391 2896 2629 2959 accipiat.
2677 2895 2801 2945 Nam
2835 2909 2951 2946 eum
2982 2893 3170 2946 dicitur
3199 2893 3249 2944 in
3277 2891 3416 2943 Psal-

1897 2980 2002 3026 mo,
2031 2964 2250 3014 Laudate
2275 2978 2383 3012 eum
2412 2964 2519 3013 ccli
2544 2962 2775 3012 cwlorunt
2803 2962 2970 3028 (l’sal.
2995 2965 3213 3022 οκινιιι)
3234 3001 3249 3022 ,
3292 2962 3418 3012 satis

1901 3043 2113 3099 apparet
2145 3033 2277 3082 hunc
2304 3044 2479 3081 aerem
2530 3046 2628 3079 non
2660 3032 2826 3080 solum
2872 3031 3084 3092 caelum,
3138 3029 3236 3099 sed
3259 3028 3416 3099 etiam

1825 3083 1868 3142 (ἶ
1898 3083 2213 3160 cuilosdici,
2243 3101 2373 3152 sicut
2393 3100 2634 3150 dicuntur
2649 3106 2702 3149 et
2725 3109 2895 3160 terrae,
2926 3113 3041 3150 cmn
3069 3083 3172 3149 una
3198 3098 3284 3148 sit.
3309 3094 3418 3148 Nos

1898 3172 2054 3224 etiam
2084 3169 2250 3221 aerios
2277 3169 2436 3219 caelos
2463 3167 2720 3233 quondam
2745 3168 2956 3232 periisse
2982 3164 3272 3233 diluvioLin
3293 3179 3420 3230 qua-

1897 3242 2017 3290 darn
2069 3252 2248 3290 earum
2305 3251 2419 3303 qua:
2461 3231 3126 3302 canonicze’nuncupantur
3180 3231 3418 3303 Epistula

1899 3308 2119 3373 legimus
2143 3321 2155 3355 :
2182 3301 2510 3370 quod‘nescio
2530 3301 2961 3373 quemadmodum
2991 3303 3155 3373 possit
3179 3301 3416 3373 intelligi,

1898 3370 1998 3428 nisi
2027 3376 2076 3427 in
2106 3387 2354 3440 aquarum
2384 3370 2617 3424 naturain
2649 3371 2926 3437 pinguioris
2952 3371 3104 3440 hujus
3127 3370 3261 3422 aeris
3285 3381 3417 3440 qua-

1899 3445 2040 3497 litate
2069 3437 2396 3494 conversam.
2451 3441 2733 3506 Uportebat
2784 3454 2906 3506 ergo
2963 3437 3029 3490 ut
3072 3439 3124 3490 in
3183 3437 3421 3489 creandis

1901 3513 2278 3565 habitatoribus
2333 3509 2602 3561 inferiores
2655 3509 2805 3573 hujus
2835 3508 3010 3559 mundi
3059 3515 3255 3574 partes,
3303 3520 3420 3573 qua:

1898 3595 2035 3646 saepe
2053 3589 2203 3632 terra:
2228 3578 2434 3630 nomine
2457 3585 2560 3646 tota
2584 3585 3041 3638 commemoratur,
3066 3577 3209 3646 prius
3233 3576 3422 3642 produ-

1898 3645 2140 3701 cerentur
2163 3662 2226 3698 es
2261 3646 2408 3713 aquis
2446 3645 2704 3697 animalia.
2738 3646 2923 3698 Postea
2950 3660 3074 3698 vero
3102 3645 3167 3698 de
3192 3654 3349 3707 terra,
3372 3652 3426 3698 et

1899 3719 2034 3784 quod
2062 3719 2152 3781 ita,
2185 3725 2240 3768 ut
2259 3717 2364 3782 jam
2386 3730 2542 3778 supra
2572 3716 2816 3777 diximus,
2842 3716 3013 3768 sitaer
3035 3730 3180 3783 aqua:
3212 3713 3422 3784 similis,

1901 3781 1954 3838 ut
1981 3801 2042 3838 ex
2070 3801 2181 3851 ejus
2210 3781 2557 3836 halationibus
2601 3784 2938 3850 pinguescere
2984 3781 3250 3850 probetur.
3296 3781 3424 3833 Nam

1901 3869 1993 3921 per
2016 3856 2112 3904 hoc
2140 3869 2241 3904 non
2269 3856 2518 3916 scriptum
2560 3862 2639 3904 est
2672 3870 2684 3902 :
2717 3853 3012 3905 Producant
3039 3867 3187 3918 aquae
3216 3851 3421 3921 reptilia

1899 3920 2184 3973 animarum
2232 3922 2484 3981 vivarum,
2515 3930 2566 3970 et
2591 3922 2840 3985 producat
2866 3934 2955 3972 aer
2985 3921 3208 3970 volatilia
3242 3920 3423 3968 volan-

1900 3994 1966 4045 tia
2013 4005 2166 4056 Super
2196 3998 2420 4051 terram,
2477 3989 2566 4038 sed
2610 3997 2884 4052 utrumque
2937 3991 3034 4038 hoc
3080 3988 3420 4056 animantium

1899 4052 2148 4128 genusex
2176 4064 2322 4124 aquis
2357 4057 2662 4128 productum
2714 4069 2830 4128 esse
2877 4065 3131 4128 narratur.
3154 4052 3424 4128 Quidquid

1900 4124 2024 4194 ergo
2054 4141 2301 4193 aquarum
2329 4131 2437 4177 sive
2474 4126 2682 4187 labitur,
2713 4125 2970 4175 undosum
3001 4133 3054 4175 et
3078 4124 3307 4194 ιιιιιιιιιιιιΔ
3319 4131 3424 4194 est,

1900 4189 2009 4249 sive
2037 4189 2344 4262 vaporaliter
2375 4204 2641 4248 tenuatum
2670 4202 2824 4260 atque
2847 4205 3179 4260 suspensum,
3204 4197 3270 4262 ut
3297 4189 3425 4240 illud

1902 4260 2213 4334 reptilibus,
2276 4265 2373 4317 hoc
2423 4264 2715 4334 volatilibus
2761 4273 3006 4334 appareat
3064 4260 3425 4334 distributum,

1905 4325 2180 4402 utrumque
2199 4325 2379 4384 tamen
2413 4333 2640 4384 humide
2673 4325 2871 4383 natura:
2889 4332 3184 4402 deputatur.
3218 4325 3428 4402 Etideo

1902 4414 2023 4456 sinit
2065 4395 2150 4470 qui
2207 4404 2544 4466 subtilissima,
2588 4398 3273 4470 consideratione,quinque
3302 4395 3430 4447 istos

1903 4467 2136 4537 corporis
2163 4484 2367 4532 sensus,
2386 4469 2671 4520 secundum
2702 4478 2921 4534 quatuor
2949 4469 3139 4520 usitata
3169 4467 3429 4518 elementa

1903 4543 2247 4607 distinguunt,
2279 4549 2333 4589 ut
2355 4539 2533 4589 oculos
2575 4538 2638 4604 ad
2692 4538 2894 4607 ignem,
2951 4551 3102 4589 aures
3138 4537 3204 4607 ad
3255 4547 3429 4586 aerem

1908 4603 2087 4674 puruni
2110 4608 2284 4660 dicant
2315 4603 2874 4672 pertinere,ollactunt
2921 4614 3094 4657 autem
3143 4603 3205 4654 ad
3253 4616 3427 4654 aerem

1905 4679 2193 4740 humidum,
2217 4687 2421 4743 gustum
2447 4691 2570 4727 vero
2595 4678 2656 4725 ad
2674 4677 3005 4742 corpulentos
3030 4674 3292 4743 humores,
3321 4680 3431 4723 tac-

1905 4759 2011 4801 tum
2041 4751 2104 4799 ad
2136 4742 2449 4799 elementum
2509 4755 2792 4806 terrenum,
2840 4760 2899 4795 ac
2928 4758 3018 4809 per
3049 4745 3144 4793 hoc
3171 4742 3431 4793 elementa

1905 4817 2076 4880 omnia
2108 4816 2158 4866 in
2185 4813 2426 4865 omnibus
2453 4826 2600 4874 esse,
2654 4813 2745 4865 sed
2795 4810 3196 4878 unumquodque
3245 4824 3427 4880 eorum

1906 4902 1965 4938 es
1990 4879 2052 4937 eo
2081 4884 2216 4951 quod
2242 4884 2462 4949 amplius
2494 4883 2648 4933 habet
2685 4884 2947 4944 accepisse
2998 4891 3256 4951 vocatum.
3308 4879 3431 4951 Ideo

1907 4966 2078 5008 autem
2099 4945 2290 5006 caloris
2312 4945 2616 5020 privatione,
2649 4964 2765 5000 cum
2791 4961 2983 5011 corpus
2999 4946 3155 5020 nitnie
3174 4945 3426 5020 lrigescit,

1907 5025 2120 5077 obtundi
2153 5014 2383 5080 sensum,
2412 5021 2528 5086 quia
2561 5027 2730 5069 motus
2757 5020 3021 5084 pigrescit,
3062 5017 3147 5086 qui
3174 5029 3237 5066 ex
3259 5014 3432 5065 calore

1910 5097 2040 5146 ineSt
2059 5091 2286 5156 corpori,
2311 5085 2443 5140 duni
2467 5088 2597 5154 ignis
2635 5099 2827 5150 aerem,
2875 5096 2926 5140 et
2964 5101 3054 5156 aer
3102 5085 3330 5156 humida,
3378 5089 3433 5132 et

1911 5163 2093 5214 humor
2122 5149 2322 5210 terrena
2354 5149 2569 5223 quaeque
2591 5156 2771 5218 allicit,
2805 5149 3184 5223 Subtiliorihus,
3211 5149 3433 5223 scilicet,

1908 5231 2159 5283 crassiora
2189 5218 2600 5293 penetrantibus.
2621 5230 2825 5291 Quanto
2841 5235 3012 5276 autem
3038 5218 3287 5293 quidquid
3309 5219 3433 5270 sub-

1913 5301 2050 5350 tilius
2073 5309 2171 5357 est,
2190 5291 2254 5348 in
2285 5305 2466 5348 natura
2489 5296 2768 5360 corporali,
2802 5305 2941 5344 tanto
2989 5303 3067 5343 est
3095 5291 3312 5360 vicinius
3343 5301 3436 5336 na-

1913 5379 2040 5420 tura:
2068 5367 2321 5431 spiritali;
2345 5370 2514 5416 anima
2548 5357 2738 5425 tamen,
2775 5379 2855 5415 cui
2878 5362 3132 5413 sentiendi
3169 5359 3243 5410 \iS
3272 5357 3430 5431 inest,

1912 5455 2026 5489 cum
2076 5425 2327 5501 corporea
2373 5450 2474 5486 non
2504 5434 2599 5496 sit,
2654 5448 2743 5498 per
2772 5432 3011 5484 subtilius
3040 5442 3227 5501 corpus
3270 5425 3432 5501 agitat

1913 5510 2140 5574 vigorem
2171 5495 2451 5557 scutiendi.
2486 5507 2538 5556 In
2572 5495 2668 5574 hoc
2692 5501 2860 5566 itaque
2892 5499 3162 5574 tnotutn'io
3185 5495 3429 5574 monibus

1884 5563 2150 5655 facitsibus
2175 5591 2266 5639 per
2288 5575 2628 5649 Sttbtilitatctn
2658 5563 2806 5638 ignts,
2845 5575 2933 5622 sed
2960 5584 3060 5618 non
3101 5569 3149 5641 in
3191 5563 3435 5614 omnibus

1916 5647 1982 5699 ad
2012 5647 2146 5698 idem
2176 5635 2445 5711 'petvemt.
2494 5644 2548 5694 lu
2581 5635 2700 5693 visu
2737 5654 2871 5692 enim
2917 5635 3168 5706 pervcnit_
3191 5647 3434 5702 represso
