3934 6222
184 355 288 418 ἳςι

1264 369 1702 434 ρυΑςδτιοΝιεδ
1742 373 1958 428 SUPER
1999 374 2308 432 GENESIM.

3275 392 3378 446 263

181 483 622 569 inexpertamque
651 484 924 569 creaverit.
962 483 1087 564 ⁹Βίης
1120 499 1345 569 namque
1390 485 1487 565 iste
1519 495 1600 540 est
1627 487 1728 565 pri-
1765 491 1802 543 Α
1835 505 1924 554 per
1951 492 2200 569 Spiritum
2231 495 2318 569 tim
2345 496 2434 546 .ris
2469 495 2669 569 Dninini
2698 496 2782 548 die
2808 499 3035 569 septimo
3065 515 3192 569 Opus
3217 519 3367 558 suum

183 567 330 615 titus,
379 554 490 613 ipse
519 560 600 603 est
637 554 916 611 secundus,
962 555 1072 620 ipse
1110 563 1191 605 est
1231 554 1562 618 novissimus,
1611 558 1730 620 quia

183 621 436 687 repetitio
458 631 537 672 est
559 622 764 686 septimi
793 623 918 674 dici.

804 722 1115 761 DISClPtJLUS.

254 794 432 859 Quare
462 811 560 846 non
592 794 860 848 benedixit
885 796 1045 856 diem.
1098 799 1147 849 in
1175 811 1277 860 quo
1308 797 1476 850 lucem
1533 797 1734 865 angeli-

178 876 304 915 cam
336 865 554 926 creavit,
579 866 657 916 vel
691 866 834 917 illum
863 867 912 916 iu
940 881 1044 931 quo
1065 867 1236 920 omnia
1268 866 1523 919 perfecit?

819 968 1099 1009 ILGISTEB.

255 1044 375 1096 Non
408 1044 544 1096 enim
573 1043 908 1097 sanctificans
935 1043 1095 1106 diem,
1127 1042 1177 1096 in
1202 1058 1304 1108 quo
1331 1045 1430 1096 huc
1455 1043 1627 1096 facere
1655 1044 1732 1096 in-

177 1111 424 1177 choavit,
458 1125 622 1171 neque
651 1128 768 1165 eum
797 1113 846 1164 in
889 1127 989 1176 quo
1017 1113 1114 1164 hoc
1142 1112 1381 1177 perfecit,
1425 1129 1490 1165 ne
1519 1113 1620 1165 illis
1653 1115 1730 1165 vel

175 1176 463 1241 iaciendis,
495 1182 572 1231 vel
601 1181 768 1240 factis,
799 1180 934 1232 actio
968 1180 1083 1246 ejus
1111 1176 1354 1246 gaudium
1400 1180 1558 1233 fuisse
1587 1181 1731 1233 vide-

178 1262 332 1300 retur
356 1265 372 1312 ;
422 1250 514 1301 sed
536 1264 654 1300 eum
685 1249 733 1300 iu
765 1264 866 1315 quo
893 1250 960 1298 ab
983 1249 1108 1313 ipsis
1132 1249 1181 1300 iu
1209 1248 1495 1312 semetipso
1524 1253 1731 1316 requie-

185 1318 266 1384 vit
297 1356 309 1372 .
362 1327 415 1368 et
465 1318 613 1367 nobis
668 1330 784 1368 eam
839 1331 932 1384 per
972 1317 1109 1368 diem
1159 1317 1435 1381 septimum
1479 1319 1727 1370 ostendit.

181 1383 305 1447 Ipse
335 1395 508 1436 tamen
538 1384 626 1436 illa
669 1383 847 1451 requie
885 1398 1144 1451 nunquam
1174 1386 1364 1443 caruit,
1409 1385 1498 1437 sed
1525 1385 1726 1452 signiti-

177 1466 315 1502 cans
359 1468 460 1504 non
511 1454 776 1517 percipere
823 1452 1394 1520 requietnsuarn,nisi
1444 1463 1558 1518 post
1606 1469 1728 1520 per-

181 1520 469 1572 fer-tionem
499 1522 693 1584 operis.
739 1521 800 1572 Et
831 1521 948 1573 ideo
977 1522 1027 1572 in
1068 1519 1164 1573 hac
1192 1522 1277 1574 die
1307 1535 1578 1587 vesperam
1610 1519 1724 1574 non

178 1590 506 1641 successisse
533 1589 881 1656 cognoscitur,
914 1590 1034 1654 quia
1065 1591 1272 1655 requies
1311 1600 1485 1641 nostra
1531 1592 1580 1640 in
1612 1607 1727 1654 per-

179 1657 465 1708 fectionem
496 1660 670 1722 Opetis
695 1657 808 1708 sine
834 1657 935 1708 line
961 1656 1009 1707 in
1031 1659 1227 1722 gaudio
1269 1659 1385 1709 erit.
1438 1658 1682 1722 Sequitur
1709 1676 1722 1710 :

254 1723 381 1776 Ista:
408 1727 740 1787 generationes
768 1727 876 1776 cali
904 1735 948 1776 et
979 1735 1124 1776 terra:
1163 1727 1366 1792 quando
1393 1737 1570 1777 creatrv
1606 1736 1722 1778 sunt

1838 561 2212 634 sanct_ifi_ca_ss_e.
2265 563 2334 634 Ita
2368 573 2418 614 et
2444 578 2539 634 nos,
2564 565 2814 616 debemus
2859 568 2952 617 ista
2995 561 3192 634 septem
3239 578 3373 626 dona

1836 629 1999 708 sancti
2029 628 2252 711 Spiritus
2281 631 2329 682 iu
2359 633 2506 682 nobis
2532 633 2740 711 imitari.
2761 634 2858 686 Per
2875 628 3124 711 Spiritum
3146 657 3372 711 namque

1836 697 2106 760 sapientia:
2132 700 2321 751 ccelom
2367 711 2417 751 et
2449 711 2636 752 terram
2691 705 2880 765 facere,
2927 706 2975 758 id
3028 718 3106 759 est
3135 697 3369 764 cmles'tia

1838 768 2095 837 meditari,
2124 778 2174 818 et
2225 778 2426 820 terrena
2464 769 2848 837 derelinquere,
2901 775 2980 825 vel
3021 775 3186 829 lucem
3223 795 3250 830 a
3303 790 3376 833 te-

1836 835 2011 908 nebris
2038 849 2303 901 separare,
2335 838 2380 887 id
2425 847 2522 895 est.
2554 835 2709 908 onera
2758 853 2936 892 nosua
2969 844 3196 908 perfecta
3236 863 3262 898 a
3296 859 3372 901 te-

1811 901 2008 983 .neliris
2036 919 2306 983 prayoruttt
2331 920 2575 983 pperum.
2608 907 2710 959 Per
2733 901 2981 983 Spiritum
3009 912 3363 983 intelligentim

1833 971 2086 1045 debemus
2113 969 2305 1045 facere
2327 973 2713 1045 firmamentum
2757 969 2888 1029 inter
2910 993 3072 1045 aquas
3100 969 3368 1037 inferiores

1836 1050 1888 1089 et
1918 1041 2232 1108 superiores,
2261 1041 2308 1091 id
2339 1052 2438 1102 est,
2467 1043 2788 1108 disciplinam
2818 1041 3051 1099 sanctam
3084 1050 3218 1104 inter
3245 1056 3366 1106 vilia

1833 1117 1886 1159 et
1915 1107 2155 1183 virtutes,
2185 1119 2238 1159 ut
2268 1123 2368 1161 non
2390 1107 2711 1163 declinemus
2731 1113 2796 1162 ad
2825 1113 2967 1166 vitia.
3002 1117 3098 1171 l’cr
3120 1121 3366 1183 Spiritum

1832 1175 2031 1256 consilii
2075 1176 2324 1256 debemus
2375 1192 2535 1256 aquas
2580 1192 2836 1256 separare
2871 1183 3131 1256 altarida,
3162 1175 3215 1240 id
3262 1203 3363 1256 est,

1834 1242 2071 1312 homines
2117 1245 2370 1309 reprobos
2421 1242 2486 1297 ab
2534 1242 2704 1298 anima
2753 1247 2947 1301 sitienti
2982 1242 3204 1308 verbium
3258 1242 3367 1312 o'm'.

1834 1311 2206 1382 PerSpiritum
2243 1313 2560 1369 fortitudinis
2581 1315 2834 1367 debemus
2861 1333 3050 1382 ponere
3084 1321 3359 1380 luminaria

1831 1379 2258 1456 indit-rnamenta
2297 1384 2437 1456 ouili,
2489 1383 2536 1434 id
2584 1394 2707 1456 est.‘
2739 1379 3067 1456 dilectionem
3117 1379 3358 1456 proximi,

1827 1448 1944 1513 quia
1980 1449 2107 1525 dixit
2135 1460 2350 1525 sanctus
2373 1449 2642 1525 Joannes:
2672 1452 2769 1525 Qui
2798 1457 2902 1525 odit
2941 1448 3148 1522 fratrem
3189 1448 3354 1525 suum,

1827 1533 1878 1587 in
1903 1517 2114 1568 tenebris
2142 1527 2209 1568 est
2237 1516 2287 1586 (1
2319 1517 2472 1570 Joan.
2509 1524 2588 1586 tt).
2617 1521 2712 1575 Per
2739 1516 2990 1587 Spirituin
3015 1529 3242 1581 scientiae
3269 1516 3362 1584 de;

1826 1585 2006 1636 bemus
2031 1600 2189 1652 aquas
2204 1599 2392 1638 ornare
2405 1588 2470 1638 de
2496 1585 2792 1650 reptilibus,
2815 1601 2941 1653 etc.,
2961 1595 3007 1644 id
3037 1609 3134 1655 est.
3159 1598 3222 1650 de
3243 1614 3359 1654 arca

1825 1655 2189 1732 cordis_nostri
2222 1669 2398 1732 vocem
2422 1657 2485 1706 ad
2515 1659 2704 1732 caelum
2745 1659 2970 1732 mittere.
2998 1664 3144 1715 Sicut
3189 1671 3358 1732 pisces

1826 1723 2053 1786 pinnulis
2087 1723 2195 1774 suis
2227 1724 2276 1773 in
2307 1723 2468 1775 altum
2510 1725 2980 1790 salttuuotribuuut,
3029 1739 3081 1782 et
3127 1723 3363 1789 Volucrps

175 1792 232 1844 in
262 1793 346 1843 die
373 1810 470 1860 quo
513 1795 626 1860 fecit
667 1793 907 1845 Dominus
957 1793 1089 1846 Deus
1127 1788 1302 1844 emtum
1351 1803 1395 1845 et
1425 1804 1626 1856 terram,
1676 1805 1722 1846 et
1749 1800 1798 1856 ,Β
1827 1793 1944 1842 creti
1982 1791 2030 1840 iu
2062 1805 2182 1842 aere
2211 1792 2443 1853 volitant,
2475 1793 2544 1844 ita
2561 1788 2759 1854 .et‘nos
2785 1788 2994 1848 seus‘inn
3023 1788 3266 1856 nostrum
3289 1788 3352 1857 ad

176 1877 332 1912 omne
361 1864 628 1928 virgultum
655 1863 786 1928 agri,
835 1874 1097 1928 antequam
1125 1873 1334 1913 oriretur
1361 1865 1412 1912 in
1433 1873 1582 1923 terra,
1614 1880 1723 1916 om-

177 1945 396 1997 nemque
422 1931 626 1982 herbam
650 1931 890 1999 regionis,
917 1933 1205 1998 priusquam
1233 1933 1553 1999 germinant.

807 2033 1120 2073 DISCIPULUS.

247 2104 560 2172 lnquirenda
599 2117 679 2159 est
701 2109 853 2174 ratio,
879 2108 923 2160 si
968 2108 1064 2159 ista
1094 2108 1268 2160 omnia
1317 2108 1366 2159 iu
1413 2123 1516 2160 uno
1545 2108 1629 2161 die
1653 2107 1728 2159 fa.

174 2183 265 2226 cta
303 2174 533 2238 fuerunt,
577 2185 667 2229 aut
704 2193 794 2242 per
819 2191 914 2228 sex
940 2178 1074 2238 dies,
1118 2175 1250 2228 sicut
1285 2177 1553 2242 Scriptura
1581 2193 1725 2228 cutu-

175 2253 484 2306 memorst;
516 2253 568 2296 et
593 2259 632 2296 sn
666 2261 756 2310 per
777 2260 867 2300 sex
893 2245 1004 2296 dies
1033 2248 1163 2295 facta
1193 2247 1392 2297 fuerunt
1420 2283 1434 2308 ,
1463 2249 1726 2312 quomodo

171 2325 307 2376 ergo
332 2324 510 2364 sancta
536 2313 798 2378 Scriptura
845 2328 962 2364 vera
1009 2324 1090 2365 est
1116 2330 1230 2376 qua:
1271 2314 1395 2365 dicit
1421 2332 1431 2364 :
1490 2316 1588 2379 Qui
1615 2317 1726 2367 vivit

171 2381 222 2430 in
246 2390 495 2432 wternum
524 2382 703 2433 creavit
725 2381 891 2434 omnia
918 2383 1068 2432 simul
1096 2380 1182 2451 (Et
1197 2383 1282 2434 cli.
1313 2383 1484 2451 xvut).

811 2485 1088 2523 νλοιετεκ.

247 2553 343 2606 Ille
383 2569 606 2619 namque
634 2561 919 2611 secundum
967 2560 1304 2612 substantiam
1349 2575 1522 2614 rerum
1567 2557 1724 2614 simul

169 2625 358 2675 omnia
386 2630 601 2677 creavit.
633 2627 759 2678 Nam
789 2628 1072 2678 secundum
1113 2632 1339 2692 speciem
1384 2630 1582 2690 formae,
1618 2646 1720 2684 nou

169 2694 333 2742 simul
386 2695 583 2746 creavit
635 2699 826 2746 «intuta.
894 2697 1022 2747 Nam
1070 2696 1203 2748 sicut
1256 2707 1421 2748 mater
1471 2697 1720 2751 infantem

172 2762 422 2830 nutriens
449 2763 498 2812 in
528 2764 726 2828 gremio
752 2778 848 2815 suo
876 2774 1146 2830 esSpectat
1191 2775 1244 2815 ut
1274 2766 1622 2827 conwlescat,
1654 2771 1719 2820 ita

173 2829 439 2899 Dominus
462 2833 748 2899 tarditatem
780 2829 989 2883 humani
1012 2835 1199 2899 ingenii
1218 2844 1455 2898 eXSpecta
1468 2836 1556 2888 vit.
1591 2840 1718 2888 Nam

172 2898 230 2948 in
260 2897 524 2964 principio
550 2900 685 2964 apud
731 2901 874 2962 illum
916 2897 1098 2953 cuncta
1147 2911 1318 2953 creata
1347 2903 1580 2964 fuerunt,
1629 2905 1719 2957 sed

171 2981 285 3033 non
319 2976 495 3016 statlllt
525 2967 574 3017 in
604 2967 829 3032 speciem
858 2980 1131 3021 venerunt.
1155 2971 1370 3033 Quando
1399 2985 1522 3022 vero
1545 2972 1678 3023 le’l
1701 3013 1716 3027 .

171 3032 244 3086 In
265 3035 521 3108 principio
552 3038 729 3087 creavit
767 3036 899 3108 Deus
944 3040 1118 3090 ctutum
1147 3032 1192 3088 et
1234 3049 1413 3089 terram
1460 3037 1610 3103 (Gen.
1656 3042 1715 3108 ι),

1828 1860 2098 1931 superiora
2145 1862 2320 1912 levare
2356 1873 2582 1926 oportet.
2631 1863 2729 1914 Per
2759 1863 3007 1928 Spiritqu
3042 1869 3241 1931 pietatis
3268 1875 3360 1924 dc-

1829 1925 2012 2004 bemus
2043 1927 2214 2004 facere
2242 1925 2512 1994 serpentes
2537 1941 2598 2004 et
2622 1925 2826 2004 pecora,
2852 1925 3146 2004 geticzetera,
3181 1941 3229 1991 id
3261 1956 3358 2004 est,

1828 2005 1884 2048 ut
1928 1995 2311 2068 simplicitatem
2358 2013 2418 2050 ac
2472 1995 2796 2064 prudentiam
2849 1995 3361 2068 Ιωὺριηηυςίὼεεοιέ

1828 2064 1979 2115 nendi
2035 2071 2169 2118 inter
2214 2067 2403 2116 bonum
2435 2076 2488 2118 et
2518 2068 2731 2128 malum,
2764 2078 2816 2120 et
2846 2068 3066 2124 fructum
3109 2065 3362 2131 bonorum

1826 2146 2040 2198 cperam
2072 2143 2307 2211 agentes,
2355 2136 2582 2211 qualiter
2609 2139 2869 2211 valeamus
2901 2137 3089 2211 imitari
3119 2152 3360 2211 exernpta

1825 2209 2141 2278 sanctorum,
2171 2202 2250 2278 vel
2283 2206 2445 2278 ipsum
2469 2203 3046 2278 _veritatem,_ad_0ujus
3076 2202 3353 2278 inmgiuem

1828 2268 1943 2320 facti
1969 2282 2166 2322 sumus.
2211 2271 2308 2322 Per
2346 2269 2591 2336 Spiritum
2628 2271 2830 2324 timoris
2872 2268 3074 2328 Domini
3105 2268 3355 2336 debemus

1827 2339 2156 2413 requiescere
2207 2342 2258 2390 in
2283 2339 2488 2413 _requie
2544 2341 2662 2413 vitae
2717 2350 2947 2413 aeternis,
2992 2349 3112 2413 quia
3163 2351 3362 2406 initium

1824 2407 2080 2475 sapientia:
2100 2409 2246 2460 timor
2271 2406 2476 2461 Domini
2501 2418 2570 2461 est
2600 2408 2766 2480 (Psal.
2796 2413 2904 2478 es).

2443 2513 2750 2552 DISCIPULUS.

1892 2589 2008 2660 Ista)
2034 2588 2396 2660 generationes
2425 2591 2555 2660 εαξη
2594 2600 2866 2660 εῐίιετνω.
2914 2598 3122 2660 quando
3165 2612 3353 2654 create

1824 2666 1944 2709 sunt
1982 2659 2038 2734 iu
2077 2657 2162 2709 die
2213 2671 2316 2723 quo
2340 2658 2482 2734 “fecit
2533 2658 2780 2734 Dominus
2807 2657 2994 2714 celum
3039 2677 3091 2718 et
3140 2679 3353 2734 terram,

1821 2728 2059 2792 superius
2096 2736 2292 2792 septem
2322 2726 2436 2778 dies
2459 2728 2711 2778 numerati
2750 2743 2890 2791 sunt,
2924 2746 3060 2784 nunc
3090 2752 3220 2788 unus
3243 2726 3355 2794 dies

1822 2795 2026 2857 dicitur,
2059 2810 2160 2860 quo
2197 2795 2311 2860 fecit
2341 2794 2472 2846 Deus
2503 2796 2676 2847 coelum
2712 2806 2757 2848 et
2785 2808 2986 2860 terram,
3019 2813 3064 2858 et
3090 2820 3234 2857 omne
3259 2811 3358 2858 vir-

1821 2866 2012 2932 gallum
2032 2863 2159 2932 agri,
2190 2877 2233 2916 et
2261 2878 2456 2915 omnem
2483 2864 2684 2916 herbam
2709 2868 2923 2934 regionis
2957 2869 3107 2936 (Gen.
3138 2888 3170 2924 ιι
3177 2882 3196 2938 )

2439 2964 2656 3004 κλείετε
2671 2969 2722 3004 ιι.

1890 3043 2052 3108 llujus
2094 3042 2193 3097 diei
2242 3043 2453 3114 nomine
2482 3043 2775 3114 secundum
2828 3046 3152 3114 prophetiam
3200 3069 3356 3110 onino

173 3111 311 3155 tunc
339 3107 535 3168 omnia,
554 3109 698 3180 sicut
721 3107 969 3180 diximus,
1016 3107 1150 3180 apud
1198 3108 1364 3180 ipsum
1397 3108 1529 3161 faeta
1572 3107 1710 3175 sunt,
1739 3117 1788 3179 α
1820 3107 2022 3180 tempus
2050 3114 2201 3180 hujus
2224 3115 2344 3166 vitae
2363 3113 2698 3178 significatur,
2724 3114 2774 3166 in
2799 3107 2899 3180 quo
2921 3107 3109 3172 coalqu
3142 3133 3194 3174 et
3218 3107 3351 3176 terra

173 3186 510 3246 quaecunque
535 3174 600 3246 de
640 3177 774 3228 ctelo
798 3187 874 3246 et
901 3187 1037 3228 terra
1061 3179 1254 3228 oritura
1287 3177 1511 3246 fuerunt,
1541 3192 1720 3246 quam-

179 3241 267 3292 vis
298 3253 393 3309 per
417 3257 506 3293 rex
533 3242 645 3295 dies
685 3244 968 3296 secundum
1008 3246 1236 3309 speciem
1267 3241 1722 3299 dividerevoluis-

174 3319 288 3360 set.
320 3307 468 3360 Sicut
497 3311 622 3362 dicit
649 3321 834 3379 quarto
856 3315 940 3365 die
967 3307 1138 3366 sidera
1184 3316 1232 3365 iu
1274 3316 1408 3367 cmlo
1459 3317 1718 3380 posuisse,

177 3387 364 3450 tamen
396 3379 563 3450 primo
588 3380 671 3433 die
701 3382 835 3445 apud
854 3384 1020 3443 ipsum
1049 3383 1099 3434 in
1121 3385 1254 3435 caelo
1279 3383 1411 3435 facta
1433 3379 1572 3446 sunt,
1607 3400 1723 3450 qua:

181 3447 275 3497 die
308 3458 495 3517 quarto
519 3448 570 3499 in
598 3452 824 3512 speciem
853 3460 1123 3502 venerunt.
1157 3450 1284 3514 Quia
1323 3455 1456 3503 sicut
1484 3453 1534 3502 in
1555 3447 1716 3517 grano

180 3515 446 3565 sementis
471 3517 626 3567 multa
657 3519 1002 3580 occultantur,
1028 3518 1192 3580 radii,
1216 3529 1414 3580 cortex,
1445 3515 1588 3580 folia,
1617 3519 1718 3571 fru-

183 3591 333 3653 ctus,
364 3584 461 3653 _\'el
491 3584 647 3653 multa
673 3585 773 3635 alia
796 3599 910 3646 quite
939 3587 1005 3638 de
1030 3585 1142 3653 ipsa
1171 3589 1358 3639 arbore
1383 3589 1626 3651 veniunt,
1655 3589 1720 3640 ita

186 3651 348 3728 apud.
364 3648 523 3702 Deum
541 3652 644 3728 ista
671 3657 842 3704 omnia
886 3658 1026 3720 prius
1054 3648 1470 3724 occultabantur,
1497 3648 1722 3724 quiepo-

188 3727 309 3771 stea
334 3721 386 3770 in
413 3721 641 3787 speciem
667 3732 941 3777 venerunt.

807 3829 1118 3872 DISCII‘ULUS.

264 3903 408 3974 Ergo
431 3916 474 3954 st
501 3904 657 3974 simul
681 3906 851 3956 omnia
880 3909 1094 3969 creavit,
1125 3906 1385 3972 quomodo
1412 3921 1593 3960 verum
1622 3919 1727 3974 est,

187 3971 331 4038 quod
358 3973 570 4047 legitur:
609 3971 757 4047 [fater
779 3989 914 4026 meus
937 3989 1087 4043 usque
1115 3971 1259 4027 modo
1287 3986 1541 4043 operatur,
1571 3990 1615 4031 et
1637 3971 1730 4047 ego

189 4053 376 4106 operor
398 4040 571 4100 (Joan.
606 4044 658 4092 vl
674 4076 689 4092 .
1006 4040 1016 4043 ⁷
1096 4068 1100 4072 ~

408 4121 412 4124 ’
822 4144 1098 4184 υΑςιετεη.

267 4237 555 4304 Perspiciat
587 4237 766 4305 peritia
797 4248 906 4299 tua,
947 4241 1064 4307 quia
1090 4242 1325 4305 quaanis
1357 4251 1478 4294 tunc
1501 4251 1729 4295 creasset

194 4309 374 4362 omnia
403 4309 580 4370 simul,
609 4309 837 4374 quotidie
863 4317 1031 4361 tamen
1053 4312 1302 4376 gubernat
1331 4311 1380 4361 iu
1410 4314 1642 4376 rigando,
1678 4327 1727 4364 in

198 4375 505 4447 plantando,
540 4377 590 4428 iu
621 4376 946 4447 aediﬁcando,
977 4375 1136 4430 vel’in
1165 4381 1368 4447 caeteris
1394 4375 1568 4447 rebus.
1598 4379 1723 4431 Nam

197 4438 337 4522 sicut
365 4438 523 4496 homo
545 4444 633 4522 qui
660 4458 841 4522 agrum,
869 4438 1096 4522 exercet,
1145 4446 1188 4497 si
1204 4446 1357 4522 illum
1388 4446 1616 4522 dimittit,
1637 4449 1721 4522 ⁸ἱιι-
1758 4438 1801 4493 ι)

198 4516 370 4566 cultus
399 4521 656 4573 remanet,
701 4513 771 4563 ita
800 4521 852 4564 et
876 4514 1096 4564 mundus
1127 4527 1154 4562 a
1201 4513 1306 4564 Deo
1333 4513 1559 4579 creatus,
1606 4518 1720 4568 sine

204 4582 296 4635 Dei
323 4579 695 4648 gubernatione
719 4593 836 4632 esse
874 4595 974 4631 non
1024 4588 1216 4645 potest,
1257 4582 1540 4633 secundum
1585 4587 1722 4648 Apo-

200 4652 393 4701 stolum
423 4649 673 4717 Paulum:
703 4648 877 4715 Neque
898 4649 980 4714 qui
1006 4651 1214 4716 plantat,
1236 4660 1304 4699 est
1335 4649 1542 4717 aliquid,
1575 4665 1725 4717 neque

201 4720 287 4781 qui
316 4719 466 4786 rigat,
508 4715 593 4786 sed
620 4715 756 4767 Deus
782 4718 867 4784 qui
888 4715 1239 4769 incrementum
1255 4720 1348 4786 idat
1389 4717 1435 4784 (1
1471 4716 1584 4770 Cor.
1620 4715 1718 4785 tit).

205 4787 308 4838 Alii
336 4783 477 4837 enim
506 4784 631 4853 istos
653 4794 849 4853 septem
875 4786 988 4837 dies
1011 4797 1207 4853 septem
1235 4785 1367 4839 dona
1402 4783 1582 4852 gratia:
1610 4783 1724 4852 Spi-

207 4857 343 4904 ritus
369 4851 532 4904 sancti
570 4852 858 4919 intelligere
897 4851 1095 4916 volunt,
1145 4856 1194 4906 id
1222 4865 1321 4920 est,
1355 4851 1598 4918 Spiritum
1637 4851 1724 4906 sa-

203 4921 408 4991 pientic
428 4930 473 4972 et
510 4921 798 4991 intellectus,
831 4921 1072 4991 Spiritum
1094 4922 1289 4991 consilii
1324 4933 1369 4974 et
1400 4925 1724 4991 fortitudinis,

209 4989 456 5058 Spiritum
479 4988 694 5058 scientia:
715 4999 778 5058 iet
808 4988 1021 5055 pietatis,
1061 5001 1107 5044 et
1136 4990 1374 5058 Spiritum
1401 4988 1589 5042 timoris
1625 4990 1728 5043 Do-

209 5055 333 5109 mini
359 5055 508 5126 (Isai.
541 5063 636 5126 si).
668 5057 853 5111 Dicunt
879 5064 1097 5126 namque
1132 5055 1222 5126 per
1247 5058 1491 5126 Spiritum
1520 5061 1729 5126 sapien-

212 5128 299 5179 tia:
325 5124 510 5180 fecisse
542 5124 700 5194 Deum
729 5126 914 5180 malum
939 5140 990 5181 et
1018 5124 1228 5191 tenam,
1263 5124 1350 5194 per
1373 5124 1618 5194 Spiritum
1651 5130 1724 5180 iu-

217 5196 518 5262 telligentia:
538 5193 725 5248 fecisse
751 5195 1154 5259 firmamentum,
1202 5193 1524 5261 et'sepatarc
1568 5210 1728 5262 aquas

215 5264 284 5331 ab
303 5265 492 5331 aquis;
536 5278 627 5329 per
645 5264 888 5328 Spiritum
925 5266 1125 5331 consilii
1165 5277 1436 5330 segregare
1464 5278 1621 5328 aquas
1663 5266 1730 5316 ab

213 5330 382 5394 arida,
433 5341 488 5384 et
514 5333 802 5397 germinare
843 5342 1030 5382 terram
1080 5330 1292 5393 feciSse;
1343 5345 1433 5396 per
1482 5333 1728 5397 Spiritum

215 5399 531 5452 tortitudinis
571 5400 802 5460 posuisse
830 5397 1099 5450 luminaria
1129 5403 1176 5451 iu
1219 5399 1546 5452 firmamento
1586 5402 1728 5463 caili,

218 5475 273 5517 ut
299 5467 592 5519 dividerent
625 5465 763 5518 diem
793 5479 852 5516 ac
893 5477 1130 5530 noctem;
1182 5482 1272 5533 per
1294 5469 1536 5532 Spiritum
1562 5471 1729 5520 scien-

221 5537 303 5587 tie
324 5547 515 5588 ornare
544 5547 703 5598 aquas
731 5534 795 5586 de
820 5534 1104 5600 reptilibus,
1135 5549 1186 5586 et
1223 5549 1396 5588 aerem
1426 5536 1490 5588 de
1513 5537 1732 5588 volatili-

221 5610 347 5667 nos;
381 5618 474 5672 per
500 5603 749 5666 Spiritum
780 5603 984 5670 pietatis
1009 5605 1200 5655 vesure
1227 5612 1418 5656 terram
1442 5605 1508 5656 de
1533 5606 1730 5656 anima-

219 5671 457 5742 libus,'et
484 5671 742 5724 hominem
771 5685 967 5740 creare,
999 5682 1049 5724 et
1069 5681 1251 5736 cetera
1275 5685 1386 5740 qua)
1415 5683 1691 5726 nascuntur
1715 5690 1728 5734 ;

1813 4158 1924 4196 .non
1954 4151 2077 4206 erat,
2105 4143 2188 4207 qui
2227 4148 2520 4204 operaretur
2563 4150 2778 4204 terram;
2820 4155 2864 4195 et

1829 3185 2016 3236 factum
2048 3193 2149 3258 est,
2193 3182 2370 3258 idest,
2416 3181 2465 3233 in
2496 3196 2598 3247 quo
2626 3192 2879 3258 creatura)
2918 3188 3151 3258 visibiles
3180 3194 3358 3258 disp..-

1826 3263 2039 3327 nuntur,
2069 3251 2497 3327 administrantur
2518 3262 2670 3327 atque
2690 3252 2934 3327 existunt.
2963 3257 3088 3327 lliuc
3114 3271 3192 3312 est
3213 3251 3350 3327 quod

1814 3322 2027 3389 Moyses
2057 3329 2107 3372 et
2135 3320 2375 3372 tiisliﬂClc
2406 3335 2499 3389 per,
2524 3319 2633 3371 dies
2663 3320 2889 3386 singulos
2927 3325 3128 3376 conditu
3177 3319 3350 3382 oumia

1827 3388 2100 3458 retulit,iet
2143 3398 2312 3440 tamen
2350 3388 2504 3458 simul
2535 3389 2706 3458 omnia
2751 3403 2919 3440 creata
2963 3392 3245 3458 subjunxit,
3275 3398 3351 3448 dio

1824 3472 1948 3509 cens
1974 3475 1985 3508 :
2019 3457 2139 3507 Ista:
2166 3457 2497 3522 generationes
2526 3456 2634 3506 cali
2664 3465 2710 3506 et
2749 3466 2908 3519 terra,
2938 3456 3136 3523 quando
3175 3479 3352 3518 creata

1823 3537 1956 3589 sunt,
1989 3528 2038 3576 in
2069 3527 2148 3598 die
2175 3541 2272 3598 quo
2301 3527 2413 3590 fecit
2446 3523 2688 3598 Dominus
2715 3523 2847 3576 Deus
2872 3532 3047 3579 caelum
3083 3539 3128 3582 et
3150 3539 3354 3598 terram,

1825 3604 1870 3647 et
1895 3611 2036 3646 omne
2076 3593 2341 3666 virgultum
2367 3595 2497 3666 agri,
2539 3604 2801 3666 antequam
2849 3601 3062 3666 oriretur
3108 3601 3159 3651 in
3199 3593 3356 3666 terra,

1826 3677 2116 3729 omnemque
2139 3662 2341 3713 herbam
2365 3665 2580 3728 regionis
2611 3660 2816 3730 (fluet).
2849 3665 2946 3730 Qui
2977 3669 3113 3719 enim
3136 3660 3356 3724 diversis

1825 3733 2009 3786 diebus
2032 3743 2261 3784 creatum
2311 3736 2498 3782 malum
2537 3743 2590 3782 et
2637 3741 2850 3795 terram,
2902 3735 3181 3803 virgultum
3241 3742 3360 3792 bcr-

1828 3803 2063 3871 bamque
2086 3808 2405 3871 narraverat,
2430 3813 2699 3871 nuncguno
2719 3804 2802 3852 die
2827 3805 3013 3855 factum
3040 3805 3350 3871 tmmifestat,

1828 3868 2102 3942 utliquido
2129 3868 2424 3942 ostenderet
2453 3868 2588 3942 quod
2618 3877 2858 3922 creatura
2873 3871 3053 3942 omnis
3081 3877 3233 3928 simul
3263 3868 3355 3942 per

1826 3937 2162 4010 substantiam
2190 3935 2644 4010 exstitit_condita,
2675 3939 2916 4000 quamvis
2943 3955 3046 3992 non
3076 3944 3228 3995 simul
3262 3935 3352 4010 per

1827 4007 2054 4073 speciem
2082 4006 2353 4073 processit.
2385 4003 2630 4073 sequitur
2654 4019 2668 4054 :

1897 4073 2014 4125 Non
2036 4073 2167 4123 enim
2194 4071 2386 4138 pluerat
2423 4070 2668 4122 Dominus
2695 4087 2845 4136 super
2875 4082 3091 4140 terram;
3120 4089 3167 4130 et
3206 4080 3354 4133 homo

2907 4146 3018 4212 fons
3062 4151 3356 4202 ascendebat

1828 4216 1888 4266 de
1914 4220 2068 4273 terra,
2104 4211 2318 4278 irrigans
2340 4209 2616 4261 universam
2644 4211 2819 4274 [aciem
2845 4209 2986 4265 terra:
3010 4215 3215 4283 (lbid.).

2395 4354 2403 4359 ,
2429 4315 2736 4355 υιεειρυιυε.

1897 4396 2219 4468 Augustinus.
2250 4423 2317 4468 _—
2337 4392 2390 4446 Si
2422 4393 2718 4468 universam
2759 4401 2946 4468 terram
2973 4394 3193 4462 rigabat,
3225 4413 3351 4468 ergo

1833 4477 1885 4524 et
1912 4460 2112 4518 montes
2139 4464 2359 4530 rigabat,
2388 4461 2504 4530 quia
2546 4467 2758 4530 montes
2806 4460 2982 4527 utique
3026 4460 3350 4522 ἱειτεϊδιιιῖι.

1824 4538 1876 4588 Si
1907 4543 2108 4586 montes
2138 4529 2369 4597 rigabat,
2393 4529 2645 4580 diluvium
2677 4538 2809 4580 erat.
2839 4530 2899 4581 Et
2928 4535 3189 4594 quomodo
3213 4546 3347 4588 terra

1821 4603 2199 4672 germinaverat
2223 4599 2434 4672 herbam
2459 4598 2732 4672 virentem,
2762 4607 2813 4647 et
2846 4601 3116 4672 iacientem
3143 4618 3345 4665 semen,

1821 4667 1906 4724 aut
1938 4670 2198 4738 quomodo
2227 4667 2381 4738 homo
2413 4667 2675 4717 habitabat
2700 4667 2752 4717 ili
2783 4676 2942 4733 terra,
2972 4671 3016 4722 si
3052 4672 3345 4724 multum.“

1824 4736 2012 4794 terram
2052 4751 2184 4806 aqua
2232 4736 2451 4802 tegebat.

2459 4837 2730 4877 IAGISTER.

1893 4919 2030 4972 Fons
2061 4913 2267 4985 positus
2293 4926 2373 4969 est
2427 4914 2701 4985 singularis
2751 4928 2867 4985 pro;
2895 4914 3074 4978 plurali
3107 4930 3346 4980 numero,

1827 4990 1923 5042 hoc
1951 4983 2098 5040 eniui‘
2122 4988 2164 5037 si
2208 4987 2428 5038 sollicite
2472 4983 2726 5049 requiras,
2759 4985 2808 5032 in
2838 4983 3119 5049 Scripturis
3158 4989 3349 5037 sauciis

1826 5059 2122 5123 frequenter
2144 5055 2398 5119 reperies.
2450 5051 2616 5102 Habes
2648 5062 2832 5123 nempe
2858 5052 2906 5101 iu
2942 5053 3176 5117 psalmo:
3212 5053 3349 5104 Misit

1823 5127 1875 5176 in
1900 5119 1982 5176 eos
2010 5137 2231 5173 muscam
2260 5123 2508 5179 caninam,
2542 5128 2585 5168 et
2613 5119 2822 5170 comedit
2857 5135 2937 5171 eos
2955 5161 2966 5179 ,
2995 5128 3041 5171 et
3071 5135 3263 5181 ranam,
3304 5133 3349 5172 et

1825 5193 2159 5245 exterminavit
2179 5204 2262 5242 eos
2290 5187 2457 5256 (Psal.
2491 5188 2705 5252 Lsxvu),
2753 5187 2876 5239 dum
2923 5190 3101 5256 utique
3121 5203 3215 5240 nec
3249 5205 3346 5241 una

1828 5275 2000 5313 musca
2026 5273 2123 5311 nec
2152 5272 2251 5310 una
2275 5254 2397 5310 rana
2438 5256 2646 5309 fuerint.
2680 5256 2744 5307 Et
2786 5256 2902 5306 alibi
2929 5272 2942 5308 :
2981 5254 3126 5307 Venit
3154 5256 3344 5309 locusta

1831 5328 1993 5396 (Psal.
2014 5327 2140 5395 etv).
2170 5326 2280 5379 Non
2319 5330 2407 5389 ait,
2446 5326 2699 5396 Locustae,
2725 5327 2815 5396 sed
2844 5323 3165 5396 Locusta.Eu
3196 5327 3344 5379 habet

1826 5392 2134 5464 singularem
2179 5410 2446 5448 numerum
2499 5406 2590 5459 pro
2636 5392 2862 5464 plurali_,_
2892 5393 3174 5445 secundum
3222 5396 3344 5446 illud

1826 5459 1961 5532 qudd
1992 5459 2061 5516 ait
2089 5465 2436 5516 nobilissimus
2466 5470 2729 5528 poetarum
2758 5479 2768 5511 ε
2819 5459 3118 5528 Uterumque
3145 5471 3340 5526 arntata

1827 5536 1977 5585 milite
2014 5533 2278 5598 complent.
2325 5533 2483 5582 Porro
2513 5537 2682 5580 autem
2713 5541 2921 5597 propter
2948 5535 3194 5583 unitatem
3247 5545 3340 5578 Itan

1830 5613 1954 5654 tura:
1980 5602 2172 5654 dictum
2201 5609 2280 5653 est
2311 5599 2442 5659 ΐοιιε,
2486 5598 2620 5652 υιὶη
2651 5611 2713 5650 eo
2739 5614 2918 5651 omnes
2946 5599 3113 5651 fontes
3139 5598 3330 5648 iutelln-

1827 5685 2024 5736 gamus,
2053 5671 2136 5738 qui
2167 5680 2283 5721 sunt
2310 5671 2359 5720 iu
2403 5677 2558 5731 terra,
2588 5669 2703 5735 quia
2747 5667 3124 5735 quodammodo
3154 5678 3339 5718 Omnes
