3934 6222
221 401 329 456 265

1305 397 1756 466 ρυιεδτιοΝεδ
1795 395 2014 450 SUPER
2057 394 2366 449 CENESN.

3325 390 3390 444 (ζιῖ
3398 391 3429 440 fi

220 513 302 564 vel
339 507 681 564 revolutionis
708 507 1001 562 animarum
1030 521 1094 558 eo
1118 515 1237 560 sunt
1268 507 1369 560 illis
1391 508 1624 576 gentium
1658 507 1775 571 phi-
1801 511 1848 563 Α
1878 504 2240 576 praestantior.
2286 505 2467 576 etiam_
2506 503 2555 553 in
2633 500 2759 566 ipsis
2817 501 3182 576 peccantibus;
3245 513 3432 576 natura

227 582 485 644 losophis,
518 581 597 631 vel
627 581 668 631 si
699 580 786 644 qui
815 579 901 630 alii
951 578 1068 630 vani
1118 577 1360 630 homines
1413 582 1512 630 hoc
1563 586 1766 642 putant,

222 651 520 704 deteriores
563 658 618 702 et
644 647 1084 704 detestaliilinres,
1132 647 1270 712 quod
1304 647 1376 698 illi
1407 648 1594 698 anim-c
1625 655 1775 698 natu-

227 735 342 772 ram
375 736 401 771 a
437 719 526 772 Dei
558 726 739 770 natura
770 717 1094 768 discernunt.
1127 717 1212 770 isti
1261 726 1434 767 autem
1481 730 1599 767 cum
1632 713 1775 766 aliud

229 789 360 840 nihil
392 789 566 841 dicant
594 801 712 840 esse
754 788 978 837 animam
1005 800 1160 853 quam
1205 787 1367 850 ipsntn
1416 785 1503 837 Dei
1531 787 1776 836 substan-

228 860 380 917 tiam,
413 868 565 924 atque
592 857 643 908 id
671 856 884 908 omnino
911 865 1045 922 αιτιοι
1077 855 1213 908 Deus
1243 863 1344 914 est,
1375 871 1476 905 non
1511 855 1777 919 trepidant

223 942 351 980 eam
387 937 488 979 tam
520 927 738 990 turpiter
789 925 1212 977 commutabilem
1254 924 1448 979 dicere.
1481 932 1537 973 tit
1579 924 1775 974 nullum

225 997 303 1048 sit
334 997 512 1048 herba:
562 1009 654 1048 seu
695 994 961 1046 vermiculi
1006 1007 1170 1058 genus
1216 994 1300 1044 tibi
1351 1007 1465 1043 eam
1502 1008 1604 1043 non
1660 993 1778 1042 esse

229 1066 586 1125 commistam,
612 1064 691 1115 vel
725 1077 827 1130 quo
849 1063 1042 1114 revolvi
1071 1079 1172 1114 non
1217 1076 1371 1127 posse
1398 1061 1623 1112 mirabili
1663 1064 1779 1124 cpi-

228 1145 430 1188 nentur
455 1133 676 1187 insania.
703 1131 942 1192 Proinde,
981 1133 1223 1198 quoniam
1257 1145 1377 1197 pars
1403 1130 1605 1183 cerebri
1630 1141 1779 1182 antc-

230 1202 365 1270 rior,
407 1204 545 1256 unde
572 1217 758 1254 sensus
787 1214 969 1270 omnes
999 1197 1419 1270 distribuuntur,
1453 1198 1514 1250 ad
1537 1197 1775 1270 frontem

227 1267 493 1326 collocata
533 1279 632 1332 est,
664 1280 820 1337 atque
851 1270 902 1321 in
949 1269 1078 1322 facie
1108 1279 1229 1322 sunt
1257 1268 1370 1335 ipsa
1400 1267 1550 1337 quasi
1579 1282 1776 1337 organa

234 1343 523 1401 sentiendi,
566 1341 682 1393 ideo
711 1335 957 1406 scriptum
1009 1339 1257 1400 arbitror,
1306 1336 1444 1404 quod
1494 1338 1545 1387 in
1590 1335 1776 1388 facient

233 1411 381 1464 Deus
406 1409 691 1463 sufllaverit
722 1410 945 1461 hominis
983 1407 1158 1459 natum
1205 1410 1341 1458 vitae.
1377 1406 1624 1458 Anterior
1656 1421 1779 1470 pars

238 1480 515 1541 posteriori
543 1478 727 1530 merito
746 1477 1081 1543 prmponitur,
1108 1476 1223 1541 quia
1245 1487 1297 1528 et
1325 1478 1420 1527 ista
1439 1477 1585 1526 ducit
1614 1475 1776 1526 illant.

234 1550 491 1616 Sequitur
521 1565 532 1598 ;
566 1548 628 1600 Ει
659 1547 849 1616 abista
872 1559 1079 1616 sensus,
1113 1547 1176 1597 ab
1201 1545 1286 1597 illa
1323 1554 1493 1616 motus
1513 1553 1612 1602 est,
1643 1553 1781 1595 Sicut

235 1614 520 1670 consilium
550 1615 797 1682 praacedit
821 1614 1100 1677 actionem,
1134 1622 1186 1666 et
1205 1614 1468 1682 quomodo
1489 1616 1780 1679 corporalis

237 1697 415 1739 motus
443 1686 529 1753 qui
553 1681 773 1738 sensum
826 1683 1061 1751 sequitur
1098 1685 1212 1735 sine
1248 1681 1539 1735 intervallis
1579 1691 1781 1746 tempo-

230 1770 355 1807 rum
390 1758 564 1808 nullus
591 1763 692 1806 est.
733 1759 901 1822 Agere
945 1763 1119 1822 autem
1169 1753 1440 1806 intervalla
1489 1761 1781 1819 temporum

1874 571 2066 642 quippe
2098 575 2324 625 hominis
2349 589 2415 625 ex
2442 573 2548 624 Deo
2570 581 2669 630 cst,
2697 586 2798 622 non
2832 571 3078 642 iniquitas
3099 587 3286 642 quase
3319 575 3428 639 ipse

1877 640 2095 696 involvit
2124 643 2262 695 male
2286 642 2478 694 utendo
2527 642 2776 693 liberiot'e
2806 640 3044 702 arbitrio,
3089 641 3228 707 quod
3253 650 3437 706 tamen

1877 713 1920 764 si
1955 729 2056 764 non
2089 715 2305 764 haberet
2353 712 2404 763 in
2438 719 2618 762 natura
2659 725 2859 768 rerum,
2913 711 3083 761 minus
3123 712 3431 764 excelleret.

1878 782 2206 849 Cogitandus
2247 790 2327 831 est
2373 782 2569 847 quippe
2634 778 2790 830 homo
2834 781 2977 845 justc
3014 780 3222 849 rvivens,
3275 783 3432 833 etiam

1881 848 1983 903 non
2017 851 2269 918 prtescius
2299 849 2612 913 futurorum,
2643 858 2695 902 et
2724 852 2792 901 ita
2839 848 3115 901 vivendum
3143 859 3220 901 est
3254 852 3432 902 excel-

1876 917 2038 972 lentia
2071 919 2357 974 voluntatis
2397 921 2568 982 b0n:e,
2628 933 2786 982 quam
2837 917 3152 985 impediatur
3181 919 3244 970 ad
3293 929 3434 972 recte

1881 989 2179 1050 vivendum,
2214 997 2267 1040 et
2292 988 2379 1053 qui
2411 989 2721 1052 placendum
2746 987 2888 1053 quod
2921 991 3134 1054 ignarus
3164 988 3324 1041 futuri
3355 992 3430 1040 vi-

1879 1059 1955 1110 vit
1976 1073 2039 1112 ett
2068 1058 2188 1108 fide.
2223 1056 2532 1120 Huiusmodi
2563 1072 2688 1124 ergo
2710 1067 3007 1126 creaturam
3031 1055 3268 1126 quisquis
3301 1061 3429 1110 nolit

1878 1142 1996 1180 esse
2025 1127 2076 1178 in
2105 1131 2282 1189 rebus,
2307 1126 2618 1178 contradicit
2647 1127 2736 1178 Dei
2764 1125 2981 1178 bonitati
3009 1144 3020 1190 ;
3066 1126 3306 1195 qui-quis
3330 1145 3424 1178 au-

1880 1207 1985 1249 tem
2020 1211 2199 1262 ptenas
2225 1211 2341 1246 eam
2385 1211 2488 1247 non
2521 1197 2628 1246 vult
2658 1196 2804 1247 luere
2847 1209 2942 1261 pro
2974 1198 3222 1261 peccatis,
3262 1197 3436 1250 inimi-

1879 1279 1972 1317 cus
1998 1277 2080 1317 est
2099 1264 2351 1331 aequitati.
2381 1265 2471 1317 llis
2493 1265 2633 1318 enim
2662 1265 2904 1316 omnibus
2927 1265 3115 1317 divinre
3148 1264 3424 1332 Scriptum

1880 1335 2215 1396 te~titnoniis,
2269 1349 2424 1402 quant
2454 1349 2573 1387 esse
2606 1349 2865 1394 veracetn,
2895 1349 3046 1385 nemo
3077 1334 3305 1401 dubitat,
3333 1337 3431 1388 nisi

1889 1405 2115 1456 inlidelis
2143 1414 2196 1457 et
2228 1406 2439 1464 impius.
2467 1404 2541 1455 Ad
2564 1406 2702 1455 illam
2726 1407 3042 1456 sententiam
3069 1404 3206 1455 ducti
3231 1420 3434 1466 sumus.

1882 1484 1938 1525 ut
1966 1474 2261 1526 dicezcmus
2289 1475 2448 1526 Deum
2477 1475 2544 1525 ab
2574 1475 2791 1526 exordio
2815 1479 2988 1525 smciili
3024 1476 3247 1541 primum
3279 1475 3433 1526 simul

1881 1545 2059 1594 omnia
2102 1557 2335 1594 creasse.
2365 1544 2615 1605 Quaedam
2645 1542 2874 1595 conditis
2907 1542 3015 1608 jam
3065 1544 3189 1610 ipsis
3219 1546 3438 1607 naturis,

1882 1613 2124 1678 quzedam
2156 1613 2489 1678 pneconditis
2532 1614 2726 1670 causis.
2759 1614 2893 1662 Sli'llt
2941 1629 3042 1665 non
3091 1614 3264 1665 solum
3300 1628 3436 1679 pra:-

1882 1683 2074 1744 sentia,
2107 1695 2285 1733 verum
2319 1683 2478 1733 etiam
2511 1680 2678 1734 futura
2729 1680 2853 1732 fecit
2881 1681 3245 1748 Omnipotens,
3286 1692 3340 1736 et
3368 1687 3434 1736 ab

1883 1751 1961 1801 eis
1989 1750 2141 1802 factis
2168 1750 2446 1817 requievit,
2497 1758 2553 1802 ut
2579 1765 2760 1802 eorum
2807 1750 3054 1816 deinceps
3099 1751 3441 1805 administra-

231 1835 547 1897 spontaneo
567 1834 731 1897 motu,
761 1818 859 1875 nisi
894 1837 984 1888 per
1017 1821 1335 1897 adiutorium
1356 1818 1639 1897 _r_nemor_i:e_
1677 1837 1781 1897 non
1817 1839 1862 1897 Β
1888 1818 2029 1871 tione
2056 1820 2480 1897 atqoeregimine
2495 1829 2701 1872 crearet
2727 1824 2883 1871 etiam
2909 1822 3118 1897 ordines
3139 1827 3437 1897 temporum

236 1894 500 1947 valemus.
534 1894 654 1945 Ideo
694 1903 799 1944 tres
842 1900 1087 1957 tanquam
1116 1891 1389 1944 ventriculi
1437 1891 1641 1943 cerebri
1689 1892 1783 1944 de-

239 1971 604 2015 monstrantur
632 1980 646 2014 :
678 1975 808 2013 unus
836 1961 1068 2012 anterior
1087 1960 1151 2012 ad
1183 1960 1391 2023 faciem,
1413 1974 1442 2011 a
1467 1974 1571 2026 quo
1599 1974 1792 2013 sensus

236 2035 440 2084 omnis.
473 2033 618 2084 Alter
666 2031 923 2097 posterior
960 2029 1024 2080 ad
1066 2030 1348 2092 cervicem,
1395 2043 1426 2080 a
1474 2043 1578 2094 quo
1617 2040 1792 2081 tnotus

236 2103 439 2153 omnis.
496 2101 701 2152 Tertius
732 2100 866 2150 inter
894 2106 1193 2164 utrumque,
1243 2097 1296 2150 in
1327 2112 1432 2164 quo
1481 2099 1790 2150 memoriam

233 2173 420 2235 vigere
450 2169 827 2229 demoiistrant,
855 2181 920 2219 ne
939 2180 1056 2218 cum
1089 2181 1301 2219 sensum
1323 2167 1562 2234 sequitur
1592 2177 1789 2231 motus,

235 2254 346 2290 non
388 2246 663 2291 connectat
708 2239 862 2288 homo
907 2235 1046 2299 quod
1080 2235 1373 2288 faciendum
1401 2245 1504 2297 est,
1542 2235 1585 2287 si
1636 2235 1794 2289 fuerit

233 2308 380 2371 quod
422 2307 542 2359 facit
571 2307 782 2358 oblitus.
806 2302 957 2358 Unde
984 2319 1110 2369 ergo
1132 2304 1199 2358 sit
1226 2307 1357 2371 ipsa,
1383 2303 1437 2357 id
1464 2313 1565 2368 est,
1598 2304 1664 2357 de
1689 2320 1792 2372 qua

232 2377 391 2428 velut
435 2376 646 2427 materia
681 2376 815 2428 Deus
860 2375 998 2426 hunc
1028 2374 1205 2426 flatum
1238 2375 1440 2435 fecerit,
1474 2390 1589 2439 qua:
1617 2389 1791 2426 annua

230 2444 476 2497 dicitur?
506 2445 632 2496 Dum
655 2441 923 2509 quaeritur,
951 2443 1077 2495 nihil
1103 2457 1413 2508 corporeum
1435 2444 1590 2496 debet
1611 2457 1792 2496 occur-

235 2528 384 2566 rere.
416 2512 562 2566 Sicut
584 2514 721 2566 enim
762 2513 899 2565 Deus
929 2527 1138 2565 omnem
1168 2521 1486 2574 creaturam,
1518 2518 1593 2563 sic
1619 2515 1787 2566 anima

233 2596 455 2635 omnem
483 2592 774 2636 creaturam
805 2595 1110 2649 corpoream
1151 2590 1351 2633 natura:
1379 2581 1630 2648 dignitate
1661 2597 1793 2645 pra:-

229 2653 408 2704 cellit.
442 2653 539 2705 Per
560 2654 724 2705 lucem
752 2650 890 2703 enim
915 2660 967 2702 et
994 2664 1191 2714 aerem,
1222 2663 1339 2717 quae
1365 2650 1414 2702 in
1438 2651 1552 2715 ipso
1580 2664 1791 2714 quoque

237 2721 443 2772 mundo
473 2721 819 2787 praecellentia
851 2728 972 2772 sunt
996 2733 1240 2787 corpora,
1287 2719 1550 2785 magisque
1600 2718 1794 2772 habent

234 2790 472 2842 faciendi
503 2790 877 2852 pratstantiam,
923 2803 1077 2856 quam
1119 2788 1346 2854 patiendi
1389 2788 1790 2854 corpulentiam,

236 2860 384 2911 sicut
417 2859 606 2910 humor
648 2868 701 2909 et
749 2866 886 2909 terra
929 2869 1171 2925 tanquam
1212 2873 1304 2925 per
1332 2872 1546 2925 eaqua:
1588 2858 1792 2922 spiritui

236 2926 504 2979 similiora
553 2936 694 2989 sunt,
744 2939 931 2992 Corpus
980 2924 1323 2978 administrat.
1382 2924 1594 2977 Nuntiat
1651 2929 1790 2978 enim

238 2996 446 3062 aliquid
489 2998 572 3048 lux
602 3009 878 3061 corporea,
907 2994 990 3048 cui
1012 3005 1186 3047 autem
1217 2993 1419 3046 nuntiat
1443 3008 1545 3046 non
1571 3001 1653 3045 est
1691 2995 1792 3047 hoc

235 3065 387 3130 quod
420 3065 547 3126 illa;
593 3074 645 3117 et
677 3064 786 3116 hcc
815 3073 896 3116 est
937 3063 1128 3125 anima,
1181 3065 1262 3116 cui
1315 3063 1539 3123 nuntiat,
1573 3077 1674 3114 non
1706 3065 1791 3117 illa

236 3148 363 3198 qua:
416 3137 656 3195 nuntiat;
696 3144 748 3184 et
794 3149 911 3185 cum
961 3132 1260 3186 affectiones
1305 3135 1538 3200 corporis
1569 3135 1790 3187 moleste

239 3201 429 3262 sentit,
458 3202 714 3254 actionem
736 3217 882 3253 suam
910 3216 1008 3268 qua
1039 3203 1112 3254 illi
1137 3202 1364 3268 regendo
1389 3201 1556 3262 adest,
1586 3204 1792 3257 turbato

232 3272 362 3333 eius
395 3279 825 3337 temperamento,
859 3271 1099 3338 impediri
1140 3271 1438 3324 offenditur.
1476 3273 1540 3324 Et
1569 3271 1681 3326 hac
1707 3273 1789 3326 of-

241 3341 420 3393 fensio
448 3340 597 3392 dolor
626 3349 854 3400 vocatur,
899 3351 950 3392 et
995 3355 1084 3391 aer
1113 3343 1199 3407 qui
1245 3342 1420 3393 nervis
1471 3340 1675 3393 infusus
1715 3352 1794 3396 est

239 3420 398 3474 paret
423 3409 698 3468 voluntati,
736 3417 792 3460 ut
817 3409 1050 3461 membra
1074 3420 1301 3475 moveat,
1333 3423 1436 3462 non
1482 3418 1656 3462 autem
1684 3412 1797 3475 ipse

246 3481 495 3530 voluntas
533 3488 632 3531 est.
678 3476 910 3543 Namque
949 3477 1087 3530 aliud
1121 3493 1236 3530 esse
1265 3478 1515 3543 animam,
1560 3480 1661 3530 alia
1684 3481 1796 3532 haec

237 3545 362 3612 ejus
393 3548 707 3614 corporalia,
735 3546 1021 3598 ministeria
1052 3547 1129 3598 vel
1178 3561 1321 3610 vasa,
1354 3548 1438 3599 vel
1467 3563 1684 3614 organa,
1717 3550 1794 3601 vel

241 3631 289 3680 ε)
328 3617 453 3680 quid
481 3615 652 3681 aptius
682 3613 784 3667 dici
831 3623 1066 3682 possunt.
1123 3616 1255 3669 Hinc
1303 3613 1574 3670 evidenter
1626 3618 1798 3671 elucet

240 3686 388 3750 quod
433 3683 738 3750 plerumque
767 3697 824 3736 se
853 3686 1142 3738 vehementi
1165 3684 1476 3753 cogitatione
1504 3687 1799 3742 intentione

242 3755 445 3806 avertit
473 3754 538 3805 ab
579 3753 838 3816 omnibus,
871 3763 927 3806 ut
957 3768 1062 3820 pra:
1099 3758 1265 3807 oculis
1297 3756 1595 3823 patentibus
1626 3767 1797 3809 recte-

239 3838 354 3886 que
405 3824 702 3875 valcntibus
733 3823 891 3874 multa
925 3824 1088 3888 posita
1131 3826 1346 3876 nesciat.
1381 3828 1507 3876 Nam
1539 3826 1800 3878 et‘ohliii-

246 3892 424 3943 scitur
444 3891 742 3957 aliquando,
764 3899 816 3942 et
837 3895 972 3942 unde
997 3891 1186 3952 veniat,
1207 3902 1261 3944 et
1290 3907 1393 3959 quo
1415 3902 1518 3951 eat,
1546 3903 1598 3944 et
1630 3908 1799 3949 trans-

245 3962 289 4012 it
321 3959 631 4027 imprudens
661 3959 836 4010 villam
889 3973 992 4026 quo
1031 3961 1294 4023 tendebat,
1329 3971 1511 4012 natura
1560 3962 1639 4012 sui
1681 3978 1799 4016 cor-

247 4032 398 4095 poris
428 4042 576 4101 sana,
611 4028 702 4081 sed
733 4027 897 4080 suain
929 4027 1068 4079 aliud
1109 4038 1346 4101 avocata.
1396 4033 1565 4101 Uinne
1593 4035 1800 4101 quippe

243 4112 450 4163 corpus
475 4099 527 4149 in
571 4111 729 4149 omne
773 4111 962 4163 corpus
991 4099 1178 4149 mutari
1227 4111 1380 4163 posse
1408 4099 1658 4153 credibile
1683 4099 1796 4166 est;

244 4166 516 4232 quidlibet
549 4174 730 4237 autem
775 4180 989 4237 corpus,
1009 4165 1198 4237 mutari
1238 4181 1394 4237 posse
1446 4169 1498 4221 in
1543 4165 1795 4234 animam,

245 4239 476 4288 credere
513 4235 795 4289 absurdum
825 4246 928 4290 est.
957 4234 1084 4288 Illud
1129 4234 1255 4303 ergo
1295 4239 1584 4302 videamus,
1625 4250 1797 4295 utrum

246 4306 688 4377 forsitan‘verum
715 4318 833 4357 esse
853 4306 1038 4377 possit,
1068 4306 1380 4377 quod_certe
1411 4309 1651 4362 humanas
1679 4313 1798 4377 Opi-

244 4375 400 4446 nioni
431 4374 758 4446 tolerabilius
799 4375 925 4446 mihi
957 4374 1182 4446 videtur,
1212 4375 1375 4446 Deum
1407 4378 1459 4428 in
1486 4376 1590 4433 illis
1617 4374 1798 4446 primis

247 4445 507 4509 Operibus
549 4444 636 4510 qui
686 4443 841 4494 simul
889 4443 1065 4494 omnia
1108 4442 1320 4506 creavit,
1363 4447 1518 4498 etiam
1567 4442 1796 4507 animam

243 4526 487 4573 ereasse,
537 4526 688 4578 quam
720 4525 814 4561 suo
847 4519 1078 4574 tempore
1105 4510 1356 4564 membris
1401 4528 1472 4564 ex
1525 4515 1651 4567 limo
1681 4518 1792 4571 for-

245 4591 379 4630 mati
408 4581 642 4644 corporis
672 4580 969 4645 inSpiraret,
997 4582 1144 4644 cujus
1173 4583 1408 4648 corporis
1431 4583 1483 4633 in
1507 4583 1611 4636 illis
1636 4586 1792 4637 simul

245 4651 489 4700 conditis
533 4649 688 4698 rebus
729 4649 985 4700 rationein
1027 4663 1233 4702 creasse
1281 4653 1578 4714 causaliter,
1607 4667 1795 4707 secun-

244 4718 379 4767 dum
410 4731 564 4788 quam
590 4714 752 4778 ﬁeret,
779 4731 895 4788 cum
925 4715 1218 4788 faciendum
1241 4730 1378 4771 esset
1402 4733 1590 4788 corpus
1614 4723 1795 4774 huma-

249 4801 400 4835 nutn.
438 4785 566 4863 Nam
593 4799 762 4863 neque
784 4785 906 4837 illud
935 4787 1070 4854 quod
1093 4787 1286 4863 dictum
1311 4799 1412 4851 est,
1439 4785 1511 4863 ad
1529 4795 1794 4863 imaginem

245 4854 554 4929 suamnnisi
604 4856 658 4929 in
690 4869 882 4929 anima,
915 4870 1080 4929 neque
1111 4858 1233 4908 illud
1272 4864 1408 4925 quod
1452 4854 1654 4912 dictnni
1691 4875 1790 4929 est,

247 4923 604 4999 musci-(nume!
635 4925 894 4990 feminam,
932 4923 1341 4999 instiu‘corpore
1364 4941 1503 4982 reale
1539 4923 1782 4999 intelligi;

245 5007 392 5042 rnus.
427 4993 679 5044 Credatur
706 5008 832 5061 ergo
857 4999 899 5046 si
932 4995 1068 5046 nulla
1099 4995 1482 5062 Scripturarutn
1513 4993 1794 5053 auctoritas

246 5076 354 5113 seu
383 5063 572 5113 veritas
603 5064 931 5128 contradicit,
987 5065 1249 5117 hominem
1295 5065 1363 5117 ita
1415 5067 1603 5120 factum
1646 5080 1795 5124 sexto

247 5131 366 5206 die,
397 5141 451 5183 ut
478 5131 711 5206 corporis
737 5135 945 5205 quidem
963 5135 1185 5186 causaits
1216 5135 1266 5186 in
1295 5138 1567 5189 elementis
1589 5141 1792 5202 mundi,

249 5201 433 5273 animo
468 5203 589 5249 vero
631 5201 736 5273 jam
778 5201 885 5261 ipsa
932 5213 1220 5264 crearetur.
1269 5209 1403 5257 sicut
1451 5221 1569 5258 cum
1601 5201 1795 5273 primus

247 5270 506 5341 conditus
538 5277 620 5318 est
651 5269 782 5324 dies,
811 5277 864 5318 et
891 5278 1061 5320 creata
1087 5276 1281 5341 lateret
1312 5275 1361 5324 in
1406 5269 1652 5338 operibus
1683 5278 1793 5341 Dei,

248 5340 426 5410 donec
457 5351 573 5389 eam
603 5340 1261 5410 suolempore'sulﬂando,
1293 5345 1390 5395 hoc.
1414 5356 1495 5396 est
1533 5340 1792 5410 inspirant;

249 5409 324 5475 do
353 5406 574 5458 formato
603 5420 665 5455 ex
692 5404 813 5455 limo
836 5408 1037 5468 Corpori
1068 5410 1338 5463 insereret.
1364 5414 1508 5475 Quod
1538 5415 1580 5465 si
1602 5404 1668 5465 ita
1693 5427 1795 5475 est,

252 5474 542 5526 fatebimur
570 5487 670 5524 non
717 5476 765 5525 itt
793 5489 855 5524 eo
887 5489 1057 5547 rerum
1088 5491 1277 5540 genere
1305 5474 1526 5532 amittant
1562 5474 1795 5547 primitus

249 5552 592 5617 erea_ta_m,_ut
615 5555 751 5596 esset
785 5558 994 5617 przescm
1027 5542 1180 5617 futuri
1210 5552 1385 5611 aperis
1413 5555 1513 5614 sui,
1543 5542 1620 5604 vel
1646 5557 1791 5617 justi,

253 5618 340 5662 vel
375 5613 570 5677 iniqui;
603 5627 770 5676 neque
797 5615 932 5664 enim
960 5627 1021 5664 ex
1060 5615 1139 5664 his
1169 5623 1367 5668 tantum
1398 5613 1686 5673 laudandus
1717 5634 1797 5673 est

253 5679 418 5739 Deus,
453 5679 642 5745 quibus
667 5684 1043 5743 priescicntiam
1067 5684 1229 5747 dedit,
1258 5700 1373 5738 cum
1401 5700 1542 5743 recte
1564 5692 1795 5743 laudetur

251 5760 412 5800 etiam
447 5752 563 5814 quia
597 5761 780 5810 pecora
809 5761 1022 5814 creavit,
1053 5756 1237 5820 quibus
1266 5767 1345 5811 est
1365 5771 1546 5812 natura
1568 5762 1790 5814 humana

538 5840 798 5894 Parnm“
831 5841 1045 5901 XClll.
1267 5829 1269 5831 ί

1893 1897 1947 1941 et
1975 1889 2361 1956 temporalium.
2394 1889 2540 1942 Nunc
2569 1898 2742 1941 tamen
2771 1903 2924 1956 quam
2980 1889 3116 1941 Deus
3162 1891 3437 1954 inspiravit

1897 1959 2094 2010 homini
2141 1959 2402 2010 sufflando
2450 1960 2501 2012 in
2546 1959 2659 2023 ejus
2706 1960 2958 2026 speciem,
2992 1961 3121 2010 nihil
3155 1962 3434 2020 confirmo.

1894 2027 1996 2080 nisi
2049 2027 2166 2093 quia
2206 2042 2271 2080 ex
2305 2027 2413 2080 Deo
2453 2030 2529 2081 sic
2557 2038 2657 2090 est,
2700 2039 2754 2079 ut
2784 2042 2885 2078 non
2917 2029 2982 2080 sit
3008 2028 3300 2081 substantia
3331 2030 3444 2093 Dei,

1892 2107 1945 2148 ct
1963 2096 2030 2148 sit
2059 2097 2390 2161 incorporea,
2422 2098 2471 2148 id
2503 2106 2603 2159 est,
2630 2112 2731 2149 non
2755 2098 3049 2162 sitcorpus,
3081 2098 3171 2151 sed
3199 2098 3446 2166 spiritus;

1894 2168 2085 2218 nonde
2114 2168 2405 2217 Substantia
2432 2167 2520 2218 Dei
2552 2171 2778 2234 genitus,
2823 2169 3011 2218 necde
3035 2169 3323 2220 substantia
3355 2169 3450 2223 Dei

1895 2235 2203 2300 procedens,
2232 2235 2323 2287 sed
2365 2234 2536 2288 factus
2577 2254 2605 2288 a
2658 2238 2785 2297 Deo,
2830 2251 2927 2287 nec
2972 2241 3037 2287 ita
3073 2240 3259 2300 factus,
3308 2252 3362 2290 ttt
3394 2241 3447 2293 in

1893 2303 2008 2370 ejus
2057 2313 2293 2356 naturam
2340 2314 2525 2357 natura
2577 2308 2680 2358 ulla
2724 2308 2962 2370 corporis
2993 2306 3070 2359 vel
3128 2307 3449 2362 irrationalis

1890 2375 2079 2425 anima:
2111 2384 2431 2425 verteretur.
2725 2397 2728 2402 ·

2103 2443 2330 2510 Reliqua:
2369 2443 2680 2507 Quaestione;
2716 2447 2776 2495 de
2811 2455 2989 2496 natura
3027 2446 3230 2497 animo.

2521 2549 2714 2587 DISCIPU
2724 2549 2834 2588 LUS.

1965 2621 2317 2702 Insuﬁhuitju
2346 2622 2524 2702 faciem
2551 2626 2660 2702 ejus
2682 2626 2995 2702 spiraculum
3033 2629 3146 2702 vita:
3171 2629 3326 2697 (Ceu.
3357 2632 3438 2702 ti).

1901 2689 2000 2744 Per
2033 2689 2354 2759 spiraculum
2385 2692 2503 2745 vita:
2535 2689 2658 2760 quid
2701 2689 2996 2764 intelligere
3019 2689 3308 2753 debemus?
3396 2689 3441 2704 ”

2524 2796 2802 2835 ΙΔΕΙΕΤΕΚ.

1966 2872 2073 2924 lloc
2099 2881 2181 2924 est
2218 2873 2444 2925 animam
2476 2869 2674 2936 facere,
2708 2876 2843 2927 sicut
2873 2891 2964 2943 per
2994 2877 3175 2930 Isaiam
3211 2881 3398 2936 dicitur
3426 2903 3439 2936 :

1889 2940 2100 3079 (Slpeeics
2131 2958 2196 3078 ea;
2239 2958 2314 2994 me
2363 2946 2606 3016 procedit.
2654 2951 2701 2995 et
2749 2940 2941 2997 omnem
2987 2950 3165 3013 [lutum
3208 2965 3300 3020 ego
3348 2954 3449 3020 {cci

1947 3027 2042 3061 sui.
2072 3025 2171 3062 LVII
2207 3051 2219 3063 .

1947 3027 2042 3061 8111.
2072 3025 2219 3063 LVII).

2513 3097 2824 3135 DISCIPULUS.

1818 3164 1866 3226 C
1963 3168 2100 3235 Quid
2129 3179 2209 3223 est
2238 3170 2380 3223 enim
2419 3175 2556 3237 quod
2587 3174 2780 3234 anima,
2833 3189 2947 3241 qu:e
2986 3177 3237 3232 innocens
3265 3194 3444 3236 creua

1898 3253 1998 3300 εει.
2027 3241 2079 3291 in
2120 3252 2313 3361 c’orpus
2341 3241 2596 3305 introivit,
2623 3247 2763 3310 quod
2797 3243 2933 3298 Deus
2975 3249 3285 3315 prmsciebat
3327 3268 3448 3317 pec-

1899 3319 2132 3361 caturutn

1899 3319 2132 3364 caturutn

2537 3416 2817 3456 HAGISTER.

1970 3490 2118 3543 Absit
2146 3490 2246 3542 hoc
2273 3489 2653 3556 recipiendum,
2689 3501 2743 3544 ut
2762 3505 3040 3560 propterea
3068 3498 3240 3550 anima
3268 3511 3443 3555 creata

1900 3559 2105 3635 fuisset,
2132 3568 2189 3635 ut
2232 3561 2282 3610 in
2312 3573 2504 3635 corpus
2532 3562 2668 3635 quod
2700 3562 2839 3616 Deus
2866 3559 3172 3627 praesciebat
3201 3583 3450 3635 peccatu-

1900 3644 2013 3681 rum
2038 3629 2323 3702 introisset,
2353 3641 2406 3680 et
2433 3630 2496 3680 ad
2529 3634 2627 3682 hoc
2658 3643 2919 3702 reservata
2952 3648 3116 3696 esset,
3146 3629 3266 3702 quia
3291 3643 3335 3692 si
3367 3643 3444 3694 sic

1899 3706 2060 3761 esset,
2095 3699 2236 3751 Deus
2279 3708 2460 3750 auctor
2495 3701 2694 3764 peccati
2738 3702 2941 3753 fuisset.
2973 3704 3076 3756 Sed
3109 3699 3211 3757 non
3249 3720 3327 3759 est
3355 3714 3448 3761 ita.

1901 3769 2063 3844 plagis
2084 3777 2256 3844 autem
2291 3767 2680 3844 intelligendum
2712 3778 2873 3844 atque
2893 3773 3273 3840 recipiendum,
3297 3781 3434 3844 quod

1904 3837 2336 3914 ppu-inspirante
2381 3839 2490 3903 ipsa
2523 3837 2810 3914 voluntaria
2861 3840 3129 3895 intr0tsset
3176 3849 3225 3895 itt
3255 3837 3448 3914 corpus

1900 3907 2371 3957 administrandum
2421 3921 2612 3971 ipsum,
2661 3908 2782 3972 quia
2813 3923 2905 3974 per
2950 3914 3174 3964 animam
3222 3907 3446 3968 sentitur

1901 3988 2137 4043 corpus;
2190 3977 2309 4041 quia
2341 3974 2388 4027 si
2429 3977 2603 4027 anima
2648 3991 2752 4028 non
2798 3987 2899 4041 est,
2946 3994 3137 4047 corpus
3181 3999 3443 4038 monuutn

1899 4055 2002 4098 est.

2529 4149 2840 4190 DISCIPULUS.

1971 4231 2106 4297 Quid
2135 4246 2259 4305 ergo
2289 4238 2369 4283 est
2389 4230 2610 4305 anima?
2638 4242 2726 4305 aut
2775 4234 2818 4286 si
2837 4245 2929 4305 est
2957 4238 3124 4305 aliqua
3173 4257 3275 4303 res,
3311 4246 3448 4299 unde

1900 4307 2089 4379 animae
2120 4301 2268 4379 liant,
2317 4300 2438 4367 quid
2471 4306 2576 4379 ipsa
2602 4303 2716 4379 est?
2762 4304 2883 4370 quid
2922 4300 3111 4379 nomen
3153 4300 3302 4376 ejus?
3329 4330 3447 4379 quat

1901 4372 2141 4445 species?
2181 4385 2518 4445 qucmusum
2547 4376 2596 4445 in
2638 4373 2794 4425 rebus
2838 4375 3061 4445 coiiditis
3093 4372 3269 4431 tenet?
3297 4372 3443 4445 vivit,

1905 4455 1969 4493 an
2003 4442 2138 4492 non?
2181 4441 2236 4493 Si
2268 4441 2413 4498 Vivit.
2441 4444 2578 4507 quod
2623 4447 2826 4493 coulert
2866 4443 3217 4500 universitatis
3245 4441 3446 4503 allecti;

1827 4501 1874 4559 ι)
1901 4509 2032 4560 bus?
2062 4511 2335 4582 beatamne
2365 4501 2525 4582 vitam
2556 4509 2719 4572 ducit,
2768 4526 2832 4561 an
2880 4513 3162 4568 miseram?
3203 4501 3447 4582 Quiil'cst

1895 4592 2022 4644 ergo
2070 4578 2282 4652 anima?
2327 4580 2520 4652 cadum
2571 4593 2674 4631 non
2706 4590 2804 4643 est,
2860 4597 3028 4651 neque
3082 4578 3243 4648 terra,
3273 4602 3447 4652 neque

1895 4660 2008 4710 aer,
2039 4661 2207 4721 neque
2238 4647 2392 4713 ignis,
2436 4661 2543 4721 non
2575 4665 2728 4715 aqua,
2779 4667 2882 4704 non
2917 4647 3068 4715 Deus,
3104 4673 3205 4707 non
3245 4647 3443 4721 sidera,

1897 4731 2000 4767 non
2032 4718 2191 4778 visus,
2220 4733 2322 4789 non
2350 4717 2576 4788 auditus,
2602 4735 2701 4771 non
2725 4733 2927 4786 gustus,
2959 4725 3036 4774 vel
3065 4734 3274 4789 cmtcra,
3299 4717 3437 4788 quod

1901 4799 2210 4861 enumerare
2264 4788 2471 4853 longum
2520 4799 2619 4861 est,
2667 4807 2785 4856 quae
2845 4793 2895 4843 iti
2941 4795 3078 4845 cwlo
3119 4803 3261 4861 sunt,
3292 4807 3347 4849 ct
3393 4799 3446 4852 in

1900 4865 2054 4905 terra.
2088 4855 2237 4908 Unde
2265 4868 2389 4924 ergo
2416 4865 2497 4910 est
2525 4855 2739 4910 anima?

2541 4963 2818 5000 MAGISTER.

1969 5038 2160 5113 Anima
2183 5050 2244 5113 ex
2279 5039 2383 5088 Deo
2424 5038 2541 5113 data
2574 5048 2671 5102 est,
2704 5052 2755 5092 et
2800 5056 2862 5113 ex
2899 5043 3059 5095 nihilo
3105 5046 3279 5099 facta:
3323 5049 3439 5113 quia

1899 5103 2057 5156 homo
2078 5107 2163 5171 qui
2195 5109 2259 5156 de
2287 5116 2420 5157 terra
2463 5105 2629 5158 factus
2659 5117 2758 5172 est,
2804 5109 2853 5162 iu
2883 5122 3076 5164 terram
3117 5103 3393 5170 revertitur
3425 5137 3435 5146 ”

1896 5174 2147 5249 similiter
2185 5188 2333 5249 nives
2380 5185 2429 5225 et
2479 5179 2737 5240 procellas,
2773 5195 2887 5245 qua
2918 5196 2982 5234 ex
3033 5198 3162 5248 aqua
3195 5186 3343 5249 fiunt,
3393 5199 3446 5240 et

1897 5257 1989 5293 aer
2016 5242 2175 5293 sumit
2205 5246 2270 5295 de
2299 5255 2456 5307 terra,
2485 5261 2533 5294 tn
2565 5262 2753 5313 aquam
2780 5242 3129 5302 revertuntur.
3159 5253 3218 5302 Et
3251 5242 3439 5308 iterum

1897 5313 1962 5362 de
1991 5323 2149 5371 terra.
2181 5325 2243 5364 ex
2291 5329 2388 5376 qua
2421 5327 2624 5380 sumpta
2652 5330 2771 5368 sunt
2811 5319 2860 5368 in
2909 5335 3026 5370 aere
3053 5359 3063 5367 .
3110 5325 3278 5374 anima
3311 5340 3439 5377 vero

1899 5394 2001 5455 not
2035 5381 2190 5455 habet
2219 5383 2382 5434 ullum
2431 5389 2768 5447 eletttentut'n,
2823 5388 2886 5436 ad
2934 5390 3069 5447 quml
3124 5401 3440 5455 revertatur,

1900 5451 1996 5524 nisi
2025 5449 2413 5524 adcreatorcm
2453 5469 2600 5505 suum
2635 5464 2902 5522 postquam
2935 5461 2999 5509 de
3030 5472 3252 5522 corpore
3294 5449 3433 5512 esse:

1900 5519 1985 5574 rit,
2013 5528 2065 5567 ut
2094 5519 2204 5583 ipso
2232 5523 2536 5574 moderante
2567 5519 2779 5590 recipiat
2805 5525 2944 5592 ψιλά
2985 5519 3231 5580 meretur.

2507 5630 2822 5669 ῡιδςιρυιυς.

1937 5697 2278 5778 .Ιῃ‹ιυίι·θηδιςι
2307 5711 2538 5778 estergo
2565 5710 2697 5762 ratio
2741 5709 2874 5763 unde
2905 5709 3098 5762 homini
3142 5710 3315 5762 anima
3346 5722 3431 5756 vc-

1901 5773 2026 5830 nial,
2055 5773 2265 5834 quando
2299 5776 2547 5827 nascitur.

2984 5876 3016 5927 Ξ)
