3934 6222
513 343 620 398 ατε)

969 341 1167 395 illiilli;
1211 339 1649 394 \‘ENER.~\lllLIS
1687 339 1837 393 OPP.
1880 335 2042 391 PARS

2148 372 2157 388 .
2197 316 2490 391 suctu.
2531 360 2600 376 .-
2640 335 2841 391 ουωΑ
2881 337 2966 391 ur
3007 337 3275 425 sputus.

3615 343 3722 397 (ἔξω

416 501 426 508 .
513 466 785 525 peccatum
807 456 960 507 etiam
985 466 1032 506 ct
1056 469 1203 525 mens
1231 439 1631 525 portet-randum
1661 449 2056 525 decernat,jam
2090 454 2136 511 Α
2165 450 2358 502 borum.
2390 452 2567 525 Aperti
2604 451 2821 509 scilicet.
2864 468 2967 525 non
3018 452 3180 512 aliud,
3231 450 3342 525 nisi
3397 455 3462 507 ad
3495 455 3720 506 imicom

515 522 595 577 vir
637 526 885 583 tleceptus
932 534 1028 579 est.
1080 523 1188 591 jam
1253 524 1437 575 nmlier
1476 524 1646 575 cibum
1694 522 1904 575 dedisse
1949 523 2061 576 viro

514 593 740 647 videtur.
769 593 1037 647 llleccbra:
1065 595 1205 646 enim
1242 593 1572 655 consentire,
1603 591 1668 644 de
1711 591 1849 657 ligno
1891 591 2062 657 prohi-

516 663 621 717 bito
649 667 958 716 manducare
998 674 1097 714 est.
1141 662 1286 716 Tunc
1315 663 1508 728 quippe
1542 663 1657 725 iure
1694 676 1723 713 a
1755 661 1858 712 vita
1909 661 2059 714 beata

515 740 759 796 tanquam
797 747 825 783 a
867 731 1104 798 paradiso
1140 733 1417 798 expellitur
1462 731 1638 795 homo,
1685 741 2059 791 peccatumque

509 804 569 854 ei
608 802 910 867 imputatur,
957 801 1158 854 etiamsi
1207 817 1308 853 non
1353 810 1604 868 sequatur
1646 799 1902 851 effectus:
1937 801 2058 864 quia

511 870 608 923 etsi
641 886 743 922 non
771 880 852 922 est
881 871 928 921 in
961 868 1109 922 factis
1149 871 1321 933 culpa.
1353 871 1404 921 in
1445 883 1703 921 consensu
1732 877 1904 920 tamen
1937 869 2056 921 reti-

513 951 665 1006 netur
688 940 1026 993 conscientia.
1060 940 1182 992 Haec
1227 940 1514 991 secundum
1557 953 1848 1006 anagogen.
1887 935 2058 991 Crete-

509 1023 625 1061 rutn
650 1005 794 1077 juxta
827 1010 1186 1072 metaphoram
1218 1009 1407 1076 poterit
1447 1005 1794 1077 callidusiste
1837 1020 2054 1077 serpens

512 1076 874 1132 bareticornm
925 1080 1206 1131 versutiam
1263 1078 1556 1144 designare.
1614 1076 1862 1130 Nonnulli
1913 1076 2053 1129 enim

511 1147 784 1216 loquacius
825 1157 978 1215 atque
1026 1148 1267 1200 subtilius
1305 1149 1611 1214 promittunt
1655 1147 1831 1216 illicita
1877 1146 2052 1216 curio:

508 1215 666 1270 sitate
690 1226 1008 1271 secretorum
1038 1218 1429 1285 adapertionem
1453 1229 1607 1283 atque
1636 1215 1907 1267 scientiam
1931 1215 2052 1266 boni

507 1293 561 1338 et
590 1287 745 1339 mali:
777 1297 829 1340 et
860 1287 908 1338 in
949 1287 1062 1354 ipse
1091 1287 1301 1339 homine
1347 1293 1591 1353 tanquam
1623 1285 1673 1337 in
1695 1285 1904 1347 arbore,
1936 1299 2052 1350 qua:

508 1355 736 1422 plantata
781 1365 862 1410 est
907 1356 959 1408 in
1004 1356 1178 1408 medio
1210 1357 1452 1421 paradisi.
1506 1370 1619 1408 eain
1673 1354 2049 1420 ignoscentiam

507 1425 887 1478 demonstrare.
912 1425 1102 1478 Contra
1135 1427 1269 1477 hunc
1296 1434 1588 1490 serpentem
1613 1424 1804 1477 clamat
1831 1425 2052 1487 Aposto-

508 1495 607 1556 lus,
634 1509 750 1546 cum
773 1496 899 1547 dicit
926 1512 938 1545 :
974 1495 1160 1556 Metuo,
1191 1513 1250 1546 ne
1279 1498 1402 1546 sicut
1427 1512 1628 1558 serpens
1655 1493 1811 1545 Euam
1849 1492 2051 1544 seduxit

505 1567 720 1615 versutia
763 1581 883 1623 sua,
932 1566 1001 1615 sic
1026 1582 1196 1616 sensus
1225 1566 1369 1616 vestri
1398 1573 1784 1631 corrumpantur
1812 1561 1894 1625 (ΙΙ
1928 1561 2046 1617 Cor.

505 1645 581 1696 xt,
610 1632 686 1702 5).
713 1632 987 1687 Seducitur
1014 1637 1183 1686 verbis
1214 1635 1366 1700 hujus
1409 1635 1663 1698 serpentis
1691 1631 1916 1702 carnalis
1949 1647 2050 1702 no-

506 1714 612 1755 stra
647 1700 1092 1769 concupiscentia,
1123 1717 1171 1756 et
1206 1721 1294 1769 per
1340 1705 1481 1755 illam
1512 1701 1766 1769 decipitur
1792 1700 2048 1754 ChriSIia-

2166 521 2613 591 cogito-cendum,
2646 531 2698 572 ut
2729 532 2868 573 esset
2913 524 2990 574 lcx
3044 537 3093 574 In
3129 524 3378 575 membris
3422 538 3721 591 repugnans

2165 589 2262 655 legi
2313 590 2520 652 mentis,
2567 601 2621 640 ut
2667 591 2821 642 etiam
2852 591 2904 642 in
2957 591 3084 656 ipsis
3132 594 3384 644 membris
3425 589 3570 645 esset
3621 608 3720 643 non

2163 659 2486 710 Voluntarius
2536 669 2730 719 motus,
2778 663 2916 726 justa
2948 661 3143 713 static-et
3196 660 3284 713 Dei
3343 662 3614 712 vindicta:
3669 673 3723 712 ut

2163 732 2318 779 homo
2348 728 2434 792 qui
2480 729 2642 779 noluit
2703 729 2810 782 Deo
2853 742 2970 781 esse
3017 728 3304 796 subjectus,
3361 745 3467 782 non
3498 731 3718 782 haberet

2158 797 2423 866 subditum
2451 811 2665 863 corpus.
2698 798 2837 866 Ergo
2869 799 2917 849 in
2966 797 3018 850 id
3069 799 3232 861 aperti
3274 810 3394 849 sunt
3441 800 3574 852 oculi
3605 815 3717 850 am-

2155 865 2366 988 lstgruru,
2395 876 2451 919 ut
2495 865 2830 921 moverentur
2877 867 3427 933 concupiscentialiter
3455 869 3716 922 membra.

2227 949 2401 988 Hlllllll'
2428 954 2440 988 Ζ

2227 949 2401 1000 quitur
2428 954 2440 989 :

2229 1006 2431 1057 Etcum
2469 1006 2725 1057 audissent
2751 1020 2920 1057 vocem
2964 1003 3170 1060 Domini
3207 1006 3301 1060 Dei
3347 1006 3718 1060 deambulanti:

2153 1074 2206 1126 in
2234 1075 2471 1142 paradiso
2499 1075 2566 1126 ad
2593 1090 2795 1129 auram.

2771 1181 3089 1221 DlSClPULUS.

2224 1253 2550 1322 Augustinus.
2600 1284 2673 1297 --
2715 1253 2840 1308 Post
2889 1257 3274 1309 absconderant
3328 1271 3386 1309 se
3438 1257 3602 1309 Adam
3664 1268 3717 1310 et

2157 1323 2262 1392 Eva
2288 1340 2417 1376 uxor
2440 1326 2553 1392 ejus
2583 1340 2610 1376 a
2643 1325 2773 1377 l'acie
2799 1326 3002 1377 Domini
3037 1326 3086 1376 in
3113 1328 3286 1377 medio
3310 1325 3438 1392 ligni
3464 1327 3712 1389 paradisi.

2154 1391 2301 1462 Rogo
2342 1391 2491 1463 ergo,
2521 1394 2775 1458 edissere,
2809 1395 2931 1460 quid
2973 1396 3042 1447 sit
3071 1394 3157 1447 illa
3194 1395 3284 1449 Dei
3332 1391 3708 1448 deambu'atio.

2793 1499 3072 1538 ωοιδτειι.

2224 1573 2371 1626 Absit
2398 1572 2558 1635 enim,
2613 1583 2666 1626 ut
2704 1575 2839 1627 Deus
2890 1573 3117 1630 Trinitas
3165 1590 3226 1625 ex
3277 1574 3376 1627 hoc
3421 1576 3560 1642 quod
3590 1576 3706 1642 eius

2150 1641 2339 1694 dicitur
2367 1642 2737 1706 deambulatio,
2781 1658 3066 1710 carpereus
3095 1653 3184 1695 aut
3229 1644 3407 1698 localis
3435 1641 3552 1697 esse
3582 1641 3712 1698 cre-

2149 1712 2319 1763 datur.
2362 1713 2528 1766 Omne
2582 1713 2763 1775 locale,
2813 1727 3003 1778 corpus
3052 1720 3136 1764 est
3188 1715 3400 1779 utique;
3447 1726 3499 1767 et
3549 1731 3708 1768 omne

508 1785 604 1852 nos
627 1774 808 1828 Adam.
831 1789 931 1852 non
949 1774 1202 1852 (Eltrigtus.
1232 1773 1364 1824 Dicit
1385 1787 1509 1839 ergo
1528 1774 1709 1852 iste‘ad
1735 1770 2009 1851 mulierem
2031 1789 2053 1852 ε.
2081 1791 2127 1848 Β
2155 1796 2366 1846 corpus,
2419 1782 2582 1834 locale
2624 1795 2727 1836 est.
2753 1770 2920 1834 "Dens'
2960 1796 3083 1834 vero
3115 1770 3418 1848 incorporea
3470 1799 3555 1836 res
3604 1793 3707 1848 est,

506 1839 608 1892 Cur
634 1844 862 1908 pracepit
905 1843 1036 1893 vobis
1071 1843 1202 1893 Deus
1247 1854 1295 1893 ut
1346 1859 1443 1894 non
1472 1841 1794 1894 comederetis
1828 1856 1890 1891 et:
1917 1842 2050 1893 omni

507 1909 644 1975 ligno
667 1913 928 1978 paradisi?
958 1913 1040 1964 Sit:
1067 1926 1114 1962 et
1155 1911 1514 1962 llil‘rt'llC-trtttli
1545 1913 1750 1963 curiosa
1774 1908 2050 1975 cupiditas,

508 1979 583 2048 sic
615 1981 981 2045 prmdicatores
1010 1984 1149 2048 pravi
1200 1985 1260 2031 ad
1293 1981 1613 2047 diligentiam
1644 1979 1857 2040 erroris,
1891 1979 2054 2048 lalla-

511 2047 647 2101 cium
679 2051 970 2103 auditorum
1000 2047 1281 2104 carnalium
1311 2052 1464 2101 corda
1496 2049 1840 2110 succendunt,
1869 2047 2049 2099 dicen-

507 2125 583 2169 tes
621 2135 632 2169 :
683 2120 849 2184 Quare
894 2122 1057 2188 fugitis
1098 2122 1350 2171 scientiam
1398 2120 1575 2172 habere
1621 2121 1875 2179 latentem,
1925 2135 2052 2170 nora

503 2202 697 2257 semper
744 2191 1002 2256 exquirite,
1049 2190 1162 2241 boni
1209 2191 1732 2257 malique'stientium
1775 2197 2046 2256 penetrate.

512 2256 657 2310 Unde
680 2258 761 2310 illa
790 2261 838 2312 in
867 2259 1145 2312 Salomone
1175 2256 1382 2322 mulier,
1416 2259 1780 2312 hmrrticorutn
1819 2271 1895 2322 sp:
1915 2258 2046 2309 ciem

508 2334 721 2385 tenens.
765 2329 894 2386 ditit
918 2352 932 2387 :
957 2329 1110 2394 Aqnte
1139 2330 1330 2395 furtiva:
1375 2328 1618 2380 dulciores
1664 2337 1798 2389 sunt,
1832 2336 1877 2376 ct
1904 2329 2050 2392 panis

503 2397 822 2449 absconditus
858 2399 1056 2449 suavior
1088 2397 1260 2464 (l'rov.
1315 2413 1388 2459 ts,
1445 2400 1553 2465 t7).
1601 2397 1831 2463 Suhjecit
1861 2397 2049 2448 deinde

505 2465 642 2516 idem
672 2479 886 2531 serpens
920 2486 930 2519 :
967 2471 1266 2533 Quucunque
1297 2469 1375 2519 die
1405 2469 1721 2521 comederetis
1743 2483 1804 2519 ex
1836 2483 1912 2531 eo,
1940 2477 2047 2517 sta-

502 2536 586 2585 tim
618 2540 904 2601 aperientur
941 2539 1073 2589 oculi
1098 2541 1261 2601 uestri,
1290 2549 1334 2588 et
1363 2538 1496 2589 eritis
1521 2548 1573 2589 ut
1600 2538 1691 2600 dii,
1723 2539 1931 2590 scientes
1961 2537 2042 2586 bo-

500 2619 615 2676 num
662 2614 706 2656 et
747 2607 957 2676 malum.
1005 2606 1092 2660 S-c
1137 2620 1188 2660 et
1233 2622 1416 2661 omnes
1453 2608 1767 2676 generaliter
1815 2604 2043 2659 liaaretici

499 2671 786 2743 divinitatis
818 2683 1057 2729 meritum
1092 2678 1418 2743 proﬁtentur,
1449 2671 1603 2742 atque
1629 2676 1861 2730 scientiae
1892 2676 2042 2742 polli-

496 2741 744 2812 «itatione
813 2741 1175 2810 decipiuntur,
1222 2755 1273 2797 et
1333 2741 1716 2812 reprehendunt
1767 2759 1860 2799 eos
1896 2741 2042 2812 quos

497 2811 805 2876 simpliciter
831 2817 1105 2869 credentes
1132 2811 1423 2868 invenerint
1447 2834 1460 2868 :
1485 2823 1538 2868 et
1559 2817 1675 2881 quia
1704 2817 1916 2867 omnino
1933 2828 2043 2866 car-

501 2883 999 2952 naliapersnadent,
1029 2888 1173 2952 quasi
1227 2895 1278 2938 ct
1324 2886 1609 2938 carnalium
1651 2887 1920 2937 oculorum
1950 2882 2041 2935 ad-

498 2951 821 3014 opt-nionem
871 2951 1125 3006 (‘onuttlttr
1173 2955 1450 3020 adducere,
1500 2965 1555 3007 ut
1595 2954 1811 3008 interior
1858 2955 2037 3008 oculus

498 3020 824 3090 obscuretur.
860 3025 1107 3090 Sequitur
1134 3041 1146 3074 :

579 3089 888 3183 l’ijlitfigitur
908 3089 1093 3183 mulier
1121 3095 1256 3162 quod
1281 3096 1463 3183 bunum
1498 3104 1624 3147 esset
1649 3095 1864 3162 lignum,
1894 3093 2033 3146 tulit-
2061 3122 2106 3183 ρ

497 3173 588 3223 que
619 3161 677 3210 de
706 3165 871 3226 fructu
900 3165 1058 3226 illius,
1085 3161 1138 3216 et
1157 3166 1386 3216 comedit.

568 3227 904 3284 Isidorus.——
937 3233 1117 3284 Mulier
1160 3234 1390 3285 comedit
1435 3242 1577 3297 ante,
1617 3245 1720 3283 non
1769 3232 1867 3292 vir,
1918 3231 2034 3285 ideo

492 3297 615 3365 Quia
643 3303 872 3352 carnales
895 3302 1100 3354 facilus
1123 3306 1501 3367 persuadentur
1522 3305 1585 3352 ad
1619 3312 1904 3366 peccatum,
1939 3314 2035 3355 nec

497 3379 602 3439 tatu
633 3370 877 3424 velociter
900 3372 1163 3437 spiritales
1191 3372 1537 3439 decipiuntur.
1567 3373 1813 3436 Sequitur
1845 3388 1857 3422 :

562 3433 805 3506 Deditque
847 3433 954 3492 uiro
1000 3457 1112 3501 suo,
1142 3451 1186 3492 et
1233 3433 1466 3493 comedit.
1512 3433 1714 3506 Utique.
1762 3443 1878 3506 quia
1919 3450 2035 3504 post

489 3504 887 3576 delectationem
917 3510 1138 3562 carnalis
1161 3504 1842 3576 concupiscentianostrtn,
1873 3515 2032 3564 ttiant

491 3573 625 3644 ratio
652 3584 826 3629 nostra
853 3577 1126 3644 subjicitur
1157 3582 1217 3628 ad
1247 3573 1586 3644 pecu-udum.

559 3640 778 3710 Cumque
798 3640 1132 3715 (agnovissent
1163 3665 1213 3698 se
1243 3640 1344 3700 esse
1373 3651 1551 3713 nudos,
1581 3657 1881 3701 consuerunt
1909 3649 2034 3714 [alia

487 3711 590 3778 fici,
614 3724 665 3786 Aet
690 3711 1008 3770 contexerant
1049 3734 1118 3768 se.
1147 3717 1297 3781 item,
1349 3720 1465 3786 quia
1496 3711 1742 3771 smeumm
1785 3711 2030 3785 asperum

488 3783 910 3850 amplectuntur,
985 3789 1070 3852 qui
1142 3783 1407 3854 prurigine
1471 3788 1751 3852 voluptatis
1807 3783 2031 3840 carnalis

492 3861 736 3925 uruntur,
759 3857 950 3925 quique
979 3858 1181 3920 decepti
1212 3857 1452 3910 haeretica
1479 3859 1750 3925 pratitate,
1781 3865 1836 3910 et
1864 3859 2030 3925 gratia

492 3921 582 3999 Dei
614 3923 811 3999 nudati,
861 3933 1154 3999 tegumenta
1195 3921 1605 3999 mendaciorum,
1638 3921 1889 3999 tanquani
1912 3929 2028 3999 iolla

489 3992 570 4041 tici
595 3992 870 4064 colligunt.
918 3996 1166 4047 iacientes
1209 3997 1304 4048 sibi
1349 3999 1694 4050 succinctoria
1740 3992 2027 4064 pravitatis,

487 4073 606 4141 cum
637 4061 701 4138 de
734 4061 952 4141 Domino
983 4067 1057 4116 vel
1092 4066 1320 4118 Ecclesia
1366 4070 1706 4141 mentiuntur.
1741 4061 1913 4141 titul
1951 4066 2031 4141 ait

486 4131 766 4203 Gregorius
794 4148 805 4181 :
833 4134 991 4184 Adam
1013 4153 1224 4203 nanque
1252 4146 1360 4201 pust
1383 4147 1637 4202 peccatum
1662 4136 2025 4198 iuobetlientia',

486 4201 861 4270 utor-pudenda
889 4206 1098 4254 contexit
1116 4201 1279 4269 {quia
1309 4208 1656 4257 contumeliam
1694 4206 1898 4270 spiritus
1923 4204 2028 4255 Deo

486 4268 670 4340 intulit,
705 4286 820 4321 mox
848 4268 1201 4324 contumeliam
1231 4277 1397 4325 carnis
1439 4277 1622 4326 invenit
1647 4289 1665 4325 .'
1708 4268 1891 4340 etquja
1936 4289 2029 4322 au-

486 4338 605 4386 ctori
646 4353 734 4390 suo
781 4340 1005 4394 subditus
1042 4359 1148 4394 esse
1213 4343 1390 4405 noluit,
1427 4346 1548 4411 jura
1591 4342 1755 4394 carnis
1787 4338 2025 4406 subi-.itte,

485 4420 632 4470 quum
680 4411 895 4473 regebat,
930 4413 1146 4473 admisit,
1189 4419 1318 4464 utin
1349 4415 1456 4475 ipso
1500 4429 1551 4464 se
1592 4411 1817 4463 videlicet
1860 4411 2029 4462 iuobe-

2154 1865 2253 1902 nec
2282 1850 2626 1915 corporaliter
2673 1859 2945 1915 movetur;
2999 1866 3168 1912 neque
3219 1852 3334 1904 loco
3372 1854 3705 1916 continetur,

2156 1935 2324 1986 neque
2353 1921 2416 1972 de
2449 1921 2562 1972 loco
2591 1919 2654 1972 ad
2689 1921 2856 1972 locum
2891 1921 3217 1972 transfertur.
3253 1920 3344 1972 Est
3376 1938 3563 1987 nempe
3591 1924 3708 1989 ejus

2153 1989 2505 2042 deambulatio
2562 1989 2894 2057 intelligenda
2977 2004 3069 2055 per
3130 1991 3356 2055 aliquam
3413 2002 3705 2044 creaturam

2155 2058 2308 2118 facta,
2359 2074 2512 2123 quam
2557 2069 2848 2110 creaturam
2900 2060 3160 2111 hominem
3211 2060 3384 2123 fuisse,
3432 2076 3494 2114 ex
3547 2063 3707 2128 ipsius

2151 2129 2541 2181 cireumstantia
2590 2129 2876 2196 Scriptura:
2939 2129 3256 2182 intellectum
3319 2145 3348 2181 ει
3418 2132 3704 2199 majoribus

2153 2199 2348 2249 recula.

2220 2266 2511 2335 Gregorius.
2537 2293 2608 2306 -ο
2649 2265 2772 2319 Cum
2817 2265 3034 2319 audisset
3081 2265 3242 2319 Adam
3289 2282 3455 2320 vocem
3504 2268 3705 2322 Domini

2153 2334 2246 2386 Dei
2273 2334 2636 2388 deambulantis
2663 2338 2713 2388 in
2737 2337 2972 2403 paradiso
2998 2335 3065 2387 ad
3087 2352 3262 2389 auram
3292 2349 3399 2401 post
3425 2340 3699 2404 meridiem,

2147 2406 2406 2458 abscondit
2449 2422 2502 2458 se
2539 2407 2666 2458 inter
2707 2408 2844 2472 ligna
2889 2407 3135 2473 paradisi.
3178 2407 3557 2470 Nonnunquam
3611 2426 3702 2470 ter

2148 2475 2362 2538 angelos
2414 2476 2565 2527 simul
2608 2475 2780 2526 verbis
2829 2485 2879 2526 et
2911 2476 3066 2527 rebus
3137 2477 3363 2540 loquitur
3398 2477 3552 2541 Deus,
3583 2494 3697 2529 cuni

2145 2544 2459 2608 quibusdam
2510 2544 2736 2596 motibus
2782 2544 3008 2596 insinuat
3049 2545 3147 2597 huc
3190 2544 3325 2609 quod
3373 2549 3702 2597 sermonibus

2147 2623 2341 2665 narrat.
2369 2613 2546 2678 Neque
2589 2613 2727 2666 enim
2759 2611 2921 2665 Adam
2949 2623 3066 2679 post
3094 2615 3299 2681 culpam
3332 2614 3383 2666 iu
3431 2617 3699 2668 divinitate

2143 2683 2319 2755 videre
2351 2681 2721 2755 Deu‘tn‘potuit,
2768 2685 2858 2735 sed
2884 2685 3254 2752 increpationis
3283 2685 3442 2738 verba
3478 2702 3568 2755 per
3603 2701 3697 2736 au-

2146 2752 2319 2820 gelum
2347 2751 2562 2806 audivit.

2757 2836 3072 2877 υιεειρυιυε.

2209 2909 2313 2965 Sed
2343 2909 2679 2976 qumrendum
2709 2909 2856 2963 nobis
2889 2919 2972 2963 est
2997 2910 3118 2978 qttid
3145 2910 3212 2962 sit
3243 2910 3383 2977 quod
3418 2920 3533 2972 post
3566 2925 3689 2975 pec-

2137 2989 2315 3103 οτιὲιω
2351 2980 2590 3102 lbolminis
2634 2979 2886 3034 Dominus
2926 2980 2979 3034 in
3027 2982 3265 3049 paradiso
3289 2982 3396 3048 jam
3439 2995 3538 3033 non
3569 2990 3688 3048 stat,

2137 3063 2194 3103 se
2261 3064 2342 3102 am
2386 3066 2414 3102 υ
2440 3060 2510 3102 at.

2778 3154 3058 3192 MAGISTEB.

2209 3228 2316 3285 lloc
2347 3239 2585 3298 patenter
2611 3227 2764 3281 datur
2794 3227 3007 3294 intelligi
3051 3228 3185 3296 quod
3238 3228 3472 3281 irruente
3521 3227 3683 3294 culpa,

2137 3313 2195 3352 se
2215 3315 2242 3351 a
2267 3303 2425 3352 corde
2456 3298 2681 3351 hominis
2707 3308 2901 3350 motum
2927 3301 3269 3352 demonsmt.
3293 3298 3532 3360 Quidest
3556 3300 3683 3363 quud

2137 3370 2201 3420 ad
2254 3383 2432 3420 auram
2481 3377 2598 3432 post
2635 3370 2930 3431 meridiem,
2963 3368 3058 3420 nisi
3099 3367 3234 3434 quod
3291 3368 3376 3418 lux
3411 3367 3686 3418 ferventior

2137 3439 2370 3490 veritatis
2407 3438 2751 3502 abscesserat,
2784 3447 2836 3490 cl
2885 3436 3224 3504 peccatricem
3265 3439 3493 3488 animam
3526 3438 3684 3500 culpte

2135 3520 2242 3558 suae
2290 3506 2478 3572 frigora
2506 3507 2955 3573 constringebant.
2989 3507 3064 3560 Ad
3111 3521 3292 3558 auram
3325 3521 3548 3572 namque
3578 3514 3684 3572 pmt

2136 3574 2430 3639 meridiem,
2464 3577 2660 3643 primus
2694 3579 2849 3628 homo
2881 3586 2993 3641 post
3032 3575 3234 3643 culpam
3266 3577 3575 3634 absconsus,
3608 3576 3677 3624 in-

2135 3644 2376 3696 veuitur:
2407 3645 2529 3712 quia
2571 3646 2710 3699 enim
2755 3646 3099 3698 meridianum
3145 3647 3374 3697 calorem
3421 3643 3680 3696 cbaritatis

2138 3713 2457 3780 perdiderat,
2479 3715 2586 3783 jam
2617 3717 2714 3767 sub
2742 3714 2939 3782 peccati
2961 3714 3168 3778 umbra,
3200 3716 3343 3782 quasi
3376 3715 3475 3765 sub
3504 3713 3678 3780 frigore

2133 3798 2274 3835 aurae
2329 3791 2594 3850 torpebat;
2641 3787 2774 3837 sicut
2829 3786 2893 3836 de
2944 3785 3127 3838 eodem
3193 3783 3431 3850 peccanti
3480 3783 3677 3834 botuine

2133 3854 2387 3920 scriptum
2421 3863 2539 3907 est:
2576 3856 2707 3920 Quia
2751 3869 2946 3907 secatus
2991 3863 3061 3905 est
3106 3855 3352 3904 umbram.
3408 3850 3678 3903 Charitatis

2134 3924 2272 3974 enim
2303 3926 2529 3977 calorem
2564 3925 2883 3991 perdiderat,
2914 3931 2966 3976 et
2993 3937 3170 3991 verum
3197 3923 3361 3975 solem
3405 3922 3562 3991 homo
3589 3922 3675 3972 de-

2134 3993 2326 4055 seruit,
2358 4002 2409 4046 et
2437 3993 2535 4046 sub
2565 3990 2747 4046 umbra
2791 4008 2847 4045 se
2897 3991 3086 4044 interni
3134 3990 3337 4057 frigoris
3387 3990 3674 4042 abscondit.

2136 4059 2282 4114 Unde
2326 4075 2373 4114 et
2425 4077 2548 4116 voce
2587 4062 2818 4128 ejusdem
2864 4061 3106 4113 Veritatis
3158 4059 3394 4112 dicitur:
3438 4059 3674 4110 Abunda-

2133 4132 2202 4182 bit
2243 4133 2503 4200 iniquitas,
2544 4133 2827 4198 retrigescet
2877 4130 3090 4182 cliaritas
3151 4128 3675 4200 multorumtlllattli.

2133 4214 2278 4263 xxiv,
2324 4199 2433 4269 12).
2484 4201 2770 4266 lucrepavit
2825 4215 2949 4265 ergo
2993 4201 3154 4249 Adam
3201 4199 3581 4258 deambulans,
3628 4206 3676 4269 ut

2133 4271 2287 4321 cit-cis
2316 4267 2577 4322 memibus
2605 4269 2888 4336 nequitiam
2914 4281 3058 4320 suam
3088 4283 3188 4318 non
3221 4269 3395 4317 solum
3420 4267 3674 4316 sermoni-

2135 4338 2250 4398 bus,
2300 4339 2391 4391 sed
2430 4340 2584 4391 etiam
2630 4342 2786 4391 rebus
2832 4338 3090 4403 aperiret,
3136 4344 3394 4402 quatenus
3443 4346 3678 4400 peccatur

2135 4407 2314 4471 homo,
2359 4417 2413 4461 et
2455 4423 2546 4475 per
2578 4409 2732 4461 Verba
2761 4407 2896 4475 quod
2947 4406 3158 4468 iecerat,
3212 4403 3451 4462 audiret;
3496 4414 3547 4454 et
3587 4417 3674 4468 per

484 4469 689 4548 dientite
709 4469 810 4528 sua:
832 4484 1056 4543 conlusio
1095 4469 1418 4546 redundaret,
1451 4494 1494 4535 et
1525 4493 1790 4548 superatus
1821 4482 2029 4533 disceret
2059 4469 2110 4527 D
2134 4469 2628 4542 tleambulationem,
2668 4469 2862 4548 amisso
2893 4475 3195 4527 aeternitatis
3218 4483 3378 4535 statu,
3415 4475 3674 4524 mutabili-

483 4546 616 4610 quod
644 4546 801 4597 elatus
823 4550 1005 4601 amisit.
1035 4552 1278 4616 Sequitur
1302 4569 1314 4601 :

1096 4652 1204 4689 DISC
1228 4654 1284 4690 Pl.‘
1295 4653 1405 4689 LUS.

555 4726 884 4791 Augustinus.
907 4756 970 4766 —
1003 4728 1228 4778 Adduxit
1263 4726 1392 4777 Deus
1421 4726 1487 4777 ad
1529 4727 1688 4776 Adam
1716 4736 1892 4776 cuncta
1918 4743 2027 4778 ans-

487 4794 641 4845 malia
674 4808 716 4856 et
744 4797 983 4860 volatilia,
1016 4800 1279 4862 vidensque
1319 4812 1397 4862 ea,
1428 4795 1665 4862 imposuit
1706 4797 1926 4846 nomina.
1961 4795 2030 4849 Et

482 4865 793 4933 de_t_nuliere
817 4867 965 4931 pa'ritl
997 4878 1109 4933 post
1135 4866 1343 4918 dicitur.

566 4930 699 5005 Vidit
719 4930 865 5005 igitur
879 4930 1052 4987 mulier
1066 4937 1195 5002 quod
1215 4938 1391 5005 bonum
1405 4945 1527 4988 esset
1541 4935 1730 5005 lignum
1750 4934 1816 4983 ad
1833 4947 2028 5005 uescen-

486 5005 628 5054 dum.
651 5004 781 5056 Ecce
799 5004 1057 5069 Scriptura
1078 5004 1312 5058 manifest
1323 5005 1497 5057 issitne
1512 5002 1740 5057 ostendit
1753 5016 1836 5053 am
1847 5002 2026 5054 borum

485 5072 665 5125 oculos
705 5082 914 5139 apertos
955 5071 1129 5125 fuiSSc.
1162 5075 1268 5127 Nec
1311 5083 1390 5125 est
1417 5079 1553 5126 enim
1587 5077 1664 5124 las
1698 5073 1892 5133 dicere,
1924 5072 2029 5136 pri-

489 5156 601 5194 mos
628 5145 862 5195 homines
892 5157 1062 5194 ca'cus
1082 5144 1266 5207 lat-tos,
1294 5155 1343 5195 et
1365 5159 1457 5196 cur
1484 5152 1599 5207 post
1622 5141 1889 5208 paululum
1914 5147 2029 5208 post

488 5213 606 5276 ligni
656 5213 798 5265 vetiti
852 5221 1044 5264 tactum
1097 5212 1278 5265 eadem
1328 5214 1594 5280 Scriptura
1623 5207 1805 5261 dicit:
1855 5207 2027 5276 Aperti

487 5290 596 5332 sunt
625 5282 754 5334 oculi
780 5284 1035 5334 amborum
1055 5283 1081 5334 7

1125 5363 1400 5405 IMGISTER.

553 5439 664 5495 Nisi
695 5443 877 5494 oculos
907 5453 1114 5509 apertos
1160 5444 1429 5503 haberent,
1464 5455 1560 5492 nec
1607 5439 1694 5492 ille
1719 5438 2027 5509 animalibus

493 5514 702 5563 numina
735 5508 1040 5578 imponeret,
1069 5528 1166 5566 nec
1191 5514 1273 5564 illa
1303 5513 1502 5564 rideret
1531 5509 1654 5575 ligni
1694 5508 2029 5574 pulchritudi-

489 5598 631 5633 ιιι-ιιι.
685 5583 791 5634 Hoc
837 5580 1027 5646 quippe
1080 5597 1253 5633 verum
1303 5594 1384 5633 est
1435 5584 1552 5647 quia
1601 5583 1780 5632 oculos
1822 5588 2029 5646 apertos

491 5648 765 5712 haberent,
811 5657 864 5702 et
906 5658 1078 5703 tamen
1131 5650 1226 5700 .ιὶμὶ
1281 5651 1344 5701 ad
1393 5650 1584 5716 aliquid
1630 5658 1804 5702 essent
1841 5648 2026 5709 clausi,

493 5719 784 5774 nttllattuus
813 5722 1078 5790 Scriptura
1111 5719 1326 5783 diccrct,
1374 5719 1540 5788 Aperti
1577 5728 1693 5772 sunt
1741 5717 1872 5771 oculi
1917 5733 2025 5769 am-

2131 4551 2251 4598 tatis
2300 4563 2408 4598 suae
2464 4546 2857 4600 iliconstantiain
2907 4553 3188 4598 cerneret:
3222 4553 3275 4595 et
3329 4558 3420 4605 per
3475 4556 3669 4600 auram,

2131 4617 2334 4667 ierv0re
2379 4616 2645 4666 ebaritatis
2692 4616 2930 4678 expulso,
2966 4623 3226 4677 torporem
3259 4626 3411 4662 smnn
3443 4610 3670 4660 animad-

2130 4694 2374 4743 verteret,
2399 4695 2450 4734 et
2488 4697 2581 4748 per
2601 4683 3001 4735 declinationem
3024 4681 3147 4733 solis
3170 4689 3512 4747 cognosceret
3541 4681 3670 4747 quod

2128 4754 2191 4804 ad
2226 4752 2467 4805 tenebras
2497 4751 2883 4820 propinquaret.

2739 4856 3052 4895 DISCIPULUS.

2203 4929 2409 4982 Vocarit
2448 4938 2614 4982 autent
2654 4928 2895 4981 Dominus
2923 4929 3105 4991 Adam,
3150 4937 3195 4978 et
3235 4927 3363 4978 dixit
3392 4943 3410 4978 :
3464 4924 3560 4979 Ubi
3583 4927 3668 4979 esi

2125 5000 2259 5062 Quid
2289 5008 2370 5052 est
2398 4999 2536 5064 quod
2566 4999 2814 5052 Dominus
2841 5007 2958 5066 post
2986 4999 3187 5062 lapsum
3230 4997 3446 5060 requirit
3483 4999 3664 5066 Adam,

2131 5069 2226 5121 Ubi
2260 5071 2358 5121 es?
2405 5069 2765 5134 Nunquidnam
2803 5065 2975 5119 divina
3019 5068 3247 5130 potentia
3297 5067 3559 5118 nesciebat
3602 5065 3665 5115 ad

2126 5153 2253 5260 quIae.
2279 5149 2398 5260 post
2423 5140 2652 5256 1,culpani
2717 5149 2902 5190 servus
2951 5135 3162 5190 latibula
3213 5134 3455 5204 fugerat,
3507 5147 3660 5200 quem

2127 5223 2233 5259 ltlll
2299 5215 2406 5260 atet

2127 5215 2253 5260 nihil
2279 5215 2406 5261 latet

2757 5311 3033 5351 MAGISTEI.

2200 5389 2306 5443 lloc
2333 5388 2516 5456 procul
2539 5388 2695 5441 dubio
2723 5389 3066 5454 credendum,
3102 5389 3222 5456 quia
3253 5385 3428 5438 omnia
3445 5384 3574 5436 nuda
3606 5394 3660 5438 et

2127 5470 2304 5525 aperta
2331 5467 2453 5512 sunt
2481 5457 2648 5511 oculis
2667 5459 2779 5523 ejus
2809 5475 2820 5509 :
2845 5461 2935 5512 sed
2960 5460 3079 5526 quia
3103 5459 3228 5509 vidit
3259 5459 3409 5523 culpa
3439 5457 3658 5518 lapsum,

2127 5531 2284 5579 etiam
2312 5531 2408 5580 sub
2430 5536 2643 5592 peccatu
2674 5528 2814 5582 velut
2837 5531 2903 5580 ab
2934 5525 3100 5580 oculis
3152 5527 3389 5578 veritatis
3440 5525 3655 5577 abst-nu.

2127 5597 2317 5657 ditutn,
2345 5599 2463 5664 quia
2523 5597 2766 5651 tenebras
2808 5598 3004 5650 eri-mis
3051 5597 3162 5662 ejus
3209 5595 3482 5660 approbat,
3510 5593 3655 5660 quasi

2128 5665 2214 5717 ubi
2246 5668 2314 5717 sit
2345 5663 2583 5733 peccator
2608 5667 2831 5733 ignorat,
2864 5679 3087 5731 eumque
3133 5675 3315 5716 erui-at
3344 5675 3393 5718 et
3441 5663 3654 5729 requirit

2130 5738 2307 5790 dicens
2342 5752 2352 5787 :
2387 5737 2565 5801 Adam,
2598 5737 2678 5786 ubi
2700 5753 2751 5787 cs
2783 5737 2804 5785 ἶ)
2835 5736 2928 5787 l‘er
2957 5734 3052 5788 hoc
3085 5735 3220 5804 quod
3254 5745 3423 5799 vocat,
3452 5736 3651 5801 signati;
