3934 6222
228 305 335 359 2⁸1

1322 299 1765 368 ρυιΕΞΤΙΟΝΕΞ
1804 300 2020 356 SUPER
2061 303 2369 358 GENESIM.

3343 305 3449 359 €82

229 421 323 474 dat
354 422 474 485 quia
506 419 569 471 ad
602 417 957 485 pmnitentiam
991 425 1197 470 revocat
1225 432 1237 468 :
1270 431 1360 480 per
1393 417 1490 467 hoc
1533 416 1670 483 quod
1705 429 1785 469 re-
1815 418 1864 474 Δ
1890 413 2096 485 deatur,
2128 417 2248 483 quia
2282 416 2561 483 unicuique
2590 416 2850 485 peccatori
2876 419 3150 474 exordium
3181 421 3444 475 illumina-

230 489 421 552 quirit,
448 501 628 556 aperte
657 487 886 540 insinuat
913 486 1030 555 quia
1059 495 1357 556 peccatores
1377 485 1492 550 jure
1523 485 1787 537 damnan-

231 562 336 612 dos
368 554 596 627 ignorat.
629 557 741 627 Hoc
764 554 992 627 namque
1019 557 1068 608 in
1103 554 1217 607 loco
1251 555 1514 627 desperati
1547 555 1608 627 ad
1637 570 1784 622 spem

231 625 481 692 redeant,
517 628 633 694 quia
658 637 710 679 et
732 626 828 692 ipsi
853 625 996 694 impii
1022 627 1254 694 adspem
1289 625 1622 690 indulgentitu
1665 638 1779 689 pro-

227 710 514 754 vomutnr,
537 693 543 694 ⁷
569 697 664 761 Qui
694 698 764 747 ait
794 713 805 747 :
851 693 1053 759 Audivi,
1089 693 1315 755 Domine,
1355 709 1521 745 vocem
1569 704 1706 743 tuam
1733 694 1784 744 in

230 771 502 834 paradiso,
532 777 576 819 et
609 767 752 834 timui
770 782 832 817 eo
852 764 993 831 quod
1019 767 1182 816 nudus
1228 770 1403 834 essem,
1451 771 1496 815 et
1546 763 1787 834 abscondi

229 833 334 889 me.
372 838 472 900 Qui
500 838 662 889 dixit:
698 833 818 897 Quis
867 836 996 886 enim
1039 834 1277 885 indicavit
1309 833 1396 882 tibi
1445 833 1578 897 quod
1622 833 1784 883 nudus

229 923 368 959 esses
396 949 409 968 ,
446 907 542 959 nisi
569 906 702 972 quod
726 920 787 956 ex
822 906 980 970 ligno,
1010 905 1072 955 de
1095 920 1193 970 quo
1241 903 1328 953 tibi
1353 916 1682 972 praeceperant
1725 917 1786 952 ne

230 979 540 1038 comedens,
567 970 824 1027 comedisti
853 975 876 1026 ?
907 974 1140 1032 Dixitque
1169 974 1330 1023 Adam
1357 987 1370 1021 :
1425 970 1607 1022 Mulier
1636 987 1785 1033 quant

230 1045 426 1097 dedisti
447 1047 569 1098 mihi
591 1045 799 1105 sociam,
826 1045 962 1096 dedit
984 1043 1105 1095 mihi
1127 1042 1188 1093 dc
1216 1043 1369 1108 ligno,
1404 1050 1448 1091 et
1477 1042 1686 1092 comedi.

307 1112 602 1184 Gregorius.
630 1144 698 1154 —
726 1113 1008 1168 Sciendum
1038 1126 1366 1184 summopere
1389 1122 1464 1184 est
1492 1110 1627 1175 quod
1660 1124 1784 1171 qua-

231 1193 358 1236 tuor
389 1180 558 1238 modis
582 1193 851 1250 peccatum
878 1191 1208 1249 perpetratur
1258 1182 1307 1231 in
1341 1180 1518 1242 corde,
1563 1190 1786 1244 quatuor

229 1264 636 1308 consummatur
683 1255 732 1305 in
764 1267 944 1317 opere.
1003 1253 1055 1305 ln
1104 1250 1263 1303 corde
1316 1264 1540 1317 namque
1595 1263 1783 1316 sugge-

228 1325 430 1391 Stione,
460 1324 830 1386 delectatione,
854 1336 1115 1375 consensu
1169 1328 1219 1372 et
1268 1319 1587 1391 defensionis
1619 1320 1783 1391 anda-

229 1394 311 1466 cia
336 1388 690 1457 perpetratur.
724 1392 963 1445 Fitenim
993 1392 1256 1457 suggestio
1289 1404 1379 1455 per
1403 1388 1779 1466 adversarium,

228 1463 519 1516 delectatio
543 1478 634 1530 per
659 1477 896 1536 carnem,
928 1475 1217 1536 consensus
1250 1457 1637 1536 per-spiritum,
1687 1457 1782 1507 de-

227 1532 488 1585 fensionis
539 1529 754 1584 audacia
790 1547 883 1593 per
926 1532 1233 1583 elationem.
1273 1529 1432 1592 Culpa
1482 1529 1618 1577 enim
1667 1542 1782 1590 qu:e

227 1612 437 1656 terrere
468 1611 692 1654 mentem
718 1601 918 1659 debuit,
944 1601 1165 1663 extollit,
1191 1607 1241 1650 et
1268 1596 1561 1664 dejiciendi)
1589 1597 1779 1661 elevat,

227 1673 322 1723 sed
352 1672 562 1735 gravius
582 1671 832 1723 elevando
860 1671 1191 1735 supplantat:
1223 1667 1357 1718 unde
1384 1676 1433 1718 et
1462 1667 1598 1717 illam
1627 1667 1778 1730 primi

228 1739 466 1794 hominis
514 1741 877 1793 rectitudinem
919 1740 1164 1806 antiquus
1211 1737 1372 1789 Itostis
1420 1736 1498 1787 his
1555 1745 1777 1802 quatuor

229 1809 430 1864 Ictibus
459 1810 630 1878 fregit.
661 1811 808 1873 Nam,
836 1821 892 1860 ut
925 1823 1077 1868 supra
1111 1808 1357 1863 diximus.
1385 1820 1615 1878 serpens
1659 1821 1780 1878 sna-

226 1880 322 1945 sit,
349 1881 456 1931 Eva
485 1876 739 1933 delectata
787 1887 866 1932 est
913 1896 924 1930 :
960 1878 1122 1930 Adam
1154 1876 1440 1936 consensit,
1485 1876 1572 1939 qui
1622 1877 1778 1928 etiam

228 1949 520 2018 requisitos
566 1949 805 2002 confiteri
858 1947 1093 2013 culpam,
1127 1961 1219 2014 per
1266 1946 1534 2018 atnlaciam
1591 1946 1775 2018 noluit.

229 2013 344 2071 llt-c
368 2034 497 2071 vero
543 2019 591 2070 in
648 2017 874 2070 humano
907 2032 1099 2084 genere
1134 2013 1379 2080 quotidie
1425 2013 1611 2084 agitor,
1640 2017 1778 2076 quod

227 2097 408 2139 actum
441 2088 489 2139 in
523 2088 687 2152 primo
718 2083 933 2156 parente
961 2086 1124 2138 nostri
1142 2084 1348 2156 generis
1367 2097 1466 2156 non
1489 2083 1776 2156 ignoratur.

227 2157 469 2224 Serpens
496 2158 679 2218 suasit,
711 2153 829 2224 quia
861 2157 1096 2208 occultus
1148 2154 1316 2206 hostis
1353 2153 1486 2204 tnais
1536 2153 1781 2208 cordibus

229 2224 506 2279 hominum
537 2228 755 2279 latenter
785 2228 1058 2295 suggerit:
1096 2224 1498 2295 Evadelectata
1531 2233 1633 2295 est,
1661 2225 1780 2290 quia

227 2296 465 2349 Caritatis
497 2310 682 2348 sensus
710 2297 772 2348 al
807 2292 962 2348 verba
993 2294 1255 2360 serpentis
1297 2308 1414 2344 mox
1447 2306 1504 2344 se
1551 2292 1781 2344 delecta-

229 2365 379 2441 tione
404 2365 712 2441 subSIernit.
743 2364 1032 2441 Assensum
1061 2378 1186 2416 vero
1216 2362 1616 2441 Adam-mulieri.
1647 2376 1778 2428 pra!-

230 2435 437 2508 positus
469 2436 708 2508 prtebuit,
751 2437 868 2500 quia
923 2433 1046 2508 dum
1103 2447 1227 2508 caro
1277 2432 1326 2508 in
1357 2430 1778 2508 delectationem

228 2501 648 2568 rapitttr,'etiattt
676 2519 703 2556 a
757 2519 848 2557 sua
903 2504 1214 2557 rectitudine
1242 2501 1456 2565 spiritus
1487 2501 1780 2555 infirmatus

227 2573 532 2642 inclinatur.
567 2573 629 2625 Et
658 2573 936 2642 requisitos
967 2574 1130 2625 Adam
1159 2571 1411 2642 confiteri
1433 2570 1778 2642 culpaminu-

228 2640 348 2703 lttit,
379 2645 498 2710 quia
534 2639 773 2697 videlicet
800 2644 1014 2702 spiritus
1047 2655 1151 2706 quo
1181 2639 1449 2709 peccando
1478 2655 1509 2710 a7
1559 2641 1780 2694 veritate

226 2709 568 2778 disiungitur.
595 2727 656 2764 eo
685 2712 733 2764 in
767 2713 931 2766 ruinzc
961 2726 1070 2765 suae
1099 2711 1316 2763 audacia
1361 2709 1578 2774 nequius
1617 2711 1803 2762 obitu--

226 2790 399 2833 ratur.
420 2783 516 2834 Per
540 2781 776 2834 timorem
801 2783 993 2848 quippe
1021 2781 1183 2833 Adam
1203 2780 1541 2846 semetipsum
1560 2781 1781 2833 abscon-

226 2865 392 2902 surns
423 2850 640 2914 fugerat,
675 2851 766 2903 sed
797 2861 966 2904 tamen
1000 2850 1282 2919 requisitas
1334 2851 1579 2919 innotuit,
1614 2863 1780 2915 quan-

227 2929 342 2971 tum
375 2921 530 2972 etiam
579 2922 769 2973 tintens
801 2918 1232 2973 tumebat.’Cum
1281 2918 1421 2971 enim
1469 2932 1531 2970 ex
1567 2929 1780 2984 peccato

226 3001 466 3055 praesens
490 3005 637 3053 ptena
672 2991 942 3053 metuitur,
998 2999 1048 3042 et
1093 2989 1283 3040 amissa
1345 2987 1433 3040 Dei
1467 2987 1625 3040 facies
1674 3003 1777 3042 non

225 3067 458 3119 amatur,
490 3058 642 3111 timor
667 3061 764 3113 iste
794 3075 857 3114 ex
883 3069 1085 3112 tumore
1113 3068 1213 3121 est,
1240 3073 1341 3110 non
1372 3072 1433 3109 ex
1467 3058 1774 3113 humilitate.

226 3125 418 3180 Iisdem
447 3127 601 3181 etiam
627 3140 851 3195 quatuor
876 3130 1041 3182 modis
1078 3138 1346 3196 peccatum
1383 3137 1779 3183 consummatur

225 3211 278 3249 In
304 3210 486 3264 opere.
514 3198 687 3250 Primo
718 3213 942 3267 namque
961 3201 1126 3250 latens
1149 3198 1299 3264 culpa
1318 3197 1506 3262 agitur.
1539 3207 1776 3263 postmo-

226 3271 355 3318 dum
385 3281 511 3320 veto
536 3267 690 3319 etiam
724 3276 844 3322 ante
901 3268 1080 3321 oculos
1115 3268 1384 3320 hominum
1435 3267 1551 3318 sine
1599 3269 1780 3323 confu-

225 3335 376 3389 sione
404 3348 578 3389 reatus
604 3339 836 3403 aperitur
869 3355 882 3389 :
933 3339 1125 3390 dehinc
1172 3347 1224 3390 et
1267 3337 1315 3388 in
1347 3338 1777 3392 consuetudinem

224 3405 458 3470 ducitur,
493 3407 556 3459 ad
585 3415 876 3459 extremum
909 3422 1117 3474 quoque
1141 3407 1220 3459 vel
1270 3406 1416 3458 falsze
1457 3407 1565 3472 spei
1623 3409 1778 3461 sedu-

224 3475 536 3539 cunnibus,
595 3476 672 3527 vel
720 3476 1072 3529 obstinatione
1122 3476 1330 3529 miserae
1389 3474 1776 3542 desperationis

223 3543 508 3612 enutritur.
543 3544 788 3612 Sequitur
828 3559 842 3598 :

297 3611 362 3664 Et
385 3613 512 3666 dixit
545 3611 787 3668 Dominus
817 3616 884 3667 ad
911 3617 1173 3668 mulietem
1202 3631 1220 3667 :
1244 3613 1413 3680 Quare
1452 3615 1542 3668 Itoc
1569 3618 1729 3685 {eciin
1755 3620 1778 3671 ?

227 3681 358 3753 Qua:
385 3685 640 3750 respondit
662 3699 680 3736 :
706 3685 923 3752 Serpens
946 3687 1138 3753 decepit
1165 3702 1257 3737 me.

292 3750 589 3820 Gregorius.
613 3783 683 3792 —
708 3754 785 3807 Ad
805 3750 916 3808 'ltoc
948 3750 1142 3822 quippe
1165 3755 1395 3822 requisiti
1448 3758 1670 3815 fuerant,
1723 3769 1775 3812 ttt

228 3833 505 3891 peccatum
532 3824 668 3891 quod
702 3824 1140 3891 transgrediendo
1188 3828 1560 3877 commiserant
1611 3829 1775 3880 confi-

225 3890 386 3942 tendo
411 3890 665 3946 delerent.
697 3890 924 3963 Undeet
957 3894 1178 3961 serpens
1208 3893 1296 3946 ille
1329 3909 1628 3960 persuaSor,
1683 3900 1770 3963 qui

228 3973 333 4012 non
360 3969 480 4031 erat
506 3961 828 4016 revocandus
853 3963 916 4015 ad
949 3965 1176 4025 veniam,
1218 3979 1318 4015 non
1368 3965 1434 4018 de
1488 3966 1638 4031 culpa
1691 3961 1772 4021 est

221 4028 531 4095 requisitas.
565 4032 918 4100 Interrogatus
947 4035 1121 4101 itaque
1154 4034 1309 4084 homo
1345 4043 1422 4086 est
1480 4028 1588 4086 ubi
1609 4045 1766 4101 esset,

223 4114 278 4150 Ill
308 4106 427 4163 post
448 4110 797 4168 perpetratam
823 4106 1027 4169 culpam
1059 4103 1410 4168 resipisceret,
1437 4114 1487 4154 et
1512 4105 1769 4158 confiten-

218 4169 289 4219 do
317 4181 628 4234 agnosceret
671 4186 827 4238 quam
879 4175 1033 4239 longe
1077 4187 1107 4225 a
1164 4171 1451 4225 conditoris
1500 4175 1578 4226 sui
1638 4176 1768 4227 facie

217 4241 520 4309 abscessit:
567 4241 658 4294 sed
689 4241 939 4295 adbibere
964 4242 1172 4294 sibimet
1203 4243 1404 4309 utrique
1445 4242 1765 4298 defensionis

221 4307 408 4356 Solatia
441 4324 595 4373 quam
625 4310 976 4363 confessionis
1023 4307 1577 4377 elegerunt.'Cumque
1605 4328 1765 4366 excu-

218 4388 342 4427 sare
367 4390 634 4440 peccatum
667 4381 830 4430 voluit
859 4381 938 4432 vir
990 4396 1080 4439 per
1129 4382 1422 4444 mulierem,
1456 4382 1640 4433 mulier
1672 4399 1762 4448 per

219 4439 557 4513 serpentem,
609 4459 871 4501 auxerunt
925 4451 1152 4515 culpam,
1203 4465 1355 4517 quam
1409 4439 1540 4503 tueri
1591 4439 1759 4506 conati
1792 4439 1840 4498 D

220 4527 339 4567 sunt
375 4517 638 4588 :ioblique
664 4518 830 4570 Adam
877 4517 1151 4570 Dominum
1199 4530 1434 4585 tangens,
1483 4522 1619 4587 quod
1654 4521 1764 4588 ipse

221 4587 632 4657 peccatieorum
656 4598 836 4640 auctor
863 4591 1144 4657 opstiterit,
1188 4591 1274 4657 qni
1311 4591 1578 4641 mulierem
1612 4587 1761 4655 fecit;

217 4654 326 4706 Eva
356 4655 562 4720 culpam
589 4657 652 4708 ad
679 4654 953 4710 Dominum
1001 4654 1217 4719 referri,
1240 4660 1324 4723 qui
1372 4670 1668 4722 serpentem
1715 4664 1762 4712 in

221 4723 463 4788 paradiso
511 4727 792 4790 posuisset.
843 4727 937 4790 Qui
993 4730 1131 4779 enim
1159 4742 1250 4779 ore
1298 4728 1488 4780 diaboli
1539 4731 1764 4784 fallentis

220 4791 518 4864 audierant,
577 4793 738 4847 Eritis
782 4804 834 4847 ut
867 4797 956 4860 dii,
993 4798 1127 4864 ,qttia
1183 4796 1290 4849 Duo
1335 4812 1452 4850 esse
1482 4800 1677 4849 similes
1713 4803 1762 4852 in

216 4861 490 4932 divinitate
541 4879 643 4918 non
691 4867 985 4932 quiverant,
1017 4861 1080 4919 ad
1127 4870 1320 4920 erroris
1370 4872 1449 4920 sui
1494 4869 1759 4922 cumulum

222 4927 389 4984 Deum
429 4933 529 4985 sibi
555 4927 780 4987 situilem
812 4927 984 4990 facere
1012 4937 1061 4988 in
1095 4937 1244 5001 culpa
1291 4938 1463 4990 conati
1501 4946 1642 4989 sunt.
1674 4938 1763 4994 Sic

219 5013 345 5068 ergo
367 5010 573 5054 reatum
603 5017 754 5056 suum
777 5005 901 5057 dum
949 5005 1230 5059 defendere
1259 5008 1564 5068 moliuntur,
1609 5007 1762 5060 addi—

219 5071 424 5145 derunt,
452 5079 509 5125 ut
533 5072 680 5137 culpa
710 5087 891 5145 eorum
922 5077 1148 5128 atrocior
1167 5075 1399 5127 discussa
1431 5075 1578 5129 lieret
1603 5093 1759 5145 quam

222 5141 397 5212 fuerat
425 5151 743 5212 perpetrata.
762 5142 925 5212 Unde
950 5159 1087 5197 nunc
1114 5159 1318 5212 quoque
1350 5148 1558 5198 humani
1604 5141 1762 5212 gene-

223 5209 291 5260 i‘is
313 5211 446 5264 rami
473 5225 534 5264 ex
565 5215 662 5264 hac
688 5211 857 5265 adhuc
886 5215 1058 5266 radice
1085 5209 1484 5268 amaritudinem
1525 5209 1755 5279 trahunt,

222 5289 270 5328 et
302 5293 420 5330 cum
446 5279 513 5333 de
537 5290 658 5333 voto
683 5295 779 5335 suo
828 5285 1048 5349 quiSque
1094 5285 1342 5351 arguitur,
1372 5288 1470 5336 sub
1497 5286 1760 5336 dcfensio-

223 5360 344 5398 num
373 5351 550 5419 verbis
577 5352 724 5418 quasi
764 5353 863 5404 sub
888 5354 1112 5419 quadam
1143 5369 1200 5406 se
1245 5355 1431 5406 arbore
1486 5355 1619 5405 foliis
1668 5357 1759 5408 ab-

223 5416 532 5490 scondittet
587 5416 726 5474 velut
754 5416 991 5490 quaedam
1045 5425 1394 5474 excusationis
1438 5439 1543 5475 suae
1593 5440 1755 5488 opaca

219 5496 418 5559 secreta
451 5488 638 5542 faciem
683 5488 982 5543 Conditoris
1035 5493 1180 5559 fugit,
1210 5494 1330 5543 dum
1363 5507 1464 5544 non
1514 5496 1624 5545 vult
1668 5512 1756 5546 co-

220 5554 392 5618 gnosci
421 5559 560 5624 quod
581 5560 720 5611 fecit.
745 5561 797 5613 In
823 5563 919 5615 hac
935 5554 1174 5614 videlicet
1199 5562 1546 5616 occultatione
1571 5579 1671 5616 non
1698 5579 1756 5618 se

224 5625 462 5701 Domino,
493 5627 902 5701 sedDominum
935 5631 1210 5685 abscondit
1237 5631 1354 5683 sibi.
1403 5634 1522 5698 Agit
1567 5633 1755 5701 quippe

224 5708 284 5751 ne
321 5699 498 5751 omnia
528 5694 786 5753 videntem
817 5702 1006 5767 videat,
1058 5718 1157 5756 non
1212 5712 1384 5755 autem
1421 5694 1485 5757 ne
1515 5694 1626 5772 ipse
1658 5694 1752 5758 'vi-

1890 483 2046 535 tionis
2073 496 2152 537 est
2189 486 2453 537 humilitas
2483 483 2846 539 confessionis.

1960 551 2100 624 Dixit
2128 570 2320 622 quoque
2346 552 2478 606 Deus
2507 557 2572 606 ad
2598 564 2873 622 serpentem
2908 573 2918 606 :
2974 555 3103 620 Quia
3131 559 3295 624 fecisti
3324 560 3436 622 hoc,

1885 622 2179 676 mledictus
2211 639 2260 675 es
2311 625 2441 675 inter
2469 625 2636 676 omnia
2663 625 2939 676 animantia
2963 635 3008 676 et
3059 622 3244 680 bestias
3273 639 3440 680 terrae.

1888 690 2055 754 Super
2089 701 2252 747 nectus
2285 703 2423 744 tuum
2454 694 2723 760 gradieris,
2752 705 2797 745 et
2840 706 3023 747 terram
3053 697 3278 750 comedes
3306 690 3445 748 cnn—'

1885 761 1976 810 ctis
2004 760 2174 812 diebus
2206 763 2319 813 tlin
2362 771 2506 814 tum:
2556 763 2843 815 inimicitias
2890 780 3074 829 ponant
3125 765 3255 818 inter
3305 777 3350 816 te
3393 777 3439 818 et

1887 831 1991 879 mul
2011 845 2159 894 erem,
2189 842 2230 882 et
2255 847 2418 882 semen
2443 839 2599 894 tuum,
2630 842 2675 883 et
2704 849 2870 885 semen
2891 834 3048 897 illius,
3079 835 3192 900 ipsa
3217 846 3437 888 conteret

1886 907 2032 968 caput
2064 908 2228 960 luunt,
2257 911 2300 950 et
2327 910 2378 950 tu
2409 901 2640 952 insidia!»
2659 903 2727 953 ris
2757 903 2866 968 ejus
2896 903 3151 957 calcaneo.

1959 966 2292 1036 Hieronymus
2323 971 2372 1021 in
2395 969 2657 1022 Hebraicis
2689 966 3082 1034 Qutcstionibtts.
3111 1002 3179 1014 --
3221 973 3274 1026 ltt
3326 974 3434 1027 ile-

1885 1036 2026 1089 bra‘o
2057 1037 2125 1088 ita
2154 1038 2393 1110 habetur,
2451 1039 2619 1107 Super
2672 1052 2853 1105 pectus
2902 1051 3046 1095 tuum
3075 1043 3347 1110 gradieris,
3385 1044 3433 1094 id

1885 1115 2073 1179 θήρη
2114 1108 2425 1179 calliditates
2481 1117 2534 1160 et
2588 1111 2842 1162 \‘ersutias
2894 1108 3268 1179 cogitationum
3322 1112 3435 1179 ejus

1885 1176 2132 1248 aperiret,
2165 1177 2309 1248 quod»
2337 1193 2518 1230 omnes
2544 1247 2549 1248 ν
2573 1194 2786 1241 gressus
2826 1176 2987 1247 ipsius
3019 1183 3262 1248 nequitia:
3293 1176 3437 1234 esset

1884 1254 1936 1296 et
1967 1243 2181 1297 fraudis.
2211 1246 2312 1298 Sed
2342 1257 2393 1298 et
2419 1247 2553 1314 quod
2581 1251 2816 1313 sequitur
2848 1243 2860 1299 Ξ
2895 1243 3115 1302 Τενναηῖ
3145 1251 3438 1302 manduca-

1887 1314 1980 1387 tris,
2017 1328 2108 1379 pro
2133 1325 2269 1367 terra
2311 1315 2490 1382 Apbar
2529 1319 2784 1383 scriptum
2818 1330 2918 1382 est,
2969 1320 3105 1387 quod
3138 1336 3233 1374 nos
3289 1321 3436 1371 lavd-

1887 1381 1986 1434 lam
2039 1399 2315 1449 possumus
2362 1381 2423 1438 et
2472 1381 2740 1451 pulverem
2789 1381 2999 1442 dicere:
3048 1387 3173 1450 Ipsa
3217 1399 3438 1440 conteret

1884 1461 2223 1530 caput‘tuttm,
2269 1463 2315 1505 et
2344 1465 2397 1507 tu
2444 1455 2764 1530 ittsitliaberis
2793 1459 3030 1530 calcaneo
3075 1463 3206 1530 ejus,
3235 1461 3353 1530 quia
3384 1469 3436 1510 et

1886 1522 2051 1573 nostri
2084 1537 2298 1588 gressus
2331 1526 2720 1591 praepediuntur
2751 1543 2778 1578 a
2826 1528 3069 1588 colubro,
3094 1522 3150 1582 et
3184 1522 3435 1580 Dominus

1888 1601 2125 1661 conteret
2156 1592 2402 1646 Satanam
2435 1594 2533 1647 sub
2567 1596 2783 1661 pedibus
2824 1598 3017 1650 nostris
3048 1595 3319 1652 velociter.

1954 1659 2081 1732 item
2107 1662 2481 1728 recapitulatio.
2500 1659 2784 1716 —'Dicitur
2811 1679 2987 1730 pOStea
3019 1669 3246 1732 serpenti
3279 1684 3290 1718 :
3322 1665 3429 1717 Ma-

1883 1729 2094 1781 ledictus
2118 1732 2213 1783 eris
2240 1733 2366 1783 inter
2391 1733 2558 1785 omnia
2584 1729 2882 1797 animantia,
2912 1752 3060 1800 super
3086 1729 3254 1801 pectus
3291 1746 3428 1786 tuum

1881 1807 1926 1849 et
1955 1809 2168 1851 ventrem
2190 1803 2450 1868 gradieris.
2485 1802 2707 1856 Nomine
2736 1807 2927 1857 etvnitn
2977 1805 3202 1870 pectoris
3232 1806 3429 1870 signlli-

1886 1876 2034 1919 CJllH'
2089 1872 2331 1934 snperbia
2378 1873 2566 1925 utentis
2603 1890 2613 1923 :
2652 1874 2860 1928 nomine
2910 1883 3084 1927 autem
3117 1889 3334 1932 ventris.
3375 1882 3430 1923 nt

1879 1937 2216 2007 Septuaginta
2233 1942 2567 2002 transtulere,
2585 1942 2940 2007 significantur
2955 1944 3213 1997 desideria
3231 1944 3427 1995 carnis.

1882 2006 2133 2078 lliscnim
2166 2009 2366 2061 duabus
2400 2010 2554 2062 rebus
2583 2006 2747 2076 serpit
2771 2013 3013 2077 diabolus
3043 2029 3135 2066 eos
3156 2029 3286 2078 quos
3323 2014 3429 2061 volt

1880 2075 2147 2140 decipere,
2177 2078 2225 2128 id
2256 2087 2354 2141 est,
2384 2089 2473 2130 ant
2499 2075 2704 2133 terrena
2754 2081 3062 2145 cupiditate,
3091 2091 3144 2134 ct
3176 2075 3426 2142 luxuria,

1879 2153 1970 2196 aut
1998 2147 2241 2212 superbia
2271 2157 2322 2200 et
2345 2150 2522 2200 insana
2554 2151 2718 2203 ruina.
2754 2149 2821 2202 Et
2867 2159 3051 2202 terram
3083 2153 3429 2211 manducubts,

1881 2213 1928 2266 id
1961 2225 2060 2288 est,
2091 2215 2233 2288 ad__te
2267 2218 2597 2288 pertinebunt
2631 2233 2760 2286 quos
2792 2230 2998 2274 terrena
3028 2219 3310 2288 cupiditate
3344 2220 3435 2270 dc.-

1880 2285 2100 2350 ceperis.
2138 2284 2379 2338 Omnibus
2406 2287 2578 2340 diebus
2607 2284 2717 2340 vitae
2745 2300 2864 2356 tum,
2898 2290 2947 2343 id
2971 2284 3261 2353 estfomni
3296 2298 3430 2339 tem-

1882 2368 2007 2419 pore
2037 2356 2282 2421 (iungis
2315 2359 2446 2409 hanc
2481 2366 2812 2424 potestatem,
2844 2367 2968 2413 ante
3000 2359 3142 2414 illam
3195 2359 3428 2412 ultimam

1882 2437 2089 2489 pinnam
2114 2424 2316 2491 judicii.
2349 2425 2654 2479 Inimicitias
2703 2445 2888 2496 ponam
2931 2431 3060 2482 inter
3105 2438 3152 2482 te
3177 2439 3222 2483 et
3251 2427 3433 2480 mulie-

1879 2508 2005 2552 rem.
2035 2503 2079 2544 et
2108 2509 2272 2546 semen
2309 2504 2467 2557 tuum,
2498 2508 2544 2549 et
2576 2514 2741 2549 semen
2792 2500 2955 2552 illius.
2989 2500 3180 2554 Semen
3238 2497 3428 2551 diaboli

1884 2575 2131 2625 perversa
2159 2565 2422 2630 suggestio
2453 2576 2564 2628 est;
2599 2581 2776 2620 semen
2809 2569 3064 2632 mulieris,
3119 2571 3318 2622 fructus
3347 2578 3429 2620 est

1883 2632 2005 2706 boni
2057 2633 2282 2706 operis,__
2313 2648 2416 2700 quo
2453 2651 2712 2700 perversa:
2767 2639 3086 2706 suggestioni
3138 2637 3426 2692 resistitur.

1878 2698 2002 2775 ῙΡεςι
2031 2698 2177 2768 caput
2207 2698 2344 2775 illini
2365 2698 2604 2775 conteret,
2637 2708 2678 2758 si
2706 2698 3010 2760 eum't'nens
3040 2708 3089 2761 in
3136 2709 3251 2775 ipso
3274 2707 3430 2759 initio

1881 2770 2038 2839 mala:
2071 2773 2419 2839 suggestionis
2449 2777 2679 2830 excludit
2711 2793 2723 2829 :
2754 2778 2840 2831 ille
2879 2770 3426 2831 insidiatur'calcauco

1879 2838 2014 2913 ejus,
2048 2838 2166 2907 quia
2199 2849 2613 2913 mentemquam
2640 2847 2805 2912 prima
2836 2849 3168 2913 suggestione
3198 2861 3299 2900 non
3331 2846 3424 2897 de-

1879 2911 2042 2982 cepit,
2066 2913 2318 2982 decipere
2348 2913 2399 2965 in
2431 2912 2588 2982 tinem
2639 2911 2824 2969 tendit.
2861 2911 3083 2982 Quidam
3117 2926 3288 2970 autem
3322 2915 3420 2968 hoc

1880 2981 2016 3052 quod
2048 2979 2243 3052 dictum
2269 2995 2344 3035 eSt
2371 3001 2382 3034 :
2433 2980 2733 3037 Inimicitias
2756 2979 2939 3052 ponam
2991 2989 3117 3040 inter
3143 2997 3190 3039 te
3231 2995 3276 3039 et
3308 3001 3423 3037 mn-

1885 3050 2072 3110 lierem,
2106 3049 2173 3102 de
2208 3050 2436 3118 Virgine,
2464 3055 2530 3104 de
2558 3069 2656 3116 qua
2705 3049 2957 3108 Dominus
2987 3065 3142 3108 natus
3186 3066 3288 3114 est.
3343 3054 3425 3106 in-

1889 3119 2223 3192 lellesetunt,
2278 3137 2340 3173 eo
2389 3125 2523 3182 quod
2557 3124 2647 3177 illo
2696 3134 2932 3192 tempore
2959 3139 3028 3178 ex
3059 3139 3121 3178 ea
3168 3122 3422 3176 Dominus

1887 3189 2202 3250 nasciturus,
2234 3192 2297 3242 ad
2323 3191 2588 3245 inimicum
2620 3189 3028 3259 devinciendum,
3073 3202 3127 3248 et
3157 3195 3223 3247 ad
3267 3208 3419 3245 utor-

1886 3259 2184 3331 tem,_cujus
2215 3261 2300 3312 ille
2327 3273 2510 3315 auctor
2530 3274 2664 3326 erat,
2683 3265 3052 3318 deSIruendam
3078 3265 3422 3331 promitteba-

1886 3336 1987 3382 tur.
2019 3328 2146 3382 Nam
2172 3331 2296 3383 illud
2327 3332 2463 3397 quod
2519 3334 2852 3401 snbjuttctunt
2897 3343 2997 3399 est,
3045 3328 3168 3400 Ipsa
3198 3345 3419 3385 conteret

1881 3408 2028 3476 caput
2047 3409 2206 3463 tuum,
2232 3411 2276 3476 et
2305 3409 2357 3476 tu
2387 3403 2701 3476 insidinberis
2744 3405 2978 3476 calcaneo
3023 3406 3131 3476 ejus
3160 3419 3178 3457 .'
3216 3404 3322 3476 hoc
3353 3401 3419 3455 de

1884 3469 2054 3542 fructu
2083 3469 2277 3542 ventris
2310 3469 2502 3532 ll‘lariaa,
2534 3474 2618 3538 qui
2648 3483 2749 3542 _ﬂrl
2786 3469 3058 3537 Christus;
3085 3473 3411 3542 intelligitur,

1880 3536 1930 3588 id
1962 3548 2060 3601 est,
2088 3537 2164 3590 Tu
2187 3554 2304 3591 eum
2333 3536 2708 3605 supplantabis,
2741 3553 2790 3594 ut
2815 3536 3100 3596 moriatur:
3131 3543 3216 3598 illo
3242 3536 3414 3594 autem

1883 3606 2048 3658 victor
2077 3617 2416 3678 resurgettet
2440 3621 2589 3676 caput
2636 3620 2778 3664 tuum
2835 3623 3091 3678 cunteret,
3141 3613 3278 3678 quod
3338 3621 3420 3663 est

1879 3689 2040 3748 iners.
2069 3676 2217 3748 Sicut
2243 3689 2295 3731 ct
2342 3677 2502 3732 David
2530 3683 2734 3735 dixerat
2761 3697 2823 3733 ex
2873 3676 3094 3748 persmta
3141 3676 3305 3736 Patris
3353 3682 3417 3732 ad

1879 3746 2066 3818 Filium
2100 3747 2314 3818 ενδιιριτ
2339 3751 2561 3818 aspidem
2606 3761 2650 3804 et
2691 3746 2979 3805 basi/iscum
3024 3752 3322 3811 antbulabis,
3373 3759 3419 3803 et

1874 3817 2188 3889 conculcabis
2212 3817 2406 3871 leonem
2447 3831 2492 3871 et
2524 3825 2811 3875 draconem.
2847 3822 3092 3889 Aspidem
3119 3817 3250 3875 dixit
3279 3836 3420 3872 mor-

1878 3896 2004 3956 l_em,
2061 3887 2360 3956 basiliscuut
2420 3901 2712 3956 peceatum,
2769 3887 2973 3946 Lenem
3006 3889 3411 3952 Antichristum,

1872 3954 2151 4009 draconem
2186 3955 2468 4010 diabolum.

1945 4025 2274 4094 Hieronymus
2318 4030 2368 4078 in
2394 4031 2567 4081 eodem
2593 4029 2738 4081 libro.
2771 4059 2839 4070 —-
2870 4028 3220 4096 Multiplicans
3245 4028 3416 4080 multi-

1873 4097 2067 4163 plicabo
2098 4096 2327 4166 tristitios
2376 4108 2508 4159 tuas,
2542 4110 2586 4150 et
2643 4101 2852 4166 gemitus
2909 4110 3038 4166 tuos,
3063 4109 3112 4156 et
3160 4099 3224 4151 ad
3253 4098 3414 4151 virum

1867 4167 2121 4218 conversio
2150 4176 2253 4216 tua.
2283 4165 2382 4219 Pro
2404 4168 2611 4220 tristitia
2642 4165 2696 4221 et
2723 4175 2949 4237 gemitu:
2975 4165 3031 4224 in,
3049 4169 3290 4229 llebrteo.
3316 4169 3410 4220 do-

1869 4238 2006 4288 lores
2050 4244 2358 4301 conceptus,
2386 4237 2626 4302 habetur,
2659 4248 2731 4302 et,
2764 4242 2826 4293 ad
2870 4239 3034 4293 virum
3075 4240 3411 4292 conversatio

1868 4314 1977 4359 tua.
2001 4303 2100 4380 P_ro
2124 4307 2471 4380 conversione
2497 4309 2681 4375 Aquila
2713 4309 3414 4380 societatem,Symmachus

1866 4376 2179 4443 appetitum,
2211 4377 2290 4428 vel
2329 4376 2577 4443 impetum
2609 4380 3002 4433 transtulerunt.

1936 4443 2440 4515 Atibilsidorus.—
2472 4448 2546 4500 De
2597 4460 2747 4515 poma
2793 4460 2967 4502 autem
3010 4448 3248 4502 mulieris
3286 4447 3407 4512 quid

1869 4515 2127 4587 signiticet
2148 4515 2286 4581 quod
2316 4514 2365 4567 ei
2394 4514 2608 4577 dicitur,
2642 4517 2708 4570 In
2738 4519 2912 4572 dolore
2934 4520 3101 4587 paries
3129 4519 3281 4587 filios,
3309 4518 3409 4569 nisi

1867 4587 1984 4656 quia
2017 4585 2253 4656 voluptas
2283 4587 2512 4639 carnalis
2537 4602 2652 4640 cum
2681 4589 2907 4656 aliquam
2935 4585 3137 4641 malam
3185 4601 3407 4640 censue-

1869 4654 2100 4706 tudinem
2130 4653 2238 4705 vult
2289 4657 2523 4723 vincere,
2575 4653 2782 4724 patituc
2815 4660 2864 4711 in
2908 4658 3125 4712 exordio
3169 4656 3401 4719 dolores,

1866 4735 2022 4792 atque
2052 4724 2118 4775 ita
2144 4726 2534 4795 permeliorem
2565 4729 2996 4781 consuetudinem
3027 4726 3164 4795 parit
3208 4724 3400 4777 bonum

1865 4810 1995 4860 Opus
2025 4793 2172 4866 quasi
2228 4793 2386 4846 illius.
2434 4794 2579 4860 Quod
2612 4812 2738 4850 vero
2768 4797 2962 4866 adjecit
2996 4793 3109 4849 :Et
3150 4797 3405 4866 conversio

1865 4875 1948 4916 tua
1992 4866 2056 4913 ad
2076 4863 2236 4914 virum
2263 4873 2424 4928 tuum,
2470 4875 2516 4918 et
2563 4867 2669 4931 ipse
2697 4869 2769 4918 tui
2817 4863 3174 4931 dominabitur,
3207 4869 3304 4918 hoc
3335 4864 3405 4916 si-

1863 4936 2073 5007 gniticat
2116 4931 2253 5000 quod
2293 4935 2378 4986 illa
2411 4936 2645 5007 voluntas
2691 4937 2940 5000 carnalis,
2970 4952 3093 5007 quas
3138 4950 3258 4991 cum
3299 4935 3397 4986 do-

1864 5008 1972 5057 lore
1997 5005 2357 5065 reluctaverat,
2393 5013 2447 5054 ut
2479 5004 2674 5059 faceret
2718 5004 3152 5062 consuetudinem
3185 5009 3393 5066 hooam,

1857 5078 1965 5142 jam
1999 5075 2124 5142 ipsis
2152 5073 2355 5125 erudita
2385 5073 2650 5126 doloribus
2677 5076 2880 5130 cautior
2915 5079 2969 5131 lit
3001 5094 3067 5131 ne
3092 5083 3318 5128 corruat.
3346 5085 3399 5124 et

1861 5148 2191 5209 obtemperat
2223 5142 2434 5206 rationi,
2455 5155 2518 5215 et
2548 5146 2770 5198 libenter
2793 5150 2952 5200 servit
2998 5145 3144 5215 quasi
3172 5145 3282 5215 viro
3311 5142 3400 5208 ju-

1861 5215 2031 5276 benti;
2066 5220 2381 5279 vocaturque
2434 5213 2624 5268 dehinc
2670 5225 2836 5270 mater
2885 5213 3140 5280 vivorum,
3192 5213 3242 5268 id
3291 5223 3394 5275 est,

1861 5296 2002 5337 recte
2034 5283 2306 5344 factorum,
2338 5283 2523 5348 quibus
2550 5288 2812 5338 contraria
2841 5293 2962 5339 sunt
3005 5293 3240 5352 peccata,
3276 5298 3392 5351 quae

1860 5354 2071 5406 nomine
2115 5362 2438 5403 mortuorum
2469 5355 2847 5420 signiﬁcantur.
2881 5355 3006 5407 Adae
3054 5368 3180 5409 vero
3216 5352 3348 5405 dixit
3381 5369 3392 5404 :

1862 5424 1992 5486 Quia
2014 5422 2197 5473 audisti
2217 5426 2571 5491 vocentua‘oris
2599 5431 2698 5475 tua:
2736 5424 2849 5489 plus
2901 5439 3053 5491 quam
3081 5437 3177 5484 me,
3208 5428 3261 5491 et
3287 5423 3404 5473 reli-

1856 5510 1973 5556 qua.
2003 5491 2068 5544 Et
2096 5492 2284 5544 deinde
2313 5507 2326 5542 :
2378 5489 2653 5545 Maledicta
2673 5502 2804 5545 terra
2826 5495 2876 5545 in
2905 5489 3052 5559 opere
3076 5501 3159 5544 tuo
3184 5503 3206 5544 :
3229 5490 3279 5542 in
3323 5493 3401 5542 tu-

1856 5561 2049 5617 beribus
2077 5562 2300 5614 comedes
2332 5575 2439 5612 eam
2469 5561 2660 5614 cunctis
2688 5561 2862 5616 diebus
2892 5564 3000 5616 vita
3039 5571 3178 5616 tua:
3226 5562 3400 5628 spinas

1853 5643 1896 5682 et
1929 5631 2139 5684 tribulos
2163 5631 2458 5699 germinabit
2489 5631 2598 5697 tibi,
2618 5640 2667 5684 et
2691 5633 2917 5686 comedcs
2941 5631 3121 5686 herbas
3151 5642 3313 5699 terra,
3344 5638 3401 5685 et

1855 5701 2076 5771 telique,
2109 5697 2291 5772 usque,
2323 5697 2475 5754 Terra
2495 5714 2565 5771 es,
2597 5709 2642 5756 ct
2677 5702 2730 5756 in
2758 5713 2940 5758 terram
2968 5702 3081 5760 iliis.
