3934 6222
329 395 441 452 2ῖῦ

334 594 433 640 per
462 579 555 631 has
581 577 710 629 duas
742 590 847 637 res,
867 576 1196 629 tolerantiam
1219 575 1460 628 videlcrt
1489 576 1862 636 molestiarum,

332 657 396 699 et
426 646 795 713 plenitudinem
825 644 1075 709 scienti:e,
1110 644 1159 695 id
1188 653 1287 705 est,
1320 659 1411 710 per
1438 644 1747 713 eharitatetn
1778 642 1867 694 Dvi

330 726 393 767 et
428 711 688 780 proximi.
746 713 1010 765 Plenitudo
1064 715 1195 763 enim
1246 715 1389 781 legis,
1419 713 1639 763 cltaritas
1689 711 1864 781 (Rom.

334 788 475 848 .\‘!Il).
506 783 664 834 Adam
690 798 801 834 uero
827 782 1049 849 coqnovit
1080 796 1279 833 uxorem
1298 780 1461 839 suam,
1500 794 1609 847 qua:
1650 780 1870 849 concepit

332 864 384 903 et
409 860 594 919 pepent
614 853 657 903 ei
681 850 836 909 Cain;
857 847 1150 916 rursumque
1172 850 1359 918 peperit
1381 853 1459 918 fra
1482 865 1584 901 rem
1611 851 1719 917 ejus
1747 847 1871 899 Abel

360 921 491 973 Gen.
526 923 616 973 tv).

332 923 667 1041 (“igidiilt’uu
697 1014 764 1028 —
805 987 1055 1039 Nativitas
1081 986 1297 1039 duorum
1341 986 1561 1037 ﬁliorum
1602 983 1763 1035 Adam
1798 983 1871 1036 si-

335 1058 685 1109 militudinem
718 1056 870 1109 habet
898 1055 1120 1107 duorum
1170 1056 1473 1121 populorum
1500 1054 1584 1119 qui
1615 1058 1767 1103 erant
1793 1052 1871 1103 di-

337 1126 509 1178 versis
540 1122 856 1191 temporibus
899 1125 963 1175 ad
996 1124 1147 1175 ﬁdem
1197 1126 1419 1185 venturi,
1462 1122 1571 1187 pari
1614 1135 1792 1191 opere,
1821 1128 1873 1172 et

336 1194 579 1247 dissimili
604 1190 859 1246 charitate
885 1200 1006 1243 ante
1036 1192 1214 1243 Deum.
1269 1192 1382 1243 Fuit
1412 1200 1582 1243 autem
1628 1190 1751 1242 Abel
1785 1202 1873 1255 pa-

336 1270 453 1315 stor
483 1263 675 1325 ovium,
727 1260 854 1314 Cain
904 1274 1032 1313 vero
1078 1259 1327 1329 agricola.
1384 1261 1456 1313 De
1484 1258 1671 1326 quibus
1723 1266 1871 1324 poeta

338 1332 533 1385 cecinit
563 1346 577 1381 :

495 1398 710 1446 Fratrum
734 1408 865 1445 sacra
891 1396 1022 1444 Deus
1044 1403 1160 1445 nutu
1180 1397 1383 1445 distante
1408 1396 1605 1443 duorum

493 1457 727 1518 Estnnat,
750 1460 991 1517 accipiens
1015 1460 1115 1505 viva
1140 1466 1189 1505 et
1212 1467 1405 1505 terrena
1423 1457 1652 1512 refutans,

496 1517 715 1565 Rusticus
738 1519 908 1565 invidia
932 1526 1168 1578 pastorem
1191 1520 1382 1567 sternit.

342 1595 531 1648 Forma
572 1597 761 1648 anima:
807 1597 1115 1661 exprimitur
1168 1612 1291 1650 caro
1340 1606 1513 1650 nostra
1562 1595 1612 1648 iit
1662 1609 1877 1648 nmnere

338 1668 495 1717 Cain.
530 1666 657 1733 Abel
705 1676 877 1729 pastor
919 1667 1111 1729 ovium,
1159 1680 1211 1718 ut
1234 1667 1339 1733 jam
1368 1666 1609 1727 diximus,
1660 1673 1712 1716 et
1750 1664 1875 1733 Cain

339 1736 586 1802 agricola.
619 1732 825 1785 Factum
855 1746 925 1787 est
950 1744 1117 1785 autem
1143 1732 1249 1799 post
1276 1737 1453 1787 multos
1483 1736 1608 1795 dies,
1652 1743 1703 1783 ut
1730 1732 1875 1802 offerf

338 1800 419 1855 nit
464 1804 583 1856 Cain
632 1818 836 1855 munera
881 1802 1094 1855 Domino
1147 1806 1207 1855 de
1248 1805 1489 1867 fructibus
1532 1816 1709 1863 terrm;
1760 1800 1876 1852 Abel

338 1890 535 1939 quoque
563 1872 737 1923 obtulit
764 1876 823 1925 de
843 1873 1185 1941 primogeniti’s
1223 1874 1383 1941 gregis
1410 1874 1508 1933 sui,
1559 1883 1608 1941 et
1626 1871 1685 1921 de
1712 1872 1874 1931 adipi-

342 1942 436 1993 bus
463 1957 647 2001 eorunt,
681 1951 726 1993 et
771 1938 982 2008 respexit
1010 1938 1263 1993 'Domintis
1301 1938 1448 2009 super
1490 1938 1609 1991 Abel
1650 1949 1694 1990 et
1724 1956 1817 2006 sup
1837 1955 1873 1987 ’ν

340 2026 549 2061 munera
594 2014 743 2077 ejus;
787 2016 852 2060 ad
894 2010 1017 2061 Cain
1048 2026 1180 2077 vero,
1223 2018 1268 2061 et
1310 2011 1374 2061 ad
1406 2008 1603 2060 munera
1646 2011 1753 2076 ejus
1778 2022 1878 2057 non

340 2080 580 2139 respexit.
614 2076 896 2141 iratusque
937 2087 1005 2129 est
1052 2076 1176 2129 Cain
1218 2077 1539 2141 vehementer,
1594 2085 1637 2128 et
1666 2077 1878 2128 concidit

339 2162 408 2198 eu
430 2158 507 2199 tus
532 2150 637 2215 ejus
666 2145 871 2215 (lbitl.).

962 2229 1274 2269 DISCIPULUS.

419 2305 775 2374 Hieronymus.
806 2335 872 2345 —
911 2305 1054 2359 Unde
1082 2307 1221 2359 scire
1246 2304 1408 2373 potuit
1436 2302 1579 2366 Cain,
1612 2304 1746 2371 quod
1782 2303 1883 2374 fra-

343 2377 442 2428 tris
470 2373 682 2428 ntuucra
712 2376 1026 2442 suscepisset
1058 2377 1213 2437 Deus,
1256 2386 1308 2427 et
1330 2388 1424 2427 sua
1452 2373 1815 2441 repudiasset?

982 2478 1259 2517 νΑοιδτειι.

420 2553 552 2607 Vera
576 2564 655 2605 est
688 2554 839 2621 igitur
876 2552 957 2605 illa
994 2552 1369 2618 interpretatio,
1402 2565 1555 2617 quam
1595 2549 1887 2603 Theodotio

343 2626 521 2691 posuit
550 2622 648 2674 :Et
678 2624 1004 2689 inflammavit
1047 2622 1287 2691 Dominus
1315 2637 1464 2687 super
1491 2621 1629 2682 Abel,
1661 2628 1713 2691 et
1738 2635 1888 2691 super

345 2689 649 2760 sacriﬁciuvn
679 2696 825 2760 ejus;
868 2707 1013 2760 super
1039 2690 1165 2743 Cain
1192 2704 1304 2742 vero
1330 2699 1377 2741 et
1410 2704 1557 2760 super
1586 2689 1888 2760 sacri/icium

346 2754 458 2829 ejus
480 2776 578 2811 non
607 2754 951 2827 inﬂammavit.
980 2758 1148 2828 Ignem
1172 2768 1344 2829 autem
1372 2758 1436 2810 atl
1466 2754 1776 2829 sacriﬁcium
1796 2757 1888 2808 de-

347 2826 636 2882 vorandum
660 2826 873 2881 sttlitutn
908 2826 1082 2880 venire
1110 2831 1176 2880 de
1202 2828 1336 2881 cado
1357 2866 1372 2888 ,
1404 2838 1453 2880 et
1483 2830 1531 2878 tn
1557 2826 1885 2879 dedicatione

349 2898 530 2964 templi
584 2898 678 2949 sub
700 2896 977 2967 Seiontoue
1022 2896 1264 2967 legimus,
1318 2905 1373 2948 et
1410 2896 1619 2965 quando
1668 2895 1809 2949 Elias
1837 2897 1888 2949 in

346 2979 527 3020 monte
554 2966 792 3021 Carmelo
820 2967 1108 3020 construxit
1151 2966 1333 3019 altare.

968 3070 1282 3110 DISCIPULUS.

1415 394 1857 463 QUESTIUNES
1894 394 2113 449 SUPER
2153 393 2462 448 Cl-INESIM.

332 510 503 563 Nemo
530 508 669 563 enim
699 514 868 574 potest
896 507 1165 573 pervenire
1200 506 1263 557 ad
1297 507 1536 560 arborem
1581 507 1725 568 vitte,
1767 505 1865 558 nisi
1894 509 1943 563 Α

3399 388 3507 448 286

2582 517 2891 557 DISCIPULUS.

2036 590 2326 656 Gregorius.
2357 622 2424 635 -
2460 590 2736 655 Quomodo
2761 590 3103 655 intelligitur:
3139 590 3200 645 Si
3228 604 3359 645 recte
3387 590 3508 658 offe-

1968 676 2069 722 ras,
2103 676 2197 711 nat
2222 668 2350 712 recte
2374 669 2536 712 autem
2564 661 2781 723 dividas,
2809 659 3067 725 peccasti?

2587 761 2867 799 IAGISTER.

2041 834 2196 885 Recte
2226 831 2362 886 enim
2392 833 2673 892 offerimus.
2719 849 2837 885 cum
2884 843 3023 887 recta
3058 832 3345 886 intentione
3377 837 3500 899 quid

1969 902 2167 961 agimus
2196 918 2208 964 ;
2244 902 2331 953 sed
2365 912 2503 954 recte
2531 918 2633 954 non
2661 902 2965 963 dividimus,
3013 904 3055 954 si
3086 918 3186 954 non
3219 902 3313 954 hoc
3342 909 3504 954 autut-

1970 970 2086 1022 liter
2114 972 2487 1023 discernamus.
2541 970 2719 1022 Oblata
2770 971 2907 1022 enim
2952 983 3125 1033 recte,
3172 969 3403 1023 dividere
3430 986 3509 1023 est

1969 1040 2210 1105 quaelibet
2261 1038 2391 1089 bona
2443 1049 2616 1090 nostra
2666 1040 2856 1101 studia,
2889 1040 3111 1091 sollicite
3160 1040 3502 1091 discernenda

1972 1120 2209 1172 pensare.
2243 1106 2388 1171 Quod
2424 1107 2665 1158 nimirum
2709 1109 2795 1173 qui
2824 1123 2977 1172 agere
3007 1109 3320 1169 dissimulat,
3351 1111 3504 1158 ctiam

1973 1174 2356 1226 recteoll'erens
2381 1186 2576 1240 peccat.
2600 1175 2758 1227 Recte
2773 1191 2897 1241 ergo
2918 1174 3204 1237 oderimus,
3229 1192 3344 1228 cum
3371 1177 3505 1228 buuu

1974 1242 2145 1294 studio
2192 1243 2381 1294 bonum
2429 1258 2557 1307 opus
2604 1244 2840 1311 agimus;
2870 1244 2959 1295 sed
2992 1255 3132 1296 recte
3184 1260 3283 1295 non
3316 1245 3504 1296 dividi-

1972 1325 2109 1375 mus,
2134 1312 2175 1362 si
2206 1311 2395 1363 habere
2424 1312 2789 1364 discretionem
2821 1314 2868 1363 in
2896 1314 3029 1364 bono
3053 1326 3209 1377 opere
3236 1327 3513 1377 pOSIpttttzt-

1973 1394 2115 1441 nius;
2148 1388 2199 1431 et
2223 1391 2362 1431 recte
2386 1394 2485 1431 non
2513 1380 2811 1443 dividimus,
2840 1381 2885 1433 si
2916 1395 2976 1432 ea
3005 1396 3119 1446 qua:
3148 1380 3253 1433 Deo
3282 1385 3509 1433 donante

1972 1448 2253 1516 accipimus
2282 1449 2532 1515 impertiri
2563 1448 2811 1515 proximis
2854 1450 3187 1517 negligimus.

2593 1550 2908 1590 DISCIPULUS.

2042 1623 2368 1694 Augustinus.
2394 1652 2461 1664 -—
2497 1623 2732 1693 Dixitque
2759 1626 2880 1678 Cain
2902 1628 2969 1677 ad
2996 1626 3115 1677 Abel
3136 1642 3156 1680 :
3186 1626 3516 1694 Egrediautur

1976 1694 2127 1760 foras.
2159 1693 2381 1759 Cumque
2401 1705 2561 1745 essent
2588 1696 2638 1745 in
2668 1710 2786 1762 agro
2810 1736 2822 1756 ,
2850 1698 3159 1747 consurrexit
3189 1693 3310 1746 Cain
3337 1698 3512 1746 adt-er-

1973 1778 2067 1830 sus
2098 1762 2218 1814 Abel
2260 1762 2462 1830 fratrem
2507 1777 2668 1826 suum,
2716 1773 2761 1815 et
2799 1764 3042 1830 interfecit
3087 1780 3195 1814 eum
3242 1764 3389 1825 (Cen.
3421 1768 3512 1829 tv).

1908 1824 1951 1883 Β
1977 1824 2391 1901 Quidsigniticat
2413 1831 2551 1899 quod
2577 1824 2701 1883 Cain
2734 1824 2946 1885 fratrem
2973 1848 3122 1885 suum
3152 1824 3279 1886 Abel
3312 1834 3363 1885 in
3387 1824 3512 1901 agro

1976 1898 2237 1953 interfecit
2261 1902 2281 1951 l

2606 2006 2879 2044 IACISTEB.

2045 2074 2159 2129 Jam
2182 2076 2423 2143 superius
2450 2076 2673 2128 diximus
2700 2076 2823 2130 Cain
2854 2078 3146 2144 signiﬁcare
3171 2078 3398 2139 Judaeos,
3429 2081 3516 2144 qui

1979 2145 2241 2198 Christum
2264 2146 2589 2207 occiderunt,
2623 2147 2749 2197 Abel
2779 2161 2900 2197 vero
2928 2144 3211 2198 Christum.
3254 2148 3517 2199 Occiditur

1982 2214 2154 2281 itaque
2179 2216 2306 2267 Abel
2336 2216 2507 2265 minor
2529 2225 2678 2277 natu;
2709 2215 2963 2267 occiditur
2983 2213 3218 2267 Christus
3243 2227 3395 2281 caput
3420 2230 3518 2281 po-

1982 2283 2088 2350 puli
2116 2283 2332 2335 minoris
2358 2294 2478 2334 natu
2506 2300 2518 2333 :
2544 2298 2570 2333 a
2603 2283 2789 2349 populo
2816 2282 3108 2337 Judmorutn
3136 2284 3333 2351 majore
3358 2296 3514 2337 natu:

1982 2354 2067 2405 ille
2093 2352 2142 2404 111
2174 2366 2319 2420 agro,
2348 2352 2444 2403 iste
2471 2354 2519 2403 111
2550 2351 2797 2405 Calvariaa
2827 2352 2960 2404 loco.
3042 2356 3045 2359 ’

2052 2440 2403 2507 lnterpretatio
2450 2438 2739 2491 Nominum.
2766 2468 2830 2480 -—
2867 2440 2995 2492 Cain
3038 2439 3279 2507 possessio
3306 2440 3415 2492 sive
3442 2439 3521 2492 la-

1986 2512 2220 2561 mentatio
2254 2510 2641 2574 interpretatur,
2673 2509 2800 2561 Abel
2831 2523 2951 2561 Veto
2972 2510 3133 2560 luctus
3170 2510 3278 2562 sive
3306 2510 3519 2575 vanitas,

1984 2579 2065 2630 vel
2105 2593 2284 2643 vapor,
2315 2588 2401 2629 aut
2430 2577 2743 2628 miserabilis.

2059 2669 2305 2721 Isidorus.
2334 2696 2398 2705 —
2436 2666 2632 2719 Deinde
2669 2667 2946 2733 interrogat
2969 2666 3101 2718 Deus
3122 2664 3247 2718 Cain
3278 2680 3377 2718 non
3409 2674 3522 2717 tan-

1987 2755 2139 2804 quam
2170 2740 2398 2802 iguarus,
2446 2740 2533 2789 sed
2564 2748 2803 2800 tanquam
2830 2734 2988 2803 judex
3032 2750 3175 2786 reum
3200 2774 3213 2795 ,
3248 2749 3394 2801 quem
3429 2752 3520 2801 pu-

1989 2807 2117 2869 niat,
2142 2817 2191 2859 ct
2216 2807 2341 2857 dicit
2362 2808 2443 2858 ubi
2468 2806 2532 2857 sit
2558 2806 2713 2857 frater
2736 2805 2865 2870 ejus.
2901 2804 3183 2871 llespondit
3206 2804 3289 2857 ille
3318 2805 3525 2861 nescire

1988 2891 2065 2939 se,
2097 2891 2193 2929 nec
2221 2874 2331 2940 ejus
2359 2889 2415 2927 se
2437 2888 2552 2926 esse
2580 2886 2867 2927 euStouem.
2921 2872 3092 2939 Usque
3118 2888 3248 2924 nunc
3274 2874 3395 2939 quid
3424 2888 3519 2925 nco

1990 2946 2070 2998 bis
2098 2944 2411 3010 respondent
2438 2942 2624 3004 iudici,
2651 2958 2773 2995 cum
2804 2959 2897 2996 eos
2930 2950 3026 2994 hoc
3054 2954 3345 2996 sanctarum
3376 2941 3523 2995 Scri-

1991 3023 2259 3081 pturarum
2298 3028 2424 3065 voce
2453 3014 2832 3081 interrogamus
2859 3012 2925 3063 de
2948 3012 3188 3081 Christo?
3221 3012 3294 3063 1111
3323 3013 3525 3064 nescire

1990 3078 2252 3136 Christum
2283 3080 2621 3146 respondent.
2670 3078 2845 3132 Fallax
2876 3082 3014 3133 enim
3058 3078 3182 3131 Cain
3238 3081 3522 3146 ignorantia

422 3145 749 3218 Augustinus.
775 3174 844 3185 —
870 3144 976 3199 Cur
999 3144 1126 3218 Cain
1158 3162 1244 3218 ex
1269 3144 1729 3218 terraufructibus
1774 3160 1885 3218 mu-‘

1990 3151 2289 3205 Judazorum
2320 3144 2448 3202 falsa
2477 3159 2556 3203 est
2595 3150 2837 3218 negatio;
2891 3156 3068 3201 essent
3093 3144 3275 3218 autent
3295 3147 3521 3212 quodam

350 3227 479 3269 nera
528 3214 891 3283 reprobantur,
941 3222 995 3266 et
1042 3215 1174 3268 Abel
1215 3214 1279 3268 de
1306 3215 1543 3281 adipibus
1588 3214 1759 3283 gregis
1804 3215 1887 3269 sui

349 3298 567 3340 munera
595 3282 943 3352 suscipiuntur
966 3283 988 3336 1

1002 3362 1272 3405 IAGISTSB.

424 3421 551 3481 Cain
584 3430 759 3489 typum
808 3420 1386 3491 gerebatdudteorum,
1433 3420 1552 3489 quia
1592 3419 1667 3473 illi
1702 3434 1888 3489 corpo-

351 3491 483 3544 ralia
514 3489 833 3545 sacramenta
860 3489 1142 3543 secundum
1173 3501 1317 3542 vetus
1348 3499 1712 3544 testamentum
1738 3507 1891 3545 exer-

352 3562 561 3613 cebant.
614 3558 806 3613 Horum
836 3560 972 3613 enim
1002 3558 1255 3612 sacriﬁcia
1303 3560 1702 3626 superveniente
1736 3569 1891 3613 testa-

355 3628 521 3681 menti
551 3630 665 3681 novi
695 3628 815 3693 ﬁde,
844 3644 905 3681 ex
937 3626 1229 3681 innocentia
1260 3626 1424 3682 Deutn
1464 3628 1727 3681 laudandis
1752 3628 1885 3695 (sic),

355 3698 493 3763 quod
524 3697 882 3765 significabant
909 3697 1038 3751 Abel
1067 3712 1129 3750 ex
1152 3694 1333 3753 ovibus
1361 3713 1574 3751 munera
1602 3712 1718 3766 qua:
1743 3694 1892 3750 arci-

357 3766 587 3833 piuntur.
621 3766 767 3821 Unde
795 3776 847 3820 et
890 3768 940 3820 in
990 3768 1186 3832 psalmo
1212 3765 1278 3819 de
1305 3766 1568 3819 oblatione
1614 3765 1845 3834 priorum
1876 3784 1887 3819 :

358 3834 654 3887 Oblationes
684 3844 728 3889 et
758 3834 1049 3888 holocausta
1078 3836 1281 3888 noluisti
1308 3834 1478 3905 (Psal.
1512 3838 1715 3902 xxxix).

980 3939 1291 3980 DISCIPULUS.

435 4011 791 4085 Hieronymus.
822 4043 888 4055 -—
925 4016 1058 4080 Quid
1081 4017 1179 4070 sibi
1205 4017 1312 4069 vult
1334 4016 1471 4085 quod
1497 4015 1627 4070 dixit
1650 4015 1895 4073 Dominus

358 4085 424 4135 ad
447 4083 574 4135 Cain
601 4098 615 4134 :
652 4083 819 4149 Quare
845 4086 1056 4136 concidit
1083 4085 1245 4138 vultus
1276 4083 1433 4139 tuus?
1479 4102 1644 4139 nonne
1686 4088 1729 4139 si
1767 4104 1803 4139 r.
1823 4100 1897 4141 cte

284 4192 301 4204 .
360 4152 580 4224 o/[eras,
624 4162 888 4224 non‘recte
925 4165 1089 4205 autem
1131 4156 1324 4206 dividas
1364 4156 1611 4222 peccasti,
1660 4159 1898 4224 quiesce;

358 4223 427 4273 ad
454 4232 501 4276 te
523 4221 774 4273 conversio
797 4223 925 4290 ejus,
952 4232 998 4273 et
1026 4231 1079 4272 tu
1106 4224 1435 4275 dominaberis
1462 4226 1601 4275 illius
1625 4221 1774 4295 (Gen.
1798 4229 1894 4295 tv).

996 4326 1271 4370 IACISTEB.

432 4398 755 4470 Necessitate
782 4400 1145 4467 compellimur
1171 4403 1219 4453 in
1245 4402 1457 4470 singulis
1486 4404 1681 4458 diutius
1712 4406 1893 4457 immn-

362 4472 490 4523 rari.
541 4467 803 4539 Siquidem
835 4472 998 4523 multo
1027 4472 1157 4523 alius
1202 4472 1253 4523 in
1288 4467 1502 4524 ltebrteo
1540 4489 1691 4539 quam
1721 4475 1768 4526 in
1800 4478 1893 4529 Se-

364 4540 627 4608 ptuaginta
678 4539 1075 4594 translatoribus
1105 4552 1291 4608 sensus
1315 4551 1415 4592 est.
1469 4540 1554 4593 Ait
1578 4541 1716 4594 enim
1754 4543 1891 4597 Deus

362 4610 427 4659 ad
467 4606 593 4661 Cain
636 4628 651 4664 :
702 4610 872 4675 Quare
909 4606 1156 4668 irasceris,
1206 4618 1250 4660 et
1276 4623 1431 4674 quare
1470 4612 1686 4663 concidit
1732 4617 1890 4665 vultus

362 4678 518 4729 tuus?
542 4694 705 4730 nonne
732 4682 773 4731 si
800 4678 920 4730 bene
946 4677 1124 4745 egeris,
1179 4678 1445 4730 dimittitur
1467 4680 1551 4730 tibi
1584 4696 1727 4733 omne
1766 4683 1892 4734 deli-

362 4755 539 4808 ctum;
576 4756 622 4796 et
649 4748 693 4797 si
711 4761 809 4797 non
839 4748 958 4798 bene
976 4742 1159 4814 egeris,
1182 4758 1294 4798 ante
1316 4747 1445 4813 fons
1475 4762 1726 4815 peccatum
1753 4752 1893 4803 sede-

362 4815 455 4878 bit,
483 4820 532 4867 et
558 4816 622 4887 ad
652 4823 697 4887 te
716 4815 925 4887 societas
960 4819 1104 4887 ejus,
1133 4822 1177 4866 et
1211 4826 1263 4887 tu
1292 4818 1548 4869 dominare
1570 4820 1695 4887 ejus.
1744 4820 1891 4884 Quod

363 4888 542 4937 autem
572 4883 717 4946 dicit,
750 4884 848 4937 boc
876 4883 991 4938 esti
1023 4885 1193 4950 Quare
1220 4885 1479 4947 irasceris,
1512 4896 1565 4943 et
1589 4883 1809 4941 invidias
1837 4890 1888 4941 in

364 4953 579 5005 fratrem
609 4953 771 5006 livore
798 4955 1061 5008 cruciatus
1085 4992 1099 5014 ,
1130 4956 1321 5006 vultum
1351 4954 1565 5007 dimittis
1595 4957 1644 5008 in
1678 4966 1887 5011 terram.

366 5021 552 5095 Nonne
575 5021 777 5095 albent:
799 5021 1002 5095 feceris,
1027 5020 1309 5095 dimittetur
1323 5025 1418 5095 tibi
1445 5038 1601 5095 omne
1620 5024 1889 5095 delictum,

366 5094 481 5144 sive
508 5100 563 5143 ut
588 5088 910 5142 Theodotion
939 5093 1046 5142 ait:
1095 5091 1409 5156 Aeceptabite
1434 5092 1545 5155 erit,
1581 5091 1629 5146 id
1656 5105 1753 5156 est,
1781 5088 1894 5148 mit-'-

372 5174 473 5212 nus
502 5167 643 5211 tuum
672 5158 972 5228 suscipiam,
1003 5166 1060 5211 ut
1080 5162 1282 5223 suscepi
1329 5160 1503 5213 fratris
1535 5163 1627 5214 tui.
1676 5165 1822 5228 Quod
1848 5166 1891 5217 si

372 5229 513 5282 tnale
550 5228 738 5297 egeris,
790 5227 926 5297 illico
956 5237 1220 5291 peccaturo
1249 5236 1367 5281 ante
1406 5227 1717 5284 vestibulum
1748 5242 1891 5286 tuum

372 5294 834 5369 sed.ebit,'_etitali
875 5294 1085 5364 ianitori
1127 5297 1496 5369 comitaberis;
1550 5314 1725 5353 verum
1775 5301 1891 5369 quia

374 5365 521 5447 liberi
549 5365 745 5447 arbitrii
790 5379 866 5443 es,
899 5374 1170 5447 moueo‘ut
1197 5380 1313 5447 .non
1346 5367 1435 5418 tibi
1466 5378 1755 5447 peceatum,
1788 5365 1893 5447 :sed

378 5442 430 5510 tu
459 5442 676 5510 peccaui
708 5433 1009 5510 domineris.
1063 5433 1422 5510 Quod__at_ttem
1464 5433 1893 5510 in_Septuaginta

382 5499 749 5573 interpretibus
779 5504 897 5557 fecit
916 5516 1165 5573 errorem,
1186 5500 1309 5553 illud
1337 5514 1435 5573 est,
1455 5503 1573 5569 quia
1602 5499 1891 5573 peccattttii,

379 5568 429 5621 id
459 5580 557 5633 est,
582 5570 782 5640 athatli,
827 5572 877 5625 in
910 5571 1129 5626 tlebrmo
1170 5572 1377 5637 generis
1416 5568 1683 5627 masculni
1712 5587 1810 5640 est,
1842 5568 1895 5630 in

376 5641 555 5692 Crzeco
582 5634 807 5693 feminini
835 5656 849 5702 ;
896 5652 943 5693 et
976 5642 1059 5707 qui
1087 5634 1405 5704 interpretati
1434 5652 1569 5703 sunt,
1613 5634 1896 5699 masculino

379 5709 522 5776 illud,
554 5720 606 5761 ut
635 5719 745 5761 erat
771 5709 820 5764 in
852 5710 1084 5773 Hebraeo,
1114 5723 1302 5779 genere
1329 5714 1723 5768 transtulerunt.

1987 3222 2144 3273 modo
2167 3220 2359 3271 Christi
2387 3220 2642 3281 custodes,
2670 3216 2712 3271 Si
2734 3216 3077 3271 Christianam
3107 3216 3257 3267 fidem
3284 3218 3521 3279 accipere

1987 3300 2039 3341 et
2074 3288 2333 3340 custodite
2380 3288 2680 3340 voluissent.
2739 3288 2975 3351 Diaitqtte
3024 3287 3111 3339 ei:
3162 3284 3293 3348 Quid
3322 3285 3525 3351 fecisti?

1987 3356 2115 3425 Ecce
2141 3371 2233 3409 vox
2270 3356 2522 3425 sanguinis
2565 3356 2733 3422 fratris
2763 3358 2832 3406 tui
2857 3356 3036 3407 clamat
3077 3355 3143 3405 ad
3168 3370 3245 3405 nte
3272 3357 3332 3404 de
3372 3366 3523 3425 terra.

1990 3424 2141 3478 Nunc
2166 3426 2319 3493 igitur
2349 3423 2632 3475 niulcdictus
2660 3425 2751 3493 eris
2777 3439 2925 3493 super
2960 3435 3160 3485 terram,
3189 3437 3300 3490 quce
3328 3423 3522 3489 aperuit

1989 3490 2231 3613 obsigna},
2260 3504 2305 3543 et
2327 3496 2537 3558 sttscepit
2562 3492 2845 3559 sanguinem
2875 3490 3043 3557 fratris
3075 3493 3145 3542 tui
3168 3494 3226 3543 de
3253 3507 3403 3544 manu
3435 3500 3524 3543 tua

1990 3566 2005 3613 l
2079 3566 2093 3613 i
2140 3566 2201 3613 ,1.

1990 3566 2201 3633 (Ibid).

2595 3664 2906 3705 διεοιινυωε.

2058 3740 2330 3808 Quomodo
2357 3740 2655 3810 intelligitur
2683 3742 2892 3807 sanguis
2926 3739 3051 3793 Abel
3078 3739 3142 3793 de
3172 3747 3306 3793 terra
3334 3739 3399 3793 ad
3423 3738 3525 3795 Do-

1991 3815 2187 3867 minum
2213 3811 2498 3866 clamasse?

2625 3915 2895 3954 NAGISTEI.

2059 3992 2281 4061 Sanguis
2308 3989 2435 4045 Abel
2463 3988 2717 4061 signiﬁcat
2763 3990 3064 4061 sanguinem
3113 3988 3338 4051 Christi,
3366 4002 3519 4061 quem

1997 4058 2236 4116 universa
2285 4058 2515 4113 Ecclesia
2562 4068 2828 4121 acceptum
2876 4059 3095 4109 dicunt:
3154 4063 3338 4109 Atnen.
3394 4059 3520 4111 Nam

1994 4132 2199 4200 qualem
2228 4132 2504 4183 clamorem
2533 4127 2955 4200 faciatuniversa
2996 4127 3247 4200 Ecclesia,
3279 4131 3399 4179 dum
3434 4143 3524 4193 po-

1998 4194 2170 4253 tantur
2216 4200 2464 4265 sanguine
2511 4194 2723 4259 Christi,
2768 4198 3039 4265 etidicnnt
3088 4199 3273 4257 Amen,
3320 4206 3372 4249 tu
3416 4200 3527 4263 ipse

1997 4269 2289 4321 considera.
2318 4264 2503 4319 'Judtei
2530 4278 2673 4331 ergo,
2714 4266 2799 4328 qui
2832 4264 3183 4331 intelliguntur
3226 4266 3273 4317 itt
3304 4281 3523 4330 persona

2000 4336 2149 4403 Cain,
2178 4334 2293 4403 quia
2318 4349 2418 4389 non
2447 4333 2663 4387 credunt
2699 4333 2958 4385 Christum
2978 4372 2991 4392 ,
3019 4348 3113 4385 nec
3142 4342 3379 4400 potatttur
3405 4349 3524 4386 san-

1999 4402 2153 4473 guine
2193 4402 2403 4470 Christi,
2458 4402 2710 4457 maledicti
2753 4414 2871 4453 sunt
2914 4416 3073 4473 super
3104 4413 3316 4466 terram,
3368 4419 3523 4470 super

1920 4474 1971 4531 D
1996 4472 2136 4527 illam
2164 4474 2363 4527 scilicet
2390 4484 2577 4524 terram
2608 4484 2720 4537 qua:
2765 4472 2967 4534 aperuit
2993 4486 3052 4522 os
3078 4487 3226 4524 suum
3260 4482 3374 4539 post
3402 4487 3525 4524 con-

1994 4543 2296 4605 fessionem,
2344 4550 2395 4595 et
2438 4541 2568 4591 bibit
2616 4552 2917 4605 sanguinein
2963 4540 3131 4593 fratris
3179 4542 3276 4603 sui,
3329 4543 3376 4593 id
3422 4549 3523 4600 est,

1990 4612 2179 4665 Christi
2210 4614 2287 4664 sui
2322 4626 2333 4660 :
2364 4623 2515 4677 quem
2545 4610 2661 4675 quia
2690 4609 2855 4661 Judxi
2887 4623 2986 4661 non
3019 4610 3228 4671 bibunt,
3263 4608 3524 4662 maledicti

1990 4688 2129 4734 sunt.
2159 4678 2311 4741 Nunc
2338 4679 2490 4741 igitur
2516 4678 2806 4729 maledictus
2831 4678 2928 4729 eris
2956 4694 3103 4743 super
3128 4688 3329 4738 terram,
3360 4689 3412 4729 et
3439 4692 3524 4730 re-

1989 4750 2149 4817 liqua,
2181 4762 2360 4817 usque,
2400 4747 2573 4800 Omnis
2598 4750 2684 4815 qui
2710 4747 2942 4798 occiderit
2968 4746 3091 4798 Cuia
3118 4746 3399 4813 septuplum
3426 4762 3525 4813 pu-

1988 4813 2153 4870 nietur
2182 4813 2391 4886 (ηεαδ.

2598 4898 2791 4938 11180191)
2800 4897 2911 4936 ωε.

2063 4978 2308 5031 Damasus
2334 4977 2400 5029 ad
2434 4976 2812 5042 Hieronymum.
2844 5000 2910 5013 —-
2948 4972 3082 5037 Quid
3112 4975 3209 5027 sibi
3241 4975 3348 5026 vult
3394 4975 3530 5039 quod

1988 5048 2230 5100 scribitur
2260 5049 2309 5098 111
2336 5047 2523 5097 Genesi
2550 5062 2562 5095 :
2617 5044 2791 5095 Omnis
2827 5044 2911 5110 qui
2940 5045 3171 5096 occiderit
3210 5043 3331 5095 Cain
3362 5054 3531 5109 septu-

1990 5117 2129 5185 plum
2156 5116 2394 5167 vindictas
2422 5113 2623 5167 exsolvit
2656 5110 2857 5181 (Ibid.).

2628 5224 2881 5263 IACISTEB
2896 5252 2906 5263 .

2064 5301 2399 5370 Hieronymus
2435 5304 2502 5354 ad
2542 5302 2829 5354 Damasum.
2858 5330 2925 5338 —
2964 5311 3248 5365 Antequam
3299 5298 3362 5351 de
3385 5313 3530 5370 quie-

1994 5372 2165 5424 stiune
2193 5368 2446 5432 dicamus,
2480 5382 2675 5424 rectum
2708 5374 2906 5421 videtur
2950 5379 3004 5419 ut
3040 5372 3293 5421 editiones
3352 5368 3532 5431 singu-

1994 5442 2160 5495 lorum
2204 5455 2320 5492 cum
2365 5442 2476 5506 ipso
2529 5441 2778 5491 Ilebraico
2832 5440 3147 5504 digerantus,
3191 5454 3290 5503 quo
3324 5439 3525 5506 facinus

1994 5524 2179 5561 sensus
2208 5505 2490 5573 Scriptum!
2536 5508 2697 5573 possit
2724 5506 2937 5571 intelligi
2963 5523 2976 5558 :
3017 5506 3240 5557 Vaiotner
3266 5505 3315 5555 lo
3344 5505 3527 5555 udoraai

1995 5578 2169 5629 lac/ten
2196 5580 2272 5629 col
2300 5578 2453 5644 Itoreg
2499 5576 2643 5639 Cain,
2673 5578 2935 5628 sibatltaim
2980 5576 3159 5626 iurant.
3189 5574 3415 5644 Aquila;
3468 5574 3532 5625 Et

1994 5646 2112 5697 dicit
2132 5647 2178 5697 ei
2205 5642 2474 5697 Dominus:
2524 5644 2796 5710 Propterea
2824 5645 2981 5697 omnis
3009 5645 3089 5708 qui
3115 5642 3343 5710 occiderit
3376 5642 3529 5705 Cain,

1994 5730 2079 5782 sep
2102 5713 2373 5777 entpliciter
2396 5708 2665 5785 ulciscitur.
2696 5714 3036 5783 Symmachus
3064 5729 3073 5762 ;
3108 5708 3169 5761 Et
3201 5711 3317 5763 dicit
3348 5716 3391 5765 ei
3427 5711 3535 5765 Do-
