3934 6222
312 366 419 420 2³3

1385 357 1826 425 QUES‘I‘IONES
1863 330 2079 409 super.
2121 331 2430 441 Caussin.

3382 344 3487 400 ρεδι

310 470 675 537 ινσεκίιριιιὶςιηι
705 468 873 533 datos,
906 478 955 522 et
985 483 1088 523 non
1121 467 1238 521 vita:
1270 468 1849 522 niartalium‘coostitu-

1975 462 2013 514 is
2036 450 2255 538 requiem
2281 458 2541 538 animabus
2570 458 2740 511 vestris
2760 457 2994 538 “(."all/t:
3050 456 3144 523 ιι).
3174 457 3325 538 Salut-
3369 458 3485 523 jus-

312 555 421 593 tus.
449 542 693 593 Sequitur
721 558 731 591 :
1826 590 1829 591 ν

390 556 828 677 ξίῗξᾟὲἕῃῖηλιωπ
871 615 1012 659 erant
1038 621 1185 672 super
1224 614 1410 677 terram
1443 604 1497 677 in
1534 590 1852 677 diebusillis.

314 677 386 729 Et
414 670 522 747 post
550 679 653 729 Ita'c
676 687 727 727 ut
768 670 1171 747 ingrediebantur
1200 672 1410 747 ﬁliiDei
1439 670 1505 725 ait
1535 675 1668 739 ﬁlias
1698 673 1857 747 Itami-

318 741 462 811 mtm,
487 757 532 798 et
554 741 847 815 generabant
871 746 959 815 eis.
986 746 1008 796 Ι
1019 746 1074 795 lli
1096 752 1234 815 erant
1259 744 1484 815 gigantes
1505 759 1535 793 a
1563 742 1748 815 siccato
1771 741 1858 790 ho-

317 810 479 867 mines
501 810 739 866 nominati
762 812 946 882 (Ιὺὶά.)
998 815 1049 866 In
1079 810 1292 882 llebtasu
1313 814 1380 865 ita
1406 812 1554 882 habet
1582 810 1860 882 :Cadentes

316 898 464 936 crant
492 885 540 935 in
570 894 747 935 terram
770 877 825 933 in
858 884 1026 933 diebus
1057 880 1191 942 illis,
1241 880 1290 932 id
1338 889 1454 940 est,
1498 878 1765 943 Niphilim.
1799 877 1859 928 Et

321 960 438 1016 past
460 954 582 1014 hac,
604 962 656 1002 ut
683 952 1088 1019 ingrediebantur
1114 950 1207 1019 ﬁlii
1234 950 1438 1000 deorum
1458 950 1522 999 ad
1546 947 1868 1019 ﬁliashom‘ia

326 1014 450 1071 nam
477 1061 490 1083 ,
536 1018 582 1072 et
630 1014 931 1089 generabant
960 1020 1061 1079 eis,
1086 1014 1156 1089 illi
1206 1027 1346 1069 erant
1376 1022 1586 1089 [artesa
1616 1014 1862 1089 principio

316 1089 419 1140 viri
447 1086 708 1142 nominari.
744 1089 842 1139 Pro
871 1088 1175 1139 cadentibus
1203 1089 1315 1138 sive
1345 1086 1640 1153 gigantibus
1670 1086 1865 1136 tioleu-

321 1168 408 1210 tos
433 1172 524 1212 eos
554 1159 924 1224 interpretatus
947 1166 1024 1208 est
1048 1156 1412 1225 Symmachus.
1441 1155 1648 1225 Angelis
1670 1164 1863 1225 autem,

319 1236 380 1277 et
407 1221 705 1278 sanctorum
734 1226 910 1278 liberis
948 1221 1192 1276 convenit
1220 1237 1411 1289 nomen
1439 1222 1759 1285 cadentium,
1788 1221 1863 1274 si-

320 1303 415 1348 cut
445 1295 683 1359 superius
713 1295 957 1345 diximus.
990 1292 1270 1358 Sequitur:
1684 1340 1685 1347 η
1825 1333 1835 1359 _.

403 1357 684 1430 Videasque
714 1362 956 1414 Dominus
982 1357 1114 1428 quod
1141 1361 1295 1412 multa
1324 1360 1515 1413 malitia
1541 1360 1794 1430 hominum
1818 1357 1868 1408 in

319 1442 479 1496 terra,
507 1444 553 1484 et
573 1427 748 1484 cuncta
775 1427 1012 1500 cegitatio
1040 1430 1203 1495 cordis
1232 1432 1419 1500 intenta
1440 1437 1565 1500 esset
1592 1430 1657 1479 ad
1682 1427 1870 1500 malum

320 1502 462 1552 omni
487 1511 743 1564 tempore;
771 1497 997 1563 painituit
1019 1515 1130 1550 eum
1159 1500 1288 1566 quod
1320 1499 1567 1566 hominem
1599 1498 1790 1566 fecisset
1819 1497 1870 1563 in

318 1580 481 1634 terra,
509 1559 635 1636 etc.,
667 1559 831 1635 usque
866 1566 1080 1621 Ptenitet
1104 1559 1235 1620 enim
1255 1583 1330 1621 me
1358 1559 1532 1635 fecisse
1554 1559 1635 1619 eos
1665 1559 1869 1633 (Ibid).

954 1686 1262 1727 DISCIPULUS.

399 1764 694 1834 Gregorius.
726 1793 793 1804 --
819 1762 951 1834 Quid
979 1774 1057 1815 est
1083 1763 1219 1830 quod
1248 1762 1578 1834 omnipotens
1608 1762 1761 1834 Deus,
1784 1760 1868 1828 qui

324 1834 473 1887 nulla
502 1831 849 1886 inutabilitate
894 1832 1135 1885 humana:
1177 1832 1489 1885 conditionis
1532 1831 1870 1896 asuingitur,

322 1914 430 1957 uec
474 1905 521 1955 ei
568 1903 688 1969 quid
722 1915 839 1955 esse
867 1913 947 1953 est
971 1940 986 1964 ,
1027 1915 1144 1953 esse
1172 1902 1326 1963 desit,
1357 1915 1418 1952 ex
1446 1912 1677 1968 tempore
1704 1900 1873 1968 patui-

305 1973 494 2042 _luisse
522 1973 584 2024 de
611 1986 705 2024 sua
733 1970 1034 2023 conditione
1057 1969 1401 2023 describitur?

962 2064 1266 2133 ιιωιδτειιξ

404 2186 717 2255 Plerumque
747 2188 883 2249 enim
931 2188 981 2240 in
1024 2203 1177 2242 sacro
1206 2187 1417 2255 eloquio
1445 2188 1580 2241 sicut
1609 2188 1875 2253 sapientes

326 2255 427 2309 Dei
459 2272 754 2309 sermonem
788 2260 1001 2309 tralmnt
1026 2271 1055 2308 a
1076 2258 1397 2325 sapientibus
1416 2258 1613 2320 szeculi,
1642 2259 1718 2310 sic
1743 2271 1878 2311 nunc

328 2340 429 2395 pro
460 2328 678 2378 utilitate
710 2327 935 2377 hominis
965 2340 1141 2379 vocem
1175 2327 1225 2378 in
1251 2340 1307 2379 se
1337 2327 1574 2378 humanm
1623 2327 1877 2393 passionis

326 2396 574 2447 conditor
607 2396 874 2446 hominum
903 2395 1063 2447 sumit
1098 2395 1251 2457 Deus,
1282 2402 1337 2445 ut
1366 2395 1603 2449 videlicet
1634 2396 1872 2447 dicatur:
1909 2422 1915 2425 -

336 2463 579 2515 Pamituit
609 2478 721 2515 eum
759 2463 890 2530 quod
919 2463 1170 2515 hominem
1212 2465 1403 2530 fecisset
1439 2465 1490 2515 in
1536 2472 1702 2527 terra,
1753 2465 1875 2525 dum

334 2532 571 2598 proiecto
589 2541 792 2585 constet
814 2533 933 2599 quia
955 2532 998 2585 is
1020 2534 1107 2598 qui
1130 2544 1316 2596 cuticta
1346 2531 1643 2601 priusquam
1668 2534 1879 2586 veniant

332 2602 615 2668 conspicit,
650 2615 974 2669 nequaquam
1002 2601 1193 2669 aliquid
1226 2602 1528 2667 pmniteudo
1560 2602 1759 2663 fecerit,
1794 2602 1879 2655 re-

334 2669 562 2736 sipiscit.
595 2669 660 2723 Ut
683 2683 808 2736 ergo
836 2670 1021 2722 mirum
1054 2684 1155 2722 non
1181 2679 1262 2723 est
1290 2671 1335 2724 si
1366 2670 1624 2738 spiritales
1654 2672 1881 2732 plerum-

333 2753 442 2817 que
472 2738 1225 2822 utantur;versibnsljvocibus]
1253 2741 1569 2819 carnalium,
1594 2740 1671 2792 sic
1712 2754 1879 2822 neque

336 2810 383 2858 si
416 2808 530 2870 ipse
573 2806 844 2859 incliabilis
870 2816 921 2858 et
946 2806 1161 2860 Creator
1185 2808 1413 2859 omnium
1446 2808 1685 2873 Spiritus,
1717 2817 1772 2861 ut
1800 2806 1879 2862 ad
1926 2860 1931 2867 ,

336 2876 657 2946 intellectum
703 2891 851 2946 suum
878 2891 1084 2928 carnem
1117 2877 1398 2943 pet-trahat,
1429 2878 1479 2928 in
1525 2891 1582 2929 se
1626 2879 1737 2946 ipso
1765 2892 1878 2931 car-

335 2944 423 2997 nis
448 2959 739 3006 sermonem
772 2945 971 2999 formet.

488 3013 726 3081 Sequitur
754 3014 804 3065 in
828 3008 951 3067 libro
986 3013 1325 3076 Quaestionum
1351 3012 1731 3065 Hebrairarum.

412 3080 504 3134 ιιω
532 3085 893 3148 generatiOnes
922 3082 1063 3136 Noe:
1099 3082 1212 3135 Noe
1247 3084 1319 3135 vir
1349 3083 1516 3151 justus
1545 3096 1687 3151 atque
1717 3085 1879 3150 pcrfeo

333 3164 450 3220 ctus
475 3154 524 3200 in
555 3151 871 3219 generatione
900 3167 991 3203 sua
1017 3167 1126 3203 cunt
1159 3149 1568 3220 Deoianibuldbat
1603 3149 1749 3220 (Gen.
1784 3149 1873 3220 vt).

339 3218 569 3271 Hieron.
589 3219 852 3286 signanter
874 3224 1065 3287 quippe
1090 3221 1162 3271 sit
1187 3238 1197 3270 :
1252 3219 1316 3271 In
1347 3218 1664 3285 generatione
1693 3236 1803 3284 sua,
1829 3218 1885 3272 ut

336 3290 642 3340 osxenderet
687 3304 787 3341 non
831 3288 977 3356 juxta
1013 3290 1265 3355 justitiam
1314 3300 1745 3350 consummatam,
1793 3289 1884 3342 sed

332 3356 489 3425 juxta
518 3360 906 3425 generationem
936 3373 1082 3411 suam
1114 3373 1233 3409 eum
1257 3356 1455 3424 justum
1485 3360 1642 3409 fuisse
1663 3358 1881 3424 justitis.

336 3423 474 3477 Cum
506 3423 609 3477 Deo
630 3426 965 3493 ambulabat,
1009 3425 1106 3478 hoc
1138 3436 1214 3478 est
1238 3423 1268 3489 ,⁷
1288 3428 1427 3478 illius
1454 3423 1675 3494 vestigia
1699 3440 1885 3494 seque—

338 3496 520 3546 batur.
550 3495 795 3559 Seqmtur
820 3510 833 3547 :

414 3560 651 3627 Dixitque
686 3572 850 3613 autem
894 3561 1133 3615 Dominus
1171 3562 1236 3613 ad
1278 3560 1419 3614 Noe:
1468 3559 1612 3614 Finis
1648 3563 1887 3615 universi:

332 3632 514 3682 ‘carnis
544 3631 666 3682 venit
706 3647 871 3684 coram
900 3647 997 3684 nte.
1029 3630 1237 3695 Βέρβεια
1277 3640 1347 3683 est
1392 3639 1523 3682 terra
1554 3631 1812 3699 iniquius
1853 3650 1885 3685 ιι

341 3700 473 3766 facie
502 3715 687 3762 eorum,
716 3710 761 3751 et
788 3715 878 3769 ego
902 3702 1183 3767 disperdam
1218 3716 1300 3753 eos
1328 3715 1439 3751 cum
1470 3714 1621 3752 terra.
1662 3699 1768 3753 Fac
1797 3703 1887 3753 tibi

339 3768 597 3837 arcantde
623 3770 773 3836 lignis
799 3768 1037 3837 lteoiqatis
1063 3768 1267 3837 (lbid.).

420 3837 486 3888 Et
513 3834 855 3907 Hieronymus
882 3834 1027 3907 {Fac
1050 3834 1137 3907 tibi
1161 3834 1330 3888 arcam
1353 3837 1413 3907 de
1440 3837 1585 3907 lignis
1606 3839 1882 3904 quadratis.

341 3904 451 3973 Pro
479 3904 744 3969 quadratis
774 3905 921 3971 lignis
953 3904 1269 3958 bitumiuatis
1299 3904 1518 3973 legimus
1545 3909 1594 3958 in
1628 3908 1883 3961 Hebraeo:

343 3972 600 4040 Colligeus
630 3975 779 4039 facies
808 3990 995 4035 arcam,
1028 3984 1072 4025 et
1100 3975 1152 4025 in
1177 3974 1338 4025 cubitu
1360 3972 1739 4027 consummabis
1778 3991 1887 4028 eam

342 4045 577 4111 desuper.
611 4044 711 4094 Pro
740 4057 805 4095 eo
829 4044 963 4109 quod
992 4052 1074 4094 est
1098 4059 1109 4093 :
1142 4043 1402 4110 Col'igens
1430 4044 1585 4095 iacies
1612 4058 1811 4097 aream:
1833 4046 1882 4097 iu

345 4110 568 4164 tlcbraco
590 4112 827 4172 habetur,
846 4110 1186 4163 meridianum
1206 4114 1360 4165 iacies
1381 4126 1536 4174 arcae,
1553 4114 1689 4175 quod
1716 4115 1881 4165 mani-

342 4183 531 4252 [estius
554 4180 1017 4252 interpretatusest
1040 4182 1381 4250 Symmachus
1404 4182 1607 4252 dicens:
1637 4181 1883 4252 διαφανὲς,

346 4250 455 4304 hoc
481 4258 579 4313 est,
611 4251 890 4303 dilucidum
919 4249 1086 4303 iacies
1105 4265 1261 4314 arca}.
1290 4251 1471 4305 volens
1499 4249 1779 4305 feriestrsiu
1808 4268 1885 4306 ui-

342 4317 530 4383 telligi.
564 4319 837 4382 Sequitur:

419 4384 795 4438 Hansiunculas
820 4387 871 4437 in
901 4401 1020 4437 arca
1050 4387 1201 4454 facies
1223 4427 1237 4450 ,
1270 4397 1375 4441 etc.
1401 4428 1413 4449 ,
1448 4402 1613 4455 usque
1644 4388 1709 4441 Et
1737 4390 1879 4455 quie-

342 4455 413 4524 vit
441 4470 572 4517 aqua
601 4463 644 4506 et
669 4456 870 4524 revelati
897 4465 1014 4507 sunt
1044 4460 1206 4524 fontes
1229 4455 1393 4524 abyssi
1418 4465 1462 4508 et
1486 4466 1750 4510 cataracta
1772 4461 1880 4511 cali

342 4521 498 4593 (Gen.
533 4526 743 4591 vt-vm).
773 4521 869 4576 Pro
902 4521 1138 4576 revelatis
1167 4521 1417 4587 fontibus,
1464 4525 1672 4578 clausos
1700 4536 1752 4579 et
1779 4529 1874 4579 ob-

345 4592 563 4646 duratos
608 4606 791 4645 omnes
832 4592 1145 4662 interpretes
1171 4594 1573 4657 transtulerunt;
1611 4603 1664 4647 et
1693 4609 1784 4662 pro
1812 4608 1875 4647 eo

344 4663 485 4725 quod
514 4664 787 4729 sequitur:
832 4660 1050 4731 Cessapit
1083 4678 1213 4724 aqua
1236 4676 1384 4731 super
1412 4670 1621 4724 terram,
1655 4660 1706 4716 et
1750 4665 1872 4716 reli-

344 4746 446 4798 qua
472 4768 487 4792 ,
535 4736 781 4798 scriptum
810 4740 892 4783 est
924 4746 935 4781 :
971 4729 1306 4798 Reversteque'
1338 4738 1451 4782 sunt
1478 4747 1620 4797 aqum
1646 4733 1705 4785 de
1744 4741 1875 4785 terra

344 4808 516 4851 euntes
568 4813 613 4852 et
659 4802 935 4852 redeuntes.
986 4800 1137 4864 Nota,
1170 4800 1452 4853 secundum
1502 4799 1869 4865 Ecclesiasmn,

344 4868 485 4933 quod
512 4881 692 4919 omnes
712 4883 858 4929 aqua:
880 4879 1032 4934 atque
1065 4878 1325 4921 torrentes
1348 4881 1439 4935 per
1461 4870 1689 4923 occultas
1714 4887 1873 4923 venas

345 4938 410 4987 ad
433 4936 707 5002 matricem
735 4936 975 5002 abyssum
1008 4950 1143 4989 rever
1159 4946 1350 4989 tantur.

419 5001 544 5055 Post
587 5004 923 5071 quadraginta
954 5006 1057 5055 dies
1103 5006 1298 5071 aperuit
1349 5003 1459 5056 Noe
1504 5004 1683 5056 ostium
1720 5021 1869 5069 arcte,

344 5072 482 5139 quod
526 5073 661 5139 fecit,
701 5082 746 5122 et
774 5073 933 5142 emisit
964 5088 1197 5133 coruunt;
1229 5082 1273 5124 et
1318 5087 1683 5142 egressuspnon
1728 5075 1872 5125 rediit

346 5148 415 5193 ad
436 5157 568 5203 eum,
603 5144 758 5193 donec
784 5141 1084 5191 siccarentur
1104 5152 1245 5207 aqua:
1272 5141 1492 5193 de’terra
1521 5141 1671 5206 (Gen.
1702 5142 1835 5207 vtu).

421 5209 523 5262 Pro
550 5213 686 5264 ostio
726 5208 947 5261 fenestra
991 5210 1184 5271 scripta
1209 5220 1288 5263 est
1334 5209 1383 5261 iu
1432 5209 1683 5273 Hebraeo,
1731 5223 1781 5262 et
1808 5213 1872 5262 de

346 5293 509 5331 ωηο
537 5278 687 5334 aliter
739 5279 925 5330 dicitur
955 5294 968 5329 :
1006 5275 1181 5329 Emisit
1207 5293 1435 5338 corvum,
1467 5289 1512 5329 et
1551 5293 1772 5344 egressus
1798 5289 1873 5330 est

347 5362 403 5399 ea
414 5349 521 5400 iens
545 5364 644 5399 non
670 5361 937 5407 revertens,
969 5353 1121 5399 donec
1148 5348 1451 5400 siccarentur
1475 5360 1617 5414 aqua!
1638 5349 1697 5397 de
1725 5357 1875 5399 terra.

348 5415 476 5468 utec
493 5418 637 5481 juxta
664 5418 1052 5483 Hieronymum.
1414 5469 1421 5475 ,

424 5484 788 5553 Recapitulatio
837 5486 965 5538 unde
1008 5499 1180 5549 supra.
1211 5512 1277 5522 —
1307 5483 1412 5535 Noe
1439 5494 1609 5534 autem
1643 5497 1731 5549 per
1758 5498 1874 5539 om~

352 5554 437 5607 uia
490 5567 779 5621 omnesque
816 5567 957 5607 actus
1010 5555 1122 5621 ejus
1168 5554 1401 5621 Christus
1448 5554 1719 5619 signiticat.
1768 5554 1876 5607 Noe

350 5627 495 5676 enim
525 5624 729 5689 requies
758 5620 1124 5691 interpretatur
1144 5666 1158 5687 ,
1186 5632 1235 5675 et
1280 5620 1526 5675 Dominus
1575 5623 1733 5674 dicit:
1788 5624 1875 5674 Di-

355 5702 475 5749 sc.le
504 5709 534 5744 a
559 5708 632 5743 me
658 5694 770 5759 quia
800 5694 926 5744 mitis
953 5709 1060 5747 sum
1089 5703 1134 5746 et
1164 5694 1363 5745 humilis
1390 5692 1557 5756 corde,
1587 5701 1632 5744 et
1660 5693 1877 5745 invenie-

1958 540 2042 583 tus
2076 526 2336 583 iuvettitur
2364 529 2414 580 in
2442 528 2529 579 illa
2556 537 2711 593 gente
2758 526 2887 587 Noe,
2912 528 2994 578 cui
3021 537 3217 592 septem
3248 529 3487 578 homines

1957 602 2217 650 donantur
2255 606 2465 664 propter
2491 595 2939 659 justitiamosuam.
2993 596 3148 649 Solus
3188 597 3359 664 justus
3407 603 3487 645 est

1958 668 2195 721 Christus
2221 662 2376 732 atque
2411 666 2692 729 perlectus,
2720 666 2801 717 cui
2846 672 3043 727 septem
3079 662 3321 717 Ecclesia:
3368 678 3488 727 pro-

1961 746 2078 801 pter
2106 733 2495 799 scptetnplicem
2527 732 2763 797 spiritum
2812 732 3189 801 illuiniuantem
3232 736 3283 783 in
3332 746 3486 782 unam

1965 800 2247 857 Ecclesium
2276 804 2655 853 condonantur.
2697 801 2845 865 Quod
2870 816 2992 853 vero
3024 800 3129 853 Noe
3184 816 3276 867 per
3303 814 3489 866 aquam

1918 920 1921 922 .
1962 882 2023 925 et,
2044 873 2237 941 lignum
2268 871 2535 941 liberatur,
2566 872 2822 941 signiticat
2848 884 3054 921 erucem
3080 877 3130 941 et
3155 870 3485 941 baptiSnium.

1962 938 2106 994 Sicut
2135 942 2272 993 enim
2296 938 2516 991 illecum
2543 939 2652 990 suis
2681 954 2773 1005 per
2802 954 2987 1005 aquam
3020 948 3071 991 et
3099 938 3289 1005 lignum
3320 938 3493 987 salva-

1966 1021 2070 1073 tur,
2101 1013 2174 1061 sic
2204 1008 2397 1059 ‘l‘amilia
2422 1007 2614 1058 Christi
2648 1021 2737 1073 per
2766 1007 3079 1071 baptismum
3106 1018 3157 1059 et
3180 1006 3347 1058 crucis
3371 1020 3485 1069 pas—

1966 1079 2166 1133 sionem
2196 1088 2433 1137 sanatur.
2459 1075 2645 1128 Arcam
2694 1074 2953 1128 instruxit.
2984 1075 3094 1128 Noe
3118 1075 3184 1129 de
3212 1076 3361 1141 lignis
3390 1088 3492 1125 non

1969 1147 2417 1213 putrescentibus:
2450 1144 2680 1199 Ecclesia
2729 1144 3051 1196 construitur
3099 1144 3384 1213 aCliristo
3427 1156 3491 1195 ex

1972 1207 2265 1268 hominibus
2292 1215 2349 1266 in
2385 1214 2758 1278 sempiternum
2785 1213 3013 1265 victuris.
3046 1214 3177 1265 Area
3208 1207 3345 1264 enim
3396 1212 3490 1263 ista

1970 1284 2265 1337 Ecclesiam
2313 1281 2740 1345 demanstrabat,
2791 1295 2909 1347 quae
2962 1290 3103 1333 natat
3142 1283 3193 1332 in
3251 1279 3495 1333 nni-tibus

1972 1353 2148 1405 mundi
2178 1353 2351 1418 hujus.
2380 1350 2526 1415 Quod
2554 1361 2725 1409 autem
2754 1350 2936 1403 eadem
2964 1364 3083 1402 arca
3105 1352 3169 1402 de
3195 1350 3344 1416 lignis
3365 1366 3491 1415 qua-

1971 1422 2133 1475 dratis
2163 1421 2270 1473 ﬁeri
2314 1420 2542 1485 iubetur,
2567 1419 3062 1485 undiquestabtlem
3094 1422 3250 1470 vitam
3285 1428 3491 1470 sancto-

1972 1505 2084 1542 rum
2121 1492 2444 1550 lsanctillcat,
2498 1488 2560 1539 ad
2606 1503 2759 1541 omne
2810 1502 2941 1553 Opus
2986 1487 3174 1546 bonum
3227 1498 3495 1553 paratum;

1972 1573 2283 1622 quocunque
2311 1558 2448 1609 enim
2478 1558 2718 1621 verteris,
2741 1556 3046 1623 quadratum
3078 1555 3295 1609 ﬁrmiter
3321 1556 3500 1607 stabit.

1971 1628 2121 1691 Quod
2154 1625 2407 1680 bitumine
2430 1625 2747 1691 glutinantur
2775 1640 2908 1678 arca:
2938 1626 3076 1686 ligna
3108 1625 3424 1677 intrinsecus
3446 1635 3499 1676 et

1973 1697 2338 1754 extrinsecus.
2384 1702 2443 1747 ut
2513 1696 2565 1745 in
2608 1707 2856 1761 compage
2914 1694 3128 1745 unitatis
3176 1693 3499 1759 signiﬁcetur

1976 1765 2248 1817 tolerantia
2276 1762 2563 1821 charitatis,
2606 1777 2670 1814 ne
2698 1762 2953 1815 scandulis
2985 1762 3269 1815 Ecclesium
3294 1770 3499 1815 tentan-

1976 1834 2112 1886 tibus
2144 1832 2253 1887 sive
2276 1835 2347 1884 ab
2374 1832 2453 1884 his
2474 1832 2559 1898 qui
2588 1830 2728 1884 intus
2752 1840 2889 1892 Sunt.
2913 1834 3025 1883 sive
3049 1831 3116 1883 ab
3147 1832 3226 1883 his
3253 1832 3337 1898 qui
3370 1830 3501 1882 foris

1975 1910 2115 1964 sunt,
2144 1903 2292 1955 cedat
2322 1901 2544 1955 fraterna
2569 1900 2833 1963 juuclura.
2868 1911 2921 1953 et
2964 1902 3195 1952 solvatur
3235 1899 3498 1952 vinaulum

1977 1971 2139 2037 pacis.
2184 1970 2279 2025 Est
2305 1970 2446 2023 enim
2477 1970 2712 2022 bitumen
2735 1968 3175 2031 ferventissimam
3204 1970 3399 2035 gluten,
3429 1971 3502 2021 si-

1974 2040 2230 2104 gniﬁcans
2258 2038 2557 2092 dilectionis
2586 2038 2823 2092 ardorem
2844 2077 2859 2099 ,
2887 2040 2932 2090 vi
2966 2053 3164 2103 magna:
3192 2040 3507 2089 fortitudinis

1972 2112 2038 2159 ad
2068 2110 2344 2161 tenendam
2392 2107 2697 2160 societatem
2737 2106 3027 2173 spiritalem
3056 2108 3228 2158 omnia
3278 2107 3503 2157 toleran-

1977 2187 2102 2229 tem.
2131 2177 2277 2246 Quod
2308 2190 2426 2229 arca
2457 2176 2703 2246 trecentis
2729 2177 2920 2229 cubitis
2946 2176 3096 2243 longa
3124 2186 3224 2237 est,
3254 2184 3310 2228 ut
3333 2178 3507 2227 sexies

1974 2244 2345 2313 quinquaginta
2382 2244 2767 2310 compleantur,
2799 2247 2934 2298 sicut
2960 2258 3049 2298 sex
3083 2246 3320 2298 etatibus
3348 2259 3504 2313 oumu

1979 2312 2131 2382 hujus
2152 2312 2344 2369 'satCuli
2377 2322 2578 2381 tempus
2607 2313 2923 2382 extenditur.
2973 2315 3024 2365 In
3054 2313 3293 2382 omnibus
3318 2312 3505 2378 quibus

1975 2380 2215 2437 Christus
2262 2380 2525 2451 nunquam
2555 2381 2756 2436 destitit
2795 2382 3173 2451 priedicari._ln
3205 2380 3380 2448 quinta
3414 2396 3503 2446 per

1978 2452 2305 2519 prOphetiam
2336 2450 2635 2519 praedictus,
2664 2453 2717 2506 in
2744 2450 2885 2504 sexta
2918 2465 3010 2519 per
3035 2450 3371 2519 Evangeliuni
3402 2452 3504 2502 dil-

1979 2518 2217 2574 famatus.
2250 2518 2427 2575 Potest
2451 2520 2658 2590 quidem
2709 2531 2765 2573 et
2806 2522 2856 2572 in
2904 2518 2981 2590 his
3030 2518 3275 2590 trecentis
3316 2520 3508 2575 cubitis

1977 2590 2184 2658 signum
2226 2590 2351 2658 ligni
2400 2588 2658 2657 passionis
2688 2590 2911 2642 ostendi.
2945 2588 3110 2655 Ipsius
3149 2589 3286 2641 enim
3322 2590 3507 2641 littera:

1978 2673 2227 2713 numerus
2246 2660 2418 2712 crucis
2440 2660 2764 2711 demonstrat
2792 2658 2997 2725 signum
3021 2672 3124 2725 quo
3149 2659 3508 2725 socii'passio-

1977 2729 2059 2781 uis
2085 2727 2279 2781 Christi
2310 2726 2481 2781 eti-eti
2510 2742 2601 2794 per
2632 2730 2942 2795 baptismum
2989 2728 3360 2795 longitudinem
3390 2729 3508 2778 vita:

1977 2806 2189 2850 acterna:
2208 2797 2347 2863 adipi
2377 2806 2586 2850 cuntur.
2610 2794 2757 2861 QuOd
2782 2812 2903 2849 vero
2924 2794 3113 2847 cubitis
3138 2796 3507 2862 quinquaginta

1979 2865 2199 2921 latitudo
2228 2866 2341 2933 ejus
2370 2866 2699 2932 expanditur,
2743 2867 2873 2917 sicut
2904 2864 3183 2929 Apostolus
3212 2864 3331 2917 dicit
3365 2881 3377 2916 :
3410 2864 3510 2917 Cor

1978 2946 2201 2990 nostrum
2232 2936 2504 2986 dilatatam
2534 2946 2638 2998 est;
2664 2934 2819 2998 unde,
2851 2934 2949 2985 nisi
2977 2935 3229 2987 charitate
3253 2934 3509 3000 spiritali?

1978 3000 2200 3070 Propter
2240 3002 2380 3068 quod
2409 3003 2517 3069 ipse
2545 3004 2732 3061 iterum
2760 3004 2888 3071 dicit
2912 3020 2922 3053 :
2950 3002 3180 3055 Charitas
3205 3000 3294 3055 Dei
3322 3002 3510 3071 diluta

1979 3080 2049 3123 est
2075 3074 2127 3123 in
2156 3072 2387 3123 cordibus
2418 3073 2598 3124 nostris
2625 3087 2711 3140 per
2740 3070 2985 3140 Spiritum
3011 3082 3236 3123 sanctum
3256 3074 3338 3137 qui
3350 3070 3512 3124 datus

1908 3156 1953 3217 ρ
1982 3149 2052 3192 est
2078 3140 2238 3194 nobis.
2269 3140 2719 3217 Quinquagesitno
2748 3142 2885 3217 enim
2916 3143 3000 3193 die
3031 3146 3148 3205 post
3176 3144 3513 3217 resurrectio—

1989 3224 2107 3263 nem
2160 3225 2307 3264 suam
2354 3208 2588 3263 Christus
2631 3210 2881 3277 Spiritum
2932 3218 3167 3261 sanctum
3215 3210 3377 3273 misit,
3409 3228 3513 3279 quo

1985 3278 2143 3332 corda
2182 3279 2511 3332 'crcdentium
2577 3280 2827 3331 dilatavit.
2883 3278 3029 3343 Quod
3081 3288 3252 3330 autem
3297 3278 3515 3334 an.me

1984 3350 2098 3412 ejus
2126 3362 2227 3401 xxx
2256 3348 2445 3401 cubitis
2468 3347 2649 3415 surgit,
2682 3358 2835 3415 quem
2860 3361 3130 3400 numerum
3154 3346 3327 3402 decies
3359 3353 3519 3404 habet

1988 3418 2039 3467 in
2069 3417 2315 3469 trecentis
2340 3418 2528 3471 cubitis
2558 3418 2845 3485 longitudo,
2874 3417 2994 3483 quia
3024 3416 3264 3470 Christus
3289 3429 3368 3471 est
3395 3422 3515 3471 alti-

1986 3485 2109 3555 tudo
2154 3498 2355 3553 nostra,
2386 3488 2495 3555 qui,
2530 3488 2735 3554 triginta
2766 3500 3018 3539 annorum
3064 3498 3268 3541 aetatem
3300 3503 3508 3555 gerens,

1985 3552 2276 3607 doctrinam
2323 3552 2676 3624 evangelicum
2728 3555 3081 3619 consecravit,
3112 3552 3409 3624 contestans
3439 3558 3513 3611 le-

1986 3637 2101 3691 gem
2123 3639 2229 3676 non
2254 3636 2311 3678 se
2328 3623 2530 3679 venisse
2554 3626 2779 3686 solvere.
2794 3627 2882 3679 sed
2906 3626 3194 3688 adimplere
3209 3623 3417 3694 (Matth.
3439 3635 3510 3692 v).

1986 3694 2091 3762 Lex
2122 3702 2293 3746 autem
2325 3698 2375 3747 in
2397 3695 2578 3749 decem
2606 3698 2876 3762 praeceptis
2906 3695 3223 3761 agnoscitur,
3254 3695 3389 3749 unde
3412 3698 3509 3754 de-

1984 3761 2093 3815 cies
2122 3764 2335 3825 tricenis
2352 3778 2490 3816 arcae
2517 3761 2784 3831 longitudo
2816 3764 3098 3831 perlicitur.
3144 3762 3291 3816 Unde
3320 3773 3374 3816 et
3402 3767 3513 3831 ipse

1986 3832 2094 3884 hoc
2144 3831 2211 3883 ab
2258 3832 2423 3886 Adam
2476 3834 2707 3885 decimus
2761 3840 3106 3897 computatur,
3150 3833 3285 3897 quod
3339 3837 3511 3887 sexies

1984 3898 2135 3968 longa
2160 3900 2223 3952 ad
2252 3901 2576 3955 latitudinem
2607 3916 2773 3965 suam,
2804 3912 2854 3954 et
2897 3902 3071 3953 decies
3094 3903 3157 3953 ad
3191 3902 3509 3955 altiudiuem

1984 3981 2129 4019 suam
2163 3972 2374 4024 humani
2407 3972 2641 4038 corporis
2670 3975 2831 4023 instar
2868 3971 3121 4031 ostendit,
3152 3971 3201 4021 in
3232 3985 3332 4036 quo
3361 3972 3513 4025 Curt-

1983 4047 2095 4090 stus
2148 4046 2403 4106 apparuit.
2452 4040 2701 4105 Corporis
2751 4040 2889 4091 cnim
2948 4037 3253 4106 longitudo,
3308 4054 3420 4104 qua:
3483 4057 3509 4093 a

1987 4104 2195 4159 vertice
2232 4124 2395 4173 usque
2443 4111 2505 4160 ad
2561 4104 2830 4174 vestigium
2880 4104 3053 4159 sexies
3107 4116 3304 4159 tantum
3360 4111 3513 4162 habet

1982 4189 2135 4242 quam
2184 4176 2420 4240 latitudo,
2452 4192 2565 4243 quia
2613 4186 2691 4229 est
2734 4179 2800 4228 ab
2848 4192 2949 4229 uno
2982 4180 3139 4229 latere
3179 4178 3241 4227 ad
3292 4177 3509 4230 alterum

1984 4244 2138 4310 latus,
2159 4254 2212 4297 et
2238 4246 2409 4297 decies
2451 4255 2648 4298 tantum
2679 4255 2925 4312 quantum
2953 4246 3188 4297 latitudo.
3210 4244 3364 4309 Cujus
3395 4248 3500 4297 lati-

1983 4316 2177 4366 tudtuis
2218 4328 2455 4368 mensura
2486 4325 2567 4368 est
2602 4317 2652 4367 in
2695 4320 2854 4368 latere
2891 4330 2917 4365 a
2947 4314 3103 4365 dorso
3138 4315 3199 4365 ad
3247 4326 3507 4379 ventrem,

1982 4383 2118 4434 velut
2150 4383 2193 4435 si
2216 4383 2473 4451 jacentem
2522 4386 2786 4436 hominem
2834 4381 3063 4451 meziaris
3106 4382 3366 4445 sUpinum,
3420 4398 3511 4435 seu

1984 4449 2230 4517 pronum,
2283 4454 2453 4505 sexies
2493 4461 2688 4503 tantum
2746 4449 3079 4518 longitudinis
3134 4462 3212 4502 est
3258 4464 3286 4501 a
3345 4464 3513 4517 capue

1984 4533 2147 4587 usque
2175 4522 2238 4572 ad
2269 4523 2448 4585 pedes,
2478 4536 2632 4588 quam
2664 4521 2794 4572 latus
2824 4536 2849 4571 a
2880 4525 3092 4571 dextera
3137 4520 3186 4569 iu
3225 4518 3510 4581 sinistram,

1978 4594 2055 4637 vel
2073 4604 2099 4637 a
2116 4588 2323 4640 sinistra
2349 4590 2709 4650 indexteram,
2724 4601 2776 4641 et
2793 4589 2966 4643 decies
2991 4603 3143 4653 quam
3161 4589 3221 4639 alt
3235 4603 3293 4639 us
3309 4601 3335 4638 a
3353 4598 3507 4640 terra.

1979 4653 2124 4709 Unde
2152 4657 2284 4723 facta
2314 4668 2383 4710 est
2412 4674 2527 4710 arca
2557 4668 2880 4713 trecentorum
2909 4660 2959 4707 in
2986 4657 3296 4722 longitudine
3319 4659 3508 4706 cubito-

1974 4739 2108 4796 rum,
2128 4735 2175 4796 et
2201 4730 2559 4796 quinquaginta
2587 4730 2638 4777 in
2660 4728 2924 4777 latitudine
2951 4736 2995 4776 et
3021 4726 3221 4796 triginta
3259 4728 3308 4796 in
3334 4724 3511 4777 altitu-

1974 4794 2088 4845 dine
2110 4794 2358 4862 (Gen.vt).
2387 4794 2509 4849 Item
2537 4797 2670 4862 quod
2701 4796 2871 4847 eadem
2901 4808 3017 4862 arra
3039 4794 3249 4862 colli-ctu
3279 4795 3327 4843 in
3358 4808 3509 4845 unum

1973 4860 2195 4915 cubitum
2234 4860 2445 4933 desuper
2472 4860 2847 4915 consummatur
2874 4860 3183 4933 (lbtd.),_sic
3204 4870 3256 4913 et
3287 4863 3508 4913 tcclesm

1978 4930 2449 4998 corpus-Christiin
2474 4934 2722 4985 unitatem
2744 4934 2961 4985 collecta
2984 4930 3291 4982 sublimatur
3314 4944 3363 4981 et
3392 4944 3508 4996 per-

1979 5000 2166 5052 ﬁcitur.
2206 5002 2363 5053 Unde
2410 5000 2595 5054 dicitur
2625 5002 2675 5054 in
2706 4999 2979 5068 Evangelia
3013 5016 3024 5050 :
3059 4999 3155 5063 Qui
3185 5014 3321 5049 mecu
3341 5018 3370 5048 ιι
3412 5012 3509 5068 non

1976 5069 2185 5137 colligit,
2224 5069 2429 5136 spargit.
2466 5071 2612 5135 Quod
2641 5084 2810 5123 autem
2850 5070 3017 5121 aditus
3043 5084 3087 5121 et
3116 5071 3169 5121 tit
3196 5083 3223 5119 a
3255 5068 3369 5119 late.
3388 5083 3433 5125 υ,
3459 5067 3509 5119 id

1977 5147 2075 5199 est,
2101 5138 2237 5203 quod
2283 5153 2436 5190 neuio
2474 5144 2629 5191 intrat
2659 5140 2706 5191 in
2736 5139 3047 5201 Ecclesium,
3082 5138 3175 5189 nisi
3218 5152 3306 5199 per
3332 5151 3507 5189 sicsa-

1978 5216 2212 5257 mcutum
2248 5208 2593 5261 remissionis
2643 5220 2992 5274 peccatorum,
3032 5207 3169 5273 quod
3214 5206 3276 5257 de
3315 5203 3511 5257 Christi

1981 5274 2141 5324 latere
2172 5287 2351 5342 aperto
2397 5281 2640 5329 tuausvit.
2670 5275 2818 5342 Quod
2852 5292 2971 5328 vero
2999 5275 3239 5326 interiora
3265 5288 3397 5327 arcte
3426 5274 3502 5326 bi-

1977 5355 2235 5395 cauterata
2262 5358 2312 5396 et
2340 5348 2664 5398 tricami-rata
2689 5352 3078 5404 construuntur,
3105 5354 3236 5395 scut
3260 5359 3320 5396 ex
3343 5346 3509 5409 attnui—

1980 5410 2075 5464 bus
2109 5416 2346 5480 gentibus
2377 5416 2455 5466 vel
2487 5418 2777 5480 bzpertitam
2828 5414 3201 5465 multitudinem
3233 5419 3507 5478 congregat

1981 5480 2285 5533 Ecclesium.
2336 5484 2551 5546 PrOpter
2592 5484 3043 5535 circumcisiunrm
3089 5497 3141 5533 et
3184 5482 3513 5547 prmputiom,

1977 5549 2058 5601 Vel
2082 5550 2136 5599 'tr
2163 5552 2397 5613 partitam
2442 5561 2649 5616 propter
2681 5552 2815 5603 ﬁlios
2857 5557 2981 5611 Noe,
3026 5566 3239 5615 quorum
3272 5564 3514 5615 pro,eute

1978 5618 2205 5681 repletus
2232 5628 2311 5669 est
2339 5619 2499 5670 urbis.
2544 5622 2602 5671 Et
2632 5621 2747 5673 ideo
2784 5632 2917 5673 arca:
2966 5620 3203 5670 illrcl'iOl'a
3250 5619 3343 5670 ista
3376 5619 3514 5669 dit-ta

1977 5699 2091 5739 suut
2150 5690 2263 5753 quia
2296 5688 2341 5739 in
2376 5689 2469 5739 hac
2499 5690 2599 5741 vita
2626 5698 2828 5742 terrena
2851 5698 2927 5741 est
2952 5689 3222 5740 diversitas
3251 5689 3503 5755 gentium.
