3934 6222
488 306 592 364 9.95

946 303 1143 360 ΒΕΒᾸΞ
1186 301 1626 359 VENERABlLlS
1666 303 1808 356 Ol‘l’.
1855 301 2025 357 PARS

492 424 549 475 In
579 432 784 475 summo
812 427 987 474 autem
1020 433 1201 473 omnes
1230 432 1660 473 constimmamur
1689 418 1739 471 in
1773 434 1957 479 unum,
1988 426 2042 471 et

491 504 597 544 non
625 496 705 542 est
732 486 831 544 ista
864 487 1111 554 varietas,
1143 488 1263 555 quia
1318 491 1492 541 omnia
1521 488 1764 541 omnibus
1806 488 2043 541 Christus

492 570 575 613 est
601 567 844 626 tanquam
874 571 969 611 nos
992 572 1099 611 uno
1127 558 1305 611 cubito
1335 557 1401 609 de
1427 572 1588 621 super
1612 558 1812 609 cielesti
1843 558 2044 611 unitate

492 640 875 691 consummans.
907 626 1056 691 Qitod
1086 637 1257 680 autem
1288 636 1471 678 cuncta
1500 627 1800 678 animalium
1847 641 2039 691 genera

494 687 827 749 i'mduduntur
859 687 1097 755 in‘arca,
1129 695 1384 763 signiﬁcat
1410 694 1528 762 quia
1557 709 1617 747 ex
1649 687 1887 746 omnibus
1916 711 2045 755 pen-

494 767 632 817 tibus
660 774 714 832 et
738 764 1035 818 nationibus
1074 764 1406 832 congregatio
1448 764 1501 832 lit
1532 764 1581 815 in
1616 764 1868 817 Ecclesia.
1897 766 2042 828 Quod

491 835 649 887 etiam
675 831 829 887 Petro
853 832 1242 887 demonstratus
1266 831 1441 886 discus
1470 831 1556 884 ille
1583 832 1837 899 signiﬁcat
1863 874 1876 895 ,
1901 835 2043 901 quod

493 901 685 954 munda
728 911 780 955 et
829 900 1091 954 immunda
1128 903 1237 955 sint
1283 902 1350 955 ibi
1379 901 1655 963 animalia,
1692 902 1827 954 sicut
1860 902 1910 952 in
1945 904 2044 954 Ec-

492 973 650 1025 clesia
675 972 1012 1025 sacramentis
1042 972 1159 1024 boni
1187 978 1241 1023 et
1269 970 1389 1023 mali
1424 982 1712 1025 versantur.
1762 970 1908 1035 Quod
1956 986 2043 1023 se-

494 1052 646 1107 ptena
675 1047 800 1095 sunt
822 1041 1033 1103 munda,
1067 1050 1120 1093 et
1149 1039 1267 1093 bina
1298 1038 1585 1103 immunda,
1620 1055 1721 1090 non
1752 1040 1871 1105 quia
1914 1056 2041 1105 pau-

491 1115 662 1164 ciores
708 1118 832 1163 sunt
872 1111 991 1162 mali
1045 1122 1197 1177 quam
1230 1109 1367 1171 boni,
1401 1107 1492 1177 sed
1528 1111 1648 1175 quia
1679 1110 1793 1159 boni
1829 1119 2044 1161 servant

494 1183 744 1233 unitatem
791 1178 1006 1245 spiritus
1048 1178 1097 1230 in
1140 1178 1348 1231 vinculo
1376 1176 1538 1246 pacis.
1584 1178 1828 1231 Sanctum
1869 1188 2041 1230 autem

490 1252 725 1306 sniritum
761 1247 932 1301 divina
998 1247 1263 1314 Scriptura
1307 1247 1357 1299 in
1399 1247 1683 1310 septiformi
1740 1256 2043 1310 operat'one

490 1317 820 1371 commendat
845 1334 861 1370 :
884 1318 1137 1382 sapientia:
1158 1325 1202 1367 et
1222 1315 1523 1374 intellectus.
1548 1316 1745 1367 consilii
1772 1325 1816 1383 et
1838 1317 2043 1383 fortitu-

492 1389 645 1447 dinis,
668 1386 890 1440 scientiis
917 1395 962 1437 et
986 1388 1197 1451 pietatis,
1228 1394 1272 1435 et
1295 1385 1485 1436 timoris
1514 1383 1715 1436 Domini
1745 1382 1895 1453 (Isai.
1925 1387 2039 1453 λιι).

492 1456 641 1510 Unde
682 1465 734 1509 et
765 1455 849 1509 ille
901 1465 1145 1508 numerus
1192 1454 1562 1523 quinquaginta
1611 1455 1811 1506 dierum
1843 1455 1904 1505 ad
1952 1457 2043 1508 ad-

492 1537 702 1577 ventum
731 1524 894 1579 sancti
940 1524 1167 1591 Spiritus
1197 1525 1462 1591 pertinens
1485 1524 1535 1575 in
1566 1528 1760 1587 septies
1786 1525 2038 1587 septenis.

493 1595 587 1658 Qui
610 1592 1081 1662 liuntquadraginta
1106 1607 1291 1646 novem
1309 1607 1412 1662 uno
1434 1594 1607 1644 addito
1627 1604 2039 1658 consummatur,

493 1677 707 1731 propter
735 1662 872 1728 quod
919 1661 1116 1717 dictum
1146 1669 1229 1715 est
1290 1678 1304 1713 :
1337 1661 1609 1715 Studentes
1634 1677 1831 1713 servare
1874 1664 2041 1714 unita-

495 1730 605 1785 tem,
642 1732 853 1801 spiritus
891 1734 944 1784 iit
993 1730 1189 1785 vinculo
1220 1732 1408 1801 pacis.”
1433 1732 1549 1783 Mali
1580 1740 1776 1801 autem,
1807 1732 1857 1782 in
1887 1733 2038 1783 bina-

497 1807 578 1854 rio
610 1798 832 1855 numero
874 1800 940 1853 ad
970 1798 1250 1853 schismata
1298 1798 1477 1855 faciles
1504 1841 1516 1861 ,
1550 1809 1601 1851 et
1645 1799 1869 1866 quodam
1919 1816 2030 1853 rno-

500 1872 567 1922 dn
594 1868 881 1923 divisibiles
908 1871 1268 1922 ostenduntur.
1316 1869 1464 1931 Quod
1495 1869 1602 1921 Noe
1632 1870 1745 1935 ipse
1774 1883 1893 1921 cum
1923 1871 2031 1922 suis

493 1949 709 1992 octavus
766 1946 1092 2003 numeratur,
1119 1938 1377 2007 signiﬁcat
1406 1940 1524 2005 quia
1556 1939 1605 1989 in
1652 1938 1863 1991 Christo
1910 1954 2031 2005 spes

498 2008 895 2062 resurrectionis
949 2019 1140 2060 nostrae
1185 2009 1442 2075 apparuit,
1490 2008 1609 2075 quia
1656 2018 1833 2060 octava
1884 2009 1970 2061 die
2010 2049 2023 2071 ,

497 2078 546 2131 id
601 2086 720 2140 est,
772 2085 887 2144 post
956 2076 1171 2133 Sabbati
1237 2078 1516 2143 septimum
1590 2076 1756 2140 primo
1805 2091 1835 2128 a
1891 2094 2031 2130 mor-

496 2150 593 2200 tuis
623 2147 926 2202 resurrexit.
969 2147 1063 2212 Qui
1090 2147 1203 2199 dies
1230 2160 1259 2213 a
1290 2147 1532 2213 passione
1561 2147 1743 2198 tertius
1774 2185 1788 2207 ,
1822 2146 1885 2198 in
1936 2164 2029 2198 uu-

498 2233 642 2269 inero
688 2226 862 2270 autem
892 2216 1117 2277 dierum,
1162 2212 1252 2282 qui
1294 2212 1386 2281 per
1415 2228 1569 2267 omne
1611 2225 1816 2279 tempus
1864 2218 2027 2267 volvi-

498 2297 604 2347 tur,
644 2295 695 2338 et
746 2295 958 2337 octavus
997 2295 1048 2336 et
1079 2283 1277 2350 primus
1319 2292 1419 2336 est.
1460 2282 1608 2348 Quod
1661 2295 1775 2349 post
1827 2296 2027 2351 septem

498 2360 609 2407 dies
650 2368 713 2409 ex
746 2368 849 2420 quo
881 2355 1144 2420 ingressus
1173 2362 1252 2405 est
1291 2352 1400 2405 Noe
1444 2352 1493 2404 in
1522 2367 1698 2405 arcam
1720 2392 1733 2413 ,
1782 2354 2027 2407 diluvium

496 2429 686 2477 tactum
755 2431 857 2485 est.
906 2424 1005 2476 hoc
1033 2430 1150 2484 est,
1191 2420 1311 2489 quia
1359 2424 1409 2473 in
1450 2436 1596 2488 spem
1642 2421 1827 2474 futura:
1874 2426 2023 2489 quieo

498 2498 600 2558 tis,
630 2507 745 2559 qua:
796 2492 1020 2560 septimo
1084 2490 1169 2543 die
1211 2490 1495 2558 significata
1538 2500 1652 2551 est,
1684 2489 2028 2555 baptizamttr.

492 2563 642 2629 Quod
676 2576 802 2617 vero
848 2569 1051 2629 praeter
1082 2574 1271 2629 parcam
1311 2560 1484 2612 omnis
1510 2572 1653 2612 caro
1680 2596 1695 2621 ,
1740 2574 1893 2628 quam
1927 2572 2027 2614 ter-

501 2627 557 2685 ra
606 2627 974 2691 sustentabat,
1024 2627 1219 2682 diluvio
1262 2638 1570 2694 consumpta
1618 2637 1719 2693 est,
1771 2630 2030 2695 signilicat

503 2704 624 2768 quia
680 2708 871 2768 praeter
938 2697 1186 2751 Ecclesia:
1243 2699 1545 2768 societatem
1599 2712 1730 2764 aqua
1786 2698 2028 2762 baptismi

499 2767 744 2836 quamvis
782 2767 964 2819 eadem
994 2768 1082 2829 sit,
1125 2780 1226 2818 non
1262 2767 1575 2836 solumrnon
1603 2769 1771 2819 valeat
1801 2768 1862 2818 ad
1893 2769 2031 2820 salu-

502 2834 622 2897 tem.
670 2838 762 2892 sed
792 2836 962 2889 valeat
998 2838 1173 2904 potius
1212 2834 1274 2887 ad
1320 2835 1621 2901 perniciem.
1674 2836 1820 2899 Quod
1857 2845 2030 2890 autem

502 2907 847 2976 quadraginta
902 2906 1083 2958 diebus
1127 2914 1178 2955 et
1222 2904 1559 2976 quadraginta
1592 2905 1833 2959 noctibus
1879 2905 2027 2971 pluit,

506 2973 626 3045 quia
668 2973 838 3029 omnis
868 2984 1042 3028 reatus
1074 2984 1401 3045 peccatorum
1435 2977 1493 3045 in
1527 2973 1708 3026 decem
1754 2977 2030 3045 praeceptis

502 3043 631 3115 legis
669 3045 960 3098 admittitur
985 3056 1074 3113 per
1104 3044 1401 3115 universum
1422 3043 1599 3095 orbem
1634 3053 1908 3107 terrarum,
1940 3044 2027 3111 qui

502 3112 725 3184 quatuor
750 3112 1319 3184 partibuscontinetur.
1351 3112 1536 3184 Decem
1568 3121 1819 3177 praecepta
1852 3121 2034 3184 quater

504 3260 613 3307 dies
663 3248 903 3320 pertinet,
933 3266 998 3303 ex
1030 3264 1203 3302 rerum
1242 3250 1612 3320 prosperitate,
1654 3250 1763 3301 sive
1792 3248 1928 3315 quod
1975 3251 2040 3305 ad

505 3318 684 3377 not-tes
724 3337 787 3374 ex
834 3336 1006 3375 rerum
1052 3318 1360 3385 adversitate
1405 3327 1700 3371 contractus
1744 3320 1812 3370 sit
1861 3333 2042 3373 sacra-4

505 3403 677 3445 mento
698 3392 936 3458 baptismi
965 3388 1192 3444 cmlesﬁs
1214 3388 1459 3458 abluitur.
1488 3386 1632 3450 Quod
1656 3386 2041 3458 Noe_quingen-

504 3473 673 3515 torum
715 3454 829 3515 erat
856 3473 1130 3520 annorum,
1167 3472 1286 3509 cum
1330 3458 1375 3508 ei
1435 3456 1634 3509 locutus
1660 3465 1741 3508 est
1769 3454 2038 3520 DOininus,

504 3542 562 3584 ut
605 3543 776 3581 arcam
814 3529 911 3581 sibi
958 3529 1167 3591 laceret,
1209 3536 1263 3578 et
1309 3534 1577 3578 sexcentos
1607 3526 1829 3578 habebat
1875 3540 2039 3580 annos

501 3614 620 3653 cum
669 3601 719 3649 in
767 3611 829 3650 ea
875 3595 1055 3649 luisset
1090 3595 1375 3663 ingressus.
1426 3595 1570 3647 Unde
1618 3595 1917 3661 intelligitur
1946 3611 2039 3663 per

501 3676 712 3721 centum
741 3678 903 3717 annos
931 3679 1051 3718 arca
1082 3664 1348 3725 fabricata,
1372 3663 1494 3729 quid
1520 3663 1657 3714 aliud
1688 3663 1771 3715 hie
1802 3665 2039 3717 videntur

501 3748 711 3790 rentum
755 3734 876 3788 anni
905 3734 1217 3802 signiﬁcare,
1254 3734 1349 3784 nisi
1379 3742 1557 3802 aetates
1586 3732 1812 3797 singulas
1840 3736 2035 3787 smeuli.

505 3809 653 3862 Unde
678 3808 773 3858 ista
798 3811 942 3856 sexta
960 3800 1098 3854 'zetas
1127 3816 1240 3867 qua:
1269 3800 1538 3866 completis
1563 3802 1854 3869 quingentis
1877 3816 2038 3869 usque

498 3881 561 3931 ad
597 3882 891 3938 sexcentos,
912 3871 1228 3941 signiﬁcatur
1254 3871 1302 3921 in
1331 3872 1752 3941 iiianil'estatione
1772 3872 2036 3938 evangeli-

499 3964 612 4001 cam
635 3941 916 3999 Ecclesiam
937 3939 1187 3994 construi.
1212 3942 1271 3992 Et
1294 3940 1409 3991 ideo
1428 3939 1515 4006 qui
1538 3940 1633 3991 Sibi
1654 3941 1716 3990 ad
1742 3942 1892 3991 vitam
1914 3956 2035 3993 con-

499 4014 713 4078 Siilit,sit
730 4012 1186 4079 velutquadratum
1210 4010 1633 4076 lignutn,paratus
1651 4009 1712 4059 ad
1735 4024 1887 4061 omne
1905 4026 2035 4078 opus

501 4092 781 4146 bonum,et
801 4082 955 4133 intret
977 4083 1026 4131 in
1049 4078 1292 4131 labric.iin
1311 4089 1560 4138 sanctam,
1582 4079 1697 4143 quia
1710 4088 1759 4130 et
1778 4082 2034 4133 secundus

503 4153 697 4208 mensis
717 4150 839 4204 anui
862 4147 1368 4213 sescentesimi,quo
1388 4146 1718 4216 intravitNee
1748 4152 1795 4198 in
1835 4163 2030 4216 arcani,

505 4224 739 4275 eamdem
770 4219 1027 4274 senariam
1055 4226 1259 4267 aetatem
1281 4215 1558 4282 signiﬁcat.
1590 4215 1696 4267 Duo
1726 4216 1862 4268 enim
1889 4232 2034 4270 men-

505 4308 591 4344 ses
644 4290 990 4355 sessgeuario
1036 4299 1253 4355 numero
1298 4286 1718 4339 concluduntur:
1759 4302 1787 4338 a
1826 4289 2033 4341 senario

514 4371 686 4412 autem
713 4354 933 4409 nuiuero
982 4363 1033 4407 et
1059 4354 1322 4419 sexaginta
1367 4356 1792 4419 cognominantur
1834 4364 1887 4407 et
1915 4370 2032 4409 sex-

509 4431 666 4491 ccuti,
696 4436 751 4479 et
786 4439 875 4477 sex
905 4424 1084 4486 millia,
1115 4432 1168 4475 et
1190 4422 1454 4486 sexaginta
1495 4423 1674 4484 millia,
1705 4434 1755 4475 et
1783 4435 2027 4477 sexcenta

508 4499 664 4551 millia
691 4504 747 4549 et
772 4496 1083 4557 sexcenties,
1110 4502 1163 4547 et
1209 4491 1456 4559 quidquid
1486 4492 1729 4558 deinceps
1777 4494 1825 4543 in
1867 4495 2027 4560 majo-

509 4570 655 4620 ribus
706 4565 923 4617 summis
961 4576 1047 4628 per
1086 4564 1325 4614 eumdem
1365 4562 1636 4613 articulum
1684 4576 1927 4614 numerus
1976 4563 2027 4614 in

513 4636 708 4690 inﬁnita
748 4633 1069 4687 incrementa
1106 4631 1368 4697 consurgit
1394 4646 1411 4695 ;
1442 4642 1491 4681 et
1517 4633 1649 4695 quod
1680 4634 1951 4683 vicesimus
1977 4640 2029 4684 et

514 4706 767 4773 septimus
792 4703 903 4757 dies
958 4703 1151 4773 mensis
1195 4709 1651 4773 commemoratur.
1703 4700 1765 4773 ad
1794 4701 2026 4773 ejusdem

508 4769 835 4844 quadratum:
850 4772 1275 4844 signiﬁcationem
1300 4772 1542 4844 pertinet,
1569 4786 1679 4844 quae
1700 4769 1804 4844 jam
1828 4771 1876 4821 in
1902 4785 2030 4844 qua-

509 4838 673 4898 iiiatis
703 4844 852 4908 lignis
878 4838 1108 4906 exposita
1152 4849 1251 4891 est.
1286 4838 1385 4893 Sed
1436 4838 1515 4888 hic
1558 4840 1877 4901 evidentius,
1908 4840 2028 4905 quia

514 4932 608 4967 nos
637 4911 702 4964 ad
724 4925 880 4962 omne
906 4912 1095 4963 bonum
1143 4919 1371 4977 paratos,
1402 4908 1447 4959 id
1489 4916 1589 4969 est,
1622 4909 1844 4972 quodam
1874 4912 2029 4962 modo

514 4980 893 5048 conquadrstos
946 4981 1147 5032 trinitas
1194 4979 1404 5046 perfecit
1433 4994 1445 5028 :
1476 4981 1527 5029 in
1593 4979 1836 5028 memoria
1864 5015 1879 5037 ,
1928 4994 2026 5043 qua

520 5054 681 5107 Deum
715 5048 1010 5113 recolimtis,
1036 5050 1087 5099 in
1118 5049 1472 5116 intelligentia,
1502 5059 1601 5113 qua
1627 5050 1991 5111 cognoscimus
2018 5063 2032 5110 ;

514 5137 563 5173 iu
597 5124 877 5177 voluntate.
898 5132 997 5185 qua
1021 5117 1297 5183 diligimus.
1321 5117 1439 5169 Tria
1470 5131 1606 5167 enim
1640 5126 1717 5185 ter
1743 5124 1795 5167 et
1824 5117 1921 5166 hoc
1953 5126 2028 5167 ter

516 5190 645 5243 liuiit
676 5202 836 5251 sxvtt,
862 5182 949 5259 qui
974 5196 1054 5240 est
1078 5182 1276 5239 numeri
1310 5186 1518 5259 ternarii
1546 5182 1849 5251 quadratus.
1884 5184 2027 5259 Quod

514 5276 637 5315 vero
679 5256 900 5327 septimo
928 5272 1104 5312 mense
1150 5270 1269 5306 arca
1301 5258 1519 5327 resedit,
1551 5259 1646 5327 hoc
1697 5266 1790 5327 (ξεί,
1830 5256 2028 5327 requie-

514 5332 604 5395 vit,
632 5332 695 5385 ad
726 5323 866 5383 illam
886 5338 1158 5393 septimam
1191 5326 1432 5395 requiem
1458 5324 1759 5389 signiﬁcatio
1787 5323 2027 5395 recurrit;

517 5392 715 5469 etquis
748 5392 1333 5469 perlectirequieseunt,
1368 5393 1671 5469 ibiquoque
1700 5392 2030 5469 quadratario

523 5460 659 5525 illius
687 5460 936 5523 tiu-uterus
969 5460 1201 5516 iteratur.
1242 5462 1372 5515 Nam
1415 5460 1654 5510 vicesima
1696 5462 1915 5527 septima
1948 5461 2032 5513 die

520 5540 733 5593 secundi
759 5538 953 5592 mensis
978 5573 993 5597 ,
1023 5532 1437 5583 commendatum
1463 5534 1543 5580 est
1595 5534 1691 5581 hoc
1736 5544 2031 5581 sacramen-

521 5622 627 5659 tum
652 5619 705 5661 et
729 5621 931 5661 rursum
984 5602 1225 5653 vicesima
1250 5598 1465 5664 septima
1490 5598 1574 5649 die
1602 5599 1798 5649 mensis
1826 5600 2029 5661 septimi

521 5680 699 5730 eadem
746 5671 1123 5727 commendatio
1165 5670 1461 5720 cciilirniata
1506 5678 1605 5735 cst,
1632 5680 1763 5743 cum
1808 5679 1925 5719 arca
1954 5682 2032 5721 re-

2063 300 2124 357 ll.
2159 300 2349 355 S‘ECT.
2392 301 2450 354 ll.
2494 330 2559 340 —
2594 301 2783 356 DUBIA
2832 302 2913 354 ET
2956 301 3219 359 SPURlA.
3623 303 3730 358 296

2072 421 2117 480 Α
2146 415 2355 483 quievit.
2387 417 2531 481 Quod
2556 419 2693 470 enim
2719 419 3033 483 promittitur
3056 420 3104 471 in
3134 434 3249 486 spe,
3279 420 3383 475 hoc
3414 422 3725 475 exhibetur

2152 487 2202 539 in
2255 500 2328 538 re.
2363 486 2525 539 Porro
2567 488 2685 554 quia
2737 489 3111 557 ipsagseptima
3167 491 3375 557 requies
3420 506 3569 543 cum
3636 506 3726 543 oc-

2159 563 2272 606 tava
2324 557 2707 608 resurrectione
2758 555 3106 623 coniungitur.
3163 555 3341 624 Neque
3376 563 3535 612 enim
3596 561 3720 611 red-

2147 626 2261 679 diio
2303 638 2527 691 corpore
2573 628 2745 677 linitur
2784 627 3010 690 requies,
3054 640 3170 691 qua
3203 639 3314 693 post
3360 629 3507 682 hanc
3547 630 3725 681 vitam

2146 699 2343 765 exripll
2370 703 2601 765 sanctos,
2622 698 2711 747 sed
2742 705 2912 761 potius
2942 705 3103 745 totum
3137 698 3422 763 hominem,
3463 714 3589 750 nun
3622 698 3717 751 ad-

2153 763 2394 828 huc-spe,
2426 763 2515 814 sed
2544 764 2648 826 jam
2691 779 2746 815 re
2776 766 2881 830 ipsa
2914 765 3053 815 omni
3099 779 3159 816 ex
3197 775 3343 831 parte
3390 771 3637 833 spiritus
3672 776 3727 819 et

2146 836 2385 902 Corporis
2442 836 2666 897 perlecta
2725 842 2780 884 ct
2832 833 3106 902 immortali
3152 839 3318 888 salute
3370 845 3721 890 renovatum

2146 900 2357 956 a-te'rna:
2393 902 2513 953 vitae
2541 916 2727 952 mimus
2755 900 2990 952 assumit.
3028 904 3152 965 Quia
3180 918 3304 971 ergo
3330 909 3575 970 septima
3630 922 3717 958 re-

2148 975 2299 1039 quies
2325 985 2441 1022 cutn
2463 988 2518 1021 ot
2532 980 2646 1029 tava
2668 972 3047 1040 resurrectione
3067 970 3491 1040 conjiiiigitur,et
3529 978 3644 1025 hoc
3666 978 3719 1026 in

2144 1048 2475 1094 Sat-ramento
2502 1039 2903 1109 regenerationis
2933 1054 3143 1102 noS'rte,
3188 1045 3234 1091 id
3268 1039 3368 1103 est,
3399 1048 3447 1093 iri
3486 1045 3719 1109 baptis-

2146 1125 2254 1171 mo,
2282 1117 2440 1161 altum
2466 1108 2883 1173 profundumque
2911 1112 3211 1177 mysterium
3244 1120 3341 1172 est,
3368 1115 3513 1178 quod
3547 1108 3720 1176 quin-

2144 1179 2312 1233 decim
2344 1178 2531 1231 cubitis
2572 1181 2892 1240 supercrevit
2947 1193 3100 1247 aqua,
3136 1182 3398 1233 excedens
3452 1181 3721 1234 aliiudi-

2146 1265 2263 1318 riem
2317 1249 2588 1318 montium.
2646 1247 2975 1318 Ui-toeitaque
3030 1258 3080 1298 et
3124 1259 3323 1314 septem
3383 1253 3716 1318 quindecim

2145 1317 2360 1370 iaciunt.
2388 1317 2489 1368 Sed
2522 1325 2642 1366 octo
2664 1314 2955 1379 SigillllCJltl
2984 1314 3449 1379 resurrectionett—t,
3476 1314 3711 1383 septeni

2144 1389 2396 1454 quietem.
2432 1384 2537 1437 lloc
2586 1385 2741 1451 igitur
2770 1397 3154 1437 sacramentum
3185 1390 3609 1441 resorrectionis
3658 1402 3715 1441 et

2143 1453 2334 1519 quietis
2364 1453 2683 1507 transcendit
2713 1467 2922 1505 omnem
2954 1455 3263 1520 sapientiam
3309 1463 3711 1524 superborum,

2145 1524 2303 1578 itaut
2354 1524 2650 1575 nullatenus
2683 1525 2846 1589 possit
2875 1524 3119 1591 indagare
3165 1526 3403 1579 scientia:
3449 1544 3569 1580 sua:
3623 1530 3711 1580 al-

2145 1594 2420 1648 titudinem
2468 1594 2868 1644 resurrectionis
2913 1594 3139 1657 quietem
3172 1612 3188 1658 ;
3221 1604 3273 1647 et
3316 1597 3438 1661 quia
3477 1607 3713 1663 septnac

2144 1665 2286 1730 ginta
2342 1678 2369 1715 a
2400 1673 2622 1726 septem.
2657 1672 2709 1714 et
2749 1663 3045 1728 octuaginta
3080 1663 3143 1714 ab
3171 1673 3292 1715 octo
3338 1665 3708 1720 dinumeran-

2070 1750 2112 1809 Β
2148 1746 2249 1809 tur,
2281 1733 2557 1809 conjunirto
2581 1740 2797 1796 otioque
2817 1745 3037 1809 numero
3060 1744 3273 1785 centum
3304 1736 3705 1809 quinquaginta

2137 1802 2324 1855 diebus
2345 1802 2565 1854 exaltata
2588 1811 2667 1851 est
2689 1814 2841 1865 aqua,
2862 1800 3099 1852 eamdem
3127 1800 3508 1857 commendans
3536 1800 3705 1859 nobis

2132 1879 2288 1938 atque
2318 1870 2634 1922 conﬁrmans
2660 1869 2981 1938 altitudinem
3012 1870 3251 1935 baptismi
3286 1874 3335 1922 in
3364 1887 3703 1927 conseCran—

2133 1937 2257 1992 dum
2309 1954 2500 1991 novum
2534 1938 2821 2006 hominem,
2865 1937 2929 1989 ad
2969 1940 3244 1991 tenendam
3276 1943 3467 2006 quietis
3497 1956 3553 1995 et
3608 1959 3701 1996 re-

2137 2008 2481 2063 surrectionis
2529 2008 2704 2059 ﬁdem.
2769 2005 2916 2069 Quod
2988 2018 3102 2073 post
3169 2005 3300 2060 dies
3337 2014 3697 2078 quadragiita

2135 2080 2359 2132 emissus
2384 2091 2576 2129 corvus
2624 2091 2726 2148 non
2769 2085 2850 2127 est
2880 2090 3139 2141 reverSus,
3183 2090 3272 2131 aut
3298 2083 3451 2146 aquis
3504 2094 3697 2148 utique

2134 2150 2475 2211 interceptus,
2505 2154 2591 2194 aut
2613 2145 2787 2215 aliquo
2817 2148 3175 2209 supernataiiii
3206 2164 3430 2215 corpore
3455 2145 3694 2214 illectos,

2142 2219 2402 2283 signiﬁcat
2453 2216 2691 2264 homines
2741 2213 3067 2266 immunditia
3121 2213 3433 2282 cupiditatis
3480 2213 3695 2271 tetet'rié

2136 2302 2271 2348 tuus,
2319 2295 2372 2337 et
2416 2286 2483 2335 ob
2513 2287 2609 2335 hoc
2640 2283 2702 2332 ad
2736 2298 2794 2334 ea
2828 2298 2941 2347 qua:
2970 2284 3094 2337 loris
3121 2298 3245 2337 sunt
3274 2289 3323 2337 iit
3360 2288 3459 2340 hoc
3489 2296 3693 2341 mundo

2131 2365 2388 2418 retentos,
2417 2363 2504 2403 aut
2526 2350 2835 2421 rebaptizari
2866 2354 2932 2403 ab
2956 2352 3035 2404 his
3061 2366 3247 2421 praeter
3278 2371 3476 2421 aream,
3505 2359 3551 2409 id
3581 2368 3687 2421 est,

2133 2434 2321 2488 printer
2370 2421 2655 2473 Ecclesium
2711 2420 2996 2486 baptismus
3024 2424 3233 2485 occidit,
3286 2420 3467 2477 seduci
3502 2439 3553 2479 et
3603 2420 3686 2479 te?

2133 2497 2244 2544 neri
2279 2492 2417 2559 (sic).
2452 2491 2597 2555 Quod
2629 2489 2869 2563 columba
2902 2493 3093 2542 emissa
3125 2507 3225 2545 non
3260 2495 3473 2545 inventa
3504 2512 3686 2563 reque

2130 2576 2343 2613 reversa
2386 2570 2466 2612 est
2497 2600 2510 2619 .
2546 2560 2776 2611 ostendit
2806 2574 2897 2626 per
2946 2574 3133 2613 novum
3194 2560 3689 2617 ιθδιθηιεηιυιιιῖε-

2130 2632 2301 2696 quiem
2333 2630 2531 2697 sanctis
2568 2630 2751 2680 in‘hoc
2780 2630 2973 2679 mundo
3021 2645 3124 2681 noti
3175 2644 3293 2683 esse
3350 2646 3683 2697 proiiiiSsam.

2134 2701 2258 2750 l'ost
2287 2696 2626 2767 quadraginta
2651 2698 2790 2748 enim
2816 2697 2930 2749 dies
2961 2699 3152 2750 emissa
3184 2710 3287 2762 est,
3313 2696 3401 2767 qui
3432 2719 3688 2754 rtuiiierus

2136 2767 2300 2819 vitam
2352 2783 2467 2835 qua:
2518 2769 2569 2818 iii
2618 2766 2715 2818 hoc
2767 2767 2959 2818 mundo
2988 2769 3156 2833 agitur
3198 2766 3481 2834 signiﬁcat.
3526 2776 3686 2823 Uent-

2131 2851 2232 2907 que
2288 2848 2407 2905 post
2473 2847 2673 2907 septem
2740 2836 2853 2887 dies
2905 2835 3117 2907 dimissa
3175 2842 3417 2890 eoluinha
3472 2852 3689 2907 ptOptel’

2130 2906 2272 2957 illam
2332 2905 2680 2973 septenariam
2749 2906 3106 2971 operationem
3174 2905 3482 2972 spiritalem
3531 2916 3690 2960 olm:

2130 2973 2451 3027 fructuosum
2492 2976 2756 3025 surculum
2790 2975 2985 3036 retulit,
3035 2988 3137 3039 quo
3182 2979 3503 3041 signiﬁcaret
3550 2994 3687 3030 no.1-

2136 3044 2310 3099 nullos
2335 3043 2494 3096 etiam
2518 3056 2660 3095 extra
2687 3044 2965 3093 Ecclesiant
2992 3043 3299 3108 baptizatos,
3325 3047 3367 3096 si
3394 3046 3442 3096 iii
3472 3051 3547 3098 eis
3572 3064 3689 3112 pin-

2057 3088 2107 3151 ε
2139 3088 2313 3181 ξυεὰδ
2335 3088 2440 3166 non
2462 3088 2991 3170 del'ueritcliaritatis,
3011 3088 3541 3181 pristeriori'temptire

503 3178 654 3239 ducta
705 3178 1049 3251 quadraginta
1081 3182 1228 3244 liiint,
1260 3179 1369 3232 sive
1414 3178 1497 3251 ille
1548 3188 1745 3251 reatus,
1777 3180 1924 3251 quod,
1968 3183 2062 3234 ad'
2143 3178 2185 3237 si

2143 3185 2187 3237 si
2221 3198 2437 3248 vespere
2467 3195 2610 3234 nioie
2654 3181 2909 3233 columbae
2941 3189 3182 3247 tanquam
3217 3186 3265 3232 in
3316 3189 3495 3237 osculo
3546 3181 3692 3252 pacis

2142 3252 2208 3303 ad
2234 3254 2446 3304 unitatis
2469 3253 2771 3302 societatem
2802 3264 2954 3314 p0sse
2980 3252 3211 3315 perduci.
3238 3254 3381 3313 Quod
3416 3266 3531 3317 post
3555 3256 3690 3305 alios

2146 3328 2344 3387 septem
2367 3320 2479 3373 dies
2503 3319 2738 3381 dimissa,
2768 3327 2819 3370 et
2850 3334 2951 3368 non
2984 3333 3214 3381 reversa,
3247 3324 3499 3385 Signiﬁcat
3530 3322 3687 3374 illll'ln

2141 3392 2339 3456 saeculi,
2375 3392 2581 3457 quando
2612 3390 2713 3440 erit
2760 3400 3058 3439 sanctorum
3090 3389 3322 3455 requies,
3356 3405 3459 3442 non
3514 3395 3689 3443 adhuc

2142 3460 2192 3511 in
2224 3470 2549 3512 sacramento
2580 3459 2712 3523 spei,
2745 3458 2881 3523 quod
2933 3458 2985 3508 iit
3015 3458 3114 3508 hoc
3141 3467 3377 3523 tempore
3407 3475 3688 3513 consocia-

2145 3537 2227 3579 tur
2256 3529 2487 3593 quaridiu
2512 3527 2725 3589 vivitur,
2749 3528 2885 3592 Quod
2918 3529 2982 3577 dc
3012 3526 3204 3578 Christi
3236 3532 3401 3580 latere
3431 3545 3685 3593 manant;

2139 3598 2231 3649 sed
2275 3600 2380 3663 jam
2438 3600 2486 3647 in
2543 3598 2652 3662 ipsa
2706 3596 3025 3661 perfectione
3071 3598 3255 3647 salutis
3304 3609 3513 3649 arteriis:
3565 3615 3685 3651 cum

2142 3662 2373 3719 tradetur
2421 3680 2637 3733 regnum
2669 3663 2777 3716 Deo
2808 3674 2857 3715 et
2894 3662 3059 3726 Patri,
3093 3675 3149 3714 ut
3176 3666 3226 3714 iu
3285 3667 3371 3716 illa
3412 3670 3687 3733 perspiciia

2137 3734 2577 3801 contemplatione
2604 3733 3041 3785 iiic0inniutabilis
3070 3734 3306 3787 veritatis
3339 3737 3492 3788 nullis
3527 3738 3686 3789 titini-

2141 3808 2317 3859 stet-iis
2343 3805 2761 3872 corporabihbus
2790 3816 3056 3869 egeamus.

2746 3906 3058 3946 DlSClPULUS.

2203 3985 2308 4039 Cur
2334 3984 2717 4055 sexcentesimo
2744 3992 2931 4055 et_uiio
2958 3996 3095 4034 anno
3121 3982 3242 4035 vita
3292 3982 3401 4039 Noe
3430 4025 3444 4049 ,
3485 3985 3535 4039 id
3569 4001 3677 4055 est,

2136 4056 2362 4123 peractis
2388 4052 2650 4111 sexcentis
2681 4052 2910 4118 aperitur
2933 4064 3065 4103 arca:
3093 4059 3286 4105 tactum
3308 4054 3328 4105 ’ξ

2772 4154 3045 4193 ιΑῦιετεη.

2203 4232 2375 4287 Finita
2403 4231 2597 4301 quippe
2625 4243 2770 4285 sexta
2818 4242 2971 4285 astate
3000 4233 3177 4286 saeculi
3224 4234 3540 4290 revelabitur
3568 4236 3663 4291 ab-

2137 4305 2437 4356 sconditum
2462 4315 2850 4354 sacramentum
2881 4308 3040 4368 atque
3072 4306 3406 4369 promissum.

2745 4404 3062 4445 DISCIPULUS.

2062 4437 2108 4495 υ
2201 4461 2307 4516 Cur
2332 4460 2583 4516 vicesimo
2604 4469 2655 4513 et
2677 4464 2897 4528 septimo
2922 4466 3006 4514 die
3026 4461 3237 4515 secundi
3261 4462 3457 4515 mensis
3486 4464 3676 4517 dicitur

2136 4534 2362 4585 siccasse
2397 4546 2531 4586 terra
2553 4571 2569 4596 ,
2604 4542 2849 4599 tauquam
2893 4531 3034 4583 ﬁnita
3061 4541 3205 4589 esset
3233 4532 3342 4599 jam
3376 4535 3673 4601 baptizandi

2131 4601 2419 4655 necessitas
2444 4602 2466 4651 τ

2765 4684 3036 4725 IMGISTER.

2206 4738 2261 4790 ln
2293 4749 2511 4789 numero
2558 4738 2746 4787 ctenim
2792 4744 2992 4790 dierum
3020 4737 3453 4806 quinquagesimo
3495 4750 3545 4789 et
3590 4755 3673 4791 se-

2133 4813 2319 4876 ptitno,
2373 4810 2482 4874 ipse
2511 4818 2590 4861 est
2620 4810 2906 4858 enini-dies
2936 4810 3146 4858 secundi
3179 4809 3373 4860 mensis
3399 4812 3675 4860 \llCrs'tllus

2132 4879 2409 4945 septimus,
2444 4878 2527 4942 qui
2561 4890 2804 4927 numerus
2833 4894 2893 4930 ex
2926 4879 3010 4927 illa
3034 4880 3421 4942 conjunctione
3463 4880 3674 4943 spiritus

2132 4960 2184 5001 et
2228 4961 2464 5010 corporis
2504 4947 2697 5008 Septies
2726 4954 2945 4998 octonos
2992 4948 3169 5007 habet,
3218 4962 3319 4999 uno
3349 4947 3527 5000 addito
3556 4962 3673 5012 pro-

2133 5029 2249 5086 pter
2281 5016 2493 5068 unitatis
2516 5019 2801 5067 vinculum.

2750 5099 3065 5138 DISCIPULUS.

2202 5156 2306 5206 Cur
2334 5151 2400 5203 de
2428 5165 2545 5202 arca
2577 5152 2838 5219 conjuncti
2867 5166 3079 5217 ereuut,
3110 5168 3196 5220 qui
3230 5152 3471 5219 disjuneti
3505 5152 3666 5205 intra-

2131 5224 2359 5277 verant?
2408 5219 2498 5273 Sic
2524 5222 2659 5271 enim
2698 5224 2890 5275 dictum
2940 5237 3088 5275 erat:
3125 5219 3268 5285 Quod
3296 5225 3582 5277 intraverint
3620 5240 3669 5274 rit

2131 5310 2299 5343 arcam
2350 5288 2459 5341 Noe
2487 5300 2530 5341 et
2577 5290 2671 5355 filii
2708 5295 2812 5359 ejus
2838 5332 2852 5354 ,
2897 5304 2943 5343 et
2973 5309 3098 5345 uxor
3138 5294 3269 5360 ejus,
3316 5302 3362 5341 et
3404 5306 3581 5343 risores
3610 5298 3669 5356 [i-

2132 5364 2314 5412 liorum
2336 5362 2443 5428 ejus
2473 5361 2621 5426 (Gen.
2662 5374 2749 5428 vti)
2776 5377 2789 5424 ;
2818 5377 3056 5414 seorsum
3102 5362 3224 5423 \ltri,
3256 5371 3308 5413 et
3335 5372 3572 5413 seorsum
3598 5366 3669 5416 le-

2134 5434 2288 5483 tnina:
2309 5439 2731 5483 coiiinieinoratte
2759 5444 2900 5485 sunt.

2764 5536 3040 5574 IACISTEB.

2764 5536 2795 5573 ti
2855 5538 2867 5548 ’
2894 5536 3040 5573 ma.

2203 5586 2328 5651 Quia
2358 5592 2515 5659 igitur
2538 5594 2586 5645 in
2619 5592 2715 5644 hoc
2742 5536 2975 5657 ιϋςῒιΐυτθ
2997 5601 3117 5640 caro
3141 5586 3459 5659 concupiscit
3482 5589 3665 5642 adver-

2134 5673 2223 5711 sus
2249 5656 2509 5727 spiiiiuni,
2540 5675 2590 5713 et
2621 5662 2833 5728 spiritus
2854 5656 3109 5711 adversus
3137 5669 3344 5709 carnem
3374 5656 3566 5725 καθίσει.
3593 5662 3663 5729 v),
