3934 6222
591 440 690 497 307

1044 435 1241 492 ιιι-,πλε
1281 438 1715 496 \‘ENERABILIS
1752 442 1899 496 OPP.
1944 442 2110 496 PARS

2236 441 2421 497 secr.
2460 444 2516 496 II.
2558 473 2625 485 ..-
2668 408 2866 501 nutus
2906 447 2989 502 er
3028 447 3290 505 srums.

3678 448 3776 504 308

587 573 707 610 cum
736 556 797 607 ad
827 570 921 607 nx
953 555 1272 619 pervenisset
1298 570 1486 625 annos,
1511 566 1655 609 ortus
1676 567 1753 610 est
1777 558 2001 612 Naclior.
2028 556 2125 623 Qui
2158 560 2199 612 A
2233 554 2299 625 lia
2330 565 2472 607 tanto
2504 555 2781 620 supercilio
2809 570 2861 611 et
2904 560 3209 613 anetoritate
3240 559 3630 614 Melchisedech
3664 561 3777 625 Spi-

588 640 747 679 xsxtx
794 638 1047 695 annorum
1092 624 1496 695 genuitjhare.
1527 626 1690 695 Quem
1740 628 1952 695 legimus
1983 628 2120 693 quod

589 694 1015 759 septuagenarius
1055 694 1232 760 genuit
1272 691 1464 745 Abram
1510 706 1564 745 et
1610 691 1813 748 Nachoi
1861 706 1912 749 et
1960 691 2118 749 Arari.

590 765 817 828 Supputa
850 776 943 823 per
971 763 1198 825 singulas
1231 771 1409 813 mtates
1448 778 1697 816 annorum
1730 779 2000 817 numerum
2021 806 2034 825 ,
2060 775 2119 831 et

592 834 821 885 invenies
845 832 908 882 ab
937 842 1051 882 ortu
1077 830 1199 883 Scm
1228 846 1388 896 usque
1416 833 1477 882 ad
1506 835 1895 898 generationem
1927 830 2116 887 Abi-am

586 916 750 955 cccu
785 914 981 961 annos;
1016 913 1250 950 manuus
1279 908 1358 951 est
1385 910 1556 951 autem
1584 902 1772 953 Abram
1802 918 1973 955 cnuv
1995 915 2121 953 mta-

588 973 652 1023 tis
681 985 789 1023 sum.
824 984 980 1019 anno.
1018 968 1191 1031 Itaque
1222 966 1425 1019 ratione
1454 968 1675 1021 deducta
1714 971 1973 1023 invenitur
1998 972 2117 1024 Sem

585 1040 651 1091 ab
688 1048 874 1100 nepote
923 1051 1017 1089 suo
1060 1038 1247 1089 decimi
1290 1039 1481 1096 gradus
1524 1039 1714 1090 Abram
1762 1039 2119 1106 supervixisse

588 1123 754 1160 annos
784 1122 938 1169 xuv,
968 1106 1226 1170 simulque
1257 1116 1307 1156 et
1336 1106 1432 1157 hoc
1462 1106 1669 1158 tradunt
1697 1109 1833 1174 quod
1866 1122 2028 1173 usque
2052 1109 2115 1162 ad

588 1176 935 1229 sacerdotium
964 1176 1135 1244 Aaron
1159 1187 1341 1225 omnes
1369 1174 1692 1244 prirnegeniti
1718 1190 1781 1228 ex
1805 1176 1966 1240 stirpe
1987 1177 2113 1240 Non,

563 1245 737 1313 .eujus
764 1244 925 1295 series
955 1252 1008 1295 et
1048 1243 1176 1313 ordo
1205 1244 1515 1313 describitur
1539 1243 1565 1313 ,7
1586 1243 1777 1297 fuerint
1817 1246 2117 1298 sacerdotes

584 1310 782 1365 et'Deo
813 1313 1047 1380 victimas
1076 1310 1417 1373 immolarint,
1457 1320 1507 1363 et
1555 1312 1663 1364 hate
1702 1327 1818 1365 esse
1861 1314 2117 1380 primoge-

581 1383 690 1434 nita
720 1397 833 1449 qum
870 1382 998 1431 l-Isau
1029 1379 1172 1431 fratri
1200 1394 1293 1430 suo
1324 1380 1612 1431 vendiderit
1647 1382 1840 1442 Jacob,
1878 1397 1972 1434 nec
2000 1379 2117 1436 esse

587 1452 775 1502 mirum
813 1450 857 1503 si
886 1449 1262 1502 Melchisedech
1295 1449 1473 1499 victori
1526 1449 1714 1501 Alit-am
1755 1449 1957 1501 obviam
1992 1466 2113 1517 pro-

580 1521 835 1582 cesserit,
865 1527 918 1569 et
946 1518 995 1569 in
1027 1517 1306 1569 relectione
1346 1527 1447 1567 tam
1476 1518 1637 1581 ipsius
1676 1532 1826 1582 quam
1858 1527 2113 1586 pugnatoo

584 1604 700 1641 rum
727 1590 838 1654 ejus
865 1601 1049 1652 panem
1081 1588 1358 1646 vinumque
1391 1588 1682 1650 protulerit,
1713 1595 1767 1639 et
1792 1587 2116 1641 henerliserlt

579 1658 655 1720 ei,
683 1672 799 1709 eum
829 1655 1068 1720 abnepoti
1101 1671 1193 1706 suo
1236 1654 1332 1707 hoc
1354 1654 1469 1722 jure
1498 1655 1771 1716 debuerit,
1800 1665 1853 1709 et
1884 1656 2113 1709 decimas

582 1726 772 1788 prterire
821 1733 975 1787 atque
1016 1725 1242 1776 victoria:
1288 1724 1543 1788 acceperit
1576 1724 1642 1777 ab
1684 1738 1747 1777 eo
1776 1742 1787 1775 :
1821 1726 1934 1777 sive
1974 1726 2110 1789 quod

582 1794 835 1846 habeatur
863 1791 1187 1857 ambiguum,
1218 1792 1327 1857 ipse
1362 1792 1588 1845 decimas
1630 1794 1933 1846 substantias
1960 1808 2068 1846 sua:
2094 1833 2107 1856 ,

583 1872 639 1915 ct
665 1863 851 1915 avitam
886 1862 1170 1928 largitatem
1198 1861 1496 1913 ostenderet
1519 1863 1567 1912 in
1600 1874 1838 1925 nepotem
1871 1879 1881 1913 :
1911 1872 2110 1913 utrum-

578 1947 682 1995 que
725 1932 863 1983 enim
912 1930 1130 1995 intelligi
1172 1938 1340 1996 potest
1371 1934 1437 1982 'et
1474 1929 1617 1997 juxta
1669 1930 1977 1983 llebraicum
2003 1971 2016 1994 ,
2060 1941 2113 1984 et

577 2002 721 2066 juxta
750 2000 1083 2065 Septuaginta
1116 1999 1447 2064 lnterpretes,
1472 1999 1607 2064 quod
1635 2006 1686 2051 et
1714 2000 1826 2062 ipse
1854 2003 2115 2065 acceperit

579 2069 811 2121 decimas
848 2070 1166 2133 spoliorum,
1197 2078 1247 2118 et
1294 2068 1444 2120 Abrae
1490 2067 1693 2120 dederit
1731 2067 1959 2120 decimas
1990 2070 2115 2120 sul)-

586 2139 792 2190 stantize
819 2154 948 2201 sum,
976 2152 1264 2203 quanquam
1298 2136 1579 2203 Apostolus
1603 2138 1651 2189 in
1683 2136 1907 2203 Epistola
1934 2151 2024 2188 sua
2048 2137 2113 2189 ad

586 2207 833 2259 llebra-os
861 2208 1185 2269 apertissime
1213 2206 1424 2258 deliniat
1449 2245 1463 2268 ,
1502 2222 1603 2258 non
1645 2205 1905 2258 Abraham
1935 2220 2114 2259 susce-

584 2277 725 2340 pisse
751 2290 779 2326 a
824 2276 1196 2328 Melchisedech
1240 2275 1468 2327 decimas
1499 2275 1938 2341 divitiarum'ejus
1962 2314 1977 2339 ,
2020 2275 2110 2328 sed

584 2346 649 2397 de
680 2345 860 2410 spoliis
888 2346 1111 2407 hostium
1140 2355 1335 2410 partem
1366 2346 1628 2411 act'epis-e
1669 2342 1986 2411 pontificem.
2019 2344 2115 2397 Sa-

580 2412 683 2465 len)
705 2424 874 2466 autem
901 2430 1025 2479 non,
1052 2423 1105 2464 ut
1125 2413 1378 2479 Jusephus
1402 2422 1454 2466 et
1482 2415 1641 2465 nostri
1659 2427 1838 2465 omnes
1858 2412 2113 2464 arbitran—

578 2491 686 2543 tur,
728 2482 1043 2534 Hierusalem
1089 2496 1203 2533 esse
1244 2496 1429 2534 nomen
1462 2497 1525 2533 cx
1569 2480 1749 2533 (ἑνωεο
1793 2481 2115 2548 Hebrumque

577 2552 959 2616 compositum,
994 2551 1128 2617 quod
1159 2549 1437 2602 absurdum
1463 2564 1579 2602 esse
1611 2549 2114 2615 peregrinm’liugum

582 2622 809 2671 mixtura
841 2619 1161 2671 demonstrat
1186 2660 1199 2677 .
1245 2624 1332 2671 sed
1365 2619 1607 2684 oppidum
1640 2620 1780 2683 juxta
1820 2618 2111 2687 Scythopo-

580 2689 690 2747 lim,
723 2689 858 2755 quod
894 2703 1055 2753 usque
1084 2689 1234 2739 hodie
1265 2691 1552 2753 appellatur
1579 2687 1770 2748 S-tleltl,
1802 2696 1855 2738 et
1883 2688 2113 2739 oStendi-

576 2768 659 2809 tur
688 2758 755 2811 ibi
783 2760 1025 2824 palatium
1052 2757 1448 2814 Melchisedech.
1472 2772 1537 2809 es
1564 2756 1916 2820 magnitudine
1939 2756 2111 2809 ruina-

576 2842 691 2877 rum
742 2832 930 2879 veteris
974 2830 1144 2891 operis
1193 2826 1472 2877 ostendens
1523 2824 1954 2891 magnificentiam
1984 2863 1999 2887 ,
2048 2824 2113 2877 de

575 2909 680 2960 quo
713 2896 760 2945 in
809 2897 1078 2961 posteriori
1121 2910 1185 2962 qtt
1224 2910 1325 2959 que
1368 2904 1511 2959 parte
1552 2893 1813 2945 Geneseos
1862 2893 2111 2958 sciiptnm

574 2973 649 3015 est
681 2983 689 3014 :
737 2963 880 3017 Venit
910 2964 1062 3015 Jarob
1088 2964 1139 3014 iu
1168 2962 1374 3025 Socoth,
1407 2962 1454 3012 id
1486 2970 1583 3022 cst,
1618 2962 1666 3013 in
1692 2962 2040 3021 tabernacula,
2068 2971 2113 3013 et

575 3034 691 3098 fecit
719 3035 811 3083 sibi
837 3034 900 3083 ibi
929 3036 1102 3084 domos
1123 3043 1263 3097 atque
1293 3032 1520 3091 tentoria,
1544 3040 1589 3081 et
1612 3031 1833 3081 transivit
1861 3031 1910 3079 iu
1942 3030 2111 3083 Solem

573 3103 821 3153 civitatem
852 3099 1067 3167 regionis
1106 3103 1303 3153 Sic/rem
1329 3140 1344 3164 ,
1374 3116 1482 3167 quw
1511 3111 1579 3152 est
1605 3102 1655 3151 in
1689 3108 1817 3151 terra
1848 3099 2108 3153 Chanaan.

572 3168 1016 3224 C0nsrderaudum
1045 3184 1249 3239 quoque
1274 3180 1353 3222 est
1380 3172 1515 3237 quod
1542 3171 1764 3221 Abraha:
1793 3184 1820 3221 a
1848 3169 1989 3239 caede
2016 3172 2108 3239 ho;

571 3214 725 3290 stituit
773 3214 1096 3305 ievcrtenti‘,
1139 3214 1268 3306 q'ttos
1313 3214 1615 3304 persecutus
1640 3248 1723 3290 est
1752 3253 1913 3303 usque
1957 3214 2179 3303 DanTC

573 3324 687 3372 qua:
730 3308 881 3361 hodie
914 3312 1109 3361 l’aneas
1140 3308 1425 3374 appellatur
1446 3350 1459 3371 ,
1506 3324 1605 3359 non
1637 3307 1701 3357 de
1752 3308 1829 3357 via
1863 3308 2108 3359 lliernsa-

571 3375 716 3440 lem,
760 3382 848 3429 δυιι
898 3379 1139 3444 Oppidum
1190 3377 1533 3441 meti-epulum
1580 3376 1785 3428 Sichem
1826 3374 1887 3444 ἰιιΔ
1927 3377 2109 3429 itinere

574 3448 684 3498 lttit.
721 3447 793 3499 De
821 3442 1001 3514 quoin
1034 3449 1309 3510 l'lvategetio
1336 3459 1540 3514 quoque
1572 3444 1788 3512 legimus
1818 3461 1831 3495 :
1867 3442 1987 3495 Erat
2018 3462 2107 3496 au-

573 3526 667 3567 tem
710 3511 929 3569 Joannes
977 3516 1229 3581 baptizrms
1266 3517 1317 3565 in
1362 3511 1541 3565 Ennott
1574 3511 1723 3581 juxta
1757 3514 1948 3577 Salim,
1993 3532 2107 3581 qtt'a

571 3602 715 3650 aqum
742 3588 907 3637 multis
937 3596 1076 3636 erant
1103 3588 1166 3636 ibi
1198 3582 1372 3649 (Joan.
1403 3585 1461 3650 ι).
1503 3585 1603 3636 Nec
1629 3584 1786 3635 refert
1812 3595 1984 3634 Utrum
2014 3588 2106 3633 Sa-

574 3656 674 3705 lem
708 3670 769 3705 an
812 3657 971 3707 Saliiu
1018 3656 1330 3714 nominetur,
1375 3667 1489 3705 cum
1531 3652 1797 3705 vocalibus
1844 3652 1893 3702 in
1936 3656 2107 3704 mcdio

576 3719 761 3774 litteris
795 3726 1005 3790 perraro
1037 3732 1244 3775 utantur
1277 3721 1474 3774 llebrtei
1505 3762 1519 3784 ,
1550 3735 1599 3775 et
1632 3736 1724 3788 pro
1753 3720 2001 3773 varietate
2034 3724 2105 3771 lo-

574 3806 750 3841 cornnt
784 3808 842 3843 ac
884 3796 1127 3844 varietate
1174 3792 1439 3858 regionum
1470 3792 1650 3842 eadem
1688 3791 1842 3840 verba
1886 3790 2106 3842 diversis

577 3862 719 3909 sonis
759 3872 910 3925 atque
940 3860 1239 3912 accentibus
1281 3859 1629 3924 proferantur.
1676 3858 1794 3910 Ilaec
1836 3858 1901 3908 ab
1930 3860 2104 3909 erudi-

576 3927 793 3978 tissimis
822 3930 991 3993 gentis
1042 3929 1174 3981 illius
1205 3928 1478 3979 didicimus
1502 3968 1516 3991 ,
1550 3927 1633 3993 qui
1672 3928 1722 3977 iii
1773 3935 1969 3979 tantum
2005 3943 2104 3979 non

576 3996 831 4061 recipiunt
861 3997 1111 4065 Spiritum
1144 4007 1375 4048 sanctum
1410 3998 1489 4049 vel
1521 3998 1758 4064 angelum
1794 3993 1951 4048 fuisse
1984 3996 2108 4048 Mel-

576 4065 854 4117 rliisedech
883 4105 895 4127 ,
948 4077 1003 4120 ut
1051 4068 1204 4119 etiam
1252 4068 1597 4119 certissimum
1646 4079 1831 4117 nomen
1883 4067 2105 4117 hominis

576 4137 853 4187 ascribaut.
898 4136 959 4187 Et
987 4152 1161 4190 revera
1194 4138 1402 4187 Stultum
1448 4147 1526 4187 est
1566 4136 1698 4199 quod
1731 4134 1781 4186 in
1833 4142 1952 4201 typo
1980 4134 2105 4186 dici-

577 4215 682 4265 tur,
712 4220 777 4255 eo
806 4208 940 4275 quod
968 4206 1156 4257 Christi
1190 4206 1530 4256 sacerdotium
1564 4204 1719 4275 litium
1762 4218 1863 4275 non
1897 4204 2101 4275 habeat,

578 4282 629 4321 et
663 4278 773 4339 ipse
806 4274 909 4324 llex
942 4276 1272 4325 ct'Saeerdos
1308 4274 1456 4325 nobis
1486 4273 1760 4340 utrumque
1789 4273 2057 4324 donaverit
2088 4315 2101 4339 ,

582 4349 638 4390 ut
668 4342 1022 4409 situus‘gcnus
1048 4344 1220 4409 regale
1246 4350 1299 4395 et
1327 4344 1663 4403 sacerdotale,
1699 4354 1749 4393 et
1770 4345 1914 4407 quasi
1946 4356 2105 4407 angu-

581 4415 705 4463 laris
750 4411 876 4480 lapis
925 4412 1169 4477 parietem
1219 4419 1491 4476 utrumque
1536 4410 1896 4480 coniunxerit,
1946 4419 1999 4459 et
2041 4409 2105 4463 de

581 4477 1059 4549 duobus’grcgibus
1104 4482 1268 4533 bonus
1314 4491 1485 4545 pastor
1528 4495 1679 4531 unum
1726 4477 1951 4549 effecerit
1992 4493 2104 4544 gre-

2231 624 2383 674 ritnm
2433 636 2666 677 sanctum
2717 629 3104 691 pronuntiavit,
3158 640 3210 679 nt
3257 630 3378 680 illud
3434 624 3775 683 verissimum

2225 694 2586 767 cunrproharet
2612 731 2627 755 ,
2662 696 2793 767 ttnud
2818 697 2955 767 apud
2989 697 3197 749 Gra‘cos
3226 698 3430 767 canitur
3459 717 3472 751 :
3508 698 3776 767 Imperitis

2223 761 2579 826 conﬁdentiam
2598 799 2614 823 ,
2644 759 2870 817 eruditid
2899 766 3122 816 timomn
3163 776 3315 820 creat.
3358 765 3467 834 Ego
3498 759 3615 831 post
3668 769 3777 820 Ioa-

2222 843 2353 900 ειξιιι⁸
2373 834 2760 895 aegrotationem
2792 834 2876 883 vix
2914 835 2963 884 in
2994 835 3408 900 quadragesima:
3437 837 3629 889 diebus
3666 838 3778 892 haec

2222 896 2674 970 fabricare‘potui,
2703 910 2757 951 ut
2781 914 2897 953 cum
2925 896 3075 953 alteri
3102 896 3353 970 me'operi
3385 919 3776 970 praepararem,

2220 978 2411 1031 paucos
2453 967 2679 1036 diesiqtii
2718 980 3027 1029 supererant
3068 971 3117 1022 in
3163 967 3397 1024 Matthxi
3434 967 3778 1036 exposuit-ne

2218 1039 2536 1108 consumpsi.
2569 1034 2843 1108 Tantaque
2885 1039 3134 1093 aviditate
3173 1041 3341 1093 Studia
3372 1034 3573 1095 omissa
3613 1059 3773 1108 προ·

2220 1103 2309 1154 tlvi
2336 1143 2351 1165 ,
2383 1115 2435 1177 ιιι
2470 1106 2603 1177 quod
2636 1107 2995 1177 esercitationi
3042 1109 3226 1177 lingua:
3257 1110 3444 1177 proluit
3471 1151 3486 1175 ,
3522 1103 3773 1167 nocuerit

2217 1174 2450 1231 carparis
2490 1174 2789 1226 valetudini.

2291 1239 2414 1293 Post
2460 1240 2592 1293 hanc
2622 1240 2884 1294 victoriam
2929 1243 3056 1296 dixit
3104 1244 3293 1299 Ahram
3335 1247 3400 1302 sd
3436 1248 3725 1302 Dominum
3754 1268 3771 1303 :

2221 1306 2430 1360 Domine
2463 1309 2618 1372 Deus,
2648 1311 2767 1377 quid
2797 1313 2937 1364 dabis
2966 1315 3105 1371 milii.
3148 1325 3190 1366 et
3214 1332 3303 1376 eqo
3343 1317 3449 1368 sine
3481 1318 3659 1371 liberie
3689 1336 3771 1369 ro-

2217 1377 2335 1427 dam
2354 1418 2366 1437 ,
2399 1387 2444 1430 et
2476 1378 2640 1430 Masec
2670 1386 2947 1435 vernacula
2980 1398 3100 1434 mea:
3128 1384 3205 1435 hic
3234 1384 3514 1438 Damascus
3544 1386 3770 1442 Etiam.

2286 1445 2636 1513 Hieronymus.
2667 1475 2734 1486 —-
2762 1450 2821 1501 Et
2851 1450 2978 1503 dixit
3010 1452 3266 1503 Abraham
3299 1470 3309 1503 :
3343 1452 3471 1505 Ecce
3498 1456 3626 1505 mihi
3669 1473 3766 1507 non

2217 1512 2401 1583 dedisti
2428 1512 2609 1575 semen,
2633 1527 2677 1567 et
2705 1517 2839 1583 ﬁlius
2866 1521 3141 1572 vernacula:
3161 1537 3280 1572 mere
3304 1522 3467 1575 lieres
3487 1539 3632 1575 meus
3651 1527 3766 1577 erit.

2219 1582 2314 1656 ilbi
2349 1598 2441 1637 nos
2482 1582 2733 1638 habemus
2780 1604 2791 1637 :
2840 1585 2904 1638 Et
2942 1588 3079 1656 ﬁlius
3125 1587 3293 1641 Moser:
3322 1593 3603 1643 oerrocu’c
3649 1608 3768 1643 mere

2212 1649 2369 1725 [neres
2400 1668 2534 1725 meus
2576 1658 2667 1725 erit
2689 1693 2705 1715 ,
2736 1656 2784 1706 iit
2805 1649 3040 1725 liebiaao
3072 1660 3319 1725 scriptum
3348 1668 3428 1711 est
3450 1701 3465 1722 ,
3494 1662 3628 1712 uberi
3659 1660 3767 1712 Me-

2212 1719 2296 1771 sel:
2323 1720 2474 1783 betlti,
2508 1723 2643 1789 quod
2683 1724 2866 1789 Aquila
2898 1719 3190 1789 transtulit,
3214 1727 3239 1781 ὀ
3266 1729 3375 1788 υἱὸς
3400 1719 3487 1783 rei:
3533 1733 3765 1792 nerito.-

2211 1810 2295 1849 τος
2335 1793 2490 1862 οέκ-ιξᾳν
2516 1811 2662 1862 μου)
2709 1792 2758 1843 id
2796 1801 2906 1859 est,
2947 1794 3111 1862 ﬁlium
3158 1804 3326 1860 potum
3371 1799 3543 1849 dantis
3592 1800 3767 1849 domui

2213 1873 2371 1939 rit-em;
2396 1860 2834 1939 Theodotidvero
2851 1901 2879 1939 ,.
2897 1860 2981 1915 nail
3023 1864 3048 1915 ὁ
3085 1865 3196 1939 uir);
3224 1874 3308 1918 τοῦ
3337 1867 3421 1919 s'rri
3450 1870 3614 1927 οἰκίας
3630 1889 3770 1939 ,μηνὶ

2218 1927 2266 1977 id
2299 1938 2397 1989 est,
2426 1939 2471 1999 et
2500 1929 2634 1999 ﬁlius
2663 1932 2769 1997 ejus
2794 1932 2879 1996 qui
2902 1947 3050 1999 super
3070 1933 3273 1984 domum
3304 1951 3460 1985 meum
3488 1946 3578 1987 est.
3614 1927 3759 1999 Oumi

2216 2004 2386 2047 autem
2411 1996 2553 2058 dicit,
2584 1996 2689 2049 hoc
2705 2008 2781 2049 est
2808 2016 2818 2048 :
2848 1996 3086 2063 Egosine
3110 2000 3288 2055 liberis
3315 2004 3527 2063 morior.
3549 2013 3607 2055 et
3629 1996 3661 2055 li
3686 2005 3767 2055 ius

2227 2066 2586 2138 procuratoris
2603 2068 2701 2138 mei
2730 2065 2809 2138 vel
2836 2067 3033 2138 villici.
3066 2079 3118 2122 et
3146 2071 3232 2137 qui
3272 2071 3509 2123 universa
3543 2074 3760 2138 dispen-

2214 2142 2293 2183 sat
2337 2141 2391 2204 et
2418 2133 2687 2187 distribuit
2724 2134 2936 2188 familiae
2964 2133 3189 2200 cibaria,
3219 2150 3536 2204 vocaturque
3572 2133 3761 2192 os"...

2214 2216 2333 2253 scus
2368 2203 2589 2265 Eliezer,
2623 2204 2705 2256 hic
2732 2219 2879 2258 meus
2908 2206 3075 2257 haeres
3103 2208 3219 2260 erit.
3252 2208 3413 2261 Porro
3442 2203 3653 2262 Elieser
3684 2211 3761 2261 in-

2216 2278 2527 2335 terpretatur
2576 2274 2710 2326 Deus
2754 2288 2900 2325 mens
2943 2275 3166 2341 adjutor.
3197 2275 3277 2331 οι»
3322 2278 3420 2331 hoc
3465 2279 3616 2331 aiunt
3661 2279 3761 2332 Da-

2216 2353 2446 2412 mascum
2477 2340 2741 2412 conditam
2773 2351 2827 2394 et
2854 2340 3223 2412 nuncupatam.
3253 2346 3517 2412 Sequitur.

2287 2406 2592 2481 Factumque
2628 2410 2697 2462 e'st
2724 2414 2921 2464 verbum
2952 2406 3155 2465 Domini
3196 2415 3262 2467 ad
3305 2406 3487 2467 Abram
3515 2416 3567 2467 in
3604 2416 3713 2468 risu
3740 2460 3754 2481 ,

2214 2474 2333 2527 dum
2358 2488 2498 2530 esset
2524 2479 2587 2530 de
2611 2482 2911 2543 posteritate
2930 2482 3201 2546 sollicitus,
3230 2494 3280 2537 et
3302 2485 3399 2536 sibi
3425 2484 3628 2537 videret
3651 2474 3752 2536 nou

2216 2547 2356 2597 nasci
2388 2546 2569 2610 lilium,
2600 2555 2655 2599 et
2685 2558 2855 2619 tamen
2887 2550 3072 2619 semini
3101 2564 3195 2603 suo
3228 2553 3410 2604 factam
3439 2555 3753 2619 promissio.

2214 2626 2337 2687 nem
2357 2625 2559 2687 teneret
2587 2633 2597 2667 :
2624 2624 2684 2687 et
2713 2616 2888 2687 statim
2918 2618 2972 2668 lit
3002 2618 3071 2671 illi
3101 2621 3289 2683 duplex
3318 2616 3474 2687 ligura
3509 2622 3752 2687 promissi

2213 2683 2425 2755 seminis
2452 2685 2588 2749 ejus,
2622 2685 2669 2755 id
2701 2696 2810 2755 est,
2843 2685 2892 2736 in
2925 2688 3317 2742 similitudinem
3348 2683 3519 2743 areum
3545 2694 3711 2743 maris
3734 2734 3749 2755 ,

2212 2752 2291 2802 vel
2326 2753 2377 2804 in
2408 2752 3090 2807 multitudinem'stellarum
3122 2759 3239 2810 θα·Ιί
3273 2758 3437 2810 futura
3473 2777 3484 2810 ε
3520 2752 3748 2822 Eiicicus

2212 2834 2330 2890 ergo
2357 2823 2541 2873 Abram
2565 2822 2698 2874 Deus
2722 2824 2868 2890 foris,
2892 2827 3103 2877 ostendit
3125 2829 3168 2879 ei
3191 2829 3355 2879 stellas
3372 2829 3505 2890 cali,
3533 2829 3709 2879 dicens
3731 2845 3750 2885 ;

2214 2886 2303 2939 Sic
2327 2892 2530 2961 faciam,
2562 2892 2656 2952 ait,
2679 2886 2845 2943 semen
2870 2902 3024 2953 tuum,
3060 2896 3107 2946 id
3136 2905 3217 2947 est
3241 2886 3584 2949 Christianam
3619 2911 3747 2961 gen-

2215 2964 2313 3008 tem
2344 2997 2357 3019 ,
2400 2958 2546 3023 cujus
2567 2970 2626 3028 tu
2658 2971 2802 3026 pater
2844 2962 2893 3013 in
2934 2962 3035 3014 fide
3076 2965 3397 3028 subsistens,
3440 2968 3516 3018 sic
3555 2958 3751 3017 faciam

2213 3027 2605 3086 resurrectionis
2634 3030 2825 3083 lumine
2850 3044 3146 3085 coruscare.
3176 3030 3364 3085 Deinde
3385 3027 3749 3086 demonstrat-it

2211 3095 2285 3145 illi
2312 3095 2510 3149 arenam
2532 3099 2703 3161 maris,
2730 3108 2775 3150 et
2802 3099 2928 3151 dixit
2957 3115 2975 3152 :
3006 3100 3092 3153 Sic
3124 3104 3211 3154 erit
3242 3104 3291 3153 in
3322 3104 3643 3155 multitudine
3671 3120 3750 3156 se-

2212 3178 2320 3215 men
2345 3174 2503 3238 tuum,
2539 3168 2635 3238 hoc
2659 3178 2758 3232 est,
2788 3170 3119 3238 eritAquidem
3148 3174 3353 3235 copiosa
3383 3188 3509 3238 gens
3535 3173 3747 3225 ηδιο-

2214 3247 2350 3297 rum,
2392 3237 2481 3286 sed
2512 3237 2704 3289 sterilis
2743 3245 2795 3287 et
2826 3234 3096 3289 infecunda
3133 3234 3267 3292 sicut
3300 3234 3452 3293 arena
3488 3244 3746 3295 manebit.

2213 3299 2335 3353 Post
2378 3304 2489 3357 h:ec
2516 3320 2635 3377 cum
2666 3306 2986 3377 promitteret
3013 3307 3059 3359 ei
3106 3309 3241 3362 Deus
3274 3314 3409 3375 quod
3438 3320 3581 3363 esset
3625 3326 3747 3377 pos-

2206 3384 2383 3423 sessor
2406 3376 2825 3438 repromissionis
2856 3374 3079 3446 futurus,
3112 3374 3313 3443 signum
3341 3381 3463 3445 petit
3488 3396 3579 3443 per
3600 3374 3743 3446 quod

2206 3451 2638 3511 recognosceret,
2685 3458 2784 3495 non
2827 3444 2973 3511 quasi
3020 3447 3264 3500 dubitans
3300 3444 3363 3498 an
3416 3444 3744 3511 fleret,'sed

2207 3510 2469 3581 quomodo
2517 3514 2740 3581 futurum
2781 3510 2919 3566 esset
2968 3515 3255 3581 requirens.
3302 3514 3392 3568 Cui
3442 3516 3741 3568 Dominus:

2206 3575 2377 3649 Sume,
2402 3577 2584 3645 inquit,
2606 3583 2697 3647 tibi
2720 3596 2917 3633 uacram
2942 3575 3199 3645 triennem,
3226 3596 3268 3636 et
3291 3600 3490 3649 capram
3518 3586 3742 3647 trimam,

2206 3656 2250 3697 et
2274 3646 2474 3699 arietem
2496 3646 2740 3700 armarunt
2767 3652 2935 3714 trium,
2962 3659 3206 3703 turturem
3231 3664 3274 3704 et
3298 3646 3594 3707 columbam.
3620 3646 3746 3706 Tol-

2207 3718 2310 3767 lens
2332 3717 2484 3783 igitur
2511 3719 2690 3769 Abram
2715 3720 2940 3771 universa
2968 3723 3071 3771 [nec
3100 3722 3265 3772 divisit
3287 3739 3347 3773 ea
3377 3738 3462 3789 per
3497 3726 3739 3783 medium,

2205 3795 2248 3833 et
2289 3800 2516 3852 utrasque
2556 3798 2717 3849 partes
2754 3798 2926 3839 contra
2966 3804 3015 3839 se
3053 3790 3343 3843 altrinsecus
3384 3793 3550 3853 patuit
3574 3832 3590 3853 ,
3630 3810 3743 3845 trees

2204 3862 2365 3925 autem
2395 3869 2492 3904 non
2524 3855 2704 3907 divisit.
2738 3856 3203 3922 DesCr-nderuntque
3231 3861 3452 3911 volucres
3477 3876 3625 3925 super
3656 3878 3745 3913 ca-

2206 3924 2407 3985 davera,
2430 3932 2476 3975 et
2500 3925 2721 3995 abigebat
2747 3941 2825 3977 eas
2850 3926 3049 3978 Abram.
3074 3928 3295 3995 Cumque
3316 3924 3618 3981 occubuisset
3638 3930 3736 3993 sol,

2205 4006 2356 4066 pavor
2391 3994 2533 4066 irruit
2561 4010 2710 4057 super
2740 3995 2952 4056 Abram,
2992 4006 3037 4048 et
3076 3994 3251 4049 horter
3291 4013 3503 4066 magnus
3530 4011 3574 4050 et
3606 4009 3741 4051 teneo

2204 4059 2377 4133 brosus
2405 4063 2550 4113 irruit
2587 4066 2638 4115 in
2672 4079 2803 4127 cum,
2833 4081 2892 4116 ac
2917 4066 3091 4118 invasit
3118 4082 3133 4117 :
3160 4059 3491 4133 apparuilque
3517 4068 3741 4121 clibanus

2205 4128 2414 4202 fuma‘ts
2431 4140 2474 4181 et
2509 4134 2634 4199 ignis
2663 4136 2909 4185 transiens
2944 4136 3073 4186 inter
3104 4128 3263 4185 media
3291 4128 3416 4196 illa,
3446 4153 3557 4202 qua
3583 4138 3740 4189 divisa

2204 4198 2366 4248 erant
2393 4198 2678 4267 Dictumque
2705 4214 2775 4254 est
2796 4204 2840 4253 ei
2869 4218 2885 4255 :
2910 4204 3256 4268 Cognosceudo
3286 4219 3338 4255 sc
3358 4222 3408 4257 es
3434 4198 3551 4271 quia
3574 4224 3740 4258 semen

2204 4275 2339 4341 tuum
2378 4272 2686 4341 peregrinum
2719 4273 2813 4323 erit
2844 4273 2897 4341 in
2939 4281 3070 4324 terra
3113 4288 3211 4323 non
3245 4288 3337 4324 sua
3375 4278 3649 4341 servietque
3690 4286 3739 4326 et

2203 4335 2476 4409 afﬂiget”,
2496 4348 2561 4409 Aet
2587 4338 2803 4409 reliqua.
2836 4340 3067 4393 Statutus
3093 4350 3173 4392 est
3203 4342 3374 4409 itaque
3404 4335 3591 4394 modus
3621 4359 3741 4409 pro-

2207 4404 2347 4478 missi
2378 4405 2593 4457 seminis
2622 4404 2793 4478 Abra‘,
2818 4420 2868 4460 et
2897 4411 2990 4460 ista
3020 4420 3097 4462 est
3126 4404 3305 4475 ligural
3341 4410 3438 4462 Per
3460 4404 3737 4478 juveni-am

2204 4471 2341 4550 enini
2378 4487 2583 4526 vaccam
2627 4476 2909 4550 signiﬁcata
2942 4471 3196 4550 estplebs
3220 4516 3249 4550 ,ξ
3278 4471 3589 4543 ροςίιίδιιιι
3614 4482 3740 4550 iugo

578 4560 717 4619 geni.
752 4541 1110 4614 Sidquusdam
1144 4541 1335 4602 referre
1363 4550 1424 4600 ad
1456 4552 1709 4619 ἀναγωγήν
1736 4586 1750 4609 ,
1779 4558 1832 4599 ut
1876 4541 2103 4619 historia;

2212 4541 2371 4619 legis;
2406 4558 2495 4604 per
2525 4541 2752 4619 capram,
2782 4548 2960 4619 eadem
2991 4541 3153 4619 plebs,
3183 4541 3338 4619 etiam
3369 4541 3631 4614 peceatrii
3658 4541 3741 4603 Ιῖι-

580 4616 820 4668 aulerant
850 4630 1150 4679 veritatem,
1182 4630 1232 4671 et
1258 4620 1429 4683 dicant
1460 4616 1745 4670 instituisse
1776 4632 1948 4685 regem
1968 4655 1980 4675 ,
2013 4618 2103 4670 sed

581 4700 632 4735 ιιι
664 4686 887 4753 imagine
920 4684 1401 4757 homiuisrange‘lum
1445 4684 1875 4748 demonstratum,
1906 4700 2021 4757 cum
2056 4689 2103 4738 in

586 4766 783 4808 tantum
819 4755 1044 4806 nitantur
1075 4756 1271 4807 llcbta-t
1295 4755 1676 4807 Melchisedech
1706 4770 1875 4818 regem
1906 4755 2103 4819 Solem,

584 4824 743 4877 tilium
776 4826 902 4888 Noe,
931 4827 1049 4877 Sent
1078 4826 1372 4883 ustondcre,
1404 4834 1456 4874 ut
1487 4838 1604 4874 ante
1633 4827 1727 4874 hoc
1756 4826 2000 4885 scriptum
2030 4826 2105 4875 sic

584 4896 807 4945 referant
841 4911 854 4947 :
890 4894 1125 4961 Egressus
1161 4904 1229 4943 cst
1260 4902 1427 4959 autem
1458 4907 1544 4942 rex
1584 4893 1911 4943 Sodomorum
1942 4893 1991 4941 in
2026 4908 2106 4941 oc-

584 4977 778 5013 cursum
808 4981 869 5024 et,
899 4968 1030 5015 haud
1060 4964 1267 5013 rlnhiunt
1295 4978 1416 5023 qn.n
1447 4961 1700 5012 Abraham
1728 4973 1995 5025 postquam
2028 4974 2103 5039 re:

580 5044 761 5081 versus
802 5042 881 5083 est
928 5050 957 5083 a
999 5038 1138 5084 cattle
1178 5033 1621 5085 ClitMlOl'iailt'llIOl‘
1648 5069 1662 5090 ,
1713 5040 1762 5079 et
1805 5042 1980 5094 regum
2018 5033 2104 5094 qui

584 5116 698 5149 ιιιιιι
730 5115 791 5152 eo
820 5114 984 5159 erant,
1019 5102 1066 5150 in
1099 5104 1229 5152 valle
1273 5101 1437 5158 Sabe,
1472 5100 1578 5149 huic
1608 5107 1685 5149 est
1730 5098 1873 5147 vallis
1910 5094 2061 5158 Regis
2087 5136 2101 5158 ,

582 5173 647 5218 ile
676 5182 775 5235 qua
816 5172 985 5220 statim
1016 5172 1244 5233 sequitur
1274 5188 1283 5219 :
1318 5169 1382 5220 Et
1420 5165 1775 5219 Melchisedech
1816 5180 1903 5215 rex
1935 5165 2103 5235 Solem

584 5234 787 5301 protulit
820 5253 994 5301 partem
1015 5248 1061 5287 et
1093 5240 1279 5298 uinum,
1309 5250 1405 5288 etc.
1435 5238 1488 5289 Si
1514 5251 1633 5302 ergo
1663 5236 1771 5287 lizrc
1797 5236 1975 5285 civitas
2006 5234 2105 5285 Re-

585 5306 663 5371 gis
691 5318 792 5367 est,
816 5318 865 5357 et
894 5309 1041 5356 vallis
1071 5304 1400 5380 llegis,_siv_e,
1432 5316 1485 5380 ut
1513 5306 1849 5380 Septuaginta
1878 5313 2098 5380 transtu-

587 5379 781 5438 lerunt,
813 5389 1046 5439 campus,
1076 5389 1227 5441 quem
1258 5374 1407 5424 hodie
1437 5375 1685 5423 Anionem
1720 5374 1977 5441 Palmstini
2006 5388 2097 5424 vo-

580 5455 721 5506 cant,
754 5440 1193 5497 manifestumest
1222 5442 1479 5493 hominem
1519 5440 1674 5493 fuisse
1702 5440 1787 5505 qui
1816 5440 1866 5491 in
1899 5451 2103 5494 terrena

580 5524 637 5563 et
664 5515 794 5566 valle
838 5527 887 5565 et
919 5515 1044 5565 urbe
1090 5512 1397 5577 regnaverit.
1448 5510 1613 5561 tlabes
1652 5525 1765 5575 qua:
1811 5511 2103 5573 audierim,

580 5596 694 5645 qua:
744 5583 953 5649 legerint
1002 5582 1067 5634 de
1122 5578 1537 5649 Melchisedech;
1585 5593 1753 5649 meum
1808 5581 1900 5630 luit
1944 5590 2105 5630 crtare

582 5660 739 5703 testes
769 5646 966 5712 [tuum
1008 5661 1088 5703 est
1116 5652 1180 5701 de
1222 5649 1321 5701 lide
1351 5647 1556 5699 teSIium
1586 5646 1836 5709 judicare.
1883 5651 2029 5713 Quod
2061 5650 2103 5700 si

580 5734 763 5771 omnes
795 5722 1067 5786 repuleris,
1100 5729 1243 5770 tuum
1284 5726 1423 5768 certe
1452 5716 1591 5786 illum
1622 5715 1901 5779 spiritalem
1941 5719 2104 5769 inter-

580 5798 779 5853 pretem
806 5785 906 5841 nua
931 5791 1169 5855 recipies,
1196 5786 1283 5855 qui
1316 5785 1580 5853 imperitus
1604 5798 1839 5845 sermone
1866 5796 1916 5839 et.
1934 5787 2101 5840 Stlt'n-

2210 4618 2359 4684 tura‘;
2391 4625 2483 4684 per
2506 4614 2740 4684 arietem,
2768 4616 2947 4667 eadem
2974 4615 3138 4681 plebs,
3166 4617 3321 4669 etiam
3348 4630 3649 4684 regnatura.
3674 4620 3740 4671 Et

2206 4681 2341 4745 quod
2365 4682 2604 4752 animalia
2636 4682 2752 4733 idro
2771 4686 2919 4735 trima
2947 4687 3205 4749 dicuntur,
3232 4687 3349 4752 quia
3380 4681 3472 4751 pur
3494 4688 3741 4740 articulus

2158 4778 2159 4781 η
2210 4758 2499 4819 temporum
2526 4751 2591 4801 ab
2620 4752 2781 4803 Adam
2810 4767 2971 4818 usque
3000 4754 3062 4804 ad
3095 4753 3222 4816 Noe,
3250 4751 3305 4805 et
3329 4754 3451 4806 inde
3482 4770 3644 4819 usque
3674 4760 3739 4810 ad

2208 4815 2467 4881 Abraham
2492 4856 2507 4880 ,
2534 4827 2588 4871 et
2615 4820 2733 4870 inde
2762 4815 2922 4885 usque
2944 4823 3007 4889 ad
3038 4821 3223 4881 David,
3257 4832 3501 4889 tanquam
3531 4815 3739 4879 tertiam

2206 4892 2405 4936 mtatem
2434 4900 2648 4951 gerens,
2691 4889 2777 4940 ille
2805 4888 3022 4955 papulas
3064 4890 3308 4944 adolevit.
3341 4888 3437 4944 Per
3484 4902 3738 4946 turturem

2206 4954 2577 5028 etcolumbam
2603 4954 2859 5022 spiritales
2884 4960 3054 5026 pepuli
3086 4962 3286 5028 figurati
3312 4973 3454 5023 sunt,
3485 4962 3741 5017 individui

2208 5021 2297 5073 lilii
2331 5021 2683 5085 promissionis
2706 5065 2722 5089 ,
2754 5036 2806 5080 ct
2836 5021 3065 5082 heredes
3107 5021 3249 5095 τὶεηὶ
3288 5021 3481 5093 futuri,
3514 5048 3739 5095 quorum

2207 5100 2331 5143 astas
2354 5096 2647 5158 temporalis
2675 5097 2789 5148 ideo
2812 5106 3031 5159 tacetur,
3057 5098 3174 5164 quia
3201 5108 3393 5152 aeterna
3423 5102 3740 5153 meditantes

2208 5165 2513 5236 transgressi
2548 5174 2680 5236 sunt
2714 5166 2965 5236 desideria
2999 5169 3317 5231 temporalia.
3352 5169 3453 5221 Sed
3499 5170 3627 5236 quid
3656 5180 3741 5221 est

2206 5232 2340 5293 qmd
2372 5234 2610 5284 animalia
2642 5236 2722 5286 illa
2765 5234 2860 5285 tria
2892 5235 3192 5287 dividuntur
3235 5239 3488 5290 adversus
3518 5232 3574 5289 se
3606 5238 3740 5289 invi.

2206 5311 2318 5369 cem
2352 5302 2577 5363 partibus
2601 5303 2911 5361 constitutis,
2946 5304 3202 5368 nisiquod
3230 5307 3465 5357 carnales
3488 5316 3541 5357 et
3569 5306 3623 5358 in
3647 5323 3741 5369 po-

2206 5367 2327 5432 pulo
2356 5370 2512 5421 veteri
2540 5381 2590 5421 et
2634 5385 2770 5421 nunc
2800 5374 2931 5424 inter
2966 5386 3024 5425 se
3059 5367 3371 5424 dividuntur.
3420 5372 3586 5426 Parvo
3613 5367 3739 5429 aves

2205 5447 2340 5507 lttter
2365 5452 2420 5489 se
2444 5454 2541 5489 non
2570 5437 2887 5505 dividuntur,
2914 5442 3030 5507 quia
3060 5442 3317 5507 spiritales
3340 5440 3550 5493 ittdivisi
3572 5454 3738 5499 sunt:

2203 5504 2427 5559 schisma
2460 5521 2559 5557 non
2591 5508 2850 5574 cogitant.
2882 5504 2982 5561 non
3010 5504 3328 5563 seducuntur
3353 5509 3421 5561 ab
3446 5509 3741 5576 hmreticis,

2204 5577 2293 5625 sed
2328 5592 2421 5640 pax
2453 5586 2535 5627 cst
2562 5590 2768 5638 semper
2797 5578 2846 5627 in
2880 5580 3004 5644 ipsis
3027 5617 3040 5637 .
3072 5579 3180 5629 sive
3208 5590 3237 5627 a
3269 5578 3431 5629 turbis
3468 5593 3531 5632 se
3558 5595 3736 5633 remo-

2205 5654 2355 5693 veattt
2375 5687 2389 5707 ,
2418 5654 2473 5694 ut
2505 5654 2691 5707 tuttur,
2724 5644 2833 5696 sive
2869 5647 2999 5696 inter
3030 5645 3143 5697 illas
3171 5658 3571 5709 conversentur.
3601 5651 3742 5702 sicut

2204 5710 2460 5763 columba.
2493 5711 2720 5777 Utraque
2758 5722 2927 5765 tamen
2960 5714 3067 5763 avis
3094 5721 3175 5764 est
3196 5751 3212 5775 ,
3260 5712 3458 5767 habens
3485 5719 3741 5779 simplici-

2206 5788 2359 5831 tatem
2390 5791 2441 5832 et
2484 5781 2846 5833 innocentiam.
2903 5780 3137 5835 l’olucru
3175 5792 3344 5836 autem
3388 5785 3740 5840 descendentes
